3944 6314
128 297 214 350 32!
1387 291 1782 350 DIPLOSIATA
1820 290 2372 349 ECCLESIASTICA.

123 423 303 485 vetur,
335 417 490 471 hanc
538 415 796 470 chartam
850 414 983 469 inde
1037 414 1439 487 conscriptam,
1492 415 1636 470 sicut
1684 414 1903 470 infe-A

120 508 238 561 rius
271 511 532 577 apparet,
562 505 737 575 sigilli
769 506 946 558 nostri
967 504 1346 575 impressione
1367 505 1648 576 jussimus
1676 505 1822 558 insi-

123 597 293 666 gniri.

193 686 335 738 Data
362 684 540 737 Nonis
570 681 914 747 Februariis,
948 681 1256 736 indictione
1305 698 1403 749 xu,
1437 698 1589 736 anno
1624 681 1827 735 Domi-

121 774 265 827 uicze
293 772 709 825 incarnationis
756 773 913 837 1015,
971 787 1123 824 anno
1179 771 1401 824 domini
1452 771 1677 825 Henrici
1738 788 1824 825 se-

121 862 293 915 cundi
327 860 627 931 regnantis
649 860 870 913 decimo
899 865 1078 924 sexto,
1112 859 1341 929 imperii
1372 866 1567 913 autem
1598 863 1823 930 quarto.

187 955 397 1004 Actum
431 947 850 1003 Fraucofordiaa
884 947 1140 1002 feliciter.
1165 952 1372 1002 Amen.

848 1035 1114 1090 LXXXIV.

122 1126 177 1180 S.
206 1127 479 1179 Henricus
528 1123 763 1177 abbatiz
789 1125 845 1178 S.
908 1124 1094 1178 Vitoni
1117 1125 1477 1190 possessiones
1530 1126 1826 1191 conﬁrmat.

768 1214 955 1278 (Anno
1008 1212 1191 1278 1015.)

130 1300 214 1373 [1).
250 1301 496 1367 Calmet,
531 1302 771 1354 Histoire
816 1300 882 1353 de
913 1300 1194 1365 Lorraine,
1253 1302 1504 1365 Preuves,
1551 1316 1610 1369 p.
1666 1298 1822 1370 398.]

191 1391 258 1443 In
306 1391 551 1443 nomine
592 1397 799 1442 sancta:
831 1394 889 1442 et
945 1388 1259 1441 individuus
1311 1386 1628 1452 Trinitatis,
1679 1388 1829 1439 HEN-

124 1494 308 1545 διευς,
339 1478 539 1533 divina
582 1478 925 1547 disponente
963 1476 1287 1544 clementia,
1344 1476 1660 1545 imperator
1708 1480 1831 1529 Au—

122 1574 345 1636 gustus.

198 1656 441 1708 Celebre
462 1660 568 1719 esl,
599 1660 711 1708 etc.
748 1654 934 1718 Quare
969 1654 1237 1707 noverint
1301 1668 1499 1706 omnes
1544 1667 1832 1705 consecre-

122 1743 265 1795 tales
320 1742 530 1812 palatii
575 1741 880 1810 caaterique
938 1740 1135 1793 ﬁdeles
1169 1739 1351 1792 nostri
1400 1739 1665 1809 qualiter,
1727 1754 1832 1807 per

124 1831 515 1884 interventum
549 1829 859 1899 Heymonis
908 1829 1090 1881 ﬁdelis
1150 1828 1352 1894 nostri,
1380 1833 1590 1880 sanctae
1622 1826 1828 1879 Virdu-

125 1919 317 1972 nensis
343 1918 609 1972 Ecclesiae
657 1918 931 1987 episcopi,
988 1917 1225 1986 expetiti
1274 1932 1471 1969 sumus
1525 1921 1586 1969 ut
1618 1931 1708 1968 res
1738 1931 1831 1967 ec-

124 2008 313 2061 clesiae
347 2024 488 2072 suae,
524 2013 690 2061 antea
714 2007 1203 2078 perapostolicum
1230 2005 1615 2075 privilegium,
1646 2008 1701 2057 et
1730 2020 1831 2074 per

127 2098 277 2149 diva:
310 2097 604 2150 memoriae
691 2095 1065 2149 antecessoris
1118 2093 1302 2148 nostri
1359 2093 1580 2147 Ottonis
1615 2108 1831 2163 pmice-

126 2190 316 2255 ptum,
379 2185 633 2238 ecclesiae
673 2191 730 2237 et
777 2182 1127 2237 monasterio
1184 2182 1337 2236 beati
1385 2182 1537 2235 Petri
1575 2180 1828 2246 collatas,

128 2273 223 2326 ubi
250 2274 634 2342 Bereugarius
664 2273 842 2325 beata:
874 2271 1281 2325 recordationis
1321 2270 1620 2340 episcopus
1659 2285 1828 2339 regu-

128 2363 239 2415 lam
273 2362 429 2415 beati
478 2360 763 2416 Benedicti
817 2359 1038 2413 abbatis
1084 2375 1243 2412 sacra
1305 2358 1608 2412 devotione
1660 2356 1831 2410 incae-

126 2457 306 2521 ptam,
343 2467 447 2520 pro
473 2466 637 2519 posse
668 2447 1008 2514 monachali,
1037 2446 1237 2500 ordine
1268 2446 1571 2513 decoravit,
1597 2446 1829 2515 suisque

128 2539 553 2593 successoribus
582 2538 1015 2608 perdonandam
1038 2536 1293 2606 reliquit,
1324 2550 1428 2605 per
1473 2540 1829 2604 praaceptum

128 2626 605 2689 conﬁrmationis,
640 2626 721 2677 uti
752 2623 1200 2694 imperatoribus
1243 2628 1300 2676 et
1356 2620 1587 2691 regibus
1645 2623 1831 2673 deces-

130 2715 360 2767 soribus
390 2712 571 2766 nostri
594 2712 768 2765 moris
808 2712 1033 2775 fuerat;
1069 2710 1309 2780 insuper
1338 2726 1375 2780 q
1397 2725 1487 2762 uie
1546 2708 1657 2779 ipsi
1696 2724 1830 2761 mo-

131 2802 386 2855 nasterio
425 2801 867 2865 condonaverat,
929 2799 1291 2865 oﬁ'erremus,
1332 2803 1641 2868 nostraque
1695 2796 1829 2850 asti-

131 2890 433 2961 pulatione
453 2892 979 2942 corroboraremus.
1022 2886 1184 2950 Quod
1248 2886 1447 2939 devote
1503 2884 1828 2955 expostula-

3531 304 3634 357 3‘22

2677 418 2912 472 LXXXV.

1938 496 2284 563 Conﬁrmatio
2314 496 2529 563 jurium
2577 512 2640 550 ac
2680 501 3093 564 privzlegiorum
3145 503 3393 553 asceterii
3441 516 3634 555 sacra-

2006 582 2129 618 rum
2184 569 2460 632 virginum
2508 568 2826 621 Lucensium
2884 570 2938 623 S.
2987 571 3289 624 Saluatoris
3334 574 3486 636 facta
3533 575 3633 626 Al-

2000 651 2183 705 pergz
2202 637 2490 690 abbatissae
2513 639 2599 725 ab]
2617 637 2679 725 .
2717 641 2943 725 Henrico
2961 642 3120 725 \iuter
3144 645 3417 707 Augustos
3437 645 3634 710 primo.

2585 708 2768 773 (Auno
2800 707 2980 777 1015.)
3434 707 3449 741 '—

2120 773 2428 847 [Muratori,
2484 780 2769 846 Antiquit.
2802 780 2990 833 Italic.
3023 784 3163 833 tom.
3199 781 3241 844 Ι,
3271 780 3449 852 1007.]

2009 863 2072 916 In
2101 865 2332 917 nomine
2368 872 2577 917 sanctus
2609 873 2665 919 et
2719 866 3031 920 individua:
3078 868 3392 935 Trinitatis,
3427 870 3634 924 Heum-

1937 965 2052 1012 cus,
2085 950 2279 1004 divina
2299 951 2857 1020 faventeclementia,
2888 954 3285 1010 Romanorum
3306 958 3622 1028 imperator

1937 1041 2252 1107 Augustus.

2008 1126 2299 1196 Quidquid
2347 1127 2485 1180 locis
2547 1128 2739 1181 divino
2798 1131 2973 1184 cultui
3033 1132 3368 1203 mancipatis
3425 1139 3634 1188 nostrae

1937 1213 2294 1267 liberalitatis
2333 1231 2570 1269 munere
2602 1216 2965 1283 conferimus,
3004 1219 3056 1271 id
3091 1220 3256 1273 nobis
3287 1221 3357 1274 ad
3403 1228 3633 1275 interna:

1936 1300 2329 1354 retributionis
2349 1303 2874 1357 remunerationem
2908 1305 3177 1373 prodesse
3209 1306 3449 1359 minime
3481 1307 3633 1361 difﬁ—

1940 1389 2148 1442 dimus.
2185 1388 2498 1459 Cognoscat
2526 1391 2703 1461 igitur
2723 1393 2984 1445 omnium
3015 1392 3269 1447 ﬁdelium
3293 1401 3502 1449 sanctae
3537 1396 3635 1450 Dei

1941 1477 2220 1542 Ecclesim,
2252 1494 2350 1530 seu
2409 1482 2763 1544 nostrorum,
2805 1481 3180 1549 praesentium
3237 1483 3451 1536 scilicet
3480 1484 3632 1537 futu-

1939 1581 2273 1635 rorumque,
2302 1565 2531 1620 solertia
2551 1568 2798 1637 qualiter
2828 1584 2951 1634 nos,
2986 1571 3315 1623 interventu
3370 1587 3435 1625 ac
3478 1573 3632 1640 peti-

1942 1653 2097 1706 tione
2145 1654 2513 1723 Cunegundae
2578 1654 2981 1724 imperatricis,
3030 1664 3355 1728 nostraeque
3409 1658 3633 1713 dilectas

1942 1741 2221 1811 conjugis,
2256 1758 2359 1811 per
2386 1742 2532 1795 hanc
2578 1743 2760 1796 nostri
2806 1745 3077 1813 precepti
3126 1747 3420 1815 paginam,
3466 1753 3639 1817 prout

1934 1830 2087 1899 juste
2118 1836 2173 1883 et
2200 1831 2458 1900 legaliter
2494 1836 2816 1901 possumus,
2840 1834 3248 1887 conﬁrmamus
3281 1840 3337 1887 et
3364 1836 3638 1889 corrobo—

1942 1933 2136 1971 ramus
2168 1919 2578 1971 monasterium
2609 1918 2801 1973 Sancti
2831 1921 3158 1983 Salvatoris,
3203 1923 3354 1991 quod
3385 1929 3468 1976 est
3488 1924 3638 1978 infra

1941 2021 2136 2058 muros
2187 2005 2342 2058 urbis
2375 2006 2537 2059 Lucaa
2568 2013 2975 2072 constructum,
3034 2024 3147 2061 una
3200 2026 3328 2062 cum
3357 2010 3639 2065 abbatissa

1936 2094 2173 2147 nomine
2198 2095 2462 2163 Alperga,
2497 2110 2625 2146 cum
2657 2095 2922 2148 omnibus
2957 2090 3517 2151 sanctaamonialibus
3552 2100 3633 2153 ibi

1941 2183 2058 2235 Deo
2098 2182 2527 2249 famulantibus,
2554 2183 2843 2251 quomodo
2874 2189 3025 2251 sunt,
3055 2189 3152 2237 aut
3214 2201 3319 2254 pro
3366 2191 3628 2256 tempore

1939 2271 2056 2324 Deo
2096 2269 2236 2323 inibi
2270 2270 2698 2332 famulantibus,
2726 2287 2853 2324 cum
2888 2272 3158 2326 omnibus
3212 2290 3411 2327 eorum
3463 2275 3635 2328 rebus

1941 2364 1998 2411 et
2022 2357 2487 2428 proprietatibus,
2516 2358 2729 2411 scilicet
2759 2364 2816 2412 et
2837 2360 3025 2420 terris,
3054 2360 3255 2422 vineis,
3280 2362 3477 2431 pratis,
3512 2379 3637 2432 pas-

1940 2446 2078 2512 cuis,
2114 2445 2286 2508 silvis,
2321 2451 2618 2514 pascentes
2648 2448 3130 2515 pascuationibus,
3154 2465 3217 2501 ac
3268 2451 3464 2503 omnia
3494 2451 3635 2505 sub-

1938 2533 2145 2586 stantia
2176 2549 2301 2604 quae
2331 2534 2481 2587 idem
2511 2535 2666 2587 locus
2690 2541 2943 2588 meretur
2974 2537 3201 2602 habere,
3228 2538 3638 2592 conﬁrmamus

1938 2637 2042 2691 per
2068 2626 2275 2674 nostrae
2296 2622 2608 2691 augustalis
2626 2624 2901 2690 potentiae
2930 2622 3343 2693 [praeceptum],
3366 2642 3466 2695 per
3481 2628 3637 2696 quod

1938 2710 2351 2763 monasterium
2378 2710 2538 2776 illud,
2568 2725 2657 2762 res
2686 2710 2908 2763 habitas
2938 2717 2993 2763 et
3012 2712 3270 2765 adhucin
3297 2712 3428 2782 jure
3460 2714 3639 2783 ipsius

1940 2798 2271 2851 monasterii
2298 2798 2453 2867 juste
2478 2806 2797 2863 manentes,
2832 2799 3049 2869 possint
3069 2799 3127 2852 in
3158 2800 3417 2854 futurum
3448 2802 3638 2855 conti—

1941 2886 2084 2939 neri.
2122 2884 2437 2939 Statuimus
2478 2901 2637 2956 ergo,
2689 2903 2753 2940 ac
2782 2904 2884 2957 per
2908 2888 3014 2941 hoc
3072 2893 3280 2942 nostra;
3328 2888 3636 2944 conﬁrma-

133 2988 254 3032 tum
286 2984 394 3045 est,
428 2983 486 3031 et
516 2976 693 3047 regali
744 2975 1079 3030 auctoritate
1112 2990 1461 3027 concessum.
1496 2975 1707 3027 Damus
1735 2989 1824 3026 er-
1860 2978 1900 3030 C
1936 2972 2109 3026 tionis
2138 2978 2509 3043 praeceptum,
2547 2980 2605 3026 ut
2633 2974 2703 3029 ab
2750 2974 2880 3028 hinc
2928 2980 2983 3028 et
3010 2976 3071 3029 in
3127 2976 3383 3030 futurum
3428 2979 3639 3047 praefa-

131 3085 201 3138 go
228 3075 287 3121 et
318 3067 378 3120 in
400 3068 497 3136 jus
521 3066 776 3120 Ecclesiae
800 3065 922 3134 jam
942 3065 1108 3118 dictae
1152 3062 1500 3116 conferimus
1543 3062 1831 3116 abbatiam

133 3158 319 3227 ipsam
342 3171 473 3225 quae
524 3154 583 3209 S.
632 3152 823 3207 Vitoni
882 3151 1112 3218 dicitur,
1170 3167 1301 3206 cum
1353 3151 1622 3204 omnibus
1677 3151 1746 3204 ad
1774 3168 1831 3205 se

133 3244 584 3315 pertinentibus,
615 3247 719 3295 etc.
741 3242 902 3294 Dono
935 3240 1168 3295 Gerardi
1198 3238 1425 3293 comitis
1468 3239 1537 3292 ad
1568 3237 1624 3292 S.
1656 3239 1830 3292 Julia-

134 3350 275 3388 num
310 3348 571 3386 mansum
613 3347 743 3384 cum
775 3328 1035 3394 dimidio,
1077 3334 1134 3382 et
1182 3327 1429 3393 vineam,
1487 3334 1592 3381 etc.
1631 3328 1834 3380 Noster

138 3438 270 3475 vero
303 3420 490 3474 ﬁdelis
519 3434 707 3472 comes
740 3416 1076 3472 Godefridus
1105 3414 1382 3485 quasdam
1428 3430 1519 3468 res
1576 3415 1643 3468 ad
1685 3430 1832 3483 prse-

137 3510 318 3563 fatum
340 3511 528 3562 locum
560 3506 881 3560 subdotatas
922 3504 1080 3559 dedit
1131 3504 1190 3556 in
1246 3503 1382 3557 villa
1437 3518 1567 3573 quae
1626 3502 1836 3555 Borbat

139 3605 525 3668 nuncupatur,
559 3611 755 3648 mansa
786 3610 854 3648 xx
883 3609 1014 3647 cum
1044 3591 1300 3655 ecclesia,
1335 3596 1440 3644 etc.
1478 3592 1835 3643 Hermannus

140 3699 375 3755 quoque
405 3682 746 3737 venerabilis
771 3697 960 3734 comes
983 3680 1042 3734 in
1062 3678 1333 3733 comitatu
1355 3677 1833 3731 Bracbantinense

138 3774 198 3827 in
227 3772 448 3843 praedio
478 3771 632 3843 quod
664 3770 872 3824 Haslud
924 3774 1176 3833 vocatur,
1210 3783 1318 3820 xxx
1375 3766 1560 3820 eidem
1588 3766 1835 3819 contulit

143 3878 361 3926 mansa,
390 3867 499 3915 etc.
532 3862 731 3914 Comes
761 3859 933 3912 etiam
1002 3856 1281 3911 Lutardus
1338 3855 1399 3908 in
1457 3854 1659 3908 eodem
1709 3871 1836 3907 mo-

143 3951 392 4004 nasterio
425 3948 963 4011 monachusfactus,
997 3945 1156 3999 dedit
1185 3945 1246 3996 in
1287 3960 1435 4013 pago
1465 3942 1738 4012 Vaprensi
1776 3943 1833 3996 in

144 4039 419 4092 comitatu
460 4036 743 4091 Decasteri
789 4034 1071 4106 praedium
1113 4033 1473 4097 Balliodium,
1539 4031 1835 4085 ecclesiam

143 4128 360 4181 scilicet
405 4143 535 4180 cum
577 4126 727 4191 dote,
762 4131 818 4177 et
846 4138 1109 4176 mansum
1172 4120 1648 4175 indominicatum
1705 4136 1832 4173 cum

134 4217 261 4271 aliis
290 4232 385 4280 XL,
420 4222 529 4269 etc.
565 4215 674 4268 Nos
706 4218 895 4267 autem
928 4210 1219 4281 praedictae
1281 4209 1540 4263 Ecclesiae
1592 4225 1697 4279 pro
1741 4225 1829 4262 re-

132 4306 324 4359 medio
343 4304 551 4357 animae
578 4308 806 4367 nostrae,
840 4308 897 4353 et
927 4298 1309 4353 dilectissimaa
1339 4298 1599 4368 conjugis
1621 4303 1831 4351 nostrae

135 4392 527 4463 Cunegundaa,
550 4396 605 4444 et
635 4406 738 4460 pro
769 4386 1313 4442 commemoratione
1334 4389 1594 4439 omnium
1627 4402 1831 4455 paren-

133 4488 280 4549 tum,
313 4495 562 4551 quorum
586 4477 874 4532 memoria:
889 4477 1171 4530 debitores
1192 4475 1508 4540 existimus,
1535 4473 1833 4529 dimidiam

133 4579 360 4640 partem
410 4567 641 4634 telonei,
697 4572 966 4633 monetae,
999 4569 1053 4617 et
1081 4564 1255 4617 totius
1288 4563 1464 4617 debiti
1520 4562 1671 4640 quod
1700 4562 1833 4615 inde

136 4661 203 4714 ad
236 4658 607 4727 nostrumjus
631 4654 860 4725 respicit
891 4654 948 4706 in
973 4653 1097 4706 loco
1126 4652 1225 4722 qui
1252 4651 1462 4705 dicitur
1491 4636 1830 4714 Mosomum,

133 4746 191 4799 in
224 4745 526 4815 proprium
591 4744 812 4796 damus.
873 4741 1000 4794 Haec
1058 4755 1161 4809 per
1216 4738 1608 4794 interventum
1668 4735 1830 4789 Heri-

136 4833 334 4886 manui
360 4830 600 4895 comitis,
652 4830 814 4899 cujus
862 4828 1206 4882 beneﬁcium
1257 4833 1425 4880 antea
1479 4825 1603 4892 fuit,
1651 4823 1830 4878 tradi-

136 4938 262 4975 mus
285 4937 348 4974 ac
379 4917 665 4989 imperiali
691 4916 1025 4970 auctoritate
1055 4914 1515 4979 corroboramus,
1544 4919 1650 4967 etc.

204 5011 439 5076 Signum
519 5007 724 5060 domini
793 5006 1011 5059 Heurici
1079 5004 1427 5057 invictissimi
1488 5002 1833 5069 imperatoris

138 5098 399 5165 Augusti.

204 5185 547 5241 Gontherius
607 5180 979 5235 cancellarins
1034 5179 1154 5233 vice
1229 5175 1579 5231 Herimbaldi
1644 5176 1831 5230 archi-

137 5273 459 5329 cancellarii
491 5270 812 5337 recognovi.

208 5364 350 5417 Data
408 5377 557 5414 anno
612 5358 919 5413 Dominicae
989 5352 1401 5409 incarnationis
1461 5352 1618 5414 1015,
1679 5366 1831 5405 anno

140 5470 270 5507 vero
303 5449 525 5505 domini
557 5448 781 5502 Heurici
805 5463 863 5513 ιι,
898 5445 1061 5515 regni
1106 5459 1219 5513 xiv,
1248 5440 1479 5513 imperii
1530 5447 1723 5493 autem
1771 5456 1830 5494 ii.

208 5548 411 5598 Actum
441 5538 818 5607 Noviomago.

1941 3066 2062 3115 tum
2094 3062 2529 3124 monasterium,
2561 3078 2675 3115 una
2704 3078 2833 3115 cum
2865 3063 3034 3116 rebus
3090 3067 3177 3117 vel
3230 3064 3463 3118 familiis
3493 3066 3636 3119 inibi

1935 3151 2091 3221 juste
2120 3149 2558 3220 pertinentibus,
2592 3150 2680 3203 vel
2720 3166 3081 3220 quacunque
3112 3152 3172 3205 in
3215 3159 3381 3205 antea
3411 3169 3516 3222 per
3540 3155 3636 3207 da-

1941 3238 2160 3291 tiOnem
2189 3237 2594 3306 religiosorum
2651 3238 2904 3291 virorum
2950 3254 3051 3291 seu
3099 3238 3431 3292 devotarum
3462 3239 3635 3293 femi-

1941 3342 2147 3379 narum
2178 3326 2449 3381 collatum
2482 3324 2779 3391 exstiterit,
2812 3324 2915 3377 sub
2948 3326 3127 3378 nostri
3182 3326 3459 3395 praecepti
3508 3344 3639 3379 con-

1941 3414 2327 3467 ﬁrmationem
2360 3419 2715 3483 permaneat,
2748 3420 2805 3466 et
2835 3413 3028 3466 nullus
3056 3413 3327 3483 quislibet
3355 3416 3425 3467 de
3480 3431 3637 3484 pras-

1941 3502 2104 3556 dictis
2135 3502 2327 3565 rebus,
2357 3517 2498 3571 quas
2526 3503 2665 3553 tunc
2701 3506 2894 3553 tenere
2948 3500 3140 3570 quiete
3173 3517 3233 3553 ac
3264 3502 3527 3571 legaliter
3557 3504 3636 3555 vi-

1942 3589 2242 3655 debantur,
2274 3588 2528 3658 aliquam
2575 3587 3036 3657 inquietudinem
3098 3590 3215 3642 ullo
3270 3605 3526 3659 unquam
3578 3591 3638 3644 in

1941 3685 2200 3749 tempore
2227 3680 2411 3732 facere
2444 3682 2756 3748 praesumat
2787 3678 2921 3743 ;sed
2956 3694 3058 3748 per
3087 3679 3235 3731 hanc
3255 3685 3511 3733 nostram
3545 3697 3642 3734 au-

1942 3767 2262 3821 ctoritatem
2293 3782 2493 3820 omnes
2513 3782 2601 3819 res
2622 3766 2802 3837 ipsius
2827 3765 3159 3819 monasterii
3190 3766 3304 3820 sint
3334 3767 3638 3821 defensam:

1944 3856 2047 3908 sub
2078 3855 2259 3908 nostri
2290 3842 2560 3925 praecepti
2599 3855 3117 3908 conﬁrmationem.
3166 3855 3441 3909 Volumus
3462 3858 3640 3911 etiam

1943 3950 2008 3998 ut
2056 3944 2160 3998 sub
2190 3950 2385 3997 nostra
2420 3943 2785 3997 immunitate
2836 3942 2986 3997 idem
3040 3944 3378 4013 praedictum
3433 3962 3635 3999 mona-

1944 4032 2181 4086 sterium
2204 4032 2411 4085 nostris
2444 4037 2500 4084 et
2530 4030 2735 4084 tuturis
2764 4031 3121 4101 temporibus
3147 4032 3347 4085 existat
3378 4049 3490 4086 una
3511 4049 3640 4087 cum

1945 4120 2214 4173 omnibus
2235 4122 2405 4173 rebus
2428 4136 2490 4172 ac
2520 4119 2753 4172 familiis
2775 4120 2843 4172 ad
2864 4136 2996 4173 eum
3015 4121 3169 4189 juste
3192 4120 3636 4189 pertinentibus,

1945 4208 2011 4259 Et
2042 4206 2088 4258 si
2118 4207 2347 4276 quando
2378 4206 2663 4259 abbatissa
2712 4206 2941 4271 obierit,
2991 4207 3060 4259 de
3091 4208 3206 4260 suis
3236 4207 3373 4276 ipsis
3402 4208 3641 4277 eligant,

1946 4310 2117 4365 quam
2151 4295 2316 4347 bonae
2347 4293 2793 4346 conversationis
2858 4294 3183 4347 invenerint
3212 4295 3510 4350 meliorem
3541 4297 3638 4350 ab-

1942 4382 2233 4436 batissam.
2262 4382 2664 4451 Prascipientes
2702 4396 2932 4451 quoque
2964 4382 3233 4451 jubemus
3290 4388 3344 4436 et
3385 4383 3643 4454 jubendo

1941 4470 2309 4540 pracipimus
2343 4475 2404 4522 ut
2431 4470 2625 4522 nullus
2648 4470 2824 4539 judex
2883 4470 3163 4540 publicus,
3213 4478 3308 4526 aut
3339 4473 3546 4544 aliquis
3577 4491 3644 4527 ex

1935 4558 2239 4629 judiciaria
2287 4562 2565 4628 potestate
2613 4557 2762 4611 infra
2817 4558 3006 4628 ipsum
3045 4562 3478 4629 monasterium,
3544 4580 3644 4617 seu

1941 4646 2201 4699 ecclesias
2229 4654 2328 4699 aut
2366 4646 2547 4713 villas,
2595 4652 2693 4700 aut
2742 4663 2933 4717 agros,
2997 4654 3105 4703 etc.
3148 4649 3316 4713 Quod
3364 4658 3426 4705 ut
3451 4653 3642 4706 verius

1946 4736 2230 4799 credatur,
2259 4740 2363 4787 etc.

2012 4822 2245 4889 Signum
2272 4822 2460 4875 domni
2504 4823 2749 4877 Heinrici
2792 4826 3124 4879 serenissimi
3164 4828 3510 4882 invictissimi
3540 4831 3641 4883 im-

1938 4914 2210 4981 peratoris
2239 4912 2499 4979 Augusti.

2015 5000 2311 5054 Heinricus
2358 5000 2727 5053 cancellarius
2776 5000 2897 5054 vice
2967 5002 3236 5057 Everardi
3293 5003 3543 5076 episcOpi
3587 5012 3645 5059 et

1942 5088 2423 5142 archicancellarii
2454 5087 2805 5157 recognovit.

2015 5177 2221 5230 Datum
2253 5193 2403 5230 anno
2460 5177 2771 5230 Dominicaa
2809 5175 3221 5231 incarnationis
3278 5181 3436 5245 1015,
3492 5180 3641 5234 indi-

1942 5264 2129 5318 ctione
2158 5281 2254 5332 xu,
2286 5281 2436 5317 anno
2471 5263 2669 5318 domui
2704 5264 2950 5317 Heinrici
2982 5265 3344 5335 imperatoris
3393 5269 3640 5337 Augusti

1943 5351 2237 5422 regnantis
2265 5368 2360 5417 xu,
2394 5352 2617 5422 imperii
2654 5353 2777 5422 ejus
2805 5352 3009 5421 primo.

2013 5446 2214 5493 Actum
2239 5441 2295 5493 in
2330 5441 2601 5494 comitatu
2622 5441 2850 5509 Pisano,
2872 5440 2933 5493 in
2959 5440 3093 5495 villa
3117 5458 3246 5512 qum
3274 5451 3645 5517 nuncupatur

1944 5528 2207 5595 Fasiano,
2247 5529 2506 5583 feliciter.
2538 5532 2741 5583 Amen.
