3944 6304
305 276 406 328 323

372 393 654 450 Pendebat
680 393 829 450 bulla
859 409 975 462 quae
1013 393 1169 447 modo
1224 391 1588 446 desideratur.

1031 498 1295 553 LXXXVI.

300 593 358 647 S.
395 593 619 646 Henrici
645 592 991 658 praeceptum,
1013 603 1116 655 quo
1155 588 1404 641 Ecclesiae
1436 587 1491 641 S.
1526 585 1840 658 Alemandri
1866 587 2000 638 Ber-

379 664 620 730 gamensi
646 657 914 713 restituit
952 661 1263 712 comitatum
1309 658 1626 720 Alamanni,
1678 657 1834 723 cujus
1868 659 1999 710 Atto

375 747 542 786 comes
569 733 836 784 ecclesiam
859 731 1008 782 illam
1039 730 1298 780 Iizredcm
1329 731 1663 780 instituerat.

941 817 1125 884 (Anno
1177 813 1362 884 tOl5.)

662 902 925 976 [Ughelli,
959 903 1130 955 Italia
1154 917 1331 968 sacra,
1367 901 1454 967 ιν,
1489 899 1636 973 439.]

375 1011 435 1064 In
460 1007 692 1063 nomine
749 1011 957 1060 sanctm
1002 1011 1057 1059 et
1104 1005 1416 1059 individum
1473 1005 1785 1070 Trinitatis,
1847 1005 1996 1059 HEN-

306 1114 476 1165 IICUS,
505 1097 692 1152 divina
721 1096 942 1149 favente
973 1095 1294 1158 clementia,
1319 1094 1710 1147 Romanorum
1743 1094 1998 1164 impera-

305 1192 396 1240 tor
423 1189 732 1255 Augustus.

373 1274 428 1328 Si
456 1275 820 1327 ecclesiarum
862 1270 963 1325 Dei
1026 1270 1244 1341 aliquid
1283 1269 1749 1340 supplementum
1798 1269 1998 1323 tribui-

299 1379 447 1428 mus,
473 1362 602 1415 inde
633 1361 798 1414 nobis
836 1360 1103 1413 meritum
1137 1360 1256 1413 fore
1287 1376 1403 1412 non
1456 1359 1807 1413 dubitamus.
1844 1358 1994 1422 Quo-

297 1451 442 1504 circa
500 1454 708 1502 sauctae
770 1449 867 1502 Dei
894 1447 1149 1501 Ecclesiae
1203 1453 1646 1518 nostrorumque
1711 1447 1991 1514 ﬁdelium,

299 1537 668 1610 praesentium
702 1537 912 1589 scilicet
954 1551 1017 1588 ac
1063 1535 1407 1602 futurorum,
1455 1537 1716 1590 volumus
1766 1536 1993 1590 univer-

299 1627 452 1680 sitati
484 1629 675 1694 pateat
710 1631 1010 1694 quatenus,
1042 1640 1235 1676 amore
1296 1624 1390 1676 Dei
1447 1630 1504 1676 et
1551 1623 1706 1677 beati
1751 1625 1991 1677 Alexan-

299 1714 387 1768 dri
431 1711 694 1782 martyris
753 1711 992 1776 accensi,
1065 1713 1226 1780 cujus
1295 1711 1640 1764 adminiculo
1707 1712 1992 1765 credimus

299 1803 446 1856 bene
480 1803 664 1853 valere
692 1806 990 1870 perpetuo,
1023 1800 1374 1852 auctoritatis
1406 1805 1613 1853 nostrae.
1641 1807 1989 1870 pra-ceptum

300 1890 618 1960 imperiale,
695 1895 865 1958 prout
912 1888 1062 1957 juste
1119 1893 1173 1940 et
1233 1887 1491 1957 legaliter
1535 1904 1860 1959 possumus,
1909 1888 1993 1942 illi

301 1983 693 2047 competenter
713 1977 1095 2030 concessimus
1117 1979 1174 2029 et
1201 1976 1655 2039 corroboramus,
1684 1976 1829 2029 sicut
1854 1976 1990 2029 olim

300 2067 644 2122 credidimus
674 2081 777 2135 per
807 2066 1054 2134 regalem
1073 2065 1466 2118 investituram
1492 2066 1752 2118 videlicet
1771 2071 1990 2118 curtem

302 2155 533 2220 Lemen,
592 2170 720 2206 cum
783 2153 1048 2206 omnibus
1105 2152 1350 2206 castellis
1399 2152 1507 2206 sibi
1552 2152 1991 2222 pertinentibus,

299 2243 562 2297 videlicet
615 2242 798 2296 Brivio
865 2247 922 2295 et
1007 2243 1252 2309 Lavello,
1317 2242 1462 2295 sicut
1514 2235 1644 2295 Atto
1692 2258 1879 2294 comes
1940 2247 1996 2296 et

300 2331 563 2386 Ferlinda
587 2348 689 2384 sua
739 2332 944 2400 conjux
998 2330 1350 2400 episcOpatui
1400 2330 1630 2399 praefati
1685 2331 1994 2384 Alexandri

301 2418 566 2488 martyris
609 2433 710 2488 per
763 2417 1034 2486 paginam
1094 2412 1423 2469 testamenti
1472 2417 1728 2482 tradidit,
1781 2416 1994 2470 scilicet

299 2522 428 2560 cum
483 2509 648 2560 terris
707 2505 812 2558 sibi
866 2504 1308 2575 pertinentibus,
1367 2520 1493 2557 cum
1536 2504 1736 2570 vineis,
1790 2504 1990 2574 pratis,

297 2595 540 2667 pascuis,
616 2594 790 2655 silvis,
861 2592 1227 2660 molendinis,
1309 2593 1738 2664 piscationibus,
1829 2594 1994 2664 aquis

300 2699 692 2754 aquarumque
744 2681 1096 2747 decursibus,
1162 2697 1265 2735 nec
1323 2697 1436 2734 non
1495 2698 1624 2735 cum
1679 2682 1878 2751 servis,
1939 2687 1992 2736 et

299 2772 540 2837 ancillis,
585 2770 771 2838 aldiis,
816 2775 870 2823 et
919 2769 1179 2823 aldianis.
1213 2769 1528 2824 Statuimus
1549 2786 1685 2840 ergo
1745 2787 1848 2840 per
1888 2772 1994 2824 hoc

298 2865 504 2914 nostum
536 2857 984 2912 confirmationis
1013 2863 1386 2927 praeceptum,
1434 2857 1578 2911 sicut
1604 2858 1800 2910 statuit
1845 2873 1989 2927 prae-

299 2949 447 3002 fatus
476 2963 667 3000 comes
693 2953 750 3000 et
773 2950 895 3016 ejus
931 2947 1158 3015 conjux,
1191 2951 1253 2999 ut
1305 2946 1512 3000 abhinc
1545 2950 1601 3000 et
1640 2946 1699 2999 in
1730 2946 1986 3000 futurum
2021 2937 2061 2990 (Ι

299 3036 689 3107 episcopatum
743 3034 894 3089 beati
941 3034 1243 3089 Alexandri
1293 3035 1582 3104 martyris,
1637 3033 1739 3105 qui
1789 3035 1992 3104 Perga-

299 3141 460 3179 mum
481 3130 733 3190 vocatur,
780 3123 1006 3186 habeat,
1045 3127 1256 3189 teneat,
1291 3122 1648 3193 ﬁrmiterque
1699 3122 1992 3193 possideat

301 3214 514 3284 absque
573 3212 832 3267 omnium
886 3211 1186 3266 hominum
1245 3211 1696 3266 contradictione
1747 3215 1985 3266 remota.

297 3301 658 3371 Quapropter
705 3299 1071 3370 praecipimus
1137 3303 1202 3352 ut
1278 3299 1471 3352 nullus
1543 3299 1675 3361 dux,
1714 3299 1987 3365 marchio,

298 3405 508 3456 comes,
623 3389 1100 3459 archiepiscopus,
1229 3387 1547 3459 episcopus,
1656 3389 1990 3458 vicecomes,

299 3477 599 3549 gastaldio,
634 3476 870 3542 decano,
901 3481 1001 3530 aut
1033 3475 1224 3546 aliqua
1254 3476 1435 3529 nostri
1499 3475 1727 3546 imperii
1781 3492 1992 3547 magna

220 3605 224 3610 ι
296 3582 587 3638 parvaque
617 3581 857 3637 persona
887 3564 1373 3635 praenominatum
1406 3563 1798 3635 episcopatum
1837 3564 1990 3619 beati

297 3654 607 3712 Alexandri
664 3654 951 3724 martyris,
993 3669 1091 3707 seu
1150 3653 1481 3723 episcopum
1532 3653 1632 3724 qui
1685 3669 1839 3707 nunc
1883 3657 1989 3722 est,

300 3748 401 3796 aut
433 3742 572 3797 alios
617 3742 716 3812 qui
769 3741 981 3796 ibidem
1035 3757 1141 3811 pro
1189 3747 1448 3812 tempore
1494 3741 1726 3807 fuerint,
1786 3741 1992 3796 audeat

298 3832 625 3899 molestare,
685 3835 784 3885 aut
812 3831 1134 3902 inquietare
1164 3836 1470 3900 praesumat
1498 3831 1621 3885 sine
1640 3831 1809 3902 legali
1830 3830 1991 3901 judi-

299 3919 402 3974 cio.
435 3919 492 3974 Si
524 3919 652 3989 quis
682 3936 816 3973 vero
862 3919 1030 3989 hujus
1083 3919 1265 3973 nostri
1316 3919 1584 3990 praecepti
1619 3920 1987 3990 quandoque,

300 4009 457 4080 quod
487 4023 601 4061 non
632 4008 934 4074 credimus,
977 4008 1217 4062 violator
1254 4009 1553 4074 exstiterit,
1585 4008 1725 4062 sciat
1753 4024 1811 4062 se
1841 4024 1993 4062 com-
2027 4001 2036 4010 ’

297 4098 619 4171 positurum
654 4097 781 4152 auri
812 4097 1014 4168 optimi
1047 4097 1218 4152 libras
1275 4097 1451 4166 mille,
1501 4097 1866 4151 medietatem
1899 4113 1993 4150 ca-

1593 269 1650 323 S.
1695 267 1981 323 HENRICI
2020 266 2190 322 IMPE
2200 269 2496 325 RATOBIS

2029 391 2076 443 A
2114 407 2230 458 cus,
2259 393 2451 447 divina
2474 392 2695 450 favente
2718 390 3044 460 clementia,
3077 393 3467 450 Romanorum
3500 395 3836 467 imperator

3711 272 3834 326 324

2109 483 2418 550 Augustus.

2180 587 2323 650 Quia
2351 587 2578 652 divinae,
2637 592 2742 641 etc.
2805 586 3093 650 Quocirca
3150 588 3412 642 ﬁdelium
3459 594 3833 650 nostrorum,

2109 676 2476 745 praesentium
2528 675 2738 728 scilicet
2795 682 2852 728 et
2897 675 3239 742 futurorum,
3287 677 3651 731 universitati
3712 694 3828 748 pa-

2107 769 2222 817 teat
2261 764 2556 834 quoniam,
2599 764 2843 817 senioris
2873 763 3054 817 nostri
3084 763 3324 818 Othonis
3379 766 3834 835 praedecessw'is

2106 851 2469 922 imperatoris
2494 858 2904 923 cognoscentes
2936 853 3108 922 hujus
3161 854 3650 908 remunerationis
3688 855 3828 908 fau-

2107 942 2305 995 tricem
2339 941 2603 1010 gratiam,
2652 941 2940 994 Bernardo
2999 942 3294 995 Parmensi
3356 943 3548 996 comiti
3603 943 3832 997 ﬁdelis-

2107 1027 2250 1080 simo
2284 1033 2478 1081 nostro
2510 1033 2726 1082 curtem
2762 1030 3088 1096 Neironem,
3121 1046 3252 1083 cum
3303 1032 3556 1101 capellis,
3611 1032 3828 1084 castris

2105 1115 2465 1182 domnicatis,
2511 1116 2864 1181 massaritiis,
2935 1117 3102 1184 villis,
3163 1124 3221 1172 et
3271 1121 3458 1186 terris,
3516 1121 3830 1174 omnibus-

2107 1219 2217 1274 que
2244 1204 2311 1257 ad
2336 1205 2574 1258 eandem
2623 1206 3024 1274 pertinentiis;
3067 1213 3285 1260 curtem
3335 1209 3584 1262 Rocham
3630 1209 3823 1261 etiam

2106 1299 2162 1346 et
2208 1298 2454 1346 castrum
2519 1293 2589 1348 de
2637 1296 2782 1347 valle
2838 1295 3171 1348 Viseuerina
3229 1312 3360 1349 cum
3417 1297 3691 1350 omnibus
3731 1297 3826 1352 ibi

2104 1381 2464 1452 pertinentiis
2493 1382 2580 1435 vel
2611 1382 2966 1452 adjacentiis,
3009 1388 3064 1437 et
3094 1385 3249 1454 quod
3306 1385 3416 1438 dici
3473 1386 3559 1438 vel
3615 1385 3822 1438 uomi-

2105 1468 2230 1523 nari
2260 1469 2453 1538 possit,
2485 1473 2542 1522 et
2570 1470 2713 1525 sicut
2740 1470 3032 1541 quondam
3071 1473 3231 1542 Hugo
3286 1472 3500 1526 Tusciae
3552 1474 3824 1527 marchio

2104 1574 2208 1628 per
2233 1559 2430 1611 omnia
2461 1559 2667 1626 tenuit,
2691 1560 2747 1612 in
2781 1561 3091 1628 integrum,
3161 1577 3260 1630 per
3317 1561 3708 1615 interventum
3757 1567 3824 1616 et

2025 1661 2064 1714 B
2104 1647 2441 1715 petitionem
2476 1647 2826 1717 Conigundee
2863 1648 3246 1718 imperatricis
3295 1652 3565 1719 Augustae
3615 1653 3823 1720 conju~

2105 1735 2190 1804 gis
2247 1741 2452 1788 nostrae
2509 1736 2811 1802 donamus,
2865 1738 3231 1792 concedimus
3292 1745 3460 1808 atque
3500 1739 3814 1809 largimur.

2101 1823 2382 1886 Quoniam
2417 1824 2610 1876 senior
2637 1831 2829 1877 noster
2859 1825 3004 1878 Otho
3058 1827 3374 1896 imperator
3421 1843 3570 1891 eam,
3628 1844 3813 1897 quam

2100 1911 2324 1980 praefati
2354 1928 2568 1976 sumus,
2603 1913 2866 1982 praedicto
2907 1915 3198 1967 Bernardo
3249 1915 3439 1968 comiti
3472 1931 3575 1986 pro
3623 1916 3812 1986 digno

2101 2000 2223 2069 ejus
2280 2000 2509 2053 servitio
2579 2001 2832 2065 donavit,
2882 2003 3180 2067 concessit,
3229 2019 3447 2073 suoque
3511 2003 3812 2074 imperiali

2093 2087 2298 2156 jurein
2348 2088 2796 2159 proprietarium
2860 2090 2956 2160 jus
3011 2095 3067 2143 et
3117 2091 3438 2143 dominium
3495 2092 3701 2145 tribuit
3753 2098 3806 2145 et

2099 2176 2342 2246 largitus
2388 2183 2490 2244 est,
2560 2195 2668 2231 nos
2733 2195 2964 2248 quoque
3023 2194 3126 2248 pro
3176 2179 3384 2232 futuris
3439 2181 3812 2250 temporibus

2101 2265 2306 2318 amodo
2353 2271 2409 2319 et
2471 2267 2742 2336 deinceps
2790 2267 3102 2321 donatione
3176 2272 3233 2320 et
3286 2269 3645 2322 concessione
3707 2270 3814 2322 tri-

2100 2353 2330 2406 buimus
2361 2359 2419 2408 et
2447 2355 2874 2422 conﬁrmamus,
2933 2361 3103 2426 atque
3158 2363 3438 2426 perpetua
3489 2357 3810 2411 stabilitate

2101 2442 2538 2496 corroboramus
2568 2443 2628 2496 in
2678 2443 2989 2514 integrum,
3047 2447 3192 2498 sicut
3237 2445 3498 2515 superius
3566 2447 3810 2515 legitur,

2102 2547 2230 2584 cum
2259 2531 2434 2584 servis
2464 2536 2526 2584 et
2556 2531 2798 2600 ancillis,
2822 2532 3162 2599 aldionibus,
3207 2534 3808 2601 aldianis,montanis,

2100 2619 2476 2689 planiciebus,
2513 2620 2807 2673 montibus
2839 2627 2894 2673 et
2943 2621 3204 2688 collibus,
3240 2622 3503 2691 rupibus,
3552 2623 3809 2693 pascuis,

2103 2707 2276 2772 silvis,
2306 2707 2490 2777 aquis,
2540 2708 2972 2779 piscationibus,
3028 2725 3156 2763 cum
3214 2710 3432 2773 usibus,
3495 2726 3813 2781 aquarum-

2101 2811 2212 2866 que
2265 2795 2617 2862 dccursibus,
2693 2797 3058 2863 molendinis,
3106 2797 3486 2868 omnibusque
3543 2798 3812 2868 ejusdem

2102 2883 2276 2937 curtis
2348 2885 2719 2939 utilitatibus:
2773 2901 2839 2938 ea
2893 2885 3156 2940 videlicet
3207 2886 3428 2939 ratione
3494 2891 3556 2939 ut
3583 2888 3656 2940 ab
3698 2887 3812 2941 hac

2099 2973 2239 3027 hora
2291 2972 2349 3026 in
2403 2978 2574 3027 antea
2631 2974 2936 3044 prmdictus
2985 2975 3304 3029 Bernardus
3355 2990 3545 3028 comes
3604 2978 3811 3031 omnia

2098 3061 2422 3130 supradicta
2461 3061 2716 3131 ejusdem
2749 3062 2927 3116 curtis
2983 3063 3208 3132 habeat,
3259 3069 3473 3130 teneat,
3532 3063 3812 3118 ﬁrmiter-

2097 3159 2207 3214 que
2235 3143 2515 3213 possideat
2544 3159 2609 3197 ex
2654 3150 2844 3198 nostra
2900 3145 3228 3211 donatione,
3285 3146 3672 3214 concessione,
3711 3152 3806 3201 at-

2100 3249 2211 3304 que
2235 3233 2699 3286 corroboratione
2742 3233 3113 3305 ;habeatque
3172 3235 3411 3288 liberam
3466 3235 3806 3290 facultatem

2098 3331 2203 3386 per
2231 3314 2402 3386 hujus
2432 3316 2610 3369 nostri
2643 3316 2912 3386 praecepti
2943 3317 3213 3387 paginam
3245 3323 3361 3370 tam
3385 3316 3504 3388 ipse
3565 3318 3810 3372 Bernar-

2099 3403 2204 3457 dus
2224 3419 2410 3456 comes
2441 3404 2638 3457 omnia
2676 3404 2940 3475 superius
2963 3405 3320 3476 deprehensa
3373 3405 3634 3475 ejusdem
3662 3422 3805 3460 cur-

2099 3490 2172 3546 tis
2190 3491 2472 3559 Neironis,
2503 3508 2677 3562 quam
2707 3493 2796 3546 sui
2827 3498 2884 3546 et
2911 3493 3164 3547 haeredes
3203 3499 3260 3548 et
3291 3495 3680 3564 prohaaredes,
3713 3496 3804 3549 vel

2099 3580 2191 3633 cui
2216 3579 2437 3634 dederit
2475 3583 2562 3634 vel
2593 3581 2857 3636 habenda
2887 3582 3170 3648 statuerit,
3203 3583 3463 3650 tenendi,
3496 3583 3799 3654 possiden-

2099 3667 2177 3734 di,
2210 3668 2484 3736 donandi,
2514 3675 2612 3722 aut
2639 3671 3053 3735 commutandi,
3085 3671 3199 3725 sive
3230 3672 3378 3742 quod
3411 3673 3640 3725 animus
3671 3672 3804 3742 ejus

2100 3757 2170 3812 de
2190 3773 2256 3811 ea
2281 3757 2593 3812 decreverit
2631 3758 2954 3813 faciendum
2983 3757 3124 3831 [sic],
3171 3760 3433 3813 omnium
3490 3760 3802 3815 hominum

2101 3845 2267 3916 regni
2351 3845 2698 3917 imperiique
2727 3847 2908 3900 nostri
2957 3847 3409 3902 contradictione
3463 3849 3547 3902 vel
3611 3850 3800 3903 mole-

2103 3933 2341 3988 statione
2368 3940 2606 3988 remota.
2635 3935 3034 4006 Praecipientes
3063 3935 3258 4006 itaque
3271 3936 3643 4006 jubemus,ut
3662 3939 3804 3992 nul-

2102 4024 2189 4076 lus
2218 4039 2337 4084 rex,
2367 4023 2643 4089 marchio,
2681 4023 3003 4094 episcopus,
3047 4041 3254 4089 comes,
3319 4025 3654 4090 vicecomes,
3698 4041 3804 4079 seu

2102 4111 2374 4181 quaelibet
2413 4111 2593 4166 nostri
2638 4112 2867 4182 imperii
2917 4116 2973 4166 et
3029 4113 3195 4184 regni
3257 4130 3466 4184 magna
3505 4130 3802 4186 parvaque

298 4203 467 4280 1P9"?
499 4193 730 4280 ηοευέξὲς
767 4191 824 4241 et
854 4185 1219 4280 ωςάίθῖθῖθω
1244 4187 1551 4280 -Ρῗδὲἀίίξω
1608 4185 1981 4280 ςρὶεεορεξξυί.
2020 4225 2062 4280 D
2101 4215 2366 4270 persona,
2401 4201 2742 4272 prmdictum
2797 4201 3147 4257 Bernardum
3199 4203 3490 4272 comitem,
3558 4185 3801 4274 ejusque

298 4275 455 4340 Quod
486 4281 552 4330 ut
578 4276 768 4330 verius
807 4276 1087 4340 credatur,
1119 4280 1174 4329 et
1229 4274 1561 4345 diligentius
1592 4273 1661 4328 ab
1719 4274 1987 4328 omnibus

297 4365 651 4429 observetur,
684 4381 861 4418 manu
893 4365 1122 4435 propria
1173 4364 1532 4431 roborantes,
1585 4363 1759 4435 sigilli
1811 4362 1991 4418 nostri

297 4453 673 4524 impressione
689 4453 966 4523 jussimus
995 4452 1279 4523 insigniri.

368 4542 601 4608 Signum
637 4583 648 4594 .
687 4581 699 4594 .
760 4544 822 4595 D.
894 4542 1119 4596 Henrici
1197 4541 1530 4597 serenissimi
1558 4543 1608 4594 et
1644 4538 1994 4595 invictissimi

297 4633 430 4698 imp.
465 4630 722 4695 Augusti.

370 4717 492 4771 Dat.
526 4733 619 4771 an.
655 4717 818 4771 Dom.
847 4715 1124 4772 incarnat.
1153 4718 1308 4783 1015,
1335 4732 1435 4772 an.
1465 4716 1529 4770 D.
1577 4715 1807 4771 lIeurici
1831 4715 1979 4786 imp.

298 4809 444 4877 Aug.
477 4806 769 4877 regnantis
798 4822 895 4872 xu,
919 4805 1147 4876 imperii
1179 4807 1302 4874 ejus
1333 4805 1544 4874 primo.

366 4900 568 4950 Actum
593 4896 652 4950 in
706 4895 982 4950 comitatu
1032 4896 1260 4964 Pisano,
1310 4893 1370 4947 in
1415 4893 1549 4947 villa
1604 4909 1729 4964 qua:
1782 4892 1990 4948 dicitur

304 4985 543 5040 Fasiona
573 4984 831 5042 feliciter.
863 4987 1066 5038 Amen.

994 5080 1282 5136 LXXXVII.

293 5172 348 5226 S.
400 5172 664 5227 Henricus
719 5170 998 5225 Bernardo
1048 5171 1231 5223 comiti
1283 5168 1569 5220 Parmensi
1616 5169 1785 5221 curtis
1831 5169 1992 5222 Nero-

718 5247 900 5295 niana
921 5243 1306 5309 possessionem
1346 5241 1561 5292 asserit.

933 5331 1123 5394 (Anno
1167 5326 1349 5395 lOl5.)

656 5416 925 5490 [Ughelli,
958 5417 1127 5471 Italia
1175 5429 1353 5481 sacra,
1386 5415 1454 5477 Il,
1490 5412 1627 5482 161.]

363 5505 426 5559 In
456 5505 692 5561 nomine
737 5513 945 5560 sauctm
967 5509 1024 5558 et
1068 5503 1379 5558 individua;
1409 5501 1722 5570 Trinitatis,
1784 5503 1991 5558 Heum-

2101 4289 2355 4342 haeredes
2392 4305 2457 4342 ac
2496 4289 2860 4360 prohaeredes
2917 4290 2988 4344 de
3037 4290 3377 4360 supradictis
3436 4290 3608 4344 rebus
3658 4292 3807 4361 ejus-

2100 4372 2230 4426 dem
2299 4373 2473 4426 curtis
2541 4373 2866 4439 molestare,
2954 4373 3292 4445 inquietare,
3357 4375 3444 4428 vel
3503 4374 3800 4428 disvestire

2100 4463 2434 4530 praesumat.
2495 4457 2552 4512 Si
2617 4458 2744 4530 quis
2827 4475 2962 4513 vero
3038 4459 3208 4530 hujus
3251 4463 3463 4514 nostrae
3529 4459 3796 4514 donatio-

2099 4543 2210 4608 nis,
2231 4546 2336 4596 etc.

2173 4646 2326 4716 Sign.
2359 4650 2420 4702 D.
2451 4649 2694 4702 Heinrici
2720 4649 3100 4716 gloriosissimi
3154 4653 3317 4717 atque
3347 4651 3614 4703 invictiss.
3657 4652 3794 4719 imp.

2099 4739 2364 4805 Augusti.

2171 4841 2445 4896 Henricus
2477 4841 2775 4912 episcopus
2820 4846 2876 4895 et
2931 4842 3300 4897 cancellarius
3355 4842 3480 4896 vice
3537 4843 3804 4899 Everardi

2098 4928 2353 4999 episcopi
2384 4935 2440 4983 et
2471 4929 2953 4984 archicancellarii
2988 4930 3335 5000 recognovit.

2169 5037 2334 5088 Auno
2391 5035 2556 5088 Dom.
2607 5035 2826 5089 incarn.
2884 5037 3040 5098 1015,
3101 5035 3300 5089 iudict.
3362 5051 3471 5100 xxv,
3535 5051 3691 5088 anno
3740 5036 3802 5089 D.

2100 5123 2324 5177 Henrici
2355 5123 2719 5194 imperatoris
2755 5124 2997 5195 Augusti
3046 5124 3203 5196 regni
3254 5140 3364 5190 xiv,
3401 5123 3634 5194 imperii
3670 5140 3805 5178 vero

2099 5229 2223 5282 ejus
2253 5228 2312 5265 ιι.

2171 5321 2370 5374 Actum
2400 5319 2728 5376 Maresbuch
2760 5319 3014 5374 feliciter.
3049 5323 3258 5375 Amen.
