3944 6316
125 260 215 310 3‘25
1389 258 1777 314 DIPLOMATA
1818 258 2371 316 ECCLESIASTICA.

805 379 1122 433 LXXXVIII.

117 470 166 522 S.
201 470 473 521 Henricus
538 467 767 521 ecclesiae
831 468 1261 591 Pzderbornensi
1302 474 1509 523 curtem
1556 469 1823 523 Honstede

914 544 1069 591 onat.

914 544 1069 592 onat.

784 630 950 680 Anno
982 628 1141 680 1015.

360 715 512 785 [ϐοά.
548 715 773 784 diplom.
808 718 953 769 Hist.
998 716 1269 781 Westph.,
1302 731 1435 786 pag.
1469 715 1592 786 64.]

184 805 241 857 Ο.
301 805 372 856 In
431 804 667 856 nomine
746 810 954 856 sanctae
1014 809 1070 857 et
1152 805 1459 857 individua;
1506 804 1820 869 Trinitatis,

120 895 429 952 Ilexmcus,
484 892 675 945 divina
746 891 970 944 favente
1050 892 1375 955 clementia,
1434 893 1823 947 Romanorum

120 984 438 1050 imperator
468 983 777 1050 Angustus.

185 1069 431 1120 Necesse
456 1071 540 1119 est
564 1072 623 1119 ut
651 1082 779 1119 cum
812 1083 900 1120 res
932 1066 1082 1120 bona
1112 1066 1320 1135 agitur,
1352 1066 1513 1135 prius
1536 1067 1725 1136 ejus...
1762 1066 1821 1120 in

120 1155 285 1208 corde
307 1156 595 1207 vincatur.
617 1156 713 1217 Ne,
747 1156 792 1207 si
821 1172 849 1207 a
878 1155 1063 1208 radice
1088 1157 1309 1207 miserm
1336 1154 1667 1208 intentionis
1694 1171 1822 1225 pro-

123 1245 267 1309 deat,
299 1259 532 1296 amaros
562 1243 839 1313 nequiciaa
870 1243 1086 1296 fructus
1137 1243 1433 1312 producat.
1484 1242 1557 1295 Ea
1591 1250 1824 1313 propter

122 1349 230 1385 non
254 1332 418 1384 surdi
443 1331 732 1398 auditores
762 1332 1104 1400 evangelicae
1135 1332 1385 1393 Marthae,
1442 1331 1604 1399 cujus
1664 1348 1821 1384 more

120 1420 487 1474 Meinwercus
511 1419 810 1488 episcopus
824 1420 983 1471 nobis
1015 1419 1296 1489 frequenti
1323 1419 1637 1471 ministerio
1668 1425 1821 1472 sata-

118 1509 196 1578 git
221 1507 535 1573 deservire,
556 1508 627 1559 ob
649 1508 1029 1560 interventum
1058 1507 1425 1571 Cunegundae
1448 1507 1823 1576 imperatricis

116 1602 396 1665 angustia
431 1596 763 1648 contectalis
791 1595 1050 1648 videlicet
1100 1601 1330 1659 nostrai,
1357 1610 1461 1648 nec
1514 1612 1633 1648 non
1664 1598 1823 1649 Ever-

117 1685 278 1738 hardi
303 1693 517 1738 sanctae
552 1684 1039 1751 Babenbergensis
1070 1683 1510 1755 sedisepiscopi,
1537 1686 1634 1737 sed
1668 1685 1816 1753 Egil-

117 1772 263 1825 berti
322 1772 702 1842 Frisingensis
761 1771 1011 1825 ecclesia).
1063 1773 1368 1841 pontificis,
1446 1779 1818 1825 sacrosanctae

119 1858 646 1911 Patherbrunnensi
687 1858 937 1911 ecclesias
976 1860 1032 1911 in
1070 1859 1285 1911 honore
1314 1859 1369 1913 S.
1399 1860 1585 1913 Maria!
1619 1860 1818 1913 mundi

120 1946 369 1999 dominae
422 1947 716 2015 sanctique
782 1946 1009 2015 Kyliani
1056 1947 1318 2017 martyris
1367 1954 1537 2017 atque
1595 1947 1819 2016 Lyborii

118 2033 458 2087 confessoris
529 2033 759 2087 Domini
843 2041 1205 2101 consecratae,
1265 2042 1484 2088 curtem
1534 2036 1819 2089 Iionstede

119 2122 328 2176 dictam
391 2139 521 2175 cum
571 2122 837 2175 omnibus
893 2123 1273 2192 pertinentiis,
1335 2124 1502 2177 terris
1560 2124 1822 2177 videlicet

120 2212 284 2263 cultis
318 2216 377 2263 et
406 2210 659 2275 incultis,
693 2211 991 2280 mancipiis
1025 2212 1325 2282 utriusque
1367 2228 1555 2279 sexus,
1607 2214 1821 2264 molen-

121 2297 290 2363 dinis,
358 2298 790 2368 piscationibus,
844 2300 1007 2369 aquis
1058 2316 1408 2369 aquarumve
1466 2299 1817 2367 decursibus,

120 2387 329 2454 quibus
361 2386 578 2437 scilicet
609 2385 1067 2456 archiepiscopus
1125 2387 1334 2441 Onwan
1386 2403 1509 2440 eam
1569 2388 1821 2457 possedit

120 2474 403 2543 nobisque
438 2473 701 2542 legaliter
730 2474 986 2540 tradidit,
1024 2474 1082 2528 in
1108 2492 1255 2546 pago
1290 2476 1525 2545 Rittiga,
1551 2476 1608 2529 in
1641 2476 1819 2529 conii-

121 2567 238 2613 tatu
286 2561 600 2615 Iternhardi
630 2562 874 2628 comitis,
910 2571 1188 2632 perpetuo
1238 2564 1367 2633 jure
1415 2564 1819 2632 possidendam

120 2649 481 2703 tradidimus.
515 2649 581 2703 Et
613 2655 673 2703 ut
727 2652 849 2703 haec
895 2657 1100 2704 nostrae
1144 2651 1458 2720 imperialis
1496 2652 1819 2705 traditionis

121 2740 429 2791 auctoritas
487 2739 654 2791 ﬁrma
724 2742 782 2791 et
846 2739 1181 2793 inconvulsa
1236 2746 1588 2809 permaneat,
1646 2740 1819 2811 sigilli

121 2826 293 2879 nostri
356 2826 738 2895 impressione
803 2827 951 2881 hanc
1024 2828 1295 2898 paginam
1354 2845 1526 2882 manu
1582 2830 1818 2900 propria

119 2915 544 2968 corroboraudo
570 2921 765 2984 supter
795 2915 999 2969 bullari
1020 2918 1317 2986 jussimus.

187 3003 414 3069 Signum
479 3003 687 3057 domini
744 3005 988 3058 Heinrici
1045 3005 1123 3074 (L.
1180 3006 1269 3074 Μ.)
1330 3007 1677 3075 imperatoris
1727 3008 1814 3059 in-

117 3089 425 3145 victissimi.

184 3180 494 3234 Gunterius
515 3180 885 3235 cancellarius
909 3180 1027 3235 vice
1062 3181 1434 3236 Erchanbaldi
1474 3182 1816 3254 archicapel-

120 3268 227 3322 lani
261 3269 474 3322 notavi.

189 3358 325 3411 Data
360 3372 494 3411 xvm
549 3355 674 3411 Kal.
741 3358 925 3425 Febr.,
988 3373 1138 3411 anno
1191 3358 1503 3414 Dominicm
1551 3360 1813 3414 incarna-

117 3445 285 3498 tionis
314 3447 458 3500 mill.
494 3462 584 3513 xv,
626 3446 938 3499 indictione
992 3462 1112 3511 xm,
1182 3463 1333 3500 anno
1372 3453 1562 3502 antem
1614 3448 1814 3502 domui

121 3533 368 3588 Heinrici
399 3535 633 3588 secundi
667 3535 955 3606 regnantis
983 3551 1103 3600 xm,
1136 3534 1366 3605 imperii
1422 3553 1553 3591 vero
1600 3537 1807 3608 primo.

182 3627 386 3676 Actum
417 3623 778 3677 Mulinbusen
810 3624 1071 3678 feliciter.
1109 3627 1311 3678 Amen.

838 3730 1099 3784 LXXXIX.

184 3818 575 3872 Concambium
612 3819 854 3872 Heinrici
906 3819 972 3871 Il
1026 3820 1374 3887 imperatoris
1421 3834 1537 3873 cum
1570 3820 1814 3875 Robbone

857 3890 1071 3944 abbate.

634 3977 819 4047 (Anno
848 3980 1001 4043 1015,
1046 3980 1100 4030 tl
1139 3976 1288 4047 Mai.)

368 4063 635 4137 [Dronke,
668 4066 796 4121 God.
841 4065 1069 4134 diplom.
1108 4065 1288 4133 Fuch,
1322 4081 1377 4136 p.
1414 4066 1557 4139 346.]

185 4171 248 4225 In
278 4172 513 4224 nomine
559 4176 768 4225 sanctae
799 4175 855 4225 et
907 4170 1219 4225 individua:
1266 4170 1578 4240 Trinitatis,
1638 4174 1805 4227 Hem-
1838 4211 1880 4264 Β

114 4274 286 4319 ancus.
320 4259 513 4312 divina
550 4259 773 4314 favente
836 4260 1164 4327 clementia,
1198 4261 1591 4315 Romanorum
1624 4260 1811 4332 impe-

112 4356 265 4401 rator
290 4352 607 4418 Augustus.

180 4434 452 4489 Omnium
488 4434 742 4488 ﬁdelium
769 4441 1118 4500 nostrorum,
1174 4437 1548 4508 praesentium
1595 4436 1811 4492 scilicet

111 4539 173 4577 ac
255 4524 605 4592 futurorum,
681 4525 1042 4579 universitati
1095 4531 1288 4596 pateat
1345 4527 1591 4597 qualiter
1644 4526 1807 4580 nobis

112 4611 400 4683 quoddam
434 4614 829 4667 concambium
862 4631 992 4669 cum
1054 4614 1322 4669 Bobbone
1392 4616 1645 4670 Vultensi
1698 4617 1804 4669 ab-

112 4701 259 4767 bate,
291 4717 570 4755 consensu
598 4718 661 4755 ac
707 4702 1127 4757 collaudatione
1186 4703 1498 4758 Bernhardi
1547 4704 1806 4758 advocati

112 4790 218 4856 sui,
283 4806 390 4843 nec
444 4805 560 4843 non
611 4790 1045 4856 monachorum,
1105 4792 1353 4846 militum
1401 4809 1805 4862 servorumque

112 4893 345 4931 suorum
378 4877 559 4932 facere
580 4879 795 4949 placuit
821 4895 835 4932 :
865 4879 1203 4949 accipientes
1223 4879 1294 4933 ab
1325 4896 1391 4932 eo
1416 4880 1472 4933 in
1506 4880 1803 4950 proprium

112 4965 251 5019 duas
296 4973 499 5033 cortes,
569 4966 950 5021 Ratolfesdorf
1017 4973 1075 5022 et
1142 4967 1602 5038 Ezelenkyricha,
1675 4984 1803 5022 cum

110 5055 323 5108 cunctis
378 5070 576 5109 earum
624 5055 1005 5127 pertinentiis,
1068 5056 1233 5125 villis,
1296 5057 1592 5128 utriusque
1640 5073 1806 5111 sexus

110 5142 429 5212 mancipiis.
461 5144 633 5215 agris,
667 5145 904 5214 campis,
935 5145 1135 5215 pratis,
1165 5144 1411 5215 pascuis,
1481 5145 1653 5211 silvis,
1710 5162 1803 5199 ve-

111 5232 461 5299 nationibus,
491 5234 656 5304 aquis
696 5249 1096 5305 aquarumque
1142 5234 1494 5300 decursibus,
1532 5233 1805 5287 molendi-

110 5319 194 5373 nis
226 5320 661 5391 piscationibus,
692 5322 797 5375 viis
825 5323 913 5375 vel
945 5322 1135 5388 inviis,
1185 5322 1429 5376 exitibus
1495 5328 1551 5375 et
1603 5321 1802 5376 rediti-

111 5407 231 5476 bus,
265 5408 436 5463 cultis
464 5415 519 5463 et
547 5409 796 5477 incultis,
826 5410 1083 5481 quaesitis
1135 5427 1229 5466 seu
1268 5410 1648 5481 inquirendis,
1686 5410 1802 5463 sive

112 5512 237 5551 cum
269 5496 538 5552 omnibus
565 5512 695 5569 quae
721 5498 981 5570 quolibet
1012 5500 1182 5554 modo
1220 5499 1329 5554 dici
1377 5503 1476 5553 aut
1513 5498 1801 5553 nominari

3518 269 3619 321 326

1852 384 1897 435 Α
1932 389 2176 452 possunt
2215 384 2566 438 ulilitatibus.
2602 387 2842 440 Econtra
2872 388 3142 457 praedicto
3161 390 3355 445 abbati
3393 408 3633 463 suaeque

1933 471 2173 545 abbatite
2207 473 2263 525 in
2288 474 2566 527 honorem
2607 474 2785 527 sancti
2818 475 3083 528 Bonifatii
3119 483 3460 533 constructae
3493 481 3635 535 duas

1930 567 2141 612 nostrae
2200 560 2567 629 proprietatis
2599 568 2805 627 cortes,
2839 579 3083 632 quarum
3121 582 3233 618 una
3281 566 3521 621 Waraha
3553 569 3633 621 al-

1928 652 2051 700 tera
2082 664 2215 701 vero
2243 648 2552 718 Bereskyez
2581 658 2971 720 nuncupatur,
3004 669 3134 707 cum
3187 656 3404 707 cunctis
3435 671 3633 710 earnm

1930 737 2311 807 pertinentiis,
2372 738 2580 791 additis
2613 740 2781 793 simul
2838 757 2891 793 ιν
2949 742 3424 796 ministerialibus
3466 746 3630 811 meis,

1933 826 2144 878 Alwino
2176 831 2231 877 et
2274 825 2511 879 Rodolfo
2560 827 2851 895 dapiferis.
2908 828 3167 882 Folcoldo
3199 835 3253 883 et
3308 832 3633 903 Erkengero

1933 912 2289 965 marescalcis
2324 913 2484 980 meis,
2520 914 2855 985 ceterisque
2888 917 3186 987 utriusque
3220 935 3384 972 sexus
3419 922 3635 973 manci-

1930 1001 2249 1071 piis,agris,
2280 1003 2516 1071 campis,
2553 1004 2749 1072 pratis,
2800 1005 3043 1073 pascuis,
3089 1007 3265 1075 silvis,
3296 1009 3621 1063 venationi-

1930 1090 2057 1149 bus,
2127 1090 2289 1160 aquis
2374 1107 2769 1161 aquarumque
2849 1093 3201 1159 decursibus,
3261 1097 3629 1162 molendinis,

1929 1177 2362 1246 piscationibus,
2424 1178 2529 1231 viis
2586 1184 2640 1232 et
2702 1179 2890 1247 inviis,
2947 1181 3190 1234 exitibus
3247 1188 3301 1235 et
3329 1186 3628 1253 reditibus,

1931 1266 2094 1319 cultis
2152 1266 2235 1318 vel
2304 1266 2554 1333 incultis,
2612 1267 2865 1337 quzesitis
2914 1285 3013 1321 seu
3074 1269 3456 1338 inquirendis,
3511 1274 3629 1327 sive

1931 1371 2057 1407 cum
2092 1355 2359 1408 omnibus
2390 1372 2516 1426 quae
2545 1357 2799 1426 quolibet
2844 1358 3010 1411 modo
3063 1358 3173 1411 dici
3212 1366 3312 1413 aut
3342 1362 3631 1415 nominari

1931 1450 2171 1513 possunt
2201 1444 2562 1509 utilitatibus,
2606 1461 2707 1514 per
2762 1446 2906 1498 hanc
2964 1451 3219 1500 nostram
3266 1449 3623 1516 imperialem

1930 1524 2198 1601 paginam
2231 1532 2288 1584 in
2323 1532 2619 1602 proprium
2645 1533 3010 1586 concedimus
3032 1540 3202 1603 atque
3228 1536 3523 1606 largimur,
3577 1542 3634 1592 et

1932 1618 2000 1671 de
2033 1624 2226 1672 nostro
2270 1620 2400 1689 jure
2430 1636 2494 1672 ac
2523 1620 2780 1674 dominio
2812 1620 2869 1673 in
2913 1622 3036 1690 ejus
3087 1621 3182 1691 jus
3212 1630 3269 1676 et
3309 1625 3629 1679 dominium

1930 1708 2168 1761 omnino
2190 1708 2645 1761 transfundimus
2678 1725 2690 1762 :
2720 1725 2787 1762 ea
2825 1709 3088 1764 videlicet
3137 1711 3353 1765 ratione
3385 1718 3448 1765 ut
3478 1730 3630 1783 pra:-

1930 1796 2113 1849 dictus
2145 1797 2320 1849 abbas
2353 1797 2569 1849 Bobbas
2613 1796 2814 1867 suique
2872 1814 3221 1852 successores
3247 1790 3317 1854 ad
3375 1800 3628 1871 prmscri-

1929 1890 2041 1953 pta:
2073 1884 2325 1938 ecclesiae
2354 1886 2656 1938 utilitatem
2689 1886 2758 1938 de
2784 1886 2903 1954 jam
2934 1886 3362 1941 dictiscortibus
3398 1904 3623 1942 earum-

1929 1988 2041 2041 que
2075 1973 2433 2041 pertinentiis
2490 1974 2697 2026 dehinc
2738 1974 2972 2027 liberam
3010 1976 3257 2029 habeant
3287 1982 3628 2045 potestatem

1930 2060 2202 2130 quicquid
2252 2062 2330 2113 eis
2376 2061 2655 2130 placuerit
2708 2061 2971 2127 faciendi,
3028 2064 3288 2116 omnium
3322 2064 3626 2119 hominum

1929 2149 2372 2202 contradictione
2406 2155 2638 2203 remota.
2675 2151 2758 2213 Et,
2791 2156 2856 2203 ut
2886 2150 3006 2203 haec
3066 2152 3248 2204 nostri
3307 2152 3628 2207 concambii

1928 2236 2046 2290 sive
2117 2237 2443 2291 donationis
2530 2239 2835 2291 auctoritas
2892 2239 3108 2291 stabilis
3168 2244 3223 2292 et
3282 2239 3615 2295 inconvulsa

1929 2326 2087 2378 omni
2117 2336 2455 2395 permaneat
2502 2332 2783 2397 tempore,
2808 2328 2913 2380 hoc
2938 2327 3236 2397 imperiale
3268 2335 3619 2401 pi'aechlum

1928 2412 2064 2467 inde
2095 2415 2482 2483 conscriptum
2542 2432 2714 2468 manu
2761 2416 2995 2484 propria
3043 2418 3475 2471 corroborantes
3543 2418 3625 2472 si-

1929 2502 2051 2571 gilli
2083 2503 2261 2555 nostri
2295 2503 2671 2571 impressione
2702 2503 2963 2572 insigniri
2985 2504 3281 2571 jussimus.

1998 2590 2225 2657 Signum
2254 2591 2437 2643 domni
2466 2592 2709 2644 Heinrici
2761 2594 3093 2645 serenissimi
3142 2594 3231 2662 (Μ)
3276 2598 3325 2646 et
3375 2595 3624 2648 invictis-

1928 2680 2055 2731 simi
2091 2680 2437 2747 imperatoris
2477 2680 2717 2746 Augusti
2742 2679 2840 2747 (S).

2000 2767 2342 2821 Guntherius
2371 2767 2742 2821 cancellarius
2767 2767 2887 2820 vice
2934 2767 3310 2822 Erchanbaldi
3364 2767 3621 2824 archica-

1928 2855 2137 2925 pellani
2164 2855 2482 2924 recognovi.

1847 2931 1888 2985 Ο
2000 2944 2139 2995 Data
2165 2958 2197 2994 v
2248 2942 2376 2995 Idus
2425 2942 2615 3007 Maias,
2647 2958 2796 2996 anno
2840 2942 3149 2996 Dominicaa
3208 2943 3620 2999 incarnationis

1925 3031 2231 3084 millesimo
2261 3047 2351 3098 xv,
2383 3031 2695 3085 indictione
2721 3047 2817 3095 xu,
2853 3048 3003 3085 anno
3033 3048 3167 3086 vero
3201 3032 3395 3087 domui
3446 3035 3616 3088 Hein-

1922 3118 2025 3172 rici
2064 3119 2296 3172 secundi
2326 3135 2438 3185 xm,
2473 3118 2701 3189 imperii
2732 3125 2920 3173 autem
2957 3136 3016 3173 ιι.

1992 3212 2195 3261 Actum
2218 3208 2514 3278 Chofunga
2544 3207 2811 3262 feliciter.
2848 3212 3049 3263 Amen.

2724 3314 2827 3368 XC.

1922 3402 2230 3469 Imperator
2291 3402 2550 3455 Henricus
2624 3401 2790 3455 donat
2864 3401 3114 3455 Ecclesiae
3166 3402 3452 3469 Bamberg,
3511 3402 3619 3456 duo

1991 3476 2106 3525 loca
2135 3471 2577 3538 Schwarzenfeld
2631 3478 2681 3525 et
2733 3472 3075 3537 Weitendor/
3126 3475 3184 3525 in
3246 3488 3387 3541 pago
3431 3473 3611 3529 Nord-

1989 3558 2108 3609 gov.

2382 3632 2563 3695 (Anno
2618 3631 2774 3697 1015,
2834 3634 2893 3685 l7
2943 3631 3152 3701 April.)

2173 3718 2351 3792 [Ried,
2384 3719 2512 3776 Cod.
2541 3722 2775 3789 episcop.
2809 3722 3113 3787 Ratisbon.,
3146 3720 3190 3787 Ι,
3221 3719 3363 3791 132.]

1992 3818 2050 3872 C.
2110 3819 2174 3871 In
2233 3817 2466 3871 nomine
2523 3824 2731 3872 sancta:
2790 3822 2846 3872 et
2914 3818 3226 3872 individuaa
3301 3817 3615 3885 Trinitatis,

1921 3907 2244 3973 Hemmcus,
2307 3906 2499 3960 divina
2558 3906 2784 3961 favente
2845 3906 3166 3975 clementia,
3223 3907 3617 3961 Romanorum

1917 3994 2230 4065 imperator
2253 3998 2560 4065 Augustus.

1988 4084 2046 4139 Si
2078 4083 2425 4137 venerabilia
2458 4083 2831 4137 Ecclesiarum
2882 4083 2982 4137 Dei
3028 4083 3151 4136 loca
3208 4082 3451 4153 alicujus
3481 4083 3617 4137 doni

1919 4172 2218 4225 commodo
2250 4170 2431 4224 ditare
2466 4170 2581 4225 sive
2615 4171 2913 4225 meliorare
2976 4170 3385 4237 studuerimus,
3449 4170 3618 4224 nobis

1920 4259 1977 4313 id
2013 4260 2289 4330 regnique
2322 4259 2503 4312 nostri
2536 4259 2704 4312 statui
2747 4258 3026 4328 proficere
3083 4257 3323 4311 minime
3381 4257 3614 4311 dubita-

1918 4364 2066 4402 mus.
2127 4349 2484 4418 Quapropter
2531 4349 2794 4401 omnium
2844 4346 2946 4416 Xpi
2973 4350 3417 4416 nostrorumque
3467 4346 3612 4399 fide-

1917 4437 2059 4491 lium
2092 4438 2311 4489 noverit
2331 4435 2719 4490 universitatis
2748 4434 2994 4505 qualiter
3034 4448 3157 4496 nos,
3218 4449 3326 4503 pro
3359 4434 3615 4488 remedio

1918 4525 2124 4579 anima:
2152 4530 2361 4577 nostra:
2407 4530 2826 4595 pauentumque
2884 4527 3235 4588 nostrorum,
3293 4523 3617 4578 Babenber-

1915 4614 2077 4683 gensi
2136 4613 2419 4678 Ecclesiae,
2498 4628 2668 4683 quam
2726 4612 2785 4665 in
2842 4611 3203 4681 episcopatus
3249 4612 3443 4665 sedem
3510 4608 3615 4663 sub

1914 4703 2132 4757 honore
2169 4703 2351 4756 beatae
2402 4701 2499 4755 Dei
2531 4701 2821 4768 genitricis
2870 4701 3058 4755 Mariae
3116 4700 3411 4771 sanctique
3463 4699 3615 4753 Petri

1915 4792 2307 4861 apostolorum
2362 4789 2641 4859 principis
2699 4805 2764 4843 ex
2815 4795 3009 4843 nostra
3062 4788 3403 4842 haereditate
3436 4786 3611 4842 subli-

1915 4879 2125 4934 mando
2156 4878 2882 4950 proveximus,interventu
2904 4882 2959 4930 et
2988 4876 3271 4946 peticione
3302 4876 3607 4930 Eberhardi

1914 4969 2171 5038 ejusdem
2199 4966 2457 5021 Ecclesia:
2478 4965 2783 5020 venerandi
2800 4966 3081 5035 praasulis,
3103 4965 3365 5035 quaedam
3400 4969 3611 5017 nostrae,

1912 5056 2279 5128 proprietatis
2307 5056 2453 5118 loca,
2487 5054 2721 5109 nomine
2738 5054 3101 5109 SwarziuVelt
3121 5060 3176 5107 et
3194 5052 3536 5107 Weilindorf
3554 5053 3611 5106 in

1912 5162 2063 5217 pago
2097 5145 2432 5216 Nordgowa,
2465 5148 2521 5197 et
2549 5144 2607 5196 in
2637 5142 2910 5197 comitatu
2948 5141 3197 5198 lleinrici
3226 5142 3450 5195 comitis
3480 5157 3608 5194 cum

1912 5235 2178 5288 omnibus
2206 5231 2569 5305 pertinentiis
2601 5247 2822 5298 eorum,
2863 5230 3031 5284 terris
3059 5229 3223 5284 cultis
3274 5236 3329 5283 et
3358 5229 3609 5291 incultis,

1912 5322 2215 5393 mancipiis
2271 5326 2571 5393 utriusque
2652 5336 2839 5386 sexus,
2901 5318 3175 5385 aedificiis,
3227 5318 3393 5386 areis,
3428 5317 3605 5386 silvis,

1912 5409 2327 5470 venationibus.
2372 5410 2535 5481 aquis
2567 5423 2918 5479 aquarumve
2983 5406 3336 5472 decursibus,
3385 5407 3607 5461 molen-

1911 5498 2084 5568 dinis,
2144 5499 2573 5570 piscationibus,
2645 5498 2889 5569 pascuis,
2962 5496 3160 5567 pratis,
3226 5495 3470 5551 exitibus
3554 5502 3610 5551 et
