3944 6302
316 282 418 337 327

1615 276 1671 334 S.
1721 277 2002 335 HENRICI
2042 276 2509 335 IMPERATORIS

3713 278 3824 334 328

311 403 610 469 reditibus,
643 401 898 474 quaesitis
927 407 984 456 et
1015 400 1394 474 inquirendis,
1427 403 1760 474 casterisque
1809 402 1999 457 omni-
2031 407 2079 458 Α
2115 401 2352 471 cientes,
2385 407 2440 455 et
2470 401 2588 454 ullo
2623 397 2738 473 [sic]
2775 399 2942 454 modo
2959 415 3170 471 negare
3190 400 3445 454 volentes
3477 400 3660 472 ipsius
3679 417 3825 471 pre-

315 496 444 560 bus,
477 510 606 564 quae
635 493 893 562 quolibet
910 492 1078 546 modo
1112 492 1396 545 nominari
1445 498 1704 562 possunt,
1738 490 2005 544 utilitati-

314 583 423 646 bus
467 581 828 635 Swarzinvelt
900 580 1317 650 pertinentibus
1365 595 1466 648 per
1518 579 1664 632 hanc
1753 587 2007 632 nostram

316 669 680 739 imperialem
719 667 990 738 paginam
1049 669 1412 721 concedimus
1488 674 1660 737 atque
1710 668 2007 737 largimur,

318 763 377 811 et
413 758 482 811 de
513 757 849 824 nostrojure
881 772 943 808 ac
971 755 1226 808 dominio
1264 756 1319 806 in
1353 756 1581 825 ejusjus
1623 762 1793 826 atque
1823 756 2008 809 domi-

315 847 481 901 nium
526 844 1022 898 transfundimus:
1066 861 1134 896 ea
1197 845 1456 898 videlicet
1498 846 1730 898 racione
1763 850 1824 897 ut
1855 845 2008 898 idem

308 933 430 1002 jam
459 933 637 986 dictus
669 932 1027 986 Eberhardus
1061 932 1362 1002 episcopus
1407 932 1612 1003 suique
1657 949 2010 986 successores

313 1021 555 1074 liberam
611 1021 817 1074 dehinc
875 1019 1125 1074 habeant
1164 1026 1528 1089 potestatem,
1582 1021 1651 1074 ad
1696 1037 1865 1075 usum
1924 1037 2010 1074 ec-

316 1108 501 1162 clesias
579 1107 913 1175 Babinperc,
957 1107 1232 1176 quicquid
1317 1108 1399 1160 eis
1459 1108 1693 1162 libuerit
1742 1108 2006 1174 faciendi,

319 1195 580 1249 omnium
628 1196 930 1249 hominum
975 1197 1140 1265 regni
1188 1196 1367 1248 nostri
1420 1196 1866 1250 contradictione
1919 1213 2008 1249 re.-

315 1290 489 1337 mota.
521 1285 606 1349 Et,
639 1289 700 1337 ut
753 1284 874 1336 haec
924 1287 1131 1337 nostrae
1183 1284 1508 1338 traditionis
1539 1285 1842 1338 auctoritas
1907 1300 2012 1354 per

313 1373 538 1428 futuras
555 1371 935 1425 successiones
967 1377 1294 1439 temporum
1341 1371 1560 1424 stabilis
1600 1375 1656 1424 et
1681 1371 2012 1424 inconvulsa

314 1463 672 1532 permaneat,
751 1459 898 1511 hanc
946 1457 1127 1511 nostri
1177 1458 1451 1528 praecepti
1505 1457 1774 1528 paginam
1837 1475 2011 1514 manu

317 1549 548 1619 propria
605 1547 1058 1610 corroborantes,
1142 1546 1315 1615 sigilli
1396 1546 1575 1599 nostri
1629 1546 2009 1616 impressione

310 1637 587 1707 jussimus
616 1633 900 1704 insigniri.

390 1726 618 1791 Signum
641 1723 827 1775 domni
867 1723 1112 1775 Heinrici
1165 1724 1497 1776 serenissimi
1545 1727 1708 1791 atque
1756 1726 2007 1778 invictis-

318 1815 444 1867 simi
476 1815 835 1868 Romanorum
862 1813 1209 1878 imperatoris
1249 1812 1505 1876 Augusti.
1543 1813 2010 1881 (Mouogramma.)

389 1899 735 1956 Guntherius
765 1898 998 1952 cancell.
1056 1899 1124 1952 ad
1166 1899 1344 1951 vicem
1391 1898 1770 1953 Erchanbaldi
1827 1901 2012 1955 archi-

317 1987 594 2058 capellani
625 1986 950 2056 recognovi.
1987 1975 1991 1978 ’

388 2077 526 2129 Data
565 2090 634 2127 xv
661 2075 778 2128 Kal.
843 2073 992 2140 Maii,
1039 2089 1189 2126 anno
1233 2073 1543 2128 Dominicas
1601 2074 2012 2130 incarnationis

322 2165 478 2228 1015,
509 2161 819 2216 indictione
847 2177 956 2226 xw,
999 2178 1148 2214 anno
1204 2179 1336 2215 vero
1392 2162 1591 2216 domni
1649 2163 1894 2218 Heinrici
1926 2183 2013 2219 se-

319 2251 489 2306 cundi
510 2250 800 2320 regnantis
829 2265 938 2315 xw,
971 2249 1199 2319 imperii
1231 2256 1419 2304 autem
1458 2250 1639 2322 ipsius
1670 2268 1726 2304 ιι.

390 2345 594 2394 Actum
620 2338 944 2408 Merseburg
969 2338 1231 2392 feliciter.

393 2429 534 2482 Cum
561 2428 738 2496 sigillo
767 2427 982 2494 majest.

1098 2533 1228 2586 XCI.

316 2640 374 2695 S.
439 2642 697 2693 Henricus
744 2638 998 2692 Alberico
1081 2641 1325 2706 episcopo
1375 2639 1617 2693 Comensi
1663 2643 1866 2692 curtem
1921 2655 2015 2694 seu

387 2713 577 2764 villam
655 2709 1051 2766 Barzanorum.
1106 2711 1233 2761 olim
1291 2710 1611 2776 Berengurii
1688 2716 1738 2762 et
1790 2711 2008 2777 Ugonis,

390 2780 659 2846 Sigz/redi
731 2783 940 2833 comitis
989 2780 1249 2848 ﬁliorum,
1306 2784 1356 2832 et
1413 2781 1678 2834 Caesareae
1734 2783 2015 2848 majestati

385 2852 664 2904 rebellium
693 2851 948 2916 largitur.

969 2938 1156 3006 (Anno
1192 2937 1372 3001 1015.)

711 3024 982 3094 [Ughelli,
1009 3025 1184 3077 Italia
1212 3039 1372 3076 sacra
1395 3025 1454 3088 V,
1473 3021 1619 3093 282.]

385 3134 449 3186 In
479 3131 710 3186 nomine
741 3129 970 3184 Domini
1023 3129 1142 3195 Dei,
1175 3135 1232 3183 et
1287 3129 1592 3182 Salvatoris
1653 3128 1837 3182 nostri
1882 3131 2014 3183 Jesu

315 3220 544 3286 Christi,
602 3219 875 3270 ﬂammeus
928 3231 1180 3285 superna
1249 3215 1554 3269 clementia
1618 3216 2014 3271 Romanorum

318 3309 636 3378 imperator
663 3311 974 3374 Augustus.

387 3397 445 3450 Si
467 3393 839 3466 petitionibus
869 3397 1192 3446 nostrorum
1223 3391 1483 3446 ﬁdelium
1514 3391 1794 3464 nobisque
1827 3393 2014 3447 debite

317 3483 716 3538 famulantium
763 3496 927 3534 aures
980 3487 1193 3534 nostra;
1233 3480 1465 3550 pietatis
1525 3481 2011 3549 inclinaverimus,

315 3569 702 3640 promptiores
721 3583 817 3620 eos
831 3567 950 3620 fore
973 3566 1031 3619 in
1055 3573 1245 3620 nostro
1269 3566 1498 3620 servitio
1522 3583 1638 3620 non
1661 3567 2009 3622 dubitamus.

319 3657 756 3712 Universitatem
804 3655 980 3723 igitur
1016 3654 1277 3708 omnium
1326 3655 1490 3708 nobis
1546 3657 2010 3726 obsequentium,

316 3744 688 3817 praesentium
717 3742 928 3796 scilicet
957 3749 1014 3796 et
1057 3741 1406 3809 futurorum,
1439 3759 1803 3813 nequaquam
1839 3745 2014 3798 latere

317 3835 583 3889 volumus
611 3832 764 3903 quod
784 3831 1079 3885 Albericus
1109 3831 1164 3885 S.
1190 3831 1461 3885 Cumanas
1486 3832 1744 3885 Ecclesiae
1778 3849 2012 3886 venera-

315 3922 449 3976 bilis
481 3926 535 3976 et
567 3928 757 3974 noster
778 3920 1020 3974 dilectus
1041 3919 1344 3989 episcopus
1363 3926 1572 3974 nostrae
1601 3920 1828 3990 pietatis
1855 3921 2017 3975 celsi-

315 4009 577 4064 tudinem
637 4008 779 4061 adiit
806 4007 1140 4077 suppliciter
1157 4009 1469 4078 postulans,
1485 4015 1541 4062 et
1565 4009 1661 4079 pio
1679 4010 2015 4080 sempiterni

317 4096 677 4151 retributoris
709 4111 920 4157 amore,
946 4101 1002 4149 et
1031 4097 1212 4150 salute
1243 4097 1451 4151 anima:
1511 4105 1744 4165 nostras,
1775 4099 2013 4170 ejusque

317 4189 519 4241 collato
579 4190 636 4240 et
683 4185 1029 4240 conferendo
1076 4186 1332 4254 servitio,
1390 4192 1701 4258 nostroque
1769 4187 2012 4258 imperio

317 4275 700 4339 sublimando,
734 4273 924 4327 eidem
973 4273 1029 4327 S.
1091 4273 1316 4327 matrici
1349 4275 1600 4328 ecclesias
1631 4276 1701 4328 ad
1734 4275 2012 4328 honorem

319 4363 421 4416 Dei
487 4362 783 4418 Genitricis
843 4367 901 4415 et
950 4361 1199 4431 Virginis
1256 4362 1439 4417 Marias
1477 4363 1674 4417 dicatas
1726 4364 2014 4433 quandam

317 4457 562 4516 curtem,
594 4466 723 4504 cum
743 4450 1011 4503 omnibus
1067 4451 1181 4502 suis
1214 4451 1597 4520 pertinentiis,
1639 4468 1768 4521 quae
1807 4451 2017 4505 dicitur

319 4541 450 4592 villa
485 4540 930 4602 Branzanorum,
964 4555 1092 4608 quas
1121 4539 1229 4592 fuit
1259 4539 1564 4593 haereditas
1594 4545 1650 4593 et
1697 4541 2014 4610 proprietas

319 4627 570 4682 ﬁliorum
600 4626 824 4680 comitis
869 4625 1158 4696 Sigifredi,
1217 4627 1546 4696 Berengarii
1593 4628 1825 4696 Ugonis,
1875 4644 2014 4681 con-

316 4716 515 4770 cedere
538 4720 594 4769 et
632 4717 847 4770 donare
876 4715 1284 4786 dignaremur;
1317 4732 1587 4786 quorum,
1638 4715 1912 4786 quoniam
1954 4717 2014 4770 in

317 4819 422 4858 nos
473 4803 644 4857 nimis
710 4803 1064 4858 otfendentes
1143 4808 1339 4858 contra
1397 4811 1655 4858 nostrum
1705 4805 2014 4874 imperium

318 4893 468 4946 male.
493 4897 898 4955 tractaverunt,
930 4899 987 4946 et
1043 4893 1264 4963 perjuri
1306 4897 1476 4962 atque
1525 4892 1610 4946 rei
1658 4891 1717 4945 in
1759 4897 2014 4947 nostram

316 4982 674 5051 majestatem
708 4980 936 5050 publice
977 4982 1334 5047 exstiterunt,
1361 4980 1492 5049 jure
1512 4997 1577 5034 ac
1607 4981 1872 5050 legaliter
1896 4997 2013 5035 non

315 5072 501 5123 solum
534 5069 674 5132 hinc,
719 5069 814 5123 sed
864 5075 916 5124 et
958 5069 1154 5124 omnia
1211 5085 1340 5139 quas
1398 5069 1738 5132 habuerunt,
1789 5069 1863 5122 ad
1911 5085 2014 5123 no-

317 5161 495 5212 strum
529 5157 824 5227 publicum
845 5158 1222 5225 devenerunt,
1255 5157 1405 5211 unde
1455 5175 1557 5212 sua
1588 5157 1783 5211 omnia
1807 5158 2012 5212 merito

316 5247 584 5316 perdunt,
632 5246 732 5316 qui
763 5263 820 5300 se
849 5247 1003 5316 ipsos
1049 5245 1226 5316 gratis
1264 5245 1656 5314 perdiderunt,
1688 5246 1846 5311 dum,
1877 5246 2012 5301 lidei

317 5335 524 5389 debitas
556 5335 971 5400 obliviscentes,
1003 5334 1060 5387 in
1100 5339 1292 5387 nostra
1338 5334 1610 5388 fidelitate
1638 5335 1877 5388 minime
1899 5336 2011 5390 du-

317 5430 606 5488 raverunt,
661 5431 718 5477 et
769 5428 965 5477 nostro
1032 5420 1265 5475 inimico
1311 5421 1571 5491 jurantes
1623 5423 2005 5478 adhaaserunt.

319 5511 472 5565 Hanc
501 5528 637 5582 ergo
662 5511 1108 5584 postulationem
1147 5511 1378 5582 dignam
1419 5515 1476 5566 et
1536 5515 1720 5566 ratam
1775 5513 2006 5584 prospi-

2042 1684 2082 1736 Β

2045 2957 2086 3010 C

2043 4233 2087 4286 Ι)

2116 491 2276 544 cibus
2295 491 2538 543 libenter
2553 488 2965 560 acquievimus.
2990 488 3376 542 Concedentes
3398 494 3574 559 atque
3603 491 3824 543 contir—

2117 585 2342 633 mantes
2368 579 2554 632 eidem
2583 577 2840 631 Cumano
2867 576 3177 630 venerabili
3200 583 3256 630 et
3285 577 3490 631 dilecto
3521 578 3825 647 episcopo,

2117 667 2498 737 omnibusque
2540 665 2658 719 suis
2701 665 3120 719 successoribus
3169 666 3558 735 supradictam
3593 672 3825 718 curtem

2122 756 2505 808 Berzanorum
2536 757 2915 818 nominatam,
2950 770 3079 806 cum
3111 753 3379 808 omnibus
3435 754 3552 806 suis
3598 770 3827 823 appen-

2119 842 2301 907 diciis,
2329 858 2456 896 cum
2490 842 2759 896 omnibus
2788 842 3107 896 redditibus
3156 848 3213 896 et
3257 842 3734 907 exbibitionibus,
3765 848 3829 895 et

2118 929 2596 1000 impensionibus,
2639 935 2694 983 et
2749 930 3160 995 functionibus,
3223 947 3355 984 cum
3413 931 3588 984 servis
3626 937 3685 984 et
3715 947 3827 984 an-

2118 1019 2281 1084 cillis,
2315 1019 2479 1072 aldiis
2505 1026 2562 1072 et
2591 1018 2850 1072 aldiabus
2878 1024 2996 1072 tam
3036 1019 3096 1072 in
3129 1020 3420 1073 montibus
3478 1035 3653 1089 quam
3687 1035 3826 1089 quae

2117 1106 2178 1160 in
2217 1106 2469 1176 planitie,
2500 1107 2667 1159 terris
2724 1107 2892 1160 cultis
2919 1113 2977 1160 et
3029 1106 3280 1174 incultis,
3341 1106 3540 1174 vineis,
3574 1107 3823 1178 campis,

2119 1194 2363 1265 pascuis,
2395 1194 2571 1260 silvis,
2604 1195 2840 1256 mansis,
2895 1195 3252 1260 massaritiis,
3311 1195 3496 1266 aquis,
3531 1211 3826 1266 aquarum

2117 1284 2467 1347 decursibus,
2504 1284 2868 1350 molendinis,
2901 1285 3064 1352 casis,
3096 1285 3268 1338 rebus
3330 1285 3601 1338 omnibus
3624 1285 3819 1338 mobi-

2117 1371 2269 1424 libus
2292 1378 2348 1425 et
2378 1369 2792 1438 immobilibus,
2834 1377 2893 1425 et
2925 1388 3056 1425 cum
3100 1373 3390 1437 omnibus,
3446 1389 3570 1443 quae
3628 1373 3829 1439 adhuc

2120 1458 2231 1512 dici
2258 1459 2542 1512 nominari
2591 1463 2852 1529 possunt,
2908 1460 2980 1513 ad
3042 1461 3303 1514 eamdem
3352 1467 3572 1514 curtem
3631 1462 3823 1530 perti-

2119 1548 2409 1612 nentibus,
2433 1552 2602 1617 atque
2633 1548 2869 1600 omnino
2913 1547 2973 1600 in
3023 1548 3312 1618 integrum
3365 1549 3661 1618 largimur,
3699 1555 3756 1602 et
3791 1564 3827 1600 a

2121 1634 2482 1704 nostrojure,
2515 1642 2570 1687 et
2591 1633 2866 1700 dominio,
2901 1636 3070 1704 injus
3097 1642 3153 1688 et
3207 1636 3550 1701 dominium,
3591 1644 3649 1690 et
3684 1653 3827 1706 pro-

2121 1723 2426 1792 prietateui
2460 1723 2747 1791 praedictas
2794 1731 2999 1776 sancta:
3057 1724 3306 1778 ecclesias
3363 1726 3829 1778 transfundimus

2123 1817 2180 1864 et
2236 1810 2609 1880 delegamUs:
2671 1819 2732 1864 ut
2782 1811 2881 1880 qui
2951 1827 3102 1864 nunc
3171 1829 3419 1881 praesens
3494 1814 3828 1883 episcopus,

2124 1915 2438 1969 omnesque
2469 1899 2557 1950 sui
2607 1915 2957 1952 successores
3010 1903 3351 1969 potestatem
3394 1902 3654 1962 habeant.
3699 1903 3828 1971 jam

2123 1988 2331 2041 dictam
2352 1992 2594 2053 curtem,
2636 2003 2764 2040 cum
2790 1987 3059 2042 omnibus
3088 2005 3219 2058 quae
3249 1989 3314 2042 ad
3349 2005 3472 2043 eam
3507 1992 3827 2060 pertinent,

2123 2080 2338 2141 tenere,
2381 2075 2690 2145 possidere,
2722 2082 3098 2142 commutare,
3131 2077 3276 2130 sicut
3303 2078 3576 2130 hactenus
3622 2079 3828 2148 praeli-

2125 2164 2268 2217 batis
2301 2164 2548 2233 perjuris
2575 2165 2693 2216 visa
2722 2169 2855 2216 sunt
2892 2165 3200 2232 pertinere,
3234 2170 3291 2218 et
3320 2164 3430 2235 ipsi
3460 2165 3830 2218 hwreditates

2123 2253 2546 2322 possederunt;
2586 2257 2641 2306 et
2685 2252 2896 2305 facient
2947 2252 3118 2306 iidem
3178 2252 3433 2323 episcopi
3489 2254 3560 2306 de
3618 2253 3829 2306 eadem

2122 2347 2304 2405 curte,
2336 2345 2392 2393 et
2416 2340 2686 2393 omnibus
2740 2355 2869 2408 quze
2917 2339 3122 2393 deinde
3162 2341 3301 2394 solvi
3347 2347 3604 2410 possunt,
3651 2341 3828 2410 quid-

2124 2428 2261 2498 quid
2283 2428 2392 2481 sibi
2441 2429 2721 2498 placuerit
2787 2428 2854 2481 ad
2903 2427 3127 2482 laudem
3173 2433 3230 2481 et
3267 2429 3545 2482 honorem
3611 2429 3711 2482 Dei
3773 2435 3832 2482 et

2121 2517 2176 2571 S.
2213 2518 2401 2572 Mariae
2435 2533 2502 2569 ex
2531 2522 2728 2570 nostra
2772 2517 3101 2586 plenissima
3149 2518 3508 2572 auctoritate.
3545 2517 3830 2571 Jubentes

2123 2621 2260 2675 ergo
2322 2605 2609 2658 sancimus
2684 2611 2747 2658 ut
2797 2605 3003 2658 nostris
3060 2606 3148 2659 vel
3200 2605 3408 2659 futuris
3465 2605 3830 2677 temporibus

2123 2695 2317 2748 nullus
2360 2693 2494 2759 dux,
2553 2693 2824 2759 marchio,
2885 2709 3094 2759 comes,
3155 2693 3484 2762 vicecomes,
3546 2697 3829 2765 nullaque

2123 2797 2333 2852 magna
2361 2782 2449 2834 vel
2490 2797 2663 2852 parva
2716 2797 2982 2851 persona,
3028 2782 3306 2852 cujusque
3363 2782 3660 2853 dignitatis
3722 2791 3833 2838 aut

2123 2871 2360 2935 ordinis,
2413 2886 2588 2938 supra
2641 2879 3024 2925 memoratum
3102 2871 3428 2925 Albericum
3484 2872 3828 2943 episcopum

2123 2977 2370 3030 suosque
2409 2975 2760 3012 successores
2819 2960 2888 3012 de
2934 2959 3207 3028 praedicta
3253 2966 3435 3026 curte,
3481 2976 3610 3013 cum
3658 2963 3830 3015 omni

2123 3064 2224 3102 sua
2280 3047 2645 3118 pertinentia,
2716 3047 3034 3117 disvestire,
3098 3047 3443 3117 inquietare,
3489 3049 3828 3114 molestare,

2123 3136 2212 3189 vel
2243 3135 2304 3188 in
2359 3136 2552 3205 aliquo
2594 3134 2884 3189 minorare
2937 3141 3252 3205 prmsumet
3285 3151 3301 3202 ;
3335 3137 3430 3190 sed
3485 3136 3654 3190 liceat
3707 3137 3831 3191 illis

2123 3225 2313 3294 quiete
2342 3231 2400 3278 et
2429 3225 2661 3294 paciﬁce
2707 3231 2924 3286 tenere,
2984 3224 3276 3293 possidere
3306 3225 3668 3296 lirmiterque
3714 3226 3830 3279 ba-

2120 3312 2278 3378 bere,
2310 3319 2530 3366 remota
2558 3312 2717 3366 omni
2740 3313 3210 3367 contradictione.
3252 3313 3309 3367 Si
3330 3330 3483 3378 vero,
3512 3314 3665 3384 quod
3709 3316 3831 3367 mi-

2122 3401 2275 3454 nime
2305 3401 2574 3468 creditur,
2606 3407 2803 3454 contra
2842 3400 3014 3470 hujus
3058 3401 3240 3455 nostri
3281 3402 3556 3471 praecepti
3612 3408 3832 3456 statuta

2121 3489 2330 3560 aliquis
2360 3490 2600 3542 violator
2656 3489 2927 3557 extiterit,
2993 3489 3134 3543 sciat
3185 3506 3243 3544 se
3302 3490 3620 3544 certissime
3670 3507 3831 3544 com-

2121 3578 2445 3648 positurum
2478 3577 2602 3630 auri
2627 3577 2798 3630 libras
2833 3579 3012 3644 mille,
3067 3594 3245 3632 unam
3296 3584 3516 3649 partem
3575 3595 3826 3632 camera

2122 3672 2351 3732 nostrae,
2415 3665 2652 3719 alteram
2704 3671 3019 3734 praenotata
3073 3667 3358 3737 episcopo,
3419 3667 3653 3737 suisque
3703 3685 3828 3721 suc-

2121 3756 2462 3810 cessoribus.
2504 3756 2571 3808 Et
2604 3761 2668 3808 ut
2688 3755 2793 3808 hoc
2831 3755 3020 3809 verius
3049 3757 3334 3822 credatur,
3385 3755 3725 3827 firmiusque
3759 3774 3827 3810 ac

2122 3844 2521 3897 inconvulsum
2552 3843 2624 3897 ab
2655 3843 2922 3896 omnibus
2970 3843 3322 3912 observetur,
3354 3860 3528 3897 manu
3587 3846 3826 3915 propria

2123 3933 2529 3986 conﬁrmantes
2557 3932 2739 3985 nostri
2792 3932 3045 3986 nominis
3083 3932 3358 4002 inscripto
3417 3940 3824 3988 caractere.....

2123 4021 2304 4074 nostri
2329 4020 2502 4090 sigilli
2529 4019 2928 4090 impressione.

2191 4110 2421 4175 Signum
2471 4109 2608 4162 dom.
2689 4110 2960 4178 Henricii-
3025 4111 3406 4176 gloriosissimi
3470 4113 3827 4180 imperatoris

2123 4212 2329 4265 semper
2357 4198 2614 4265 Augusti.

2197 4285 2494 4340 Heinricus
2588 4284 2910 4339 Parmensis
2992 4285 3294 4356 episcopus
3340 4292 3397 4339 et
3446 4287 3827 4342 cancellarius

2123 4373 2246 4428 vice
2308 4373 2576 4428 Everardi
2661 4373 2916 4444 episcopi
2997 4379 3054 4428 et
3129 4374 3614 4430 archicancellarii
3670 4392 3830 4430 reco-

2125 4463 2340 4533 gnovit.

2199 4552 2354 4604 Data.
2390 4568 2440 4603 v1
2474 4551 2615 4604 Non.
2642 4551 2890 4616 Octobr.,
2924 4567 3016 4604 an.
3061 4550 3374 4605 Dominicaa
3413 4551 3831 4607 incarnationis

2127 4640 2286 4705 1095,
2335 4638 2453 4692 ind.
2519 4655 2637 4704 xm,
2689 4639 2853 4707 regni
2874 4655 3006 4692 vero
3051 4639 3114 4692 D.
3163 4639 3392 4693 Henrici
3457 4639 3830 4711 imperatoris

2124 4726 2364 4796 Augusti
2393 4743 2500 4789 xiv,
2535 4727 2763 4797 imperii
2791 4732 2982 4781 autem
3015 4728 3136 4798 ejus
3157 4743 3216 4781 ιι.

2191 4821 2394 4894 actum
2419 4816 2745 4886 Meresburg
2766 4816 3024 4870 feliciter.
3049 4819 3249 4871 Amen.

2899 4906 3062 4959 XCII.

2125 4991 2182 5046 S.
2223 4992 2485 5047 Henricus
2523 4993 2766 5048 Ecclesia:
2813 4995 3248 5049 Paderbornensi
3295 4995 3512 5064 praedia
3569 4996 3826 5064 quaedam

2886 5075 3072 5128 donat.

2788 5164 2974 5232 (Anno
3000 5165 3181 5231 t0l6.)

2408 5249 2568 5319 [Cod.
2612 5250 2836 5319 diplom.
2886 5252 3025 5304 Hist.
3069 5252 3334 5320 Westph.,
3366 5268 3423 5322 p.
3456 5256 3485 5305 7
3517 5251 3535 5321 ]

2193 5339 2251 5393 C.
2305 5339 2367 5391 In
2446 5339 2679 5392 nomine
2751 5343 2959 5392 sanctas
3024 5345 3082 5392 et
3128 5339 3436 5393 individua:
3506 5340 3824 5408 Trinitatis,

2124 5426 2427 5481 Hemmcus
2451 5426 2550 5479 Dei
2567 5427 2750 5496 gratia
2765 5427 3158 5482 Romanorum
3174 5427 3489 5498 imperator
3506 5432 3819 5498 Augustus.

2191 5514 2249 5569 Si
2297 5513 2669 5570 ecclesiarum
2700 5515 2800 5570 Dei
2855 5515 3359 5571 sublimationibus
3410 5515 3570 5571 omni
3629 5517 3820 5572 studio
