3944 6360
133 337 222 389 329

128 545 310 598 futura
351 560 483 615 esse
512 560 827 614 speramus.
882 544 1237 614 Quapropter
1271 546 1531 600 omnium
1566 548 1820 601 ﬁdelium

129 632 351 700 Christi,
412 633 786 702 praesentium
827 633 1038 686 scilicet
1081 649 1145 686 ac
1210 634 1560 701 futurorum,
1602 637 1823 689 noverit

130 720 466 773 universitas
541 720 788 791 qualiter
834 721 1279 787 Meinuverccus,
1352 726 1558 777 sanctae
1628 726 1821 778 Pater-

128 808 471 862 brunnensis
523 808 771 862 ecclesite
818 809 1158 863 venerabilis
1239 808 1558 880 episcopus,
1628 812 1824 866 omnia

126 897 341 966 praedia
373 913 502 967 quas
555 897 917 951 haireditario
962 898 1093 968 jure
1132 898 1462 968 possederat
1506 900 1674 954 matri
1705 917 1822 955 suae

126 986 312 1039 Adalze
344 985 710 1038 contradidit.
746 985 960 1039 Dehinc
1005 985 1129 1054 ipsa
1167 1002 1297 1039 cum
1344 1003 1513 1040 manu
1552 988 1737 1041 mariti
1770 995 1824 1041 et

128 1073 384 1126 advocati
415 1072 503 1125 sui
538 1072 806 1125 Balderici
834 1072 1074 1134 comitis,
1108 1089 1383 1127 consensu
1444 1075 1618 1128 etiam
1648 1077 1825 1129 haere-

130 1162 283 1227 dum,
343 1161 548 1214 eadem
604 1160 815 1230 praedia
871 1162 1202 1229 potestative
1244 1162 1408 1215 nobis
1457 1162 1702 1217 donavit.
1755 1168 1826 1217 At

131 1266 228 1302 nos
257 1254 556 1317 perpetuae
589 1248 958 1301 beatitudinis
1016 1264 1135 1317 spe,
1173 1264 1237 1301 ac
1277 1250 1371 1317 pia
1427 1250 1650 1319 praefati
1704 1250 1821 1320 epi-

132 1337 280 1407 scopi
303 1336 610 1405 dilectique
642 1334 869 1403 nepotis
918 1334 1118 1402 nostri,
1173 1335 1271 1404 qui
1298 1352 1355 1388 se
1388 1336 1694 1406 omniaque
1725 1354 1827 1390 sua

129 1424 314 1477 divino
346 1422 584 1476 servicio
609 1420 931 1491 mancipare
980 1423 1209 1491 gaudet,
1243 1438 1410 1491 prece
1441 1428 1497 1476 et
1523 1423 1823 1478 devotione

130 1510 485 1574 commoniti,
547 1509 766 1580 przedia
823 1509 1026 1562 eadem
1071 1509 1323 1579 legitime
1380 1510 1544 1563 nobis
1590 1512 1820 1571 tradita,

134 1598 280 1651 inter
339 1614 468 1668 quae
541 1596 884 1667 principales
952 1600 1135 1650 cortes
1209 1601 1341 1650 sunt
1408 1597 1552 1665 istae,
1630 1600 1825 1653 Immi-

131 1686 441 1753 deshusun,
538 1686 981 1751 Walmonthem,
1084 1685 1389 1750 Havurlon,
1495 1686 1822 1753 Hukilhem,

131 1737 495 1838 ignauia,
531 1737 843 1839 autem;
906 1737 1353 1841 Doddonhusun,
1378 1737 1825 1843 solemnia};
1859 1737 1899 1791 Β

132 1863 547 1928 ὶιέιίετεεὴδνο,
597 1878 725 1916 cum
785 1860 1278 1931 appertinentibus
1317 1861 1485 1926 villis,
1527 1863 1825 1932 mancipiis

134 1949 431 2020 utriusque
483 1965 669 2015 sexus,
732 1948 904 2015 silvis,
961 1949 1066 2002 viis
1119 1954 1175 2002 et
1231 1950 1418 2016 inviis,
1469 1950 1714 2004 exitibus
1770 1955 1828 2003 et

132 2040 426 2104 reditibus,
487 2038 848 2105 molendinis,
881 2038 1312 2107 piscationibus,
1368 2039 1609 2109 pascuis,
1654 2055 1824 2093 vena-

133 2127 403 2191 tionibus,
436 2125 689 2196 quaasitis
720 2131 775 2179 et
803 2125 1181 2196 inquirendis,
1229 2127 1610 2197 omnibusque
1670 2132 1827 2180 uten-

133 2215 331 2268 silibus
362 2230 492 2284 quae
542 2214 801 2283 quolibet
855 2214 1024 2267 modo
1087 2214 1198 2268 dici
1244 2216 1330 2268 vel
1370 2215 1656 2268 nominari
1694 2231 1822 2284 pos-

133 2310 286 2368 sunt,
338 2308 551 2356 sanctae
611 2302 1094 2356 Paterbrunnensi
1148 2303 1397 2356 ecclesiae
1439 2303 1497 2356 in
1546 2304 1824 2357 honorem

128 2400 337 2447 sanctae
373 2393 471 2446 Dei
491 2392 783 2463 genitricis
813 2392 1001 2445 Mariae
1024 2393 1319 2463 sanctique
1343 2393 1551 2446 Kiliani
1570 2392 1827 2446 martiris

132 2499 193 2536 ac
252 2482 407 2535 beati
464 2481 677 2534 Liborii
717 2480 1055 2534 confessoris
1107 2487 1465 2546 constructae,
1526 2497 1629 2550 per
1684 2483 1827 2533 hanc

133 2571 491 2641 imperialem
544 2570 817 2640 paginam
870 2570 1170 2638 largimur,
1228 2570 1488 2623 omnium
1526 2569 1825 2622 hominum

134 2659 581 2713 contradictione
648 2663 885 2712 remota.
966 2659 1206 2728 Insuper
1280 2658 1471 2723 etiam,
1534 2656 1826 2727 imperiali

136 2749 467 2803 auctoritate
525 2747 889 2816 praecipimus
970 2752 1036 2800 ut
1104 2747 1262 2800 nulla
1328 2747 1511 2815 major
1570 2745 1826 2797 minorve

133 2851 379 2905 persona
407 2833 601 2903 aliqua
626 2832 926 2903 judiciaria
956 2837 1239 2902 potestate
1271 2832 1329 2885 in
1353 2833 1565 2886 eisdem
1600 2832 1828 2901 praediis

133 2943 189 2979 se
220 2922 584 2990 intromittat,
622 2922 731 2975 nisi
772 2922 1075 2976 advocatus
1115 2938 1286 2991 quem
1345 2921 1603 2991 ejusdem
1652 2922 1827 2973 eccle-

1372 337 1765 394 DIPLOMATA
1805 340 2367 398 ECCLESIASTICA.

126 456 487 523 inservimus,
539 460 768 509 aeternae
809 454 1200 509 retributionis
1244 458 1482 527 praemia
1531 460 1694 512 nobis
1738 460 1816 513 af—
1850 462 1898 514 A
1935 462 2369 530 archiepiscopo
2397 502 2410 526 ,

3522 344 3627 401 330

2512 463 2822 516 Theoderio
2860 504 2873 530 ,
2970 464 3577 533 Mimegardevordensi
3608 509 3622 534 ,

1930 550 2241 603 Adelbaldo
2290 551 2654 619 Trajectensi,
2730 551 3075 604 Theoderico
3154 553 3405 621 Metensi,
3483 556 3630 624 Wig—

1932 654 2068 709 gero
2122 639 2764 705 Verdensi,Thietmaro
2798 640 3271 709 Ossenbrugensi,
3314 641 3467 693 Erico
3514 645 3624 696 Ha-

1932 726 2309 796 velbergensi,
2342 733 2548 780 sanctae
2604 728 3088 780 Patherburnensi
3136 730 3383 782 ecclesiae
3427 730 3487 782 in
3519 731 3629 784 lio—

1933 830 2129 868 norem
2162 820 2370 867 sancta:
2407 814 2503 867 Dei
2533 814 2824 883 genitricis
2860 815 3045 868 Mariae
3096 816 3389 886 sanctique
3422 818 3631 870 Kiliani

1934 904 2199 974 martyris
2252 910 2306 957 et
2358 904 2536 957 sancti
2596 903 2806 957 Liborii
2876 905 3211 959 confessoris
3272 911 3628 974 constructa),

1934 992 2025 1045 cui
2073 992 2244 1045 etiam
2280 992 2705 1045 Meiuuverchus
2761 993 3103 1044 venerabilis
3152 994 3452 1063 cpiscOpus
3482 1012 3627 1064 pra:-

1936 1078 2099 1144 sidet,
2161 1079 2451 1149 quandam
2510 1084 2761 1147 nostram
2818 1083 3034 1131 curtcm
3071 1081 3340 1149 Moronga
3397 1080 3627 1149 dictam,

1933 1166 1993 1219 in
2047 1183 2196 1235 pago
2244 1168 2590 1234 Morongauo
2624 1167 2680 1218 iu
2739 1167 3010 1219 comitatu
3074 1168 3355 1219 Bennonis
3409 1170 3632 1221 comitis

1935 1254 2120 1320 sitam,
2176 1270 2348 1323 quam
2400 1254 2561 1305 nobis
2626 1255 2938 1306 Unowanus
2983 1256 3377 1307 Bremonensis
3406 1257 3629 1309 archie-

1935 1342 2202 1412 piscopus
2256 1357 2383 1393 cum
2436 1357 2607 1393 manu
2676 1342 2929 1394 advocati
2977 1343 3064 1394 sui
3118 1343 3628 1410 Udonis.tradidit,

1936 1430 2197 1481 omnium
2227 1428 2530 1481 hominum
2558 1429 3004 1481 contradictione
3035 1436 3269 1494 remota,
3304 1448 3404 1500 pro
3439 1448 3628 1485 reme-

1937 1517 2030 1570 dio
2051 1516 2256 1569 animae
2289 1516 2527 1569 senioris
2554 1517 2729 1569 nostri
2762 1517 2922 1569 tercii
2955 1518 3176 1571 Ottonis
3216 1518 3359 1571 divae
3419 1520 3632 1573 scilicet

1936 1604 2226 1658 memoriae
2276 1605 2640 1673 imperatoris
2689 1605 2945 1673 Augusti,
2995 1612 3051 1657 et
3081 1604 3475 1659 incolumitate
3504 1608 3631 1659 vita“:

1938 1697 2146 1746 nostra:
2179 1692 2475 1762 praesentis
2508 1709 2569 1745 ac
2616 1708 2715 1761 spe
2768 1692 2996 1754 futurae,
3032 1709 3134 1762 per
3186 1693 3331 1746 hanc
3364 1694 3631 1764 imperia-

1935 1781 2047 1834 lem
2071 1780 2337 1851 paginam
2393 1780 2760 1833 concedimus
2789 1786 2957 1849 atque
2994 1781 3286 1849 largimur,
3340 1798 3466 1834 cum
3517 1798 3635 1835 om-

1934 1868 2103 1920 nibus
2130 1866 2498 1937 appendiciis,
2553 1866 2717 1932 areis,
2768 1867 2932 1933 villis,
2991 1867 3233 1935 pascuis,
3266 1869 3429 1937 aquis
3461 1885 3633 1938 aqua-

1937 1972 2133 2009 rumve
2160 1954 2509 2019 decursibus,
2560 1954 2985 2023 piscationibus,
3035 1955 3400 2021 molendinis,
3453 1956 3627 2020 silvis,

1938 2043 2361 2111 venationibus,
2421 2042 2751 2112 cunctisque
2786 2043 3169 2111 qualicunque
3219 2043 3388 2095 modo
3447 2044 3631 2096 nomi-

1937 2131 2061 2185 nari
2101 2131 2319 2200 possint
2346 2129 2704 2194 utensilibus,
2736 2146 2799 2181 ea
2833 2129 3095 2182 videlicet
3143 2130 3365 2183 ratione
3392 2136 3453 2183 ut
3484 2146 3629 2199 prse-

1936 2219 2119 2273 dictus
2207 2217 2633 2271 Meinuverchus
2700 2217 3002 2286 episcopus
3089 2218 3331 2270 eandem
3389 2223 3627 2283 curtem,

1936 2306 2206 2377 quamdiu
2235 2306 2403 2366 vivat,
2455 2306 2514 2358 in
2558 2320 2693 2358 usus
2748 2305 3011 2374 proprios
3066 2306 3401 2373 potestative
3458 2305 3635 2375 possi-

1935 2394 2085 2459 deat,
2119 2399 2247 2464 post
2277 2396 2451 2447 tinem
2484 2410 2613 2446 vero
2668 2394 2794 2445 vita:
2826 2410 2941 2445 suae
2976 2393 3045 2445 ad
3095 2394 3359 2445 vestitum
3401 2393 3632 2445 canoni-

1936 2498 2132 2536 corum
2162 2483 2219 2534 in
2254 2482 2449 2534 eadem
2482 2483 2597 2535 Deo
2630 2486 2952 2550 sauciaeque
2981 2481 3243 2549 genitrici
3277 2482 3397 2549 ejus
3447 2481 3633 2533 Mariae

1936 2585 2037 2622 nec
2094 2586 2210 2621 nou
2241 2569 2418 2621 beatis
2452 2569 2672 2622 Kiliano
2707 2587 2767 2619 ac
2828 2568 3053 2620 Liborio
3112 2567 3482 2619 servientium
3530 2584 3630 2619 an-

1938 2656 2159 2711 nuatim
2209 2658 2625 2709 meliorandum
2680 2656 2980 2724 pertineat.
3035 2655 3092 2707 Si
3139 2656 3263 2723 quis
3327 2670 3455 2706 vero
3489 2655 3634 2707 hanc

1939 2752 2189 2798 nostram
2243 2744 2614 2797 donationem
2666 2743 2977 2811 infringere
3022 2743 3466 2810 praesumpserit,
3501 2759 3633 2795 cen-

1939 2837 2061 2885 tum
2110 2832 2281 2884 libras
2329 2831 2453 2883 auri
2482 2831 2789 2899 persolvat,
2824 2845 2854 2881 L
2887 2828 3069 2881 cidem
3124 2829 3392 2894 ecclesiae,
3425 2846 3455 2881 L
3504 2845 3631 2881 vero

1942 2923 2152 2972 nostra:
2202 2934 2454 2971 camerae.
2509 2919 2574 2970 Et
2626 2922 2687 2970 ut
2732 2917 2852 2970 11330
2909 2921 3113 2969 nostra}
3146 2916 3500 2969 liberalitatis
3534 2932 3633 2969 au-

134 3014 231 3066 siae
258 3012 559 3081 episcopus
591 3011 695 3063 sibi
755 3010 947 3079 eligat.
992 3010 1049 3064 Si
1077 3010 1204 3079 quis
1230 3015 1420 3063 autem
1468 3010 1619 3079 quod
1651 3008 1821 3061 absit!
1859 3014 1900 3067 Ο
1938 3007 2168 3060 ctoritas
2194 3005 2409 3059 stabilis
2462 3010 2517 3057 et
2547 3005 2878 3057 inconvulsa
2922 3009 3278 3072 permaneat,
3343 3004 3489 3056 hanc
3520 3019 3636 3056 car-

135 3101 237 3153 hoc
283 3103 494 3153 nostrae
543 3097 870 3151 donacionis
901 3102 1251 3167 przeceptum
1290 3096 1605 3163 infringere
1657 3111 1827 3147 ausus

129 3189 323 3253 fuerit,
347 3192 577 3240 centum
611 3186 778 3239 libras
804 3186 927 3238 auri
948 3186 1250 3255 persolvat,
1273 3201 1305 3237 L
1336 3184 1518 3241 eidem
1552 3182 1822 3250 ecclesize,

135 3283 189 3330 et
234 3293 268 3330 L
330 3280 537 3328 nostrae
596 3290 857 3328 camerae.
922 3275 985 3328 Et
1039 3278 1104 3326 ut
1150 3274 1271 3326 haec
1315 3279 1523 3325 nostra:
1560 3272 1826 3340 largicio—

133 3366 221 3419 nis
273 3364 576 3418 auctoritas
630 3363 797 3415 ﬁrma
852 3366 908 3416 et
936 3362 1267 3415 inconvulsa
1323 3366 1672 3429 permaneat,
1725 3360 1829 3412 hoc

135 3458 491 3525 praeceptum
548 3450 682 3504 inde
741 3450 1124 3519 conscriptum
1172 3466 1343 3502 manu
1375 3449 1606 3518 propria
1636 3463 1828 3501 corro-

134 3543 404 3596 borautes
429 3539 615 3609 sigillo
642 3542 836 3592 nostro
860 3538 1137 3608 jussimus
1168 3537 1450 3607 insigniri.

207 3632 438 3697 Signum
490 3628 726 3681 Henrici
776 3628 1146 3680 Romanorum
1203 3628 1550 3680 invictissimi
1597 3625 1678 3691 (L.
1736 3623 1830 3693 M.)

136 3719 507 3787 imperatoris.

206 3805 559 3860 Guntherius
623 3803 992 3857 cancellarius
1044 3801 1164 3856 vice
1220 3801 1579 3855 Ercambaldi
1649 3798 1832 3853 archi-

139 3894 421 3965 capellani
445 3893 794 3963 recognovit.

210 3985 353 4038 Data
383 3999 433 4036 ιν
466 3982 596 4036 Idus
636 3982 785 4045 Jan.,
816 3979 1129 4034 indictione
1158 3995 1280 4044 xm,
1334 3995 1487 4031 anno
1526 3977 1835 4031 Dominicae

139 4070 556 4126 incarnationis
645 4072 800 4133 1016,
885 4084 1034 4122 anno
1108 4083 1241 4121 vero
1326 4066 1524 4121 domni
1592 4066 1837 4120 IIeinrici

142 4158 381 4214 secundi
414 4158 705 4229 regnantis
734 4173 847 4223 xxv,
879 4156 1109 4226 imperii
1139 4159 1328 4209 autem
1349 4172 1408 4208 ιι.

211 4252 417 4302 Actum
447 4245 833 4301 Drodmannia
864 4244 1123 4298 feliciter.
1153 4246 1354 4297 Amen.

902 4349 1082 4403 XCIII.

212 4441 277 4495 S.
310 4440 589 4494 Henricus
608 4439 854 4494 Ecclesiae
870 4437 1340 4561 [Padfztrbornensis
1365 4440 1567 4490 curtem
1588 4438 1846 4503 Maranga

890 4524 1013 4561 arai
1042 4524 1125 4560 ur.

890 4524 1125 4575 arguar.

803 4597 985 4660 (Anno
1022 4595 1198 4664 1016.)

401 4686 559 4759 [Cod.
611 4685 832 4755 diplom.
884 4686 1024 4737 Hist.
1072 4684 1340 4751 Westph.,
1374 4684 1455 4753 p.'
1483 4682 1597 4753 72.]

217 4777 280 4831 C.
343 4777 406 4829 In
463 4773 697 4828 nomine
754 4776 965 4826 sancta
1035 4775 1092 4825 et
1154 4770 1469 4824 individuus
1534 4769 1848 4838 Trinitatis,

150 4866 461 4919 Hemmcus
527 4861 717 4916 divina
792 4860 1013 4914 favente
1084 4858 1388 4913 clementia
1458 4858 1851 4911 Romanorum

149 4954 471 5023 imperator
502 4953 807 5020 Augustus.

220 5039 504 5097 Ecclesias
527 5037 733 5094 Christi
766 5034 1041 5105 ampliare
1069 5049 1479 5104 servorumque
1510 5033 1629 5101 ejus
1655 5048 1854 5085 ncces-

148 5128 416 5184 sitatibus
474 5126 566 5195 pie
637 5140 701 5177 ac
780 5123 1091 5177 clementer
1166 5122 1470 5176 subvenire
1545 5120 1858 5190 impetialis

151 5214 539 5288 promotionis
562 5213 699 5267 ordo
729 5211 1003 5282 deposcit.
1063 5211 1307 5265 Proinde
1355 5208 1612 5263 fidelium
1654 5207 1857 5261 Christi

150 5305 381 5361 noverit
427 5301 713 5356 industria
761 5300 1025 5371 qualiter,
1066 5299 1258 5352 divino
1314 5297 1587 5351 instinctu
1635 5312 1857 5349 ammo-

155 5395 287 5458 niti,
348 5397 407 5446 et
480 5390 805 5444 interventu
873 5387 1257 5443 dilectissimze
1329 5385 1591 5455 conjugis
1650 5389 1860 5437 nostrae

162 5480 525 5551 Cunigundee
569 5476 948 5547 imperatricis
977 5478 1269 5545 Augustae,
1328 5474 1387 5527 in
1414 5473 1471 5527 id
1518 5474 1707 5542 ipsum
1747 5471 1859 5524 fra-

159 5576 331 5624 terna
377 5566 609 5621 caritate
658 5561 1140 5618 collaborantibus
1186 5560 1482 5616 Heriberto
1540 5555 1863 5612 Coloniensi

536 5667 817 5733 PATROL.
870 5664 1047 5731 CXL.

1939 3100 2057 3149 tam
2112 3094 2242 3147 inde
2273 3094 2647 3161 conscriptam
2683 3109 2855 3144 mauu
2912 3092 3139 3161 propria
3189 3093 3539 3157 roborantes,
3570 3092 3636 3144 si-

1938 3182 2074 3252 gillo
2104 3187 2297 3235 nostro
2322 3181 2592 3250 jussimus
2616 3181 2898 3248 insigniri.

2007 3272 2234 3336 Signum
2287 3270 2470 3322 domui
2543 3270 2778 3321 Hcinrici
2853 3270 3196 3335 imperatoris
3266 3270 3632 3322 invictissimi.

2688 3355 2777 3424 (L.
2800 3355 2891 3418 Μ.)

2010 3444 2356 3499 Guntlierius
2415 3444 2784 3496 cancellarius
2839 3443 2954 3495 vice

1940 3532 2219 3601 capellani
2250 3532 2571 3600 recognovi.

2012 3622 2149 3673 Data
2180 3635 2231 3672 1v
2272 3618 2351 3671 Id.
2402 3620 2654 3683 Januar.,
2708 3617 3021 3671 indictione
3066 3634 3186 3681 xm,
3243 3634 3394 3670 anno
3448 3617 3639 3670 Domi-

1942 3708 2083 3763 nicae
2140 3706 2547 3761 incarnationis
2600 3708 2755 3770 1016,
2815 3722 2965 3758 anno
2999 3721 3132 3757 vero
3165 3705 3361 3758 domui
3395 3705 3640 3759 IIeinrici

1944 3796 2179 3850 secundi
2204 3795 2497 3864 regnantis
2521 3811 2631 3858 xxv,
2676 3794 2903 3861 imperii
2934 3797 3123 3845 autem
3157 3809 3211 3845 ιι.

2018 3890 2221 3938 Actum
2252 3885 2639 3938 Drodmannia
2660 3883 2921 3935 feliciter.
2956 3885 3155 3935 Amcu.

2712 3969 2890 4024 XCIV.

2407 4063 2538 4115 Item
2568 4064 2768 4113 curtcm
2798 4059 3181 4111 Berneshusen.

2571 4148 2756 4216 {Anno
2779 4146 3029 4213 eodem.)

2705 4231 2897 4305 [lbi/1.]

2025 4326 2087 4379 In
2135 4325 2367 4378 nomine
2421 4328 2627 4377 sanctae
2688 4330 2744 4375 et
2787 4320 3094 4373 individua:
3126 4321 3433 4387 Trinitatis,
3493 4324 3653 4377 Hem—

1952 4431 2102 4467 RICUS
2133 4412 2328 4466 divina
2356 4413 2577 4465 favente
2640 4409 2943 4462 clementia
2978 4409 3371 4463 Romanorum
3412 4410 3653 4480 impera-

1955 4508 2046 4555 tor
2069 4504 2378 4568 Augustus.

2024 4588 2293 4641 Tribunal
2353 4586 2558 4640 animae
2620 4587 2947 4647 dilatamus,
3007 4586 3051 4638 si
3112 4584 3376 4638 ecclesias
3448 4586 3655 4640 Christi

1957 4692 2086 4730 cum
2134 4675 2242 4727 sibi
2288 4676 2556 4743 subjectis
2604 4675 2961 4744 ampliamus.
2999 4675 3117 4737 Qua
3169 4675 3236 4726 de
3294 4690 3352 4726 re
3399 4674 3655 4727 ﬁdelium

1959 4763 2058 4817 Dei
2092 4762 2443 4815 universitati
2477 4767 2668 4831 pateat
2725 4763 2877 4831 quod
2934 4763 3037 4814 hac
3082 4763 3416 4825 intentione,
3474 4762 3658 4814 inter-

1962 4856 2126 4904 ventu
2188 4849 2569 4903 dilectissimm
2629 4850 2959 4901 contectalis
3030 4855 3234 4902 nostra:
3307 4850 3659 4918 Cunigundac

1963 4937 2345 5009 imperataicis
2384 4940 2674 5006 Augustae,
2714 4954 2818 4989 nec
2872 4954 2987 4989 non
3034 4943 3090 4989 ct
3152 4937 3427 4990 llcriberti
3478 4938 3660 4989 archi-

1964 5027 2214 5099 episcopi
2246 5025 2618 5087 Coloniensis,
2672 5024 2969 5078 Adalbaldi
3020 5025 3416 5093 Trnjectensis,
3478 5024 3659 5077 Theo-

1967 5115 2143 5169 derici
2221 5111 2873 5181 Mimigardevurdensis,
2966 5112 3304 5164 Theoderici
3376 5113 3660 5173 Metcnsis,

1968 5201 2226 5272 Wiggeri
2277 5201 2590 5265 Verdensis,
2633 5198 2946 5254 Thietmari
2995 5200 3467 5268 Osenburgensis,
3521 5199 3665 5251 Erici

1970 5291 2463 5359 Havelburgensis,
2498 5295 2705 5341 sanctae
2760 5287 3216 5343 Paderburnensi
3280 5289 3547 5350 ecclesia),
3606 5287 3665 5338 in

1970 5381 2186 5433 honore
2213 5386 2419 5431 sanctae
2454 5378 2552 5431 Dei
2605 5374 2893 5447 genitricis
2931 5374 3117 5427 Mariae
3150 5375 3443 5444 sanctique
3473 5374 3665 5443 Kylia-

1971 5468 2028 5520 ni
2063 5467 2330 5535 martyris
2377 5472 2433 5519 et
2467 5467 2645 5519 sancti
2678 5463 2902 5534 Lyborii
2943 5468 3307 5529 consecratae,
3349 5462 3436 5513 cui
3496 5463 3667 5514 etiam

1977 5556 2368 5611 Meinuvercus
2418 5555 2775 5609 venerandus
2824 5551 3120 5621 episcopus
3165 5551 3455 5620 pressidet,
3493 5567 3672 5620 quan-

3288 5660 3357 5716 11

3024 3442 3399 3496 Erchanbaldi
3456 3443 3637 3496 archi-
