3944 6354
326 319 422 370 331
456 269 472 286 θ

1609 315 1663 367 S.
1720 314 1859 368 HEN
1869 311 2014 367 RICI
2061 311 2135 366 1M
2147 307 2543 364 PEBATORIS

3724 305 3822 356 332

326 437 458 489 dam
506 439 724 489 curtem
792 439 1001 488 nostra
1060 434 1424 505 proprietatis
1487 433 1882 488 Berneshusen
1929 432 2014 488 di-
2042 435 2090 486 A
2127 431 2188 485 in
2221 430 2360 485 locis
2391 433 2664 500 Haverga,
2703 428 2920 498 Limga,
2954 427 3303 492 Thiatmalli,
3336 429 3478 495 Aga,
3527 427 3821 496 Patherga,

323 528 473 577 ctam
504 523 565 576 in
594 539 742 593 pago
774 523 936 593 Lisga
968 523 1028 576 in
1057 522 1330 576 comitatu
1356 521 1566 576 Udonis
1605 521 1798 586 sitam,
1849 537 2026 592 quam

324 611 396 665 ab
449 612 698 665 Unwano
747 612 1131 664 Bremonense
1177 610 1602 680 archiepiscopo
1650 610 1922 679 donante,
1970 613 2026 664 et

323 714 428 768 per
483 699 824 752 advocatum
881 715 1048 753 suum
1112 699 1368 753 Udonem
1427 699 1685 769 legitima
1713 700 2022 754 traditione

323 785 665 856 accepimus,
727 801 832 855 pro
880 785 1137 839 remedio
1179 784 1504 839 animarum
1535 785 1683 840 divae
1726 787 2025 841 memoria

326 873 548 927 Ottonis
577 872 940 942 imperatoris
971 873 1152 941 tercii,
1182 873 1424 927 senioris
1471 874 1686 928 scilicet
1734 875 1934 940 nostri,
1968 880 2026 929 et

324 959 716 1015 incolomitate
747 959 879 1016 vita
911 967 1118 1015 nostra
1148 961 1448 1032 utriusque
1493 963 1790 1032 prasentis
1825 963 2024 1017 videli-

325 1052 414 1101 cet
438 1064 503 1100 ac
531 1048 760 1114 futura,
807 1048 1183 1119 conjugisque
1232 1053 1444 1103 nostra
1486 1049 1886 1114 dilectissima,
1919 1063 2024 1102 nec

327 1135 519 1189 minus
549 1152 651 1206 pro
682 1135 992 1190 stabilitate
1021 1136 1204 1206 regni,
1242 1138 1622 1207 proprietario
1649 1138 1778 1207 jure
1817 1153 2024 1190 conce-

327 1221 538 1291 dimus,
570 1238 699 1276 cum
730 1224 996 1277 omnibus
1018 1225 1482 1294 appertinenciis,
1508 1226 1678 1278 rebus
1698 1224 2020 1290 territoriis,

325 1309 496 1377 villis,
539 1310 839 1381 mancipiis
898 1312 1198 1381 utriusque
1248 1328 1432 1377 sexus,
1491 1312 1662 1375 silvis,
1711 1311 2023 1365 venationi-

325 1397 462 1464 bus,
519 1399 681 1469 aquis
729 1415 1081 1469 aquarumve
1113 1399 1469 1466 decursibus,
1511 1399 1882 1465 molendinis,
1913 1399 2025 1469 pis-

324 1484 664 1553 cationibus,
695 1485 800 1538 viis
861 1491 918 1540 et
946 1485 1135 1551 inviis,
1189 1487 1438 1541 exitibus
1472 1493 1527 1542 et
1556 1488 1857 1554 reditibus,
1899 1503 2025 1557 prae

327 1572 400 1625 tis
440 1578 498 1626 et
519 1573 763 1643 pascuis,
798 1579 855 1628 et
877 1589 1009 1628 cum
1040 1575 1306 1629 omnibus
1359 1575 1648 1646 acquisitis
1712 1576 1800 1629 vel
1831 1574 2024 1645 inqui-

329 1661 550 1727 rendis;
582 1677 651 1715 ea
692 1661 910 1716 ratione
949 1667 1012 1716 ut
1038 1661 1493 1732 pranominatus
1524 1663 1822 1733 episcopus
1874 1664 2021 1732 ejus-

331 1765 444 1820 que
478 1764 828 1802 successores
852 1749 1093 1803 liberam
1124 1754 1466 1820 potestatem
1492 1750 1552 1803 in
1573 1750 1831 1820 ejusdem
1857 1750 2027 1804 eccle-

332 1837 432 1891 sia
485 1837 794 1891 utilitatem
833 1837 1095 1892 vertendi
1145 1837 1413 1892 habeant.
1465 1838 1522 1892 Si
1551 1838 1680 1909 quis
1727 1845 1920 1892 autem
1966 1838 2027 1891 in

331 1929 647 1995 posterum,
672 1925 826 1996 quod
847 1926 1018 1980 absit!
1049 1927 1346 1996 prafatam
1381 1927 1676 1980 ecclesiam
1704 1925 2026 1996 inquietare

332 2013 640 2067 contendat
687 2013 755 2066 de
792 2013 1008 2067 eisdem
1046 2013 1293 2085 pradiis,
1347 2019 1625 2084 perpetuo
1659 2015 2025 2069 anathemate

332 2101 804 2171 condempnetur.
840 2103 1082 2172 Insuper
1112 2119 1140 2155 c
1168 2102 1343 2156 libras
1371 2102 1500 2156 auri
1536 2101 1741 2172 optimi
1788 2118 2023 2172 compo—

331 2192 451 2254 nat,
485 2187 902 2242 dimidietatem
928 2189 1102 2259 regia
1141 2205 1381 2243 camera
1402 2195 1459 2243 et
1489 2189 1770 2260 reliquam
1801 2196 2024 2260 partem

332 2277 513 2330 eidem
555 2277 807 2331 ecclesia
861 2294 1034 2348 quam
1092 2277 1412 2349 inquietare
1451 2279 1835 2350 prasumpsit.
1871 2282 1936 2334 Et
1963 2284 2028 2334 ut

331 2365 456 2419 hac
491 2369 701 2418 nostra
743 2364 1072 2419 traditionis
1118 2365 1422 2421 auctoritas
1477 2367 1695 2421 stabilis
1747 2373 1803 2421 et
1832 2368 2027 2421 incon-

331 2453 492 2507 vulsa
550 2458 904 2523 permaneat,
983 2454 1130 2508 hanc
1185 2459 1402 2509 cartam
1453 2455 1588 2509 inde
1645 2455 2026 2526 conscriptam

330 2556 509 2595 manu
564 2541 798 2611 propria
839 2541 1192 2610 roborantes,
1240 2542 1430 2614 sigillo
1495 2547 1690 2597 nostro
1746 2543 2024 2614 jussimus

330 2627 617 2699 insigniri.

402 2718 633 2785 Signum
661 2717 846 2772 domni
869 2717 1126 2772 Heinrici
1143 2719 1491 2787 imperatoris
1529 2722 1781 2786 Augusti.
1816 2721 1900 2790 (L.
1928 2719 2022 2790 Μ.)

403 2804 750 2859 Guntherius
778 2806 1150 2861 cancellarius
1204 2806 1324 2860 vice
1383 2807 1730 2863 Erkenbaldi
1769 2810 2023 2864 archica-

330 2892 549 2963 pellani
586 2893 934 2963 recognovit.

2131 521 2492 587 Treveresga,
2555 517 2918 586 Langaneka,
2956 515 3266 586 Erpesfeld,
3321 514 3558 580 Silbike,
3600 514 3823 581 Matfelt,

2133 607 2430 676 Nihterga,
2487 604 2765 670 Sinatfelt,
2815 604 3082 658 Ballevan
3139 619 3319 674 prope
3373 603 3631 673 Spriada,
3672 605 3826 656 Bam-

2133 693 2276 762 biki,
2322 693 2576 759 Gession,
2631 692 3156 758 Seuvardeshuson,
3189 708 3322 746 cum
3353 692 3511 745 omni
3543 692 3826 762 legalitate

2130 783 2190 836 in
2246 782 2546 853 proprium
2580 781 2943 835 concedimus
2999 785 3171 852 atque
3215 780 3498 851 largimur
3548 798 3654 851 per
3683 781 3827 834 hanc

2131 877 2387 924 nostram
2422 871 2780 940 imperialem
2811 870 3107 940 paginam,
3162 885 3231 924 eo
3279 869 3544 923 videlicet
3585 868 3827 922 racionis

2130 963 2329 1012 tenore
2381 965 2442 1011 ut
2496 959 2768 1028 praefatus
2827 957 3127 1028 episcopus
3192 956 3554 1026 Meginuverc
3625 956 3828 1026 suique

2131 1061 2482 1099 successores
2529 1045 2874 1115 prascripta
2908 1045 3158 1099 ecclesia
3196 1044 3572 1114 prasidentes
3621 1043 3828 1098 dehinc

2131 1132 2371 1186 liberam
2437 1133 2683 1187 habeant
2754 1136 3099 1202 potestatem
3173 1131 3243 1185 de
3293 1132 3495 1186 eodem
3557 1132 3830 1185 comitatu

2132 1219 2368 1290 ejusque
2423 1220 2765 1274 utilitatibus
2823 1219 3098 1290 quicquid
3138 1218 3219 1272 eis
3266 1219 3547 1288 placuerit
3583 1218 3829 1272 faciendi

2133 1306 2202 1360 ad
2249 1323 2448 1361 eorum
2505 1314 2700 1362 tamen
2724 1307 3036 1361 utilitatem
3067 1306 3340 1372 ecclesia,
3388 1306 3649 1360 omnium
3674 1306 3825 1359 vide-

2130 1395 2264 1449 licet
2291 1395 2691 1465 inquietudine
2741 1401 2982 1449 remota.
3032 1395 3100 1448 Et
3131 1399 3192 1447 ut
3234 1393 3356 1448 hac
3397 1400 3603 1448 nostra
3648 1393 3828 1447 tradi-

2133 1483 2311 1537 cionis
2359 1501 2456 1538 seu
2497 1484 2956 1538 conﬁrmacionis
3005 1482 3315 1537 auctoritas
3367 1481 3584 1536 stabilis
3630 1486 3688 1536 et
3740 1482 3828 1535 in-

2132 1588 2402 1626 concussa
2450 1571 2610 1626 omni
2657 1572 2936 1626 habeatur
2993 1576 3272 1640 tempore,
3314 1569 3424 1624 hoc
3476 1574 3830 1640 praceptum

2134 1660 2267 1714 inde
2297 1659 2682 1730 conscriptum
2713 1675 2888 1712 manu
2937 1659 3173 1729 propria
3219 1658 3452 1712 ﬁrmare
3481 1657 3828 1723 curavimus,

2137 1753 2194 1802 et
2211 1747 2400 1818 sigillo
2419 1752 2612 1802 nostro
2642 1747 2919 1817 insignire
2946 1747 3244 1816 jussimus.

2206 1837 2431 1907 Signum
2461 1836 2646 1890 damni
2666 1835 2924 1890 Heinrici
2944 1838 3289 1904 imperatoris
3319 1835 3560 1903 Augusti
3591 1835 3672 1905 (L.
3712 1834 3826 1904 Μ).

2207 1924 2556 1979 Guntherius
2605 1923 2976 1978 cancellarius
3021 1923 3141 1978 vice
3200 1923 3530 1978 Erkinbaldi
3578 1922 3829 1978 archica-

2135 2013 2350 2084 pellani
2372 2013 2694 2084 recognovi.

2205 2103 2345 2156 Data
2397 2118 2525 2157 xxix
2573 2102 2696 2155 Kal.
2758 2102 2946 2169 Febr.,
3002 2101 3203 2156 indict.
3265 2118 3386 2169 x111,
3437 2117 3588 2156 anno
3639 2099 3831 2155 Domi-

2131 2190 2274 2244 nica
2325 2190 2737 2244 incarnationis
2771 2193 2927 2257 1016,
2961 2207 3112 2244 anno
3159 2206 3294 2245 vero
3343 2191 3541 2246 domni
3584 2189 3832 2245 Heinrici

2134 2279 2370 2333 secundi
2393 2277 2687 2350 regnantis
2707 2295 2826 2346 x111,
2860 2277 3092 2348 imperii
3120 2295 3179 2332 11.

2893 2385 3065 2440 XCVI.

2659 2492 2787 2545 Item
2802 2491 3020 2560 praedia
3038 2489 3315 2546 nonnulla.

2763 2597 2945 2667 (Anno
2969 2597 3210 2668 eodem.)

2774 2701 2963 2774 [Ibid.,
2991 2719 3049 2773 p.
3077 2701 3196 2774 74.]

2203 2809 2266 2862 In
2295 2807 2531 2862 nomine
2589 2813 2800 2862 sancta
2835 2813 2890 2863 et
2929 2808 3236 2862 individua
3289 2807 3612 2878 Trinitatie,
3665 2810 3839 2863 Ham-

2133 2913 2286 2950 mcus
2318 2896 2417 2950 Dei
2449 2895 2636 2965 gracia
2668 2897 3062 2951 Romanorum
3092 2896 3407 2965 imperator
3446 2903 3764 2966 Augustus.

406 2983 545 3036 Data
581 2997 672 3034 xvx
712 2982 838 3036 Kal.
875 2981 1038 3036 Febr.
1073 2981 1387 3037 Indictione
1421 2999 1538 3049 x111,
1592 2999 1745 3038 anno
1789 2984 2016 3040 Domin.
2055 2980 2095 3034 C
2202 2981 2472 3034 Omnium
2519 2980 2989 3034 Christiﬁdelium
3019 2980 3301 3034 industria
3331 2980 3554 3034 noverit
3587 2981 3844 3050 qualiter

332 3071 549 3124 incarn.
604 3072 761 3133 lOl6,
813 3086 964 3124 anno
1027 3085 1160 3123 vero
1214 3070 1414 3125 domni
1485 3071 1735 3126 Heinrici
1790 3074 2027 3127 secundi

330 3156 623 3230 regnantis
700 3174 808 3226 xlv,
884 3156 1119 3228 imperii
1202 3163 1395 3213 autem
1465 3160 1737 3214 secundo.
1822 3165 2027 3216 Actum

333 3245 758 3302 Drodmannia.

1101 3333 1252 3388 XCV.

507 3423 648 3476 Item
675 3423 1031 3491 possessiones
1073 3421 1314 3475 Haholdi
1347 3424 1553 3478 comitis
1583 3423 1848 3490 defuncti.

951 3508 1136 3578 (Anno
1162 3508 1410 3578 eodem.)

961 3594 1151 3666 [Ibid.,
1191 3613 1250 3666 p.
1282 3595 1398 3668 73.]

401 3686 465 3739 In
515 3683 752 3739 nomine
793 3687 1001 3737 sancta
1047 3688 1103 3738 et
1129 3683 1442 3739 individua
1489 3685 1797 3757 Trinitatis,
1855 3691 2023 3745 Hum-

329 3787 482 3826 mcns
507 3772 609 3826 Dei
634 3771 823 3842 gracia
844 3771 1235 3826 Romanorum
1264 3771 1578 3842 imperator
1609 3777 1915 3845 Augustus.

401 3859 621 3913 Divina
677 3858 905 3929 pietatis
968 3860 1292 3926 clementia,
1344 3877 1472 3931 qua
1524 3878 1626 3916 nos
1675 3865 1745 3918 ad
1801 3865 2026 3922 culmen

328 3946 644 4017 imperialis
668 3947 984 4018 majestatis
1000 3947 1288 4017 perduxit,
1313 3949 1385 4002 ad
1415 3949 1523 4003 hoc
1551 3951 1732 4006 voluit
1761 3969 2022 4024 regnare,

330 4041 392 4090 ut
423 4035 784 4090 ecclesiarum
836 4035 1024 4090 ordini
1069 4036 1352 4090 ﬁrmando
1386 4041 1557 4107 atque
1606 4040 2025 4095 corroborando

332 4123 754 4191 subveniamus,
805 4124 917 4177 hiis
955 4129 1145 4177 autem
1173 4125 1420 4180 maxime
1452 4127 1604 4193 locis,
1643 4145 1771 4198 qua
1819 4129 1890 4183 ab
1923 4145 2024 4183 an-

329 4212 704 4266 tecessoribus
759 4211 967 4266 nostris
1023 4212 1255 4282 regibus
1283 4211 1373 4266 vel
1428 4213 1871 4285 imperatoribus
1891 4217 2020 4270 fun-
2050 4253 2094 4305 Β

293 4335 300 4342 -
330 4301 481 4369 data,
533 4301 632 4356 sed
671 4301 796 4372 jam
843 4301 1090 4371 peccatis
1118 4301 1474 4371 exigentibus
1506 4319 1652 4373 pene
1685 4304 2024 4359 videbantur

328 4390 638 4444 annullata.
696 4391 1058 4460 Quapropter
1087 4390 1347 4444 omnium
1397 4389 1656 4446 ﬁdelium
1696 4396 2022 4446 nostrorum

327 4478 700 4548 prasentium
759 4478 972 4533 scilicet
1001 4495 1064 4533 ac
1119 4480 1443 4533 futurorum
1497 4480 1793 4535 industria
1821 4486 2024 4534 notum

329 4581 449 4619 esse
479 4566 743 4619 volumus
800 4567 1045 4636 qualiter
1094 4583 1214 4634 nos,
1257 4567 1436 4622 divini
1466 4569 1676 4622 amoris
1724 4568 2020 4637 instinctu,

327 4669 431 4724 pro
461 4655 715 4708 remedio
747 4655 952 4709 anima
982 4658 1183 4710 nostrae
1218 4672 1316 4710 seu
1342 4662 1641 4727 parentum
1673 4661 2023 4728 nostrorum,

328 4757 433 4795 nec
463 4757 577 4794 non
603 4745 661 4794 et
687 4742 848 4795 tercii
868 4743 1089 4797 Ottonis
1121 4744 1284 4797 bona
1308 4743 1604 4798 memoria
1632 4743 2020 4814 imperatoris,

327 4828 662 4899 dilectaque
696 4829 956 4901 conjugis
991 4836 1200 4886 nostra
1259 4831 1613 4900 Cunigunda
1643 4831 2024 4900 imperatricis

325 4919 597 4986 Augusta
656 4917 1000 4983 interventu,
1061 4924 1231 4989 atque
1279 4919 1639 4988 Meginuverc
1677 4925 1886 4974 sancta
1917 4923 2023 4976 Pa-

324 5002 766 5058 drebronnensis
823 5005 1072 5059 ecclesia
1121 5005 1465 5059 venerabilis
1513 5005 1762 5076 episcopi
1792 5015 2018 5078 rogatu,

325 5090 435 5145 sibi
459 5096 782 5163 sanctaque
835 5110 952 5147 sua
979 5093 1228 5147 ecclesia
1257 5109 1290 5145 a
1321 5093 1529 5146 Karolo
1587 5109 1798 5163 magno
1838 5095 2023 5167 impe-

323 5184 514 5234 ratore
563 5180 701 5234 olim
733 5181 1008 5250 fundata,
1060 5181 1271 5234 nostris
1329 5195 1461 5234 vero
1519 5182 1875 5250 temporibus
1939 5184 2023 5239 in-

325 5268 595 5322 cendium
649 5285 850 5338 passa,
882 5270 942 5323 in
975 5269 1191 5326 honore
1245 5267 1402 5322 enim
1449 5273 1656 5323 sancta
1715 5269 1816 5323 Dei
1859 5272 2020 5342 geni-

323 5356 477 5408 tricis
524 5373 866 5429 semperque
925 5355 1165 5426 virginis
1227 5355 1414 5410 Maria
1471 5361 1526 5410 et
1575 5357 1754 5411 sancti
1811 5358 2020 5414 Kiliani

326 5444 575 5497 martiris
609 5444 934 5515 Liboriique
987 5443 1328 5498 confessoris
1359 5443 1645 5510 dedicata,
1686 5445 2019 5501 comitatum

325 5545 500 5600 quem
531 5532 751 5587 Habold
781 5546 970 5586 comes
999 5529 1139 5586 dum
1175 5530 1314 5587 vixit
1343 5532 1548 5602 tenuit,
1601 5531 1778 5589 situm
1807 5534 2021 5590 scilicet

2138 3085 2263 3135 nos,
2323 3069 2502 3123 divini
2547 3070 2762 3123 amoris
2812 3075 3095 3140 respectu,
3165 3074 3221 3124 et
3265 3070 3653 3124 dilectissima
3708 3087 3846 3125 con-

2129 3157 2287 3228 jugis
2340 3161 2572 3223 nostra,
2632 3158 2734 3228 qui
2777 3158 2890 3212 duo
2939 3174 3136 3212 sumus
3185 3157 3245 3211 in
3286 3174 3453 3211 carne
3493 3174 3632 3226 una,
3665 3159 3842 3214 Cuni-

2137 3245 2348 3315 gunda
2406 3244 2670 3299 videlicet
2731 3244 3111 3315 imperatricis
3176 3251 3434 3315 augusta
3494 3251 3703 3316 rogatu
3789 3253 3848 3300 et

2135 3332 2432 3394 instinctu,
2467 3338 2677 3386 sancta
2709 3333 3193 3387 Paterbrunuensi
3245 3334 3492 3387 ecclesia
3525 3334 3585 3386 in
3616 3335 3844 3388 honore

2137 3425 2345 3474 sancta
2383 3421 2482 3474 Dei
2529 3421 2820 3492 genitricis
2868 3421 3057 3475 Maria
3098 3427 3153 3475 et
3205 3421 3383 3476 sancti
3431 3422 3644 3476 Kiliani
3679 3439 3843 3476 mar-

2136 3508 2260 3563 tiris
2289 3509 2583 3579 sanctique
2613 3509 2822 3563 Liborii
2872 3514 2959 3563 ter
2987 3509 3140 3564 beati
3169 3509 3510 3564 confessoris
3535 3510 3841 3577 dedicata,

2135 3598 2247 3652 tale
2298 3598 2582 3668 praedium
2613 3597 3111 3668 proprietavimus,
3157 3600 3324 3669 quale
3354 3598 3535 3666 nobis,
3571 3601 3844 3654 omnium

2133 3686 2438 3740 hominum
2485 3687 2936 3742 contradictione
2987 3694 3227 3756 remota,
3260 3689 3494 3742 tradidit
3523 3689 3842 3756 Helmicus,

2135 3775 2416 3840 videlicet,
2443 3773 2502 3826 in
2536 3774 2808 3828 comitatu
2832 3774 3164 3829 Herimanni
3195 3775 3448 3830 comitis:
3483 3776 3544 3828 in
3567 3776 3842 3830 Dulmine

2135 3877 2397 3915 mansum
2430 3877 2630 3926 unum,
2670 3863 2732 3915 in
2764 3862 3046 3917 Nienhem
3096 3879 3360 3917 mansum
3421 3881 3458 3931 1,
3488 3864 3547 3917 in
3594 3865 3843 3919 Situnne

2135 3965 2398 4003 mansum
2446 3967 2484 4016 1,
2541 3949 2844 4004 Halostron
2899 3966 3166 4006 mansum
3197 3969 3234 4014 1,
3285 3952 3342 4004 in
3408 3952 3846 4007 Berthalostron

2135 4052 2401 4091 mansum
2457 4054 2493 4104 1,
2557 4037 2618 4090 in
2668 4037 3026 4092 Lehembeke
3086 4055 3349 4093 mansum
3397 4057 3434 4105 1,
3501 4039 3562 4092 in
3618 4041 3845 4095 Horlon

2133 4141 2398 4179 mansum
2427 4141 2440 4179 1
2470 4141 2482 4192 ;
2521 4125 2582 4178 in
2640 4127 2909 4181 comitatu
2972 4127 3193 4181 Ottonis
3222 4127 3478 4181 comitis:
3511 4128 3571 4180 in
3625 4129 3847 4201 Elvepo

2134 4229 2398 4266 mansum
2453 4231 2491 4279 1,
2545 4213 2607 4267 in
2673 4215 3160 4270 Ricoldinchuson
3228 4231 3490 4270 mansum
3547 4233 3591 4282 1;
3643 4233 3779 4271 cum
3815 4235 3848 4273 L

2133 4301 2434 4371 mancipiis
2498 4302 2799 4374 utriusque
2861 4321 3046 4370 sexus,
3116 4304 3281 4369 areis,
3354 4304 3520 4366 villis,
3583 4307 3840 4375 pascuis,

2132 4389 2294 4459 aquis
2345 4406 2695 4460 aquarumve
2753 4392 3107 4460 decursibus,
3151 4392 3581 4462 piscationibus,
3613 4395 3842 4448 molen-

2133 4473 2301 4540 dinis,
2335 4474 2508 4542 silvis,
2551 4477 2949 4532 venationibus
2998 4484 3052 4532 et
3127 4479 3394 4532 omnibus
3455 4481 3842 4550 appendiciis,

2131 4563 2486 4633 cunctisque,
2553 4565 2959 4636 qualicumque
3016 4566 3189 4621 modo
3242 4567 3531 4620 nominari
3586 4568 3843 4637 possint,

2130 4652 2507 4719 utensilibus;
2547 4668 2614 4706 ea
2664 4653 2880 4708 scilicet
2932 4655 3156 4708 ratione
3207 4661 3271 4709 ut
3296 4662 3539 4726 uterque
3570 4660 3845 4710 nostrum

2130 4742 2247 4792 tam
2311 4740 2588 4794 vestitura
2640 4758 2815 4811 quam
2863 4741 3010 4796 victu
3064 4743 3463 4813 stipendialem
3511 4744 3722 4798 amodo
3770 4745 3846 4799 ab

2131 4829 2396 4898 episcopo
2427 4829 2575 4883 sedis
2604 4830 2959 4902 subscripta,
3016 4847 3167 4885 nunc
3215 4849 3345 4885 vero
3380 4850 3411 4886 a
3451 4832 3664 4886 domno
3725 4834 3844 4887 Me-

2131 4916 2412 4986 ginwerco
2461 4919 2706 4987 prasule
2760 4923 2816 4972 et
2878 4923 3006 4988 post
3062 4937 3093 4972 a
3151 4920 3572 4975 successoribus
3628 4920 3842 4990 ipsius,

2130 5004 2425 5058 communi
2463 5007 2872 5061 canonicorum
2895 5024 3200 5078 consensu,
3221 5025 3352 5062 cum
3393 5013 3675 5080 perpetua
3706 5027 3847 5064 ora-

2132 5095 2357 5150 tionum
2407 5099 2873 5168 participatione,
2906 5101 3161 5170 pleuarie
3203 5101 3346 5155 inibi
3371 5101 3517 5156 sicut
3544 5119 3695 5158 unus
3729 5105 3850 5158 fra-

2129 5186 2282 5238 trum
2333 5185 2577 5265 accipiat
2632 5193 2688 5241 et
2736 5189 3075 5257 potestative
3114 5189 3422 5259 possideat.
3476 5191 3542 5244 Et
3592 5197 3659 5245 ut
3719 5192 3852 5246 hac

2129 5272 2364 5326 traditio
2414 5280 2623 5328 nostra
2682 5274 3042 5331 liberalitatis
3101 5277 3321 5332 stabilis
3383 5283 3440 5332 et
3491 5279 3850 5335 inconcussa

2128 5367 2484 5430 permaneat,
2547 5364 2694 5416 hanc
2763 5369 2978 5418 cartam
3031 5365 3167 5419 inde
3223 5367 3606 5436 conscriptam
3662 5385 3847 5423 manu

2092 5450 2363 5520 propria
2418 5451 2773 5519 roborantes,
2842 5453 3028 5524 sigillo
3099 5457 3293 5510 nostro
3371 5455 3569 5510 subter
3625 5457 3845 5512 bullari

2121 5537 2327 5607 jussim
2334 5553 2413 5591 us.
