3944 6300
90 309 192 360 333

1344 321 1749 381 DIPLOMATA
1788 327 2334 390 ECCLESIASTICA.

3491 351 3593 403 334

160 432 388 498 Signum
457 433 643 488 domni
717 439 936 492 Henrici
994 441 1355 497 Romanorum
1434 446 1786 503 invictissimi
1811 449 1860 503 Α
1896 466 2068 507 neum
2103 454 2366 526 exigatur
2399 474 2430 510 a
2460 456 2623 511 bouis
2654 458 2893 513 fratrum
2948 463 3299 519 Treveriren.
3349 468 3592 539 principi

86 519 434 588 imperatoris
459 523 701 588 Augusti
725 526 809 591 (L.
847 526 960 595 M.).

158 608 511 662 Guntherius
541 612 912 667 cancellarius
946 614 1065 671 vice
1089 616 1476 678 Arehanbaldi
1529 622 1786 677 archica-

86 694 304 761 pellaui
331 697 683 767 recognovit.

157 784 297 836 Data
328 800 382 837 IV
430 786 509 839 Id.
544 787 721 855 Junii,
770 789 1082 846 indictione
1128 809 1227 859 xu,
1286 811 1438 850 anno
1474 797 1785 852 Dominicoe

81 868 490 927 incarnationis
549 876 705 942 1017,
768 894 919 931 anno
970 895 1104 934 vero
1161 880 1361 937 domui
1413 883 1641 938 Henrici
1697 900 1784 938 se-

84 958 255 1011 cundi
309 962 602 1030 regnantis
658 978 770 1031 xvr,
824 963 1056 1036 imperii
1126 984 1205 1026 1v.
1287 973 1492 1025 Actum
1547 971 1782 1026 Pather—

84 1044 373 1102 brunuon.

830 1140 1035 1196 XCVII.

153 1222 214 1276 S.
239 1223 519 1280 Henricus
550 1226 600 1280 Il
630 1226 763 1295 imp.
794 1229 1039 1297 Popponi
1060 1230 1125 1285 de
1156 1233 1499 1288 immunitate
1526 1235 1783 1291 Ecclesia

668 1300 982 1354 trevirensis
1020 1308 1196 1358 cavet.

742 1388 927 1452 (Auno
964 1390 1140 1453 lOl6).

231 1466 579 1539 [Hontheim,
632 1474 783 1528 Hist.
837 1477 1043 1529 Trevir.
1077 1477 1326 1545 diplom.,
1388 1480 1430 1545 Ι,
1485 1481 1635 1553 351.]

152 1556 216 1609 In
256 1558 492 1612 nomine
524 1564 732 1615 sanctae
792 1566 849 1616 et
895 1562 1205 1619 individua;
1250 1566 1542 1621 Trinitatis
1600 1569 1769 1639 (168).

80 1644 357 1698 ΗεΝιιιευε
388 1645 580 1699 divina
603 1646 827 1702 favente
858 1651 1161 1705 clementia
1186 1669 1305 1707 rex.

147 1730 208 1785 Si
238 1731 378 1785 locis
408 1734 522 1787 Deo
553 1734 753 1789 dicatis
785 1737 1076 1806 quoddam
1108 1740 1369 1795 beneﬁcii
1411 1742 1574 1812 juxta
1627 1743 1773 1814 peti-
1808 1722 1850 1775 Β

77 1818 265 1873 tiones
313 1820 413 1874 Dei
443 1838 735 1877 servorum
765 1830 822 1879 et
863 1831 1074 1880 nostra;
1123 1829 1478 1885 liberalitatis
1536 1849 1774 1888 munere

78 1908 446 1973 conferimus,
482 1910 541 1964 id
593 1912 765 1966 nobis
790 1914 1159 1983 profuturum
1214 1918 1435 1988 liquido
1466 1921 1773 1991 credimus,

79 2000 136 2049 et
164 1996 237 2050 ad
270 1999 570 2053 mortalem
599 1998 773 2054 vitam
808 2004 1200 2072 temporaliter
1229 2008 1678 2077 transigendam,
1720 2014 1777 2063 et

78 2083 148 2136 ad
177 2088 455 2139 aeternam
486 2086 727 2141 feliciter
776 2088 1169 2145 obtinendam.
1206 2094 1450 2150 Proinde
1510 2098 1774 2152 volumus

78 2169 338 2225 intimari
369 2173 576 2227 nostris
596 2174 879 2242 ﬁdelibus,
912 2182 1027 2232 tam
1059 2179 1264 2234 futuris
1304 2198 1477 2252 quam
1521 2200 1771 2255 praesen-

78 2258 250 2326 tibus,
285 2261 435 2330 quod
467 2262 553 2314 vir
582 2263 922 2318 venerabilis
964 2268 1160 2337 Poppo
1194 2276 1404 2324 sanctw
1425 2273 1776 2329 Trevirensis

80 2346 341 2400 Ecclesia:
387 2348 850 2421 archiepiscopus
878 2369 984 2407 nos
1015 2371 1168 2425 saepe
1198 2358 1441 2427 monuit,
1494 2366 1774 2415 nostram-

79 2450 188 2503 que
235 2435 648 2492 sublimitatem
679 2440 863 2509 petiit,
901 2446 963 2495 ut
999 2444 1347 2499 multitatem
1378 2462 1570 2501 rerum
1602 2455 1659 2503 et
1685 2450 1776 2503 fa-

77 2522 252 2576 miliae
280 2523 461 2577 sancti
490 2526 658 2593 Petri,
689 2544 863 2597 quam
895 2530 1073 2584 nostri
1112 2532 1577 2602 praedecessores,
1610 2552 1775 2606 reges

76 2610 342 2665 videlicet
368 2616 424 2665 et
472 2612 867 2684 imperatores,
904 2618 1218 2673 Trevericaa
1258 2622 1379 2675 sedi
1409 2638 1513 2692 pro
1568 2624 1775 2678 divinae

78 2700 584 2770 contemplationis
613 2702 827 2757 intuitu
863 2706 1295 2776 delegaverunt,
1346 2710 1549 2781 suique
1583 2717 1772 2766 aucto-

76 2786 243 2841 ritate
302 2789 571 2859 przecepti
629 2793 1133 2861 conﬁrmaverunt,
1203 2795 1350 2849 hanc
1402 2797 1775 2867 dignaremur

73 2891 361 2941 revocare,
398 2877 722 2950 nostrisque
753 2880 1093 2936 stabiliendo
1124 2883 1361 2952 sceptris
1409 2885 1769 2937 conﬁrmare.

1898 541 2289 609 apostolorum
2317 546 2707 615 servientium,
2744 549 2832 603 vel
2867 565 2899 602 a
2928 551 3043 603 suis
3072 552 3422 621 hominibus,
3495 564 3594 612 aut

1897 626 1996 695 ibi,
2058 635 2157 684 aut
2186 631 2247 685 in
2282 632 2415 685 villa
2482 635 2695 689 Madert
2724 638 3109 705 manentibus,
3156 659 3222 695 eo
3257 643 3469 697 scilicet
3514 650 3592 698 te-

1896 732 2033 770 nore
2065 723 2127 772 ut
2155 720 2404 789 gratuita
2443 727 2635 776 nostra
2668 723 2972 793 invigilent
3017 729 3293 783 oratione.
3351 733 3484 797 Hoc,
3536 738 3593 787 et

1897 805 2182 876 quidquid
2230 808 2298 861 de
2355 810 2606 878 praefatae
2663 812 2833 866 rebus
2891 816 3142 869 ecclesiae
3210 818 3586 887 laudavimus,

1895 892 2078 949 nostri
2107 896 2443 950 auctoritate
2474 898 2683 967 sceptri
2712 899 3096 969 ﬁrmavimus;
3124 905 3273 974 quod
3310 905 3418 978 [ut]
3445 924 3587 977 prae-

1895 984 2044 1037 senti
2069 986 2124 1037 et
2139 983 2332 1038 futuro
2354 988 2611 1055 tempore
2642 986 2778 1041 viris
2799 989 3084 1058 credatur,
3110 993 3438 1065 nostrisque
3459 1011 3587 1050 suc-

1893 1071 2211 1125 cessoribus
2243 1072 2575 1143 diligentius
2615 1075 2992 1137 custodiatur.
3023 1078 3076 1132 id
3132 1096 3307 1135 manu
3352 1085 3589 1153 propria

1892 1158 2376 1225 conﬁrmavimus,
2404 1161 2702 1231 nostrique
2733 1162 3113 1233 impressione
3152 1167 3324 1237 sigilli
3373 1170 3589 1240 signari

1884 1245 2180 1316 jussimus.

1960 1334 2191 1402 Signum
2211 1333 2419 1388 domini
2446 1335 2684 1390 Henrici
2711 1339 2787 1392 Ill
2817 1341 2960 1405 regis
2987 1341 3352 1397 invictissimi.

2627 1424 2855 1479 XCVIII.

1889 1510 2222 1578 Przceptum
2288 1510 2362 1582 S.
2428 1512 2651 1564 Henrici
2707 1514 2761 1566 ΙΙ
2808 1515 3171 1582 imperatoris,
3243 1518 3585 1573 Werenherio

2276 1581 2521 1649 episcopo
2550 1582 2851 1647 Argentino
2874 1600 3193 1639 concessum.

2530 1670 2717 1734 (Auno
2770 1672 2947 1741 1017).

2244 1737 2406 1807 [σαιι.
2443 1738 2644 1793 Christ.
2682 1741 2743 1806 V,
2796 1737 3225 1815 469'Instrum.j

1956 1824 2019 1878 In
2038 1823 2274 1878 nomine
2314 1830 2523 1879 sanctae
2557 1830 2613 1881 et
2650 1826 2961 1882 individuae
3010 1831 3319 1900 Trinitatis,
3382 1834 3582 1889 HENBI-

1885 1928 1981 1967 cus
2012 1912 2113 1966 Dei
2142 1912 2348 1982 gratia,
2383 1915 2781 1969 Romanorum
2807 1919 3114 1985 Augustus.

1960 2000 2168 2053 Notum
2190 2000 2263 2053 sit
2284 2000 2549 2054 omnibus
2568 2002 2772 2056 Christi
2788 2003 3052 2057 ﬁdelibus
3085 2005 3235 2074 quod
3254 2005 3578 2061 interventu

1883 2085 2104 2141 dilectae
2126 2087 2385 2158 conjugis
2407 2092 2615 2142 nostra:
2644 2089 3014 2159 Cunigundze,
3048 2092 3312 2146 videlicet
3338 2094 3579 2164 impera-

1883 2174 2041 2228 tricis
2068 2177 2360 2245 Augustae,
2389 2178 2486 2229 sed
2519 2181 2574 2230 et
2604 2178 2890 2231 Brunouis
2920 2181 3296 2249 Augustensis
3326 2182 3578 2253 episcopi

1882 2262 2073 2316 fratris
2095 2263 2306 2317 scilicet
2327 2264 2529 2328 nostri,
2559 2280 2663 2318 nec
2694 2280 2808 2318 non
2838 2266 3125 2336 Popponis
3176 2269 3580 2322 Laurasamen-

1883 2349 1959 2403 sis
2009 2350 2349 2405 venerabilis
2404 2351 2643 2419 abbatis,
2693 2368 2865 2407 sacrae
2913 2353 3063 2407 sedis
3092 2355 3420 2425 Argeutinze
3456 2357 3582 2409 We-

1883 2437 2150 2491 renherio
2173 2438 2485 2491 venerabili
2515 2438 2799 2508 episcopo,
2832 2445 2955 2491 tum
3004 2456 3107 2510 pro
3158 2441 3256 2494 Dei
3287 2441 3579 2511 genitricis

1882 2525 2065 2579 Mariae
2096 2526 2329 2595 speciali
2369 2542 2582 2591 amore,
2614 2531 2750 2579 tunc
2778 2526 2953 2579 etiam
3004 2534 3242 2597 propter
3292 2529 3412 2598 ejus
3459 2533 3578 2583 tam

1883 2613 2256 2683 spiritualiter
2285 2629 2459 2683 quam
2491 2613 2951 2683 carualiterjuge
3007 2615 3318 2683 servitium,
3377 2617 3578 2670 libera-

1882 2700 2097 2755 lissime
2124 2701 2290 2755 nobis
2320 2704 2528 2771 saepius
2559 2701 2909 2770 impensum,
2949 2702 3217 2755 forestem
3267 2704 3325 2757 in
3376 2704 3573 2757 deter-

1881 2789 2156 2843 miuaudo
2219 2788 2704 2859 proprietavimns
2735 2805 2747 2842 :
2780 2790 2848 2842 de
2901 2789 3093 2843 littore
3144 2790 3327 2845 Rheni
3375 2797 3574 2845 contra

1882 2876 2193 2930 Wizwilare
2225 2877 2297 2930 ad
2318 2877 2523 2930 vadum
2554 2876 2839 2946 Hugonis;
2897 2880 2952 2928 et
3004 2877 3073 2930 de
3132 2878 3272 2931 vado
3321 2880 3575 2949 Hugonis

78 2964 250 3033 Cujus
272 2963 539 3033 petitioni
570 2965 812 3021 libenter
835 2968 1276 3040 consentientes,
1306 2976 1363 3024 et
1393 2971 1502 3025 hoc
1558 2977 1771 3025 nostra:
1802 2995 1843 3051 ρ
1884 2965 1954 3019 ad
1983 2964 2356 3019 SeerOVillal‘e
2415 2969 2471 3017 et
2509 2965 2577 3017 de
2626 2964 2996 3017 Seerovmal‘e
3065 2965 3133 3018 ad
3182 2966 3574 3021 DabCChnein'

74 3052 432 3106 auctoritatis
483 3061 835 3124 praeceptum
880 3073 1014 3127 erga
1069 3056 1248 3128 ipsius
1304 3058 1607 3113 Ecclesiam
1663 3076 1768 3130 pro

77 3138 179 3191 Dei
208 3138 417 3193 timore
450 3142 687 3212 ejusque
717 3159 911 3197 amore
940 3144 1067 3197 ﬁeri
1096 3146 1486 3213 decernentes,
1528 3148 1770 3202 ﬁrmiter

68 3228 439 3299 praecipimus
470 3234 526 3283 et
559 3231 857 3285 statuimus
886 3238 952 3286 ut
982 3233 1041 3286 in
1074 3234 1369 3289 facultates
1409 3237 1497 3290 vel
1553 3252 1643 3290 res
1700 3237 1769 3291 ad

70 3316 371 3370 ecclesiam
414 3317 592 3371 sancti
634 3319 789 3372 Petri
820 3320 1131 3375 Trevericae
1181 3322 1339 3376 urbis
1391 3322 1764 3392 pertinentes,

71 3403 288 3457 scilicet
339 3404 399 3457 in
470 3407 835 3473 monasteria,
904 3408 1189 3475 basilicas,
1272 3412 1521 3478 castella,
1590 3412 1765 3477 vicos,

70 3506 258 3562 agros,
297 3492 511 3559 vineas,
560 3493 747 3562 silvas,
781 3494 1061 3563 homines,
1116 3498 1203 3550 vel
1254 3498 1506 3568 reliquas
1544 3514 1766 3568 posses-

68 3579 278 3646 siones,
329 3596 431 3634 seu
484 3582 680 3635 omnia
726 3599 856 3653 quae
889 3585 1159 3654 deinceps
1188 3585 1249 3638 in
1273 3586 1401 3653 jure
1443 3586 1621 3655 ipsius
1655 3586 1767 3639 loci

68 3667 262 3723 divina
303 3670 502 3740 augeri
545 3672 789 3725 voluerit
814 3673 1132 3738 clementia,
1192 3675 1383 3726 nullus
1431 3690 1624 3727 comes
1677 3675 1766 3728 vel

6 3758 7 3761 “
65 3756 274 3827 aliquis
328 3774 396 3811 ex
440 3758 701 3826 judiciali
765 3765 1043 3829 potestate
1098 3762 1170 3815 ad
1202 3778 1401 3815 causas
1453 3762 1766 3817 audiendas

64 3843 150 3895 vel
180 3842 349 3897 freda
380 3849 476 3897 aut
516 3845 734 3899 tributa
771 3863 871 3903 seu
925 3848 1150 3918 aliquos
1192 3849 1478 3920 conjectos
1533 3851 1765 3921 exigen-

68 3929 182 3997 dos,
208 3936 313 3984 aut
334 3932 662 3987 mansiones
691 3935 779 3988 vel
808 3941 1037 4005 paratas
1086 3937 1397 4005 faciendas,
1428 3945 1527 3993 aut
1569 3939 1765 3993 homi-

66 4033 161 4071 nes
194 4019 450 4073 ecclesia:
495 4022 939 4093 distringendos,
989 4030 1089 4080 aut
1147 4026 1385 4096 injustas
1441 4027 1764 4081 exactiones

64 4107 459 4176 requirendus,
512 4110 595 4163 vel
630 4111 918 4166 thelonem
950 4114 1314 4184 exigendum,
1364 4116 1571 4169 nostris
1620 4121 1762 4170 tem-

62 4196 301 4263 poribus
323 4200 383 4250 et
410 4196 615 4251 futuris
644 4199 869 4270 ingredi
898 4202 1123 4269 audeat,
1174 4218 1278 4257 nec
1309 4219 1375 4256 ea
1429 4220 1555 4274 quae
1612 4220 1763 4273 pra;-

1883 3058 2039 3121 sten;
2078 3058 2133 3108 et
2164 3054 2233 3108 de
2270 3052 2765 3107 Dabechneinsten
2796 3055 2943 3106 ultra
2984 3054 3252 3107 Pruscam
3285 3071 3465 3125 usque
3503 3056 3576 3110 ad

1882 3141 2175 3196 Roraham
2208 3141 2421 3207 rivum;
2458 3140 2526 3194 de
2553 3141 2789 3195 Rohaha
2821 3142 2974 3196 ultra
3008 3142 3267 3196 Sormam
3298 3144 3571 3209 ﬂuvium;

1881 3230 2087 3285 deinde
2128 3246 2307 3300 usque
2356 3229 2425 3283 ad
2460 3230 2693 3282 Matrem
2739 3228 3003 3296 ﬂuvium,
3062 3230 3132 3283 ad
3171 3230 3337 3283 illum
3382 3230 3576 3284 locum

1880 3318 1980 3388 qui
2032 3318 2239 3372 dicitur
2290 3316 2785 3382 Phaﬁ‘enbovend;
2836 3316 3105 3386 deinceps
3167 3334 3270 3387 per
3327 3319 3572 3372 Matrem

1880 3407 2146 3460 deorsum
2194 3422 2376 3475 usque
2408 3405 2507 3457 ubi
2543 3406 2717 3458 Matra
2756 3403 2907 3456 intra
2934 3404 3197 3457 Rhenum
3233 3422 3245 3457 :
3278 3410 3335 3458 et
3365 3406 3571 3459 deinde

1877 3510 2105 3548 sursum
2132 3509 2237 3563 per
2258 3497 2441 3545 totum
2473 3492 2717 3545 limitem
2745 3492 2929 3545 Rheni
2958 3508 3086 3545 cum
3127 3492 3325 3545 insulis
3384 3493 3569 3547 omni-

1876 3581 1983 3635 bus
2010 3580 2405 3650 adjacentibus
2429 3596 2606 3650 usque
2655 3579 3062 3633 Wiceuwilare.
3108 3581 3207 3634 Jus
3252 3580 3431 3651 igitur
3476 3580 3572 3635 fo-

1876 3674 2041 3723 restaa
2065 3669 2117 3722 ei
2148 3669 2379 3739 suisque
2428 3668 2844 3721 successoribus
2872 3672 3153 3737 nostrum,
3195 3685 3397 3738 regum
3428 3686 3571 3739 quo-

1876 3774 1988 3827 que
2042 3762 2099 3811 et
2149 3757 2562 3826 imperatorum
2611 3772 2771 3810 more
2829 3761 3252 3810 antecessorum
3272 3774 3374 3827 per
3428 3758 3568 3811 bau-

1875 3861 2017 3899 num
2076 3848 2337 3898 nostrum
2385 3843 2746 3913 imperialem
2788 3843 3161 3898 ﬁrmavimus.
3207 3846 3290 3898 Ita
3335 3860 3468 3898 vero
3509 3849 3573 3899 ut

1876 3935 2067 3987 nullus
2115 3932 2195 3986 ibi
2255 3948 2505 3993 cervum,
2547 3932 2635 3984 vel
2682 3947 2926 3997 cervam,
2976 3948 3172 3985 ursum
3239 3933 3325 3986 vel
3355 3948 3571 4001 ursam,

1875 4038 2081 4091 aprum
2106 4022 2284 4074 vel....
2330 4036 2531 4090 capros
2560 4020 2647 4073 vel
2700 4035 2896 4089 capras
2937 4019 3058 4072 sine
3109 4020 3337 4073 licentia
3390 4020 3571 4090 ipsius

1876 4109 2282 4181 quoquomodo
2327 4109 2533 4178 capiat.
2594 4108 2663 4160 Et
2689 4112 2751 4161 ut
2809 4108 2930 4160 haec
2985 4112 3196 4160 nostrae
3242 4108 3571 4162 donationis

1874 4200 2183 4253 auctoritas
2215 4197 2432 4251 stabilis
2483 4200 2538 4250 et
2581 4195 2913 4249 inconvulsa
2940 4195 3097 4248 omni
3143 4201 3400 4265 tempore
3438 4212 3569 4265 per-

64 4283 213 4337 dicta
245 4290 384 4339 sunt
411 4290 639 4355 penitus
662 4288 887 4359 exigere
920 4296 1262 4360 praesumat;
1298 4292 1394 4345 sed
1422 4292 1617 4345 omnia
1657 4293 1761 4348 sub
1789 4271 1837 4328 D
1880 4292 2134 4355 maneat,
2156 4287 2303 4339 hanc
2334 4284 2611 4355 paginam
2643 4283 2778 4337 inde
2810 4283 3192 4352 conscriptam
3229 4299 3404 4337 manu
3434 4300 3569 4353 ΡΓο·

58 4371 183 4441 jure
205 4373 393 4427 sancti
434 4375 583 4429 Petri
620 4377 932 4431 Trevericaa
972 4378 1119 4432 sedis
1150 4378 1387 4450 ejusque
1448 4380 1755 4451 pontiﬁcis,

63 4464 117 4513 et
138 4461 233 4515 cui
273 4461 397 4530 ipse
444 4464 796 4520 commiserit
832 4473 1238 4536 permaneant;
1299 4472 1355 4521 et
1411 4473 1674 4523 monetas
1704 4474 1763 4524 et

60 4547 353 4613 thelonea,
385 4565 512 4619 quae
546 4558 898 4607 memoratus
928 4555 1183 4624 pontifex
1223 4556 1283 4609 in
1312 4557 1587 4610 vestitura
1643 4574 1761 4612 suae

60 4636 318 4690 Ecclesia
360 4637 677 4708 invenerat,
721 4648 823 4695 aut
876 4644 1249 4712 postmodum
1281 4662 1313 4697 a
1350 4645 1567 4698 nostris
1607 4662 1757 4716 pra:-

60 4724 457 4779 decessoribus
511 4729 872 4799 acquisierat,
946 4732 1211 4801 legaliter
1270 4732 1329 4786 iu
1413 4739 1759 4804 perpetuum

61 4817 273 4868 teneat.
328 4814 411 4867 Ad
446 4816 553 4869 hoc
606 4822 665 4871 ut
687 4818 851 4888 juxta
904 4821 1089 4874 nostri
1120 4825 1546 4876 antecessornm
1604 4840 1760 4893 prae-

8 4936 11 4947 η
59 4907 241 4972 cepta,
268 4906 326 4955 et
347 4917 450 4972 pro
479 4910 677 4958 nostra
706 4907 998 4978 nostrique
1034 4915 1337 4978 parentum
1397 4911 1761 4982 eleemosyna

60 4990 301 5044 omnino
337 4990 754 5063 interdicimus,
795 5011 866 5047 ne
911 4994 973 5048 in
1005 4996 1139 5050 villa
1188 4998 1514 5052 Theodonis
1572 4999 1759 5053 thelo-

128 5112 281 5183 (168)
312 5113 582 5169 Henricus
625 5116 815 5170 divina
855 5119 1073 5183 favente
1121 5121 1399 5174 clementia
1437 5138 1553 5175 νεα).
1606 5123 1760 5176 Hanc

64 5182 345 5260 chartam,
407 5183 484 5260 in_
516 5182 918 5260 antiquissimo
976 5194 1031 5242 et
1085 5190 1197 5243 ﬁde
1246 5191 1580 5260 dignissimo
1615 5194 1758 5246 libro

61 5254 268 5332 copi-ali
305 5254 675 5332 descriptam,
700 5258 833 5311 data
871 5266 1180 5332 carentem,
1221 5261 1291 5314 ad
1310 5254 1559 5314 vannum
1605 5264 1759 5332 Pop-

62 5324 226 5401 ponis
261 5324 756 5401 primum_refero,
784 5330 938 5401 quod
969 5346 1035 5401 eo
1075 5324 1226 5384 anno
1258 5332 1572 5401 imperator
1624 5324 1758 5385 Tre-

60 5394 196 5470 viris
255 5394 469 5470 fuerit._
516 5395 605 5470 Sic
627 5394 1035 5453 Gesta‘Trevir.
1063 5418 1188 5470 cap.
1222 5402 1289 5455 48
1333 5394 1359 5455 τ’
1400 5404 1761 5470 Megingaudo

63 5467 312 5541 e_pis_cop_o
348 5466 639 5541 Trebericae
665 5472 974 5537 metropolis
1023 5471 1088 5524 de
1115 5466 1290 5526 medio
1318 5466 1617 5541 facto,'rea:
1646 5476 1762 5541 ipse

10 5544 13 5553 '
67 5534 341 5590 Treberim
389 5536 649 5602 festinato
713 5534 889 5607 venit;
939 5547 1059 5596 erat
1113 5544 1253 5597 enim
1304 5534 1361 5597 in
1418 5534 1761 5611 Conﬂuentia

1871 4375 1999 4445 pria
2038 4375 2334 4445 signantes
2365 4371 2538 4442 sigilli
2569 4372 2750 4425 nostri
2770 4369 3143 4441 impressione
3166 4369 3431 4441 insigniri
3454 4371 3573 4441 jus-

1874 4463 2070 4517 simus.

2152 4550 2378 4617 Signum
2428 4546 2614 4601 domni
2644 4546 2884 4600 Henrici
2914 4547 3284 4600 invictissimi.

1939 4636 2287 4691 Guntherius
2346 4635 2723 4689 cancellarius
2797 4634 2916 4687 vice
2976 4633 3350 4688 Erchanbaldi
3386 4634 3568 4689 archi-

1869 4724 2151 4797 capellani
2181 4723 2419 4778 notavit.

1943 4815 2085 4868 Data
2105 4828 2178 4865 vn
2201 4812 2333 4865 Idus
2376 4809 2525 4878 Maii,
2590 4827 2740 4864 anno
2806 4810 3112 4866 Dominicze
3164 4810 3569 4865 incarnationis

1874 4906 2032 4972 1017,
2055 4902 2252 4957 indict.
2285 4918 2375 4967 xv,
2400 4918 2552 4954 anno
2581 4917 2716 4954 vero
2744 4900 2942 4954 domui
2975 4900 3204 4954 Henrici
3230 4901 3463 4955 secundi
3484 4917 3571 4955 re-

1871 4994 2102 5065 gnantis
2125 5009 2239 5061 xv1,
2270 4993 2503 5062 imperii
2531 5009 2601 5045 IV.
2630 4997 2831 5047 Actum
2856 4994 3310 5048 Franchoneford
3330 4993 3571 5047 feliciter

1866 5121 2077 5189 positus
2097 5138 2118 5185 ;
2157 5122 2206 5171 et
2238 5119 2523 5185 impetrato
2551 5121 2668 5189 tam
2699 5117 3021 5189 clerigquam
3073 5118 3268 5189 populi
3291 5131 3565 5189 consensu,

1871 5187 2057 5266 ipsum
2094 5189 2421 5266 pontiﬁcali_
2453 5187 2715 5266 cathedra
2768 5187 3313 5266 sublimauit.__l|lud
3375 5191 3568 5266 autem

1873 5256 2161 5329 singulare
2193 5259 2346 5328 quod
2378 5258 2671 5322 Henricus,
2696 5256 2816 5329 jam
2857 5272 3007 5329 anno
3060 5258 3203 5329 1014
3258 5257 3569 5327 imperator

1872 5326 2228 5395 coronatus,“
2259 5346 2319 5382 se
2356 5344 2534 5395 regem
2579 5328 2853 5398 nominet.
2906 5326 3169 5379 Admittit
3196 5328 3301 5380 hoc
3342 5326 3567 5398 praesul

1874 5401 2214 5454 Gottwicen.
2264 5400 2475 5453 Chron.
2510 5403 2651 5451 tom.
2716 5397 2879 5467 prod.
2937 5414 2993 5467 p.
3046 5399 3168 5451 233.
3223 5397 3431 5452 Confer
3482 5399 3567 5453 di-

1881 5414 2214 5454 Uottwmen.
2264 5414 2475 5453 uurou.
2510 5414 2651 5451 tom.
2716 5414 2993 5519 proa.
3046 5414 3168 5451 κω.
3223 5414 3365 5451 ueni

1881 5471 2063 5525 cenda
2103 5470 2173 5524 ad
2198 5469 2417 5524 bullam
2460 5468 2748 5523 Benedicti
2768 5468 2876 5522 PP.
2957 5467 3048 5532 ΙΙΙ,
3082 5483 3215 5521 anu.
3250 5484 3368 5538 seq.
