3944 6302
378 323 479 375 335

1068 437 1279 491 XCVIII
1306 437 1386 489 bis

380 551 437 606 S.
479 549 744 603 Henricus
800 545 1026 600 ecclesia:
1069 541 1498 596 Paderbornensi
1545 537 1823 590 abbatiam
1874 535 2071 588 Hetm~

874 613 1261 668 wurdeshusen
1318 609 1574 664 concedit.

1018 704 1205 771 (Anno
1255 700 1434 768 1017.)

664 793 814 863 [Cod.
849 792 1070 860 diplom.
1103 790 1262 843 Hist.
1306 787 1570 856 Wespth.,
1592 803 1648 857 p.
1675 783 1790 856 74.]

453 903 516 956 In
570 899 799 953 nomine
848 901 1053 950 sanctas
1110 899 1167 948 et
1223 892 1530 946 individua:
1559 891 1870 955 Trinitatis,
1905 890 2075 944 Hem-

380 1006 557 1052 Iucus,
589 987 689 1042 Dei
715 985 897 1056 gratia
929 985 1320 1037 Romanorum
1351 980 1666 1050 imperator
1693 982 2001 1047 Augustus.

451 1078 746 1131 Canonum
814 1075 1022 1124 statuta
1050 1085 1168 1122 non
1226 1085 1322 1121 ore
1373 1068 1674 1120 hominum
1735 1067 1830 1120 sed
1871 1063 2076 1134 spiritu

385 1165 485 1218 Dei
514 1162 742 1216 condita
766 1158 1108 1230 prtecipiunt
1149 1162 1211 1210 ut
1251 1156 1506 1225 episcopi
1542 1156 1872 1224 frequenter
1923 1153 2075 1204 clau-

387 1257 504 1305 stra
552 1249 962 1303 monachorum
1011 1244 1261 1309 visitent,
1303 1249 1359 1296 et
1393 1243 1438 1295 si
1486 1259 1599 1312 qua
1634 1247 1792 1295 extra
1819 1241 2076 1310 regulam

382 1340 499 1393 illic
559 1335 904 1400 invenerint,
958 1332 1254 1386 abscidant
1304 1336 1359 1384 et
1406 1329 1714 1399 corrigant.
1763 1329 1888 1382 Haec
1940 1327 2078 1396 vigi-

380 1427 564 1480 lanter
593 1422 835 1476 interius
884 1419 1358 1488 contemplantes,
1409 1423 1466 1470 et
1523 1417 1582 1469 in
1612 1416 1785 1485 hujus
1825 1415 1950 1467 vitae
1981 1413 2077 1466 iti-

379 1529 514 1567 nere
544 1526 719 1565 onera
746 1513 956 1564 nostra
1000 1506 1281 1576 episcopis
1333 1504 1686 1574 imponendo
1743 1503 2074 1572 levigantes,

381 1600 631 1655 caritatis
669 1613 858 1662 causa,
895 1595 1016 1648 sine
1049 1610 1161 1664 qua
1195 1594 1350 1647 dives
1387 1609 1607 1664 pauper
1645 1597 1748 1657 est,
1797 1607 1927 1645 cum
1987 1590 2077 1643 in-

380 1691 639 1742 terventu
686 1682 1092 1738 amantissima:
1151 1681 1409 1752 conjugis
1460 1688 1664 1734 nostrae
1723 1678 2076 1749 Cunigundas

379 1773 643 1828 videlicet
671 1769 1048 1840 imperatricis
1093 1771 1386 1837 Augustae,
1444 1784 1574 1821 cum
1623 1766 2076 1836 archiepiscopo-

384 1877 513 1915 rum
575 1855 954 1912 Erchanbaldi
1014 1854 1479 1924 Moguntinensis,
1531 1854 1815 1925 Popponis
1870 1854 2071 1907 Treve-

381 1948 582 2014 rensis,
615 1943 854 2000 Geronis
915 1941 1473 2011 Magedeburgensis,
1528 1943 1762 1995 Unwani
1796 1942 2074 1994 Bremen-

376 2037 469 2100 sis,
495 2041 549 2088 et
583 2033 984 2103 episcoporum
1012 2029 1248 2083 Arnoldi
1283 2029 1793 2096 Halverstadensis,
1819 2029 2072 2098 Epponis

378 2119 885 2191 Babenbergensis,
983 2116 1316 2170 Theoderici
1408 2117 1712 2183 Mettensis,
1822 2116 2076 2171 Heinrici

379 2208 879 2278 Wirceburgensis,
992 2204 1326 2259 Theoderici
1416 2205 2072 2274 Mimigardevurdensis,

379 2297 626 2353 Heinrici
683 2293 1024 2357 Parmensis,
1086 2292 1415 2346 Theoderici
1493 2292 1817 2358 Miudensis,
1906 2292 2070 2346 Thie-

377 2385 568 2440 monis
616 2380 1080 2450 Mersburgensis,
1153 2380 1298 2432 Erici
1359 2379 1850 2448 Havelbergensis,
1903 2379 2074 2432 laico-

377 2491 505 2528 rum
547 2487 794 2544 quoque,
843 2469 1154 2522 Bernhardi
1213 2468 1394 2530 ducis,
1438 2468 1887 2538 Sigifridiatque
1915 2469 2069 2520 ΕΖῑὶ-

379 2562 538 2616 conis
567 2559 864 2622 comitum,
907 2556 1194 2610 abbatiam
1218 2557 1454 2609 nomine
1481 2557 2070 2609 Ilelmwardeshusen.

378 2666 508 2703 cum
538 2648 805 2701 omnibus
847 2646 962 2697 suis
995 2644 1350 2713 appendiciis
1391 2643 1703 2696 mobilibus
1749 2648 1804 2696 et
1861 2643 2074 2696 immo-

377 2736 607 2801 bilibus,
638 2735 758 2788 sedi
790 2732 1246 2786 Parderbonensi
1279 2733 1337 2784 in
1369 2731 1585 2784 honore
1627 2736 1831 2783 sanctae
1887 2731 2072 2784 Maria:

382 2829 821 2892 sanctorumque
852 2820 1078 2890 Kyliani
1108 2825 1281 2888 atque
1315 2819 1524 2872 Liborii
1558 2823 1920 2880 constructae,
1982 2818 2073 2871 cui

378 2911 621 2982 insignis
677 2907 1067 2979 acquisitionis
1124 2907 1330 2976 praesul
1365 2908 1784 2976 Meynwerchus
1832 2907 1892 2960 in
1924 2923 2071 2975 prae-

380 3001 691 3056 sentiarum
739 3001 968 3066 praeest,
1015 2995 1076 3048 in
1128 2993 1424 3064 proprium
1465 2995 1742 3060 dedimus,
1769 2999 2061 3064 nostroque

2235 2978 2395 3026 ostra:
2460 2976 2722 3024 tuitionis
2799 3013 2810 3025 .
2894 3011 2906 3024 .

373 3090 505 3160 jure
561 3092 618 3141 et
667 3085 921 3140 dominio
969 3084 1028 3136 in
1063 3083 1159 3152 jus
1182 3088 1237 3135 et
1272 3082 1594 3136 dominium
1643 3082 1824 3152 ipsius
1871 3083 2074 3136 amodo

379 3174 719 3248 potestative
774 3178 829 3226 et
869 3173 1035 3242 juxta
1063 3172 1323 3240 regulam
1375 3170 1552 3222 sancti
1612 3171 1900 3224 Benedicti
1955 3172 2074 3240 epi-

383 3263 686 3334 scopaliter
733 3258 1150 3329 disponendam
1215 3262 1385 3326 atque
1444 3257 1844 3326 possidendam
1903 3259 2074 3311 tradi-

382 3352 590 3407 dimus.
618 3351 680 3403 Et
701 3353 763 3401 ut
792 3348 912 3400 haec
944 3351 1153 3398 nostrae
1190 3344 1514 3397 traditionis
1567 3346 1773 3415 pagina
1828 3347 1992 3398 ﬁrma
2019 3351 2074 3399 et

381 3439 712 3495 inconvulsa
755 3439 1113 3504 permaneat,
1148 3450 1321 3486 manu
1352 3433 1582 3502 prepria
1641 3434 2074 3488 corroborantes

381 3535 555 3599 atque
585 3525 1010 3585 conﬁrmantes,
1045 3520 1218 3591 sigilli
1245 3521 1426 3574 nostri
1453 3521 1829 3592 impressione
1882 3522 2074 3576 subter

381 3631 506 3670 eam
536 3611 772 3682 sigillari
791 3609 1084 3679 jussimns.

451 3705 678 3767 Signum
735 3698 921 3751 domni
998 3697 1240 3750 Heinrici
1297 3697 1646 3751 invictissimi
1712 3700 2072 3753 Romanorum

377 3789 722 3859 imperatoris
753 3787 989 3851 Augusti
1019 3785 1100 3852 (L.
1125 3785 1237 3850 M.).

451 3873 806 3931 Guntherius
861 3872 1234 3926 cancellarius
1288 3871 1406 3925 vice
1450 3872 1823 3927 Erchanbaldi
1883 3873 2070 3927 archi-

379 3963 658 4034 capellani
681 3961 919 4015 notavit.

455 4055 594 4106 Data
625 4067 653 4102 v
687 4050 816 4103 ldus
835 4048 990 4113 Julii,
1035 4046 1344 4101 indictione
1395 4064 1492 4112 xu,
1551 4065 1702 4101 anno
1764 4048 2070 4102 Dominicaa

380 4137 789 4195 incarnationis
825 4138 978 4199 1017,
1037 4151 1186 4187 anno
1238 4151 1371 4188 vero
1425 4135 1622 4188 domui
1670 4135 1922 4190 Heinrici
1982 4153 2065 4188 se-

379 4227 552 4284 cundi
574 4225 867 4296 regnantis
899 4239 1007 4286 xvr,
1040 4223 1267 4293 imperii
1301 4240 1372 4276 ιν.
1406 4225 1607 4276 Actum
1642 4223 1847 4276 Lietzo.

452 4317 518 4371 Hi
549 4321 681 4368 sunt
707 4319 880 4366 testes
913 4328 924 4377 ;
963 4309 1272 4377 Tbietmer,
1326 4310 1554 4376 Ekkica,
1621 4311 1843 4374 Ludier,
1899 4311 2068 4365 Ekki-

377 4418 462 4470 ca,
508 4398 727 4467 Raadig,
791 4395 1068 4462 Walliem,
1129 4395 1417 4460 Widukin,
1462 4396 1673 4460 Benua,
1709 4394 1862 4457 Kisa,
1890 4399 2067 4447 Amu-

376 4492 492 4559 lag,
529 4486 775 4553 Volcbal,
821 4483 1125 4551 Thietmer,
1179 4483 1416 4549 Immed,
1468 4483 1766 4547 Gerbraht,
1816 4483 2064 4553 Wiking,

377 4576 656 4638 Thiedric,
711 4573 825 4639 lbo,
887 4573 1054 4637 Aiica,
1112 4571 1418 4638 Heriward,
1492 4570 1800 4635 Burchard,
1837 4571 2066 4637 Dodica,

376 4667 561 4725 Tiaza,
615 4662 922 4729 Vrctberic,
986 4660 1248 4725 Lefherd,
1325 4659 1566 4722 Eschulf,
1622 4662 1756 4725 Ova,
1818 4659 2063 4728 Widula,

370 4755 612 4825 .Fronca,
647 4750 959 4815 Herimam,
990 4749 1221 4814 Thiaza,
1256 4749 1421 4802 Bova.

446 4840 758 4911 Episcopus
779 4837 1200 4890 Thieodericus.

447 4929 569 4983 Dux
602 4925 984 4981 Bernhardus.

448 5017 523 5071 De
544 5013 770 5069 abbatia
803 5010 1248 5066 Helmuwrdesh.

1137 5117 1310 5170 XCIX.

445 5230 698 5299 Diploma
750 5224 1050 5282 S.Henrici
1104 5238 1206 5290 pro
1255 5221 1479 5275 abbatia
1533 5223 1587 5277 S.
1639 5225 1790 5277 Petri
1845 5222 1909 5277 de
1937 5223 2063 5279 Ρινο

1011 5328 1194 5390 (Anno
1248 5326 1431 5395 1017.)

727 5413 994 5489 [Ughelli,
1033 5415 1208 5468 Italia
1235 5415 1422 5479 Sacra,
1466 5416 1526 5480 Χ,
1559 5415 1706 5484 207.]

1227 5525 1283 5574 et
1360 5520 1667 5574 individuus
1742 5521 2056 5588 Trinitatis,

442 5527 506 5580 In
563 5524 794 5578 nomine
886 5527 1116 5586 sanctae,

1677 312 1732 366 S.
1780 306 2066 365 HENRICI
2103 307 2176 362 1M
2188 306 2574 362 PERATORIS

2105 433 2153 485 A
2193 430 2493 493 HENRICUS,
2577 425 2770 480 divina
2823 425 3045 478 favente
3111 405 3435 490 clementia,
3490 425 3889 477 Romanorum

2107 1704 2147 1758 Β

2098 4250 2141 4304 D

3787 304 3889 354 336

2185 517 2504 586 imperator
2523 518 2829 584 Augustus.

2258 604 2313 658 Si
2367 602 2742 657 Ecclesiarum
2806 599 2908 653 Dei
2978 599 3065 652 vel
3135 598 3551 654 monachorum
3607 599 3738 652 loca
3794 598 3894 650 ali-

2184 693 2347 762 cujus
2381 689 2841 744 conﬁrmationis
2899 703 2996 740 seu
3064 687 3411 741 defensionis
3477 687 3628 741 dono
3682 687 3892 740 melio-

2184 795 2311 832 rare
2340 778 2752 842 studuerimus,
2785 776 2840 830 id
2870 775 3036 829 nobis
3068 776 3436 846 profuturum
3463 791 3584 830 esse
3642 774 3894 828 minime

2185 866 2534 920 dubitamus.
2603 865 2966 933 Quapropter
3022 863 3284 917 omnium
3345 862 3554 917 Christi
3599 862 3891 929 ﬁdelium,

2185 952 2560 1023 praesentium
2582 951 2796 1005 scilicet
2840 955 2898 1004 et
2928 950 3256 1004 futurorum
3289 955 3490 1004 notum
3543 966 3666 1004 esse
3721 951 3894 1003 volu-

2185 1057 2311 1093 mus
2341 1041 2588 1110 qualiter
2615 1056 2736 1105 nos,
2771 1038 2952 1092 divini
2985 1039 3197 1092 amoris
3235 1039 3528 1104 instinctu,
3589 1038 3890 1108 quoddam

2184 1129 2596 1182 monasterium
2663 1127 2750 1180 vel
2809 1127 3095 1180 abbatiam
3143 1143 3177 1180 a
3226 1127 3744 1196 praedecessoribus
3781 1143 3889 1180 no-

2185 1216 2316 1268 stris
2390 1255 2403 1269 .
2487 1258 2497 1269 .
2580 1255 2592 1268 .
2676 1257 2686 1268 .
2768 1247 2810 1269 .~
2860 1215 3067 1268 inloco
3091 1214 3192 1284 qui
3245 1214 3452 1268 dicitur
3481 1215 3642 1268 Pirus
3691 1215 3889 1277 sitam,

2187 1304 2244 1356 in
2277 1303 2552 1356 comitatu
2590 1302 2908 1369 Tarvisino,
2946 1303 3005 1356 in
3034 1302 3249 1356 honore
3276 1303 3330 1358 S.
3365 1289 3516 1356 Petri
3576 1304 3891 1372 apostolo-

2186 1407 2314 1444 rum
2340 1390 2614 1460 principis
2650 1390 2986 1455 dedicatam,
3039 1405 3172 1443 cum
3222 1390 3491 1443 omnibus
3535 1390 3655 1442 suis
3705 1389 3889 1459 perti-

2186 1478 2396 1531 nentiis
2446 1479 2544 1549 qui
2603 1478 2741 1531 olim
2819 1478 2928 1531 sibi
2992 1477 3391 1547 pertinuerant
3445 1494 3514 1531 ex
3565 1477 3892 1530 donatione

2184 1566 2668 1634 praedecessorum
2698 1571 3048 1626 nostrorum,
3091 1571 3146 1619 et
3175 1581 3302 1636 quas
3335 1566 3394 1619 in
3437 1567 3892 1635 praesentiarum

2186 1654 2438 1723 praefatae
2496 1653 2733 1707 abbatiae
2773 1653 2965 1719 habet,
2994 1653 3287 1706 offerimus
3310 1652 3481 1706 etiam
3513 1658 3569 1706 et
3597 1652 3892 1707 donamus

2186 1741 2439 1811 praefatae
2520 1783 2531 1795 .
2611 1780 2625 1794 .
2709 1781 2719 1793 .
2800 1781 2812 1795 .
2893 1781 2907 1794 .
2986 1741 3249 1809 abbatiaa,
3282 1757 3386 1811 pro
3433 1741 3693 1795 remedio
3753 1757 3893 1812 pec-

2186 1830 2476 1884 caminum
2555 1833 2903 1892 nostrorum,
2986 1869 2998 1882 .
3080 1870 3090 1882 .
3174 1869 3186 1881 .
3269 1870 3280 1884 .
3362 1869 3376 1884 .
3457 1868 3469 1881 .
3547 1833 3606 1883 et
3680 1834 3896 1900 rogatu

2186 1918 2360 1972 etiam
2412 1917 2606 1971 dilecti
2662 1917 2846 1971 ﬁdelis
2911 1916 3092 1970 nostri
3157 1917 3408 1971 Joannis.
3486 1956 3502 1972 .
3583 1956 3596 1970 .
3681 1958 3696 1972 .
3784 1959 3794 1971 .

2186 2004 2606 2075 Aquilegiensis
2705 2002 3047 2074 patriarchae
3125 2044 3138 2058 .
3221 2047 3234 2060 .
3313 2044 3326 2057 .
3412 2046 3424 2058 .
3503 1992 3532 2058 .’
3597 2041 3611 2059 .
3693 2006 3895 2059 villam

2185 2093 2360 2147 sancti
2396 2093 2560 2146 Pauli
2589 2108 2719 2146 cum
2763 2092 2880 2144 suis
2900 2091 3262 2162 pertinentiis
3293 2097 3351 2146 et
3395 2093 3677 2162 capellam
3713 2095 3899 2148 sancti

2184 2182 2380 2236 Marini
2403 2197 2533 2234 cum
2575 2181 2690 2233 suis
2721 2181 3141 2249 appendentiis,
3173 2180 3435 2235 videlicet
3475 2197 3604 2235 cum
3647 2185 3893 2248 mansis,

2185 2269 2471 2333 domibus,
2497 2269 2683 2333 terris,
2707 2268 2908 2333 vineis,
2930 2269 3128 2338 pratis,
3163 2269 3405 2338 pascuis,
3431 2269 3605 2335 silvis,
3636 2272 3893 2324 venatio-

2183 2357 2372 2423 nibus,
2405 2355 2834 2424 piscationibus,
2895 2357 3264 2422 molendinis,
3317 2356 3422 2409 viis
3454 2361 3510 2410 et
3538 2356 3593 2408 vi
3676 2396 3690 2409 .
3775 2399 3787 2411 .

2281 2486 2293 2498 .
2374 2444 2618 2497 exitibus
2666 2449 2722 2497 et
2770 2443 3051 2498 reditibus
3128 2445 3384 2514 quaesitis
3432 2460 3530 2497 seu
3586 2445 3894 2515 inquiren-

2185 2531 2289 2596 dis,
2327 2533 2409 2584 vel
2441 2548 2570 2584 cum
2601 2531 2886 2598 omnibus,
2923 2548 3051 2601 qua:
3091 2533 3348 2601 quolibet
3403 2533 3570 2585 modo
3627 2533 3744 2586 dici
3794 2541 3894 2587 aut

2184 2619 2470 2672 nominari
2547 2623 2806 2689 possunt,
2889 2619 3248 2684 utilitatibus,
3325 2635 3428 2689 per
3473 2619 3579 2672 hoc
3617 2628 3893 2676 nostrum

2183 2713 2532 2777 praeceptum
2588 2708 2994 2760 conﬁrmamus
3026 2712 3081 2760 et
3133 2707 3585 2760 corroboramus.
3643 2708 3896 2778 Insuper

2185 2800 2240 2849 et
2265 2796 2591 2866 praedictam
2621 2796 2908 2849 abbatiam
2943 2811 3073 2848 cum
3104 2796 3361 2865 ejusdem
3414 2796 3752 2849 monasterii
3785 2797 3895 2850 ab-

2183 2883 2664 2951 bate,Adalberto
2706 2883 2962 2951 nomine,
3023 2883 3252 2952 suisque
3299 2883 3723 2936 successoribus
3780 2885 3888 2938 sub

2988 3011 3001 3024 .
3081 2971 3426 3024 defensionis
3475 2972 3890 3041 mundiburgio

2185 3059 2496 3128 recipimus
2524 3075 2650 3112 cum
2687 3058 2904 3112 cunctis
2952 3059 3386 3128 praenominatis
3431 3059 3781 3112 utensilibus
3837 3066 3892 3113 et

2187 3146 2382 3212 bonis;
2419 3163 2486 3199 ea
2532 3146 2798 3200 videlicet
2826 3146 3049 3199 ratione
3082 3152 3143 3199 ut
3177 3147 3368 3200 nullus
3395 3147 3528 3211 dux,
3563 3163 3781 3214 comes,
3818 3149 3894 3202 vi-

2184 3249 2462 3299 cecomes,
2513 3235 2600 3287 vel
2650 3235 2843 3304 aliqua
2898 3235 3059 3304 regni
3109 3236 3288 3288 nostri
3321 3251 3528 3305 magna
3569 3252 3890 3307 parvaque-

2183 3337 2449 3390 persona,
2523 3322 2902 3375 ecclesiastica
2959 3324 3044 3375 vel
3103 3323 3393 3376 saecularis
3467 3328 3724 3393 potestas
3765 3326 3888 3393 jam

2183 3408 2398 3462 dictum
2425 3409 2839 3463 monasterium
2872 3413 3040 3479 atque
3071 3411 3337 3463 abbatem
3382 3411 3450 3463 de
3481 3413 3888 3481 suprascriptis

2182 3496 2348 3549 bonis
2389 3497 2701 3563 disvestire,
2740 3497 3081 3568 inquietare,
3130 3499 3447 3559 molestare,
3481 3500 3568 3551 vel
3609 3499 3888 3569 deinceps

2179 3585 2394 3655 absque
2428 3586 2596 3655 legali
2657 3585 2744 3638 vel
2795 3586 3318 3656 imperialijudicio
3351 3588 3580 3640 audeat.
3641 3587 3697 3640 Si
3753 3589 3885 3658 quis

2180 3678 2371 3727 autem
2430 3674 2578 3743 quod
2624 3672 2800 3727 absit!
2857 3674 3028 3744 hujus
3062 3679 3271 3727 nostra:
3312 3674 3772 3728 conﬁrmationis
3832 3679 3887 3728 et

2180 3761 2664 3815 corroborationis
2693 3761 2961 3830 praecepti
2990 3777 3091 3815 seu
3143 3762 3492 3816 defensionis
3546 3763 3888 3817 mundibur-

2179 3849 2274 3918 gio
2314 3850 2555 3903 violator
2603 3849 2901 3914 exstiterit,
2961 3850 3099 3902 sciat
3127 3867 3186 3903 se
3236 3851 3690 3920 compositurum
3754 3854 3884 3905 auri

2180 3936 2382 4005 optimi
2407 3937 2578 3990 libras
2600 3941 2849 4004 centum,
2886 3937 3253 3991 medietatem
3285 3954 3527 3992 camerae
3558 3944 3798 4008 nostrae,
3830 3946 3887 3995 et

2179 4025 2538 4078 medietatem
2569 4026 2804 4094 praefato
2863 4026 3208 4080 monasterio
3249 4027 3485 4096 ejusque
3548 4027 3879 4082 abbatibus.

2178 4113 2248 4166 Et
2275 4117 2336 4165 ut
2395 4113 2567 4182 hujus
2625 4119 2833 4167 nostra:
2889 4114 3347 4168 conﬁrmationis
3405 4131 3502 4168 seu
3529 4115 3885 4170 defensionis

2179 4201 2487 4254 auctoritas
2539 4201 2753 4254 stabilis
2802 4202 2901 4271 [et]
2949 4203 3282 4256 inconvulsa
3331 4203 3488 4256 omni
3541 4211 3886 4271 permaneat

2182 4293 2440 4358 tempore
2459 4290 2602 4342 hanc
2615 4290 2887 4360 paginam
2906 4290 3430 4361 indecenscriptam
3446 4306 3618 4344 manu
3643 4295 3885 4363 propria

2180 4377 2611 4430 corroborantes
2637 4377 2823 4446 sigillo
2857 4382 3049 4431 nostro
3074 4378 3271 4431 subtus
3293 4377 3559 4447 insigniri
3575 4379 3878 4448 jussimus.

2247 4466 2476 4532 Signum
2518 4468 2579 4518 D.
2631 4467 2854 4519 Henrici
2903 4468 3253 4521 invictissimi
3289 4471 3338 4520 et
3385 4469 3718 4521 serenissimi
3769 4471 3881 4522 im-

2175 4557 2449 4621 peratoris
2480 4555 2625 4621 Aug.

2249 4643 2361 4710 Ego
2389 4643 2636 4695 Joannes
2683 4658 2836 4695 nunc
2889 4643 3313 4714 Aquilegiensis
3343 4643 3592 4698 ecclesia:
3629 4645 3878 4714 patriar-

2176 4730 2299 4795 cha,
2336 4729 2504 4782 laudo
2531 4736 2587 4782 et
2611 4731 2908 4784 conﬁrmo.

2250 4818 2362 4886 Ego
2402 4817 2745 4886 Peregrinus
2803 4817 2946 4872 sacri
3010 4819 3209 4888 palatii
3265 4819 3666 4890 cancellarius,
3707 4822 3878 4877 laudo

2176 4909 2233 4958 et
2269 4906 2564 4958 conﬁrmo.

2247 4995 2362 5062 Ego
2443 5035 2453 5046 .
2538 5034 2549 5045 .
2631 5034 2641 5046 .
2724 5035 2736 5048 .
2813 4995 3068 5049 brandus
3123 4996 3427 5066 episcopus
3484 5001 3541 5050 et
3628 4998 3881 5054 invictis-

2175 5081 2306 5134 simi
2365 5081 2728 5152 imperatoris
2795 5083 3350 5151 archicancellarius,
3411 5086 3580 5139 laudo
3630 5093 3691 5140 et
3746 5105 3880 5142 con-

2174 5169 2362 5223 ﬁrmo.
3490 5227 3492 5230 ,

2243 5260 2408 5310 Anno
2464 5259 2777 5312 Dominicaa
2825 5258 3234 5314 incarnationis
3285 5264 3440 5327 1017,
3483 5262 3605 5316 ind.
3666 5266 3874 5334 prima,

2174 5360 2322 5400 anno
2366 5344 2517 5402 dom.
2560 5347 2785 5401 Henrici
2827 5348 3079 5412 secundi,
3133 5348 3283 5420 regis
3322 5351 3406 5414 14,
3441 5349 3672 5420 imperii
3722 5369 3874 5405 anno

2173 5452 2225 5487 ιν

2458 5563 2470 5576 .
2548 5523 2811 5579 feliciter.
2834 5526 3035 5579 Amen.
