3944 6306
101 319 196 370 337

810 440 962 494 XCIX
986 441 1085 494 bis.

196 508 480 563 Fundatio
505 511 800 577 collegiate
837 513 1094 565 eccelesiz
1126 513 1454 568 Prumiensis
1473 517 1693 582 ﬁrmata

534 584 860 635 auctoritate
896 582 1135 636 Heurici
1159 585 1221 636 II
1244 586 1370 653 imp.

599 670 787 737 (Anno
826 672 981 735 1017,
1019 675 1081 724 17
1114 672 1332 742 Octob.)

270 755 627 828 [Hontheim,
675 761 816 813 Hist.
851 761 1057 813 Trevir.
1092 760 1344 829 diplom.,
1389 764 1430 826 Ι,
1461 762 1609 832 253.]

160 845 223 897 In
250 846 486 898 nomine
514 850 720 899 sanctae
752 852 807 899 et
834 846 1149 900 individua:
1206 848 1518 915 Trinitatis,
1580 852 1792 905 HENRI—

94 949 185 984 cus
214 933 313 986 Dei
335 934 520 1001 gratia
550 936 861 1003 imperator
888 936 1304 990 Romanorum.

162 1021 442 1074 Omnibus
462 1022 761 1092 episcopis,
783 1024 1106 1091 abbatibus,
1127 1025 1431 1079 comitibus
1450 1028 1788 1097 caeterisque

96 1110 357 1163 ﬁdelibus
379 1111 607 1173 nostris,
644 1117 756 1165 tam
790 1114 1164 1181 praesentibus
1196 1130 1369 1183 quam
1417 1115 1642 1180 futuris,
1677 1132 1789 1170 no-

94 1206 211 1252 tum
262 1215 383 1253 esse
436 1200 699 1253 volumus
739 1201 874 1271 quia
904 1201 1167 1255 Viroldus
1197 1202 1547 1256 Prumiensis
1590 1204 1784 1271 abbas,

95 1288 232 1354 (t69)
268 1293 463 1341 noster
494 1288 696 1352 ﬁdelis,
730 1294 922 1342 nostra
956 1290 1187 1344 licentia
1214 1296 1271 1344 et
1299 1308 1579 1345 consensu
1611 1292 1787 1362 quod-

96 1376 222 1429 dam
276 1377 691 1430 monasterium
723 1393 756 1430 a
804 1377 1188 1431 fundamentis
1217 1385 1572 1445 construens,
1635 1386 1690 1433 et
1724 1380 1785 1434 in

91 1465 300 1517 honore
330 1465 512 1517 sancti
567 1465 871 1519 Salvatoris
920 1465 1149 1519 Domini
1180 1467 1356 1519 nostri
1384 1468 1513 1519 Jesu
1555 1467 1779 1535 Christi,

88 1557 414 1623 sanctmque
441 1552 536 1605 Dei
566 1552 860 1622 genitricis
886 1569 1113 1623 semper
1141 1554 1379 1623 virginis
1408 1555 1615 1618 Mariae,
1679 1572 1784 1609 nec

84 1656 199 1692 non
256 1640 739 1695 victoriosissima:
769 1642 972 1708 crucis,
1009 1647 1065 1694 et
1112 1642 1289 1695 sancti
1322 1643 1596 1712 Stephani
1646 1659 1777 1713 pro-

87 1728 434 1799 tomartyris,
510 1728 823 1800 inclytique
871 1729 1135 1800 martyris
1200 1731 1260 1785 S.
1325 1732 1549 1785 Nazarii
1600 1732 1776 1785 dicari

83 1816 314 1882 faciens,
398 1817 684 1887 imperiali
767 1823 963 1872 nostra
1029 1819 1272 1873 tuitionc
1353 1820 1776 1874 defendendum

83 1906 533 1972 commendavit;
568 1906 805 1976 insuper
846 1907 1019 1961 etiam
1070 1909 1324 1961 narravit
1352 1908 1517 1961 nobis
1565 1908 1775 1978 praedi-

82 2001 199 2049 ctus
226 1996 568 2050 venerabilis
619 1997 792 2050 abbas
829 1997 1078 2067 qualiter
1137 2000 1247 2051 Deo
1299 2004 1611 2062 annuente,
1675 2015 1774 2051 no-

84 2090 312 2155 straque
334 2085 519 2155 gratia
564 2086 971 2152 consentiente,
1006 2086 1308 2155 praefatum
1362 2086 1777 2140 monasterium

82 2174 374 2226 canonicis
431 2173 701 2227 voluisset
765 2175 974 2242 locare,
1035 2174 1252 2244 eisque,
1303 2190 1367 2227 ex
1447 2174 1591 2244 (170)
1646 2191 1777 2244 pro-

81 2262 422 2331 prietatibus
500 2279 637 2334 quas
716 2262 838 2332 ipse
915 2264 1044 2332 jure
1128 2263 1387 2333 precario
1451 2263 1770 2334 acquisivit,

82 2351 294 2422 absque
352 2352 510 2405 omni
576 2352 991 2405 monachorum
1046 2351 1153 2404 sibi
1196 2352 1559 2413 subditorum
1600 2353 1774 2406 detri-

80 2445 295 2505 mento,
328 2440 698 2510 praabendam
725 2440 1017 2507 adhibere,
1067 2456 1311 2510 quorum
1369 2440 1605 2493 nomina
1654 2440 1776 2493 haec

80 2534 209 2582 sunt
273 2546 287 2583 :
352 2529 730 2594 Witlenbach,
768 2529 1090 2595 'Stadtfeld,
1157 2529 1536 2583 Ludtscheim.
1602 2530 1776 2598 Cujus

79 2617 352 2687 petitioni
427 2622 881 2688 cteterorumque
957 2622 1286 2671 nostrorum
1343 2616 1599 2671 ﬁdelium
1667 2616 1773 2670 sibi

80 2705 592 2774 coxnprecantium,
644 2705 751 2758 hoc
804 2709 908 2771 est,
967 2705 1379 2774 archiepiscopi
1428 2704 1775 2757 Trevirensis

81 2793 390 2862 Papponis,
437 2793 729 2846 Hereberti
799 2792 1170 2859 Coloniensis,
1235 2792 1599 2847 Arckenbodi
1659 2794 1771 2846 Mo-

79 2881 464 2949 guntinensis.
501 2881 811 2934 Eberhardi
841 2881 1298 2950 Bambergensis,
1334 2881 1621 2935 Brunonis
1650 2885 1772 2934 Au-

82 2968 392 3035 gustensis,
473 2966 732 3020 Hehelini
821 2968 1370 3037 Wurtenbergensis,

79 3053 537 3119 Wormatientis;
646 3055 1041 3124 comitumque
1128 3055 1365 3120 Gerlaci,
1471 3055 1774 3122 Gebhardi,

80 3143 459 3209 Bebenhardi,
508 3144 831 3213 Brunungi;
883 3160 985 3197 nec
1040 3160 1157 3197 non
1207 3144 1477 3197 abbatum
1531 3144 1775 3212 Poponis

80 3231 395 3296 Fuldensis,
474 3231 817 3284 Winnericlii
877 3231 1215 3296 Tevirensis,
1293 3233 1562 3285 Luthardi
1622 3234 1776 3286 Mun-

78 3319 543 3389 chenbergensis,
609 3320 873 3373 Richardi
925 3320 1416 3388 Amarbachensis,
1478 3336 1773 3374 assensum

79 3410 428 3480 prmbentes,
461 3408 730 3479 praedicta
780 3409 902 3462 loca
939 3408 1045 3462 sub
1104 3414 1313 3461 nostra:
1370 3408 1629 3461 tuitionis
1672 3408 1776 3461 im-

82 3499 422 3551 munitatem
504 3497 875 3566 suscepimus,
934 3503 1251 3549 mercatum
1309 3498 1605 3566 publicum
1644 3512 1773 3551 cum

82 3586 240 3640 omni
266 3586 401 3655 jure
441 3585 718 3653 ejusdem,
747 3586 994 3639 annuale
1047 3585 1312 3639 similiter
1366 3590 1421 3638 et
1465 3586 1776 3639 hebdoma-

80 3676 226 3740 dale,
273 3673 344 3726 ad
402 3672 749 3743 stipendium
804 3673 1045 3726 fratrum
1103 3673 1316 3726 ibidem
1382 3673 1638 3742 legitime
1684 3672 1770 3725 in-

84 3763 409 3830 stituimus;
442 3767 497 3815 et
531 3778 633 3832 per
659 3763 806 3815 hanc
833 3761 1193 3830 imperialem
1220 3761 1475 3813 chartam
1526 3760 1774 3830 impera-

148 3868 299 3938 (169)
334 3868 590 3922 Viroldus
626 3869 951 3921 Prumiensis
991 3868 1177 3938 abbas.
1236 3868 1483 3938 Numero
1521 3866 1774 3919 decimus

81 3936 381 4010 septimus.
418 3939 494 4010 De
525 3955 591 3991 eo
630 3939 835 3991 Knauti
862 3940 918 4010 in
948 3937 1186 4010 Defens._
1227 3936 1515 3990 Prumien.
1547 3953 1601 4006 p.
1656 3937 1772 4010 44)

83 4030 109 4061 σι
142 4007 336 4063 Abbas
370 4008 612 4061 Uroldus
643 4024 706 4061 ex
735 4009 994 4076 ,antiquo
1043 4007 1314 4060 comitum
1349 4011 1645 4059 stemmate
1705 4007 1775 4059 de

84 4083 248 4134 Dona
280 4095 407 4133 cum
433 4083 715 4132 conventu
737 4078 829 4132 hic
855 4078 1098 4132 Prumize
1131 4078 1437 4145 collegium
1473 4078 1774 4131 duodecim

81 4150 495 4205 canonicorum
545 4150 801 4203 fundavit
837 4149 898 4202 in
929 4149 1200 4219 qualitate
1229 4152 1638 4217 perpetuorum
1687 4164 1773 4219 sa-

82 4224 438 4275 cellanorum
483 4219 703 4273 abbatis
752 4224 808 4272 et
834 4218 1162 4272 conventus.
1214 4218 1515 4272 Ecclesiam
1548 4218 1771 4285 magni-

84 4294 189 4345 ﬁce
223 4290 559 4344 aediﬁcatam
595 4295 651 4343 et
670 4290 919 4343 dotatam
947 4304 1183 4358 corpore
1242 4289 1294 4342 S.
1359 4288 1578 4342 Nazarii
1634 4288 1772 4341 dita-

81 4364 182 4423 vit,
209 4362 269 4414 in
294 4378 407 4430 qua
424 4358 714 4430 sepelitur,
739 4364 794 4413 et
815 4377 1006 4413 annua
1027 4359 1297 4411 memoria
1321 4358 1609 4411 recolitur.
1633 4358 1775 4411 Add.

87 4433 379 4487 Mabillon.
410 4432 611 4484 Annal.
659 4431 945 4484 Benedict.
980 4436 1121 4483 tom.
1177 4430 1262 4493 IV,
1299 4430 1395 4482 lib.
1430 4445 1535 4493 LIV,
1581 4445 1635 4481 ιι.
1687 4431 1775 4481 42.

157 4502 310 4581 (170)
333 4502 771 4581 Proprietatibus
803 4503 1086 4581 quasipse
1106 4501 1533 4581 jurenpreeario
1590 4501 1779 4566 acqui-

88 4576 242 4627 sivit.
316 4570 486 4625 Auxit
530 4572 756 4640 collegii
819 4571 1185 4641 praebendam
1248 4570 1440 4623 Uroldi
1491 4585 1782 4641 successor

87 4644 318 4698 Albero.
356 4642 463 4695 Sed
506 4642 785 4695 reditibus
816 4640 1018 4711 postea
1073 4647 1127 4695 et
1175 4640 1311 4694 cleri
1371 4656 1612 4693 numero
1665 4640 1780 4691 bel-

82 4715 275 4767 lorum
303 4718 638 4781 tempestate
671 4713 1010 4777 imminutis,
1040 4712 1295 4776 demum,
1338 4711 1440 4763 sub
1490 4726 1583 4781 an.
1622 4712 1777 4775 1360,

87 4780 497 4838 Boemundi’ll
531 4782 781 4852 archiep.
808 4788 863 4836 et
918 4782 1254 4836 Theoderici
1311 4780 1530 4834 abbatis
1587 4797 1774 4850 opera,

86 4871 191 4907 nec
217 4870 339 4907 non
370 4854 688 4906 Innocentii
736 4854 809 4906 IlI
856 4855 915 4906 P.
980 4854 1049 4907 M.
1113 4852 1357 4917 indulto,
1415 4852 1639 4919 collegii
1668 4867 1779 4915 res,

87 4925 303 4977 abolita
352 4930 543 4976 tamen
575 4924 976 4992 praepositura,
1016 4924 1297 4977 restituta:
1329 4927 1479 4974 sunt.
1534 4922 1779 4992 Canoni-

87 5001 245 5048 catus
279 5010 480 5047 omnes
535 4991 771 5060 confert,
825 4999 881 5046 et
940 4994 1219 5047 decanum
1263 4993 1503 5047 electum
1553 4991 1783 5045 investit

88 5066 265 5119 abbas
298 5080 395 5117 seu
420 5064 851 5117 administrator
879 5064 1250 5117 Prumiensis.

157 5136 314 5205 (171)
356 5136 515 5189 Ludu
560 5136 1091 5189 archicancellarius.
1143 5134 1277 5198 Quis
1333 5133 1444 5197 hic,
1494 5131 1566 5205 _in
1624 5133 1781 5186 nullo

88 5203 367 5259 hactenus
422 5206 574 5258 edito
653 5206 961 5275 diplomate
1012 5220 1336 5269 occurrens,
1398 5203 1782 5256 archicancel—

88 5277 267 5329 larius
298 5275 388 5340 sit,
422 5276 546 5327 aliis
578 5275 1042 5345 investigandum
1070 5275 1352 5344 relinquo.

162 5346 312 5412 (17'2)
364 5348 552 5400 Nostri
616 5347 760 5415 juris
798 5344 803 5345 ⁷
838 5352 1038 5399 curtem
1090 5348 1305 5399 nomine
1336 5414 1343 5415 ί
1377 5344 1780 5415 Conﬂuentiam.

93 5419 280 5473 Curtes
324 5420 485 5481 regia
535 5421 585 5469 et
618 5414 758 5484 ’ﬁsci
802 5418 943 5479 regii
987 5417 1270 5486 appellata
1324 5414 1507 5486 fuere,
1544 5414 1663 5486 loca
1697 5430 1782 5486 ex

101 5487 679 5557 quibusliujusmodi
728 5488 945 5557 reditus
1002 5484 1637 5557 de'sumebanturdline
1656 5484 1781 5552 plu-

99 5558 259 5611 ribus
286 5556 695 5625 diplomatibus
742 5556 953 5611 diversi
982 5556 1198 5611 reditus
1244 5556 1313 5609 ad
1347 5570 1527 5608 unum
1584 5558 1783 5607 curtem

1362 321 1759 379 DIPLOMATA
1798 325 2344 381 ECCLESIASTICA.

1830 452 1875 501 A
1912 463 2041 500 mus
2100 453 2154 500 et
2200 447 2565 517 prmcipimus
2614 452 2674 501 ut
2734 450 2929 503 nullus
2986 451 3053 505 de
3111 454 3398 522 praedictis
3431 456 3603 509 rebus

3498 334 3601 386 338
3640 374 3645 375 ν

1912 535 2277 589 alienandum
2311 536 2578 590 fratribus
2616 538 2735 607 jam
2795 538 2956 591 dictis
3015 540 3229 609 aliquid
3270 541 3376 594 sibi
3432 559 3601 596 usur-

1911 628 2024 692 pet,
2088 630 2369 693 quatenus
2428 625 2575 689 illos,
2633 627 2823 695 quiete
2876 631 2931 679 et
2978 628 3211 697 paciﬁca
3270 646 3399 699 quas
3455 632 3604 684 Deus

1912 711 2067 764 dedit
2119 714 2205 765 vel
2276 714 2513 766 daturus
2599 715 2707 766 erit
2774 716 3149 784 possidentes,
3215 734 3319 787 pro
3408 725 3602 772 nostra

1905 797 2298 852 incolumitate
2348 801 2626 870 regnique
2653 801 2833 854 nostri
2886 803 3193 856 stabilitate
3227 805 3324 857 Dei
3381 806 3600 859 miseri-

1903 887 2156 940 cordiam
2186 903 2421 940 exorare
2479 890 2737 942 delectet.
2775 891 2839 943 Et
2896 895 2959 943 ut
3017 891 3137 943 hinc
3179 891 3447 960 jussionis
3496 910 3599 946 no-

1902 979 2033 1027 stra;
2094 975 2533 1045 donationisque
2608 977 2914 1030 auctoritas
2966 978 3153 1031 verius
3232 979 3498 1032 credatur
3542 984 3598 1033 et

1900 1062 2233 1131 diligentius
2284 1065 2352 1117 ab
2416 1065 2681 1118 omnibus
2732 1066 3083 1134 observetur,
3143 1067 3289 1120 hanc
3342 1070 3595 1122 chartam

1897 1150 2317 1219 indejussimus
2345 1152 2533 1218 scribi,
2568 1168 2884 1223 manusque
2904 1155 3153 1224 propriae
3174 1155 3594 1226 subscriptione

1896 1240 2244 1305 conﬁrmari,
2279 1246 2335 1293 et
2362 1240 2550 1309 sigillo
2592 1247 2782 1293 nostro
2804 1242 3085 1310 insigniri.

1968 1328 2193 1393 Signum
2227 1328 2432 1381 domini
2460 1329 2695 1381 Henrici
2716 1332 3077 1383 Romanorum
3106 1334 3245 1399 imp.

1967 1414 2291 1467 Guntherus
2349 1413 2559 1483 (postea
2609 1415 2849 1482 archiep.
2910 1416 3361 1485 Salisburgensis)
3447 1434 3587 1471 can-

1895 1502 2162 1554 cellarius
2201 1503 2242 1555 N
2276 1508 2331 1555 et
2363 1502 3013 1557 vicearcbicancellarius
3054 1504 3220 1574 (1'71),
3279 1506 3434 1559 Ludu
3491 1523 3586 1559 ar-

1894 1588 2383 1644 chicancellarius.

1966 1677 2105 1729 Data
2156 1694 2246 1730 xvr
2294 1678 2531 1731 Kalend.
2596 1678 2891 1743 Novemb,
2928 1678 3122 1731 indict.
3154 1695 3243 1743 xv,
3280 1696 3428 1733 anno
3487 1682 3588 1733 Do-

1888 1765 2113 1817 minicaa
2136 1765 2543 1818 incarnatiouis
2578 1770 2732 1830 1017,
2766 1782 2917 1829 anno
2939 1782 3071 1818 vero
3103 1767 3320 1820 domini
3362 1768 3584 1821 Henrici

1886 1853 1933 1905 II
1964 1857 2237 1921 regnante
2272 1852 2395 1924 [sic]
2430 1870 2519 1917 xv,
2550 1853 2777 1922 imperii
2811 1858 3006 1906 autem
3048 1870 3132 1907 ιιι.

1953 1943 2156 1994 Actum
2188 1942 2595 1995 Franconet‘ort
2623 1941 2882 2066 felilciter.
2917 1944 3119 1995 Amen.

1886 2082 1942 2135 S.
1994 2080 2276 2135 Henricus
2308 2083 2373 2136 II
2412 2084 2544 2149 imp.
2595 2084 2838 2150 Popponi
2898 2086 2947 2134 et
2999 2083 3228 2135 ecclesiae
3278 2083 3586 2137 Trevirensi

1955 2154 2162 2217 confert
2233 2158 2433 2205 curtem
2504 2154 2889 2220 Con/tuentium
2948 2168 3067 2206 cum
3140 2154 3383 2206 omnibus
3455 2170 3579 2222 per-

1956 2225 2104 2275 tinen
2115 2225 2223 2275 tiis.

2535 2292 2722 2360 (Anno
2761 2292 2939 2361 1018.)

2062 2362 2412 2431 [Hontheim,
2464 2366 2607 2417 Hist.
2649 2366 2852 2417 Trecz'r.
2886 2364 3139 2432 diplom,
3173 2364 3215 2429 l,
3252 2363 3401 2435 354.]

1952 2445 2013 2497 In
2064 2446 2295 2497 nomine
2354 2451 2566 2498 sanctae
2619 2450 2675 2498 et
2720 2446 3027 2499 individuze
3083 2442 3397 2512 Trinitatis,
3443 2447 3585 2500 Heu-

1882 2550 2032 2586 aicus
2074 2533 2266 2585 divina
2313 2533 2537 2585 favente
2593 2534 2909 2587 clementia
2974 2536 3360 2587 Romanorum
3410 2535 3585 2605 impe-

1885 2626 2044 2673 rator
2064 2622 2372 2690 Augustus.

1953 2707 2009 2761 Si
2039 2708 2388 2761 venerabilia
2418 2708 2786 2761 ecclesiarum
2848 2708 2947 2762 Dei
2984 2710 3101 2761 loca
3156 2710 3394 2777 alicujus
3446 2707 3583 2761 doni

1882 2798 2186 2850 commodo
2218 2796 2525 2850 sublimare
2558 2797 2969 2863 studuerimus,
3008 2797 3175 2849 nobis
3216 2796 3272 2849 id
3306 2796 3584 2866 regnique

1880 2885 2061 2938 nostri
2096 2884 2266 2938 statui
2298 2886 2666 2954 profuturum
2727 2901 2866 2952 esse,
2931 2885 3169 2938 minime
3229 2885 3578 2939 dubitamus.

1463 2968 1769 3021 Burchardi
1806 2990 1845 3045 ρ
1883 2974 2242 3043 Quapropter
2264 2974 2487 3026 noverit
2508 2973 2764 3026 omnium
2818 2974 3023 3027 Christi
3049 2973 3307 3026 ﬁdelium
3356 2978 3582 3026 nostro-

1889 3078 2133 3133 rumque
2165 3063 2503 3116 universitas
2533 3064 2779 3132 qualiter
2810 3080 2935 3128 nos,
2961 3078 3065 3133 pro
3096 3064 3349 3116 remedio
3378 3062 3582 3117 anima:

1886 3157 2117 3217 nostrae,
2150 3168 2254 3205 nec
2284 3168 2401 3205 non
2458 3151 2840 3205 dilectissimse
2890 3151 3150 3220 conjugis
3204 3156 3433 3217 nostras,
3474 3151 3581 3204 Cu-

1886 3239 2154 3308 nigundte
2202 3240 2465 3293 videlicet
2503 3240 2884 3308 imperatricis
2932 3244 3222 3308 Augustin,
3263 3238 3583 3292 Trevirensi

1885 3326 2166 3391 Ecclesize,
2254 3327 2345 3379 cui
2423 3326 2765 3379 venerabilis
2830 3327 3294 3395 archiepiscopus
3382 3327 3579 3395 Poppo

1884 3430 2127 3484 praeesse
2157 3414 2399 3477 videtur,
2429 3404 2733 3483 quamdam
2786 3414 2963 3467 nostri
3002 3414 3147 3483 juris
3196 3417 3413 3465 curtem
3473 3429 3579 3465 no-

1886 3502 2040 3555 mine
2071 3501 2493 3554 Contluentiam
2549 3506 2606 3554 et
2663 3500 2805 3568 (17?)
2834 3500 3114 3554 abbatiam
3149 3501 3315 3553 sitam
3343 3500 3401 3552 in
3431 3516 3579 3570 pago

1884 3588 2136 3642 Trichire
2186 3591 2354 3653 (173),
2418 3589 2479 3641 in
2539 3588 2814 3642 comitatu
2865 3604 2997 3641 vero
3058 3588 3345 3641 Bertholdi
3401 3587 3578 3640 comi-

1882 3676 1973 3744 tis,
2011 3691 2139 3727 cum
2180 3675 2449 3727 theloneo
2483 3679 2540 3727 et
2570 3680 2821 3741 moneta,
2851 3680 3055 3728 etcum
3078 3675 3348 3728 omnibus
3380 3691 3579 3728 eorum

1885 3761 2251 3833 pertinentiis
2285 3762 2456 3831 (174),
2492 3761 2658 3827 areis,
2721 3762 2998 3826 aediliciis,
3034 3762 3332 3831 mancipiis
3363 3762 3579 3815 utrius-

1886 3885 1987 3921 seu
2042 3869 2233 3921 villam
2278 3870 2487 3935 regiam
2543 3868 2897 3936 pertinentes
2928 3873 3316 3920 recensentur.
3370 3867 3473 3921 Sed
3524 3871 3581 3920 et

1886 3938 2178 4008 interdum
2211 3945 2401 3990 curtes
2433 3940 2606 4003 regia:
2629 3942 2900 4007 palatium
2928 3938 3202 4007 principis
3255 3938 3574 4008 designant.

1888 3998 2141 4077 Utroque
2173 4024 2337 4060 sensu
2375 3998 2726 4061 (Jontluentiu
2758 3998 3265 4077 curtisregia'fuit.

1958 4079 2103 4147 (173)
2131 4080 2403 4132 Abbatam
2436 4082 2598 4132 sitam
2629 4083 2686 4131 in
2732 4095 2873 4147 pago
2926 4082 3188 4132 Trichire.
3252 4079 3577 4146 Trajecten-

1886 4166 2006 4202 sem
2038 4150 2092 4202 S.
2127 4149 2366 4202 Servatii
2412 4149 2696 4201 abbatiam
2737 4150 2828 4202 hic
2870 4149 3060 4202 minus
3108 4153 3261 4201 recte
3310 4148 3578 4215 intelligit

1888 4222 2198 4279 Browerus,
2232 4220 2435 4271 Annal.
2473 4225 2610 4271 tom.
2665 4222 2703 4272 l.
2740 4220 2836 4271 lib.
2878 4234 2951 4284 XI,
2988 4236 3043 4271 n.
3084 4221 3162 4283 16,
3197 4235 3253 4286 p.
3299 4220 3419 4270 507.
3454 4218 3576 4270 Non

1889 4291 2041 4342 enim
2088 4290 2364 4341 abbatiam
2416 4290 2662 4342 Trichire
2709 4289 2846 4341 dicit
2876 4290 3207 4357 imperator,
3252 4288 3348 4339 sed
3414 4289 3577 4341 sitam

1888 4364 1945 4412 in
1977 4376 2118 4427 pago
2170 4360 2436 4424 Trichire;
2468 4361 2524 4411 in
2556 4376 2669 4427 quo
2701 4358 2969 4412 Trichire!
3014 4374 3161 4426 pago
3220 4357 3577 4410 Confluentia

1889 4446 2016 4482 cum
2049 4431 2170 4499 ipsa
2202 4430 2427 4481 abbatia
2463 4430 2788 4497 quaerenda.
2821 4428 3043 4481 Scilicet
3075 4428 3163 4480 hic
3195 4443 3376 4499 pagus
3405 4442 3575 4480 omne

1889 4500 2029 4553 illud
2074 4498 2371 4551 terrarum
2441 4500 2684 4568 spatium
2769 4504 3023 4568 occupat,
3087 4498 3237 4567 quod
3306 4498 3576 4551 Hunnes—

1889 4570 2087 4647 ruckio
2121 4570 2383 4647 Rhenum
2428 4572 2574 4647 inter
2593 4576 2660 4647 _et
2682 4570 2965 4647 Mosellam
2982 4569 3065 4647 ad
3096 4569 3215 4647 ipsa
3249 4583 3438 4647 usque.
3469 4568 3569 4647 hu-

1884 4643 1979 4710 jus
2032 4640 2188 4693 tluvii
2240 4640 2383 4692 ostia
2440 4640 2751 4749 interjacet.
2807 4641 2934 4706 Sed,
2978 4638 3199 4709 inquis,
3235 4654 3363 4708 quas
3425 4638 3579 4692 intra

1890 4709 2305 4749 nnnnnnntinm
2344 4710 2564 4749 nhhntin
2648 4711 2981 4749 Rncnnndnn
3010 4730 3021 4741 ο
3076 4710 3315 4749 anlnein
3377 4714 3428 4749 nt
3469 4708 3579 4749 nn]-

1890 4708 2309 4765 Conﬂuentiam
2343 4708 2606 4763 abbatia?
2647 4711 3021 4780 Respondeo:
3076 4710 3321 4762 Ecclesia
3377 4714 3432 4761 et
3469 4708 3580 4780 col-

1890 4782 2104 4851 legium
2143 4780 2196 4833 S.
2231 4781 2501 4848 Floriani,
2535 4783 2707 4850 quod,
2758 4779 2911 4833 teste
2944 4782 3191 4851 ipsomet
3220 4781 3497 4832 Browero.
3531 4779 3573 4831 1.

1889 4850 2008 4917 cit.,
2049 4868 2105 4920 p.
2151 4852 2273 4914 504,
2307 4867 2364 4902 n.
2426 4853 2477 4917 4,
2531 4851 2599 4903 iis
2653 4853 3009 4920 temporibus
3042 4850 3349 4903 vocabatur
3398 4851 3459 4903 B.
3500 4851 3573 4902 Μ.

1896 4925 1960 4977 V.
1994 4923 2397 4985 monasterium,
2447 4937 2578 4974 voce
2622 4938 2689 4974 eo
2739 4938 2859 4973 aevo
2914 4920 3333 4973 cathedralibus
3361 4924 3415 4971 et
3463 4921 3577 4970 col-

1890 4992 2115 5062 legiatis
2198 4991 2448 5044 ecclesiis
2509 4992 2625 5044 fere
2672 4992 2979 5045 communi.
3029 4988 3579 5062 Nempecanonicis

1891 5058 2028 5116 olim
2058 5062 2116 5115 in
2157 5062 2449 5114 communi
2497 5062 2818 5115 viventibus
2861 5067 3145 5130 praeerant
3176 5058 3428 5130 ’abbates,
3468 5058 3578 5130 sed

1891 5134 2186 5186 smculares
2218 5149 2231 5185 :
2265 5133 2333 5185 de
2367 5148 2612 5202 quorum
2658 5129 2876 5185 ofﬁcio’
2906 5138 2962 5185 et
3006 5129 3405 5202 prmrogativis
3438 5129 3580 5202 __Mo-

1891 5206 2053 5256 lanus
2085 5204 2162 5256 De
2211 5197 2500 5256 canonicis
2536 5202 2628 5254 lib.
2680 5220 2739 5267 ιι,
2772 5218 2893 5271 cap.
2931 5206 2979 5255 5.
3008 5197 3082 5252 Et
3119 5197 3267 5268 apud
3305 5197 3578 5271 Leodien-

1892 5291 1999 5347 ses
2029 5274 2299 5347 quidem,
2357 5274 2629 5347 aliosque,
2694 5273 2814 5347 ejus
2841 5268 2951 5324 aevi
3002 5286 3160 5347 more
3189 5275 3245 5347 et
3272 5269 3436 5347 style,
3470 5268 3580 5347 col-

1896 5338 2064 5413 legia'
2099 5338 2789 5396 canonicorum—abbatias
2819 5345 3176 5409 nuncupatas
3205 5338 3377 5413 tuisse
3404 5338 3580 5413 tradi-

1892 5411 1986 5467 tur
2012 5430 2044 5465 a
2082 5414 2292 5479 Miraao,
2331 5414 2579 5483 Diplom.
2630 5414 2835 5482 Belgic.
2870 5412 2967 5464 lib.
3014 5428 3069 5468 ιι,
3100 5427 3220 5479 cap.
3259 5411 3494 5483 19,7_not.
3529 5411 3577 5460 1.

1967 5484 2111 5553 (174)
2146 5486 2275 5539 Cum
2306 5479 2543 5538 thetoneo
2578 5490 2641 5557 et
2676 5479 2885 5557 moneta
2934 5488 2983 5557 et
3039 5496 3169 5557 cum
3214 5479 3457 5557 omnibus
3503 5492 3583 5557 eo:

1894 5570 2017 5607 rum
2042 5550 2412 5621 pertinentiis,
2446 5560 2548 5607 etc.
2578 5554 2677 5608 His
2704 5554 2934 5607 demum
2966 5550 3284 5621 imperialis
3313 5550 3583 5619 praecepti
