3944 6304
305 347 322 365 .
339 305 444 358 339

1635 296 1690 351 S.
1733 296 2030 353 HENRICI
2064 294 2541 352 IMPERATOBIS

3747 294 3852 347 340

339 438 449 494 que
505 436 686 489 sexus,
749 419 924 490 agris,
979 417 1226 489 pascuis,
1301 415 1507 483 vineis,
1583 416 1780 487 pratis,
1853 417 2030 484 silvis,
2059 417 2108 471 A
2143 421 2354 471 nostrae
2405 415 2669 471 videlicet
2718 413 3012 470 servitutis
3080 413 3479 485 paratissimus
3555 414 3849 486 prasidet,

338 507 762 572 venationibus,
799 505 962 577 aquis
1012 521 1364 575 aquarumve
1419 503 1771 570 decursibus,
1815 505 2036 558 molen-

341 597 516 665 dinis,
550 595 657 649 viis
684 599 742 648 et
770 593 959 660 inviis,
987 593 1232 646 exitibus
1265 597 1319 644 et
1374 591 1672 653 reditibus,
1725 592 2039 646 mobilibus

351 691 409 740 et
468 682 886 750 immobilibus,
926 697 1027 735 seu
1078 696 1206 733 cum
1239 680 1396 733 omni
1433 680 1675 732 utilitate
1715 696 1844 750 quin
1891 681 2041 734 nlla-

337 778 508 828 tenus
537 775 637 826 aut
693 771 862 825 scribi
911 776 1010 824 aut
1058 768 1244 822 notari
1293 767 1496 838 possit,
1539 768 1818 822 tradimus
1872 773 2041 840 atque

349 862 594 917 ﬁrmiter
661 859 959 914 donamus.
1024 857 1088 910 Et
1137 860 1201 910 ut
1249 856 1373 910 hac
1419 859 1631 909 nostrae
1687 857 2044 912 auctoritatis

340 951 555 1020 pagina
595 945 813 1001 stabilis
839 949 896 998 et
917 944 1254 998 inconvulsa
1296 943 1456 997 omni
1507 948 1846 1014 permaneat
1899 961 2038 1012 aevo,

347 1052 474 1091 eam
531 1049 708 1088 manu
752 1031 990 1103 propria
1045 1030 1402 1100 roborantes,
1435 1031 1609 1101 sigilli
1663 1031 2043 1102 impressione

341 1123 616 1196 jussimus
646 1120 939 1190 insigniri.

419 1211 644 1278 Signum
700 1208 907 1261 domini
965 1206 1206 1261 Henrici
1254 1209 1617 1262 Romanorum
1692 1208 2047 1264 invictissimi

345 1281 690 1349 imperatoris
712 1279 978 1346 Augusti.

420 1366 771 1421 Gnntherius
844 1365 1219 1420 cancellarius
1262 1365 1384 1419 vice
1434 1364 1812 1420 Erchenbaldi
1868 1365 2048 1420 archi-

346 1456 626 1527 capellani
651 1454 985 1522 recognovi.

421 1548 584 1598 Anno
655 1541 1068 1596 incarnationis
1144 1539 1371 1594 Domini
1432 1539 1612 1594 nostri
1651 1541 1783 1594 Jesu
1839 1539 2047 1597 Christi

352 1635 511 1700 1018,
546 1631 746 1686 indict.
788 1648 823 1694 ι,
867 1646 1018 1684 anno
1049 1629 1216 1699 regni
1247 1627 1469 1682 domini
1499 1628 1730 1684 Henrici
1765 1630 2048 1683 Romano-

2151 506 2255 559 sub
2310 506 2531 559 honore
2605 503 2750 574 agite
2836 501 2937 557 Dei
2997 500 3291 572 genitricis
3323 501 3514 556 Mariae
3551 501 3854 572 sanctique

2152 593 2403 647 martiris
2459 591 2671 645 Kiliani
2702 607 2805 645 nec
2828 607 2944 644 non
2974 595 3031 644 et
3075 590 3390 644 beatissimi
3452 591 3855 644 confessorum

2153 680 2332 734 sancti
2372 679 2583 733 Liborii
2631 677 2887 750 episcopi
2926 681 3265 731 constructae
3319 683 3488 748 atque
3550 677 3856 744 dedicatae,

2151 770 2266 822 tale
2297 767 2580 838 praedium
2607 768 2774 838 quale
2808 766 2975 819 Willa
3002 780 3106 836 per
3127 781 3363 819 manum
3400 765 3567 820 nobis
3601 765 3768 820 dedit
3797 771 3857 819 et

2151 871 2495 911 consensum
2535 855 2799 926 conjugis
2827 857 2884 908 et
2940 853 3194 907 advocati
3217 853 3304 906 sui
3333 853 3574 920 Ottonis,
3611 854 3673 906 in
3723 855 3856 908 loco

2152 944 2593 1013 Siburgohnsun
2622 941 2942 1004 nominato,
2977 940 3037 994 in
3073 940 3349 995 comitatu
3397 940 3611 995 Udonis
3665 943 3855 994 comi-

2151 1033 2240 1097 tis,
2276 1032 2335 1085 in
2376 1047 2524 1102 pago
2553 1029 3057 1096 Hemmerveldun,
3082 1044 3213 1082 cum
3251 1029 3517 1083 omnibus
3547 1029 3858 1099 pertinen-

2150 1121 2245 1175 tiis
2270 1121 2404 1182 suis,
2455 1117 2928 1190 possessionibus,
2968 1116 3268 1186 mancipiis
3316 1117 3617 1188 utriusque
3659 1134 3856 1185 sexus,

2152 1209 2325 1280 agris,
2351 1208 2626 1272 aedificiis,
2656 1206 2822 1260 terris
2851 1205 3019 1259 cultis
3073 1209 3127 1259 et
3166 1205 3417 1271 incultis,
3467 1206 3631 1277 aquis
3670 1222 3856 1276 aqua-

2151 1311 2397 1365 rumque
2429 1294 2782 1359 decursibus,
2806 1293 3006 1364 pratis,
3036 1293 3263 1362 pascuis
3299 1294 3415 1347 sive
3471 1294 3854 1365 compascuis,

2152 1383 2519 1450 molendinis,
2550 1381 2980 1452 piscationibus,
3015 1380 3199 1448 silvis,
3232 1381 3340 1435 viis
3361 1386 3418 1434 et
3453 1381 3643 1444 inviis,
3702 1398 3858 1435 cuu-

2155 1471 2372 1542 ctisque
2395 1470 2652 1542 quaesitis
2681 1468 2769 1523 vel
2813 1468 3195 1540 inquirendis,
3258 1469 3318 1522 in
3365 1469 3667 1540 proprium
3721 1470 3857 1540 jure

2154 1560 2397 1631 perenni
2418 1559 2781 1614 tradidimus.
2818 1559 2883 1612 Et
2913 1562 2975 1612 ut
3005 1558 3125 1611 haec
3154 1557 3391 1612 tradicio
3419 1558 3699 1628 praecepti
3754 1575 3860 1612 no-

2156 1648 2259 1702 stri
2281 1648 2447 1702 ﬁrma
2486 1651 2544 1702 et
2591 1647 2923 1701 iuconvulsa
2978 1650 3334 1716 permaneat,
3383 1647 3531 1700 hanc
3577 1647 3858 1717 paginam

503 1696 510 1700 .
1123 1696 1138 1699 -
2157 1696 2447 1702 --_____.__
2491 1696 2544 1702 η
2591 1696 2922 1701 ---η-.--η
2979 1696 3334 1716 τηῄμηη,
3384 1696 3527 1700 ____-
3579 1696 3858 1717 ποῶ--

351 1737 479 1775 Tum
511 1717 1281 1807 ίηνίοῖίεείωίνίίῐῖξρθτξίίοτίδ
1340 1716 1747 1807 A9893_tix‘71_1:
1810 1717 2045 1788 imperii
2078 1696 2119 1750 Β
2156 1737 2292 1791 inde
2343 1736 2726 1807 conscriptam
2781 1751 2957 1789 manu
3003 1735 3240 1805 propria
3295 1734 3635 1789 roborantes
3677 1735 3858 1806 sigilli

357 1812 548 1862 autem
568 1823 618 1861 v.
654 1808 857 1859 Actum
882 1805 1373 1929 Boderebrculnnen
1396 1804 1654 1858 feliciter.
1688 1805 1899 1860 Amen.

353 1947 410 2002 S.
459 1947 742 2000 Henricus
809 1946 1038 2000 ecclesia
1086 1945 1512 2000 Paderbornensi
1564 1944 1835 2014 praedium
1877 1947 2047 2016 quod-

1031 2016 1157 2069 dam
1187 2016 1370 2070 donat.

995 2085 1182 2156 (Anno
1238 2085 1414 2154 1018.)

640 2156 770 2226 [Cod
799 2154 1023 2224 diplom.
1065 2159 1210 2210 Hist.
1256 2155 1499 2228 Westph.
1525 2172 1598 2228 7p.
1633 2154 1750 2228 75.]

425 2228 483 2282 C.
535 2227 600 2280 In
654 2227 886 2280 nomine
973 2232 1182 2280 sancta:
1244 2231 1302 2280 et
1357 2226 1668 2280 individua;
1729 2226 2046 2295 Trinitatis,

357 2318 634 2370 ﬂammeus
658 2315 848 2369 divina
873 2314 1099 2369 favente
1130 2315 1435 2370 clementia
1493 2315 1883 2370 Romanorum
1939 2316 2050 2369 im-

356 2408 587 2474 perator
613 2406 924 2474 Augustus.

435 2491 666 2546 Noverit
691 2491 949 2546 omnium
975 2490 1078 2546 Dei
1119 2491 1378 2546 ﬁdelium
1434 2497 1878 2562 nostrorumque
1934 2495 2052 2546 tam

360 2580 732 2652 praesentium
774 2596 947 2650 quam
981 2579 1456 2650 subsequentium
1505 2577 1785 2632 industria
1809 2579 2054 2649 qualiter

359 2685 485 2733 nos,
513 2668 838 2722 interventu
880 2668 1102 2722 dilectae
1135 2667 1396 2738 conjugis
1426 2671 1662 2734 nostra,
1695 2667 2053 2738 Cunignndee

362 2755 618 2810 videlicet
643 2755 1022 2826 imperatricis
1067 2761 1348 2827 augustae,
1408 2755 1780 2826 ﬁdeliumque
1824 2761 2052 2810 nostro-

360 2860 510 2911 rum,
588 2845 879 2914 Popponis
933 2844 1295 2899 Treverensis
1350 2843 1785 2914 archiepiscopi,
1843 2845 2055 2899 Erkau-

2155 1826 2340 1881 nostri
2370 1824 2777 1879 suhterbullari
2796 1824 3074 1894 jussimus
3097 1823 3493 1894 impressione.

2229 1915 2454 1980 Signum
2501 1913 2684 1966 damni
2721 1911 2951 1965 Henrici
3008 1912 3378 1966 Romanorum
3427 1910 3509 1982 (L.
3543 1911 3639 1977 Μ.)
3697 1913 3854 1965 invi-

2157 1987 2382 2039 ctissimi
2411 1984 2756 2052 imperatoris
2786 1985 3044 2049 Augusti.

2229 2072 2576 2128 Gnntherius
2607 2071 2978 2125 cancellarius
3015 2069 3134 2124 vice
3165 2068 3521 2125 Ercambaldi
3586 2071 3853 2126 archica-

2155 2160 2372 2233 pellani
2401 2160 2750 2230 recognovit.

2230 2251 2370 2304 Data
2403 2267 2420 2304 1
2450 2249 2532 2303 Id.
2573 2251 2734 2318 Apr.,
2768 2246 3077 2302 indictione
3107 2264 3148 2316 1,
3203 2263 3353 2302 anno
3399 2247 3721 2302 Dominicaa
3778 2249 3863 2304 in-

2158 2337 2507 2392 carnationis
2530 2339 2707 2403 ⁸1018,
2736 2352 2888 2390 anno
2917 2351 3052 2391 vero
3109 2335 3306 2390 domui
3357 2336 3584 2391 Henrici
3617 2338 3862 2392 secundi

2159 2425 2453 2497 regnantis
2491 2441 2604 2492 xv1,
2627 2424 2860 2495 imperii
2889 2428 3082 2550 angam
3106 2440 3157 2478 v.
3214 2426 3418 2478 Actum
3475 2425 3866 2497 Noviomago.

2160 2569 2217 2623 S.
2263 2568 2546 2631 Henricus,
2613 2568 2928 2634 imperator,
2987 2567 3433 2634 Aquisgranense
3477 2568 3867 2623 canonicorum

2300 2638 2362 2690 S.
2386 2638 2666 2692 Adelberti
2712 2637 2990 2708 collegium
3019 2637 3221 2708 fundat
3249 2653 3311 2691 ac
3355 2638 3509 2691 dotat
3543 2637 3713 2708 (175).

2795 2706 2984 2775 (Anno
3034 2707 3213 2777 10t8.)

2489 2777 2754 2847 Μίνωας,
2803 2778 2942 2846 Opp.
2999 2776 3250 2846 diplom.,
3291 2778 3358 2844 Ι.,
3391 2776 3534 2847 149.]

2231 2847 2510 2912 Quoniam
2557 2848 2951 2902 indubitanter
2998 2848 3208 2901 scimus
3258 2849 3318 2902 in
3387 2852 3700 2919 conspectu
3763 2849 3866 2904 Dei

361 2932 516 2988 baldi
541 2934 857 3003 Mogontini
886 2931 1330 3002 archiepiscopi,
1373 2931 1688 2986 Eberhardi
1726 2933 2053 2988 Babenber—
2085 2977 2125 3032 Ο
2162 2937 2384 3007 placere
2415 2939 2742 2990 sanctorum
2775 2937 2898 2989 loca
2932 2936 3227 2990 instituere
3259 2940 3316 2991 et
3362 2937 3696 3003 sublimare,
3762 2955 3864 3008 spe

363 3021 553 3092 geusis
620 3021 895 3092 episcopi,
970 3021 1272 3075 Adelbaldi
1335 3021 1705 3090 Trajectensis
1783 3021 2050 3092 episcopi,

363 3109 500 3162 item
550 3109 838 3180 Popponis
887 3108 1106 3163 abbatis
1163 3108 1468 3173 Vultensis,
1530 3108 1818 3162 Godefridi
1872 3109 2050 3177 ducis,

366 3197 675 3251 Bernhardi
719 3198 897 3264 ducis,
955 3196 1200 3251 Beceliui
1256 3195 1511 3262 comitis,
1572 3195 1821 3249 ecclesiae
1861 3197 2053 3250 Pater-

364 3287 702 3357 brunnensi,
765 3287 856 3341 cui
919 3286 1282 3341 venerandus
1345 3285 1644 3356 episcopus
1695 3287 2055 3340 Meiuwercus

363 3427 548 3482 verbis
594 3427 951 3483 Confluentia
1001 3425 1431 3495 archiepiscopo
1463 3423 1718 3494 subjecta
1763 3426 1891 3488 fuit,
1937 3428 2054 3482 imo

365 3515 438 3552 ne
501 3515 652 3552 nunc
709 3499 943 3569 quidem
995 3495 1076 3549 ita
1123 3501 1188 3549 ut
1244 3496 1435 3569 omnis
1497 3497 1682 3569 adhuc
1719 3497 2054 3553 ofﬁcialium

365 3570 594 3638 imperii
625 3566 877 3639 potestas
902 3568 962 3639 in
1003 3582 1076 3639 ea
1101 3571 1363 3619 cessaret.
1399 3566 1559 3620 Conf.
1611 3566 2058 3639 instrumentum

365 3635 1163 3708 fundationisArnsteiuianas,
1194 3652 1288 3690 an.
1323 3639 1373 3700 1,
1411 3639 1509 3708 56,
1530 3641 1647 3708 not.
1672 3637 1746 3691 ia.
1781 3639 2058 3708 Equidem

368 3709 590 3779 legitur
621 3709 680 3780 in
700 3707 1113 3780 CestisTrem,
1147 3707 1558 3780 cap._46,‘_edit.
1596 3707 1857 3780 Lebuit,
1905 3713 2060 3780 quod

365 3775 630 3833 Henricus
664 3778 732 3847 (ΙΙ
765 3775 929 3846 imp.)
957 3775 1326 3844 Megingaudo
1383 3775 1695 3846 (Popponis
1752 3775 2058 3842 decessori)

367 3853 734 3918 episcopatum
774 3847 1206 3915 (Trevirensem)
1252 3847 1613 3917 conﬁrmavit,
1671 3863 1828 3915 quem
1888 3865 2060 3919 usque

367 3921 440 3973 ad
492 3923 651 3988 ﬁnem
693 3922 816 3971 vitae
871 3932 982 3970 suae
1014 3920 1083 3988 in
1141 3918 1448 3971 castello....
1497 3919 1831 3984 Conﬂuentia
1879 3920 2057 3973 admi-

366 3987 642 4043 nistravit.
679 3989 822 4060 Item
879 3987 1030 4056 apud
1079 3988 1384 4060 Abericnm
1441 3988 1511 4041 ad
1569 4005 1659 4041 an.
1706 3990 1864 4052 1003,
1919 4007 1979 4060 p.
2020 4007 2061 4044 11

366 4061 586 4122 Chron.,
620 4074 678 4127 p.
707 4059 774 4110 42
828 4073 842 4110 :
894 4060 1282 4112 Dissensio.....
1333 4057 1430 4111 diu
1459 4059 1589 4126 fuit,
1640 4063 1690 4112 et
1735 4057 2057 4128 Megincau-

368 4131 471 4183 dus
500 4144 706 4196 semper
761 4128 911 4197 apud
940 4129 1325 4196 Con/tuentium
1362 4133 1585 4183 mansit.
1619 4131 1685 4184 Et
1732 4132 2058 4199 expressius

369 4201 614 4265 Ditmar,
643 4199 853 4252 Chron.
889 4199 986 4252 lib.
1021 4216 1112 4264 v11,
1163 4215 1220 4266 p.
1272 4200 1375 4253 406
1410 4215 1422 4252 :
1470 4201 1865 4266 Megingaudus
1925 4203 2056 4256 obiit

369 4215 614 4265 unmar,
643 4215 853 4252 ωλι-οη.
889 4215 986 4252 nn.
1021 4216 1112 4264 v11,
1272 4215 1375 4253 auo
1410 4215 1422 4252 :
1470 4215 1865 4266 megzngauaus
1925 4215 2051 4256 00m

365 4274 424 4323 in
452 4271 583 4322 urbe
641 4285 740 4323 sua
796 4269 1109 4337 Cophelenci
1195 4273 1320 4323 icta.
1384 4270 1539 4324 Unde
1586 4288 1717 4324 cum
1769 4273 2051 4340 Browero,

366 4340 574 4394 Annal.
605 4341 765 4394 Trev.
795 4345 935 4393 tom.
968 4340 1013 4405 Ι,
1046 4341 1082 4392 l.
1118 4355 1171 4406 x,
1219 4355 1277 4392 n.
1336 4343 1453 4406 100,
1513 4357 1569 4410 p.
1600 4343 1723 4407 502,
1763 4344 2052 4397 concludit

369 4411 562 4481 Hahn,
611 4410 746 4464 Hist.
805 4411 943 4478 imp.
989 4426 1138 4479 p.11,
1199 4412 1462 4481 cap.-6,§
1519 4415 1570 4464 6.
1625 4418 1744 4465 not.
1795 4428 1866 4479 e.,
1907 4414 2052 4468 Con-

366 4479 662 4533 ﬂneutiam
700 4482 821 4549 jam
854 4485 985 4532 ante
1014 4496 1229 4533 annum
1266 4484 1400 4535 1018
1444 4479 1624 4535 fuisse
1669 4482 1816 4550 juris
1857 4484 2048 4538 Trevi-

367 4550 569 4603 rensis.
623 4550 729 4603 Sed
762 4551 809 4602 is
837 4566 984 4602 unus
1064 4551 1302 4604 Ditmari
1361 4553 1517 4604 locus
1567 4551 1660 4604 vix
1706 4553 1932 4608 efﬁciet.
1993 4555 2050 4610 Si

369 4619 544 4684 enim,
577 4620 728 4690 quod
758 4635 913 4673 suam
934 4620 1083 4674 dicat
1104 4622 1543 4684 Conﬂuentiam,
1579 4621 1647 4674 de
1680 4625 1831 4676 civili
1876 4627 2049 4679 etiam

360 4690 918 4759 jnreintelligamns,
979 4696 1036 4744 et
1063 4691 1226 4746 facile
1265 4697 1349 4745 est
1406 4698 1470 4744 ut
1516 4693 1767 4760 prolepsi
1797 4710 1932 4748 usus
1979 4696 2049 4749 sit

368 4761 662 4832 episcopus
685 4762 1250 4831 Merseburgenstsin
1307 4762 1606 4828 Chronico,
1672 4764 1825 4832 quod
1867 4767 2049 4820 serius

365 4831 610 4900 scripsit,
647 4836 702 4884 et
740 4832 808 4884 ad
843 4848 1057 4886 annum
1103 4835 1229 4886 tO2t
1281 4832 1566 4900 perduxit.
1611 4831 1892 4888 Caeterum
1941 4837 2051 4890 Me-

364 4900 722 4970 gingandum
758 4917 875 4954 non
902 4909 1098 4972 sponte
1146 4900 1560 4958 Conﬂuentiam
1604 4905 1918 4971 secessisse,
1952 4907 2049 4960 sed

363 4971 738 5042 Adalberonis
794 4971 1086 5042 praepositi
1143 4972 1426 5026 violentiis
1476 4973 1756 5037 adactum,
1807 4981 2044 5042 constat,

364 5041 488 5096 Vid.
524 5043 686 5095 Gesta
744 5041 942 5106 Trev.’;
980 5044 1144 5106 l.cit.,
1177 5043 1302 5095 Vita
1336 5042 1397 5095 Β.
1445 5042 1779 5111 Meinwerci,
1810 5046 1837 5109 §
1872 5048 1958 5110 10,
1990 5041 2045 5100 iu

360 5113 482 5184 Act.
518 5112 609 5166 SS.
642 5114 1029 5184 Antwerpien.
1057 5113 1270 5166 mensis
1296 5111 1483 5184 Junii,
1526 5117 1663 5184 tom.
1725 5115 1764 5179 l,
1805 5130 1856 5184 p.
1884 5183 1887 5184 ν
1918 5117 2041 5183 534,

361 5182 446 5236 lit.
469 5182 918 5248 a.;Alberinsl.
951 5185 1044 5237 cit.
1098 5182 1575 5252 Chronographns
1626 5183 1766 5236 Saxo
1812 5182 1894 5237 ad
1951 5182 2042 5240 an.

366 5255 520 5322 1008.
561 5270 618 5322 p.
652 5255 792 5319 220;
826 5255 1114 5308 Ditmarus
1130 5269 1186 5321 p.
1223 5254 1346 5305 384.

431 5316 578 5395 (1753
604 5316 946 5393 Aquisgrani
978 5325 1091 5378 duo
1122 5316 1260 5395 sunt
1314 5322 1720 5395 canonicorum
1786 5324 2039 5395 collegia,

359 5393 692 5465 Marianum,
745 5402 800 5448 et
848 5393 1494 5465 Adelbertinum._Prius
1539 5394 1770 5448 Carolus
1811 5393 2044 5465 Magnus

355 5461 670 5536 imperator
696 5463 1154 5536 fundavit,_et_in
1201 5463 1434 5517 basilica
1477 5465 1742 5530 rotunda,
1778 5461 1951 5536 quam
1980 5468 2044 5521 in

358 5533 566 5600 palatio
610 5551 712 5588 suo
743 5535 958 5588 ibidem
984 5534 1042 5587 in
1072 5533 1353 5588 honorem
1405 5535 1661 5605 Deiparae
1715 5533 2042 5592 construxe-

2163 3025 2373 3079 divinaa
2397 3023 2901 3090 remunerationis,
2931 3040 3035 3094 pro
3067 3025 3326 3079 remedio
3359 3025 3566 3079 animae
3618 3031 3860 3092 nostrae,

2163 3113 2540 3184 conjugisqne
2569 3117 2777 3166 nostrae
2795 3113 3036 3167 dilectas.
3063 3113 3430 3184 Cunegundis
3459 3113 3730 3168 videlicet
3759 3115 3866 3167 im-

2161 3201 2459 3273 peratricis
2487 3203 2777 3271 Augustae,
2828 3215 2934 3254 nec
2988 3217 3102 3254 non
3152 3205 3456 3271 parentum
3503 3205 3861 3268 nostrorum,

2162 3294 2298 3344 tunc
2327 3288 2500 3342 etiam
2541 3304 2648 3355 pro
2689 3288 3083 3343 conﬁrmando
3114 3290 3221 3344 sub
3252 3288 3443 3344 divina
3495 3289 3858 3360 protectione

2162 3433 2272 3494 rat,
2322 3428 2573 3482 residere
2627 3428 2824 3483 voluit.
2887 3430 3086 3482 Dotem
3110 3433 3306 3499 postea
3337 3428 3490 3483 auxit
3536 3429 3685 3493 Otto,
3738 3429 3859 3498 pri-

2165 3516 2294 3554 mus
2342 3501 2549 3561 Caesar,
2572 3503 2637 3552 ut
2687 3505 2745 3552 et
2815 3515 3120 3553 numerum
3165 3500 3568 3554 canonicorum
3612 3501 3861 3569 amplio-

2165 3586 2287 3642 rem
2335 3569 2470 3642 fecit
2528 3570 2806 3638 Notgerus
2861 3570 3220 3642 Leodiceusis
3265 3571 3583 3642 episcopus,
3630 3571 3690 3623 in
3744 3587 3860 3641 qua

2168 3639 2542 3710 dioecesisitae
2571 3644 2704 3692 sunt
2731 3643 2907 3710 Aquae
2939 3640 3132 3694 Grani.

2239 3709 2519 3763 Palatium
2608 3709 2811 3779 porro’
2858 3710 3319 3780 Aquisgranense
3390 3709 3727 3764 Godefridns
3802 3714 3859 3764 et

2169 3779 2482 3849 Sigefridus
2537 3795 2701 3849 reges
2760 3779 3072 3834 anno’882
3129 3780 3509 3834 incenderunt
3558 3787 3614 3833 et
3661 3786 3854 3833 vasta-

2170 3855 2322 3914 runt,
2374 3855 2442 3903 ut
2487 3849 2813 3920 Sigebertus
2866 3850 2927 3904 in
2981 3851 3264 3904 Chronico
3321 3855 3577 3904 testatur.
3622 3851 3859 3920 Capella

2171 3925 2361 3974 autem
2417 3935 2516 3992 seu
2585 3920 2927 3992 brasilica,ria
2979 3920 3374 3992 fundamentis
3427 3937 3534 3992 per
3568 3921 3860 3992 Carolum

2170 4005 2300 4044 cum
2375 3990 2679 4062 peristyliis
2745 3991 3087 4045 solidissime
3169 3990 3505 4060 constructa,
3566 3991 3861 4062 hodieque

2169 4065 2404 4130 prastat
2431 4060 2618 4113 forma
2671 4063 2937 4128 rotunda,
2989 4063 3271 4115 columnis
3327 4061 3682 4126 marmoreis,
3743 4060 3860 4115 for-

2173 4132 2298 4203 nice
2362 4137 2778 4196 concamerato,
2842 4149 2972 4185 cum
3027 4133 3291 4186 cancellis
3340 4138 3395 4187 et
3445 4134 3624 4203 portis
3667 4133 3858 4198 aereis,

2173 4202 2411 4274 aliisque
2451 4203 2828 4274 ornamentis,
2895 4219 3024 4272 quae
3103 4202 3535 4274 Eginharus’iu
3595 4204 3858 4273 ejusdem

2167 4272 2253 4324 sui
2285 4271 2556 4342 principis
2596 4277 2653 4326 et
2709 4274 2834 4326 heri
2874 4271 3000 4326 Vita
3054 4271 3340 4340 describit,
3395 4278 3459 4327 ut
3513 4271 3704 4327 coram
3755 4275 3860 4328 ali-

2163 4343 2412 4424 quando,
2499 4359 2630 4396 cum
2717 4344 3094 4399 admiratione
3164 4349 3502 4414 spectantes,
3587 4345 3856 4398 observa-

2158 4429 2366 4468 Vimus.

2230 4483 2586 4538 Adelbertini
2616 4483 2838 4554 templi,
2907 4485 3197 4554 quondam
3252 4489 3434 4552 extra,
3486 4501 3638 4538 nunc
3698 4485 3856 4540 intra

2159 4569 2356 4608 muros
2432 4554 2912 4625 Aquisgranensis
2968 4555 3028 4608 in
3105 4571 3245 4625 rupe
3318 4556 3428 4621 siti,
3480 4556 3856 4610 fundamenta

2160 4626 2288 4679 Otto
2348 4626 2417 4679 ill
2455 4626 2643 4680 Caesar
2681 4626 2868 4694 (cujus
2923 4626 3184 4679 tumulus
3221 4626 3283 4678 in
3340 4625 3554 4680 Marine
3609 4627 3850 4680 Basilica

2153 4696 2270 4765 jam
2322 4697 2552 4749 laudata
2607 4695 2830 4765 visitur)
2884 4711 2986 4749 suo
3040 4712 3152 4750 aere
3205 4698 3413 4765 posuit.
3460 4697 3516 4750 S.
3571 4697 3854 4751 Henricus

2159 4767 2465 4837 aediﬁcium
2523 4767 2778 4837 perfecit,
2841 4771 2897 4820 et
2964 4767 3267 4820 canonicos
3345 4767 3549 4837 amplis
3608 4768 3850 4835 praediis

2158 4835 2390 4902 dotavit,
2452 4853 2517 4888 ex
2551 4836 2758 4905 quibus
2809 4837 2987 4889 multa
3044 4837 3103 4889 in
3160 4835 3476 4890 conﬁnibus
3532 4839 3852 4891 Brabantia:

2159 4910 2216 4957 et
2242 4906 2543 4972 Zelandiaa,
2573 4907 2738 4959 tertio
2783 4907 2972 4975 lapide
3018 4907 3088 4960 ab
3122 4909 3468 4977 Antwerpia,
3509 4909 3654 4960 circa
3711 4910 3849 4962 Bat-

2157 4981 2425 5039 zentoren,
2449 4977 2621 5047 aquis
2641 4977 2909 5047 absorpta
2927 4978 3255 5045 perierunt;
3285 4984 3344 5030 nt
3368 4983 3424 5031 et
3450 4978 3599 5031 dicta
3630 4980 3806 5032 turris
3831 4997 3845 5033 :

2158 5060 2286 5114 quae
2335 5046 2540 5099 mediis
2600 5046 2660 5117 in
2720 5046 2903 5116 aquis,
2939 5048 3088 5101 haud
3131 5050 3329 5117 procul
3385 5065 3417 5101 a
3461 5048 3641 5102 Lilloa
3694 5051 3851 5103 velut

2157 5117 2387 5184 specula
2413 5116 2718 5182 eminebat,
2763 5118 2858 5170 sed
2914 5116 3151 5171 marinis
3192 5118 3459 5172 ﬂuctibus
3489 5134 3656 5172 exesa
3714 5126 3850 5172 ante

2154 5202 2366 5256 paucos
2395 5203 2576 5240 annos
2622 5187 2913 5258 concidit.
2954 5189 3068 5241 Erit
3116 5195 3331 5252 tamen,
3401 5195 3462 5242 ut
3499 5205 3690 5258 spero,
3739 5190 3853 5242 ali-

2155 5258 2404 5326 quando,
2439 5273 2567 5310 cum
2599 5259 2855 5326 amplum
2902 5257 3051 5312 istud
3111 5261 3249 5312 olim
3307 5257 3543 5312 terram’
3569 5259 3845 5326 spatium,

2153 5328 2534 5382 alluvionibus
2565 5334 2814 5394 auctum,
2845 5329 3145 5398 posteritas
3203 5330 3272 5382 ab
3303 5329 3511 5384 Oceani
3580 5330 3849 5383 ﬂuctibus

2153 5398 2483 5469 vindicabit,
2544 5399 3119 5469 Aquisgranensium,
3187 5400 3728 5469 Antwerpiensium,
3791 5406 3849 5454 et

2151 5468 2395 5522 aliorum
2426 5469 2598 5522 bono.
2736 5468 2750 5469 ί
3417 5468 3431 5469 ί
3861 5476 3868 5482 ’

2221 5539 2274 5591 8.
2344 5539 2716 5608 Cunegundis
2761 5540 3040 5610 Augusta,
3095 5540 3148 5594 S.
3214 5540 3442 5596 Henrici
3500 5541 3547 5594 II
3607 5541 3843 5596 Caesaris
