3944 6304
140 318 238 373 341

1409 322 1804 382 DIPLOMATA
1844 329 2395 387 ECCLESIASTICA.

3553 343 3655 397 342

139 443 309 512 regni
347 442 531 497 nostri
562 445 738 510 statu,
758 440 1068 525 ecclesiam
1120 443 1179 497 in
1205 444 1423 499 honore
1467 446 1522 500 S.
1557 448 1849 502 Adelberti
1886 453 1931 504 Α
1964 453 2188 506 mannis
2211 453 2351 507 duas
2380 458 2594 523 partes,
2622 470 2752 525 quae
2775 455 2882 509 sita
2910 460 2992 510 est
3032 457 3093 511 in
3141 460 3433 515 territorio
3480 460 3655 518 Sues-

138 532 413 600 martyris
468 537 525 584 et
585 524 862 601 episcopi,
930 531 992 584 in
1062 536 1255 586 monte
1313 536 1669 588 contermino
1727 537 1847 591 sedi

138 624 356 672 nostra;
398 619 653 689 Aquensi
718 635 752 671 a
782 617 946 671 nobis
997 618 1313 684 fundatam,
1349 622 1505 675 omni
1587 624 1845 678 libertate

143 706 458 771 donamus,
494 707 797 775 eidemque
856 707 1107 759 ecclesias
1167 724 1397 762 omnem
1428 711 1849 778 possessionem

145 810 280 864 quae
331 798 417 847 est
481 795 630 847 infra
686 810 941 857 murum,
997 811 1127 864 qua:
1187 796 1395 849 dicitur
1456 798 1660 865 Bruell,
1715 816 1846 853 cum

140 882 313 944 areis,
362 881 642 947 aediﬁciis,
675 881 848 950 agris,
905 881 1079 948 silvis,
1131 884 1332 952 pratis,
1388 886 1632 954 pascuis,
1683 888 1846 958 aquis

143 986 547 1041 aquarumque
607 969 960 1032 decursibus,
1025 969 1293 1037 exitibus,
1372 974 1667 1041 reditibus,
1740 976 1846 1030 viis

142 1063 202 1113 et
248 1058 438 1124 inviis,
469 1074 568 1111 seu
598 1073 727 1110 cum
771 1060 930 1111 omni
976 1058 1220 1112 utilitate
1275 1075 1404 1129 quae
1443 1062 1729 1115 ullatenus
1755 1064 1845 1117 vel

140 1146 434 1199 nominari
461 1146 547 1199 vel
577 1145 747 1199 scribi
777 1150 990 1215 posset,
1025 1146 1321 1201 tradimus.
1369 1190 1381 1202 .
1428 1189 1440 1201 .
1486 1192 1497 1203 .
1545 1189 1556 1201 .

213 1238 383 1288 Anno
431 1234 841 1288 Incarnationis
875 1234 1102 1287 Domini
1157 1235 1461 1289 millesimo
1493 1237 1712 1290 decimo
1749 1255 1842 1291 oc-

142 1328 298 1389 tavo,
351 1322 664 1375 indictione
741 1322 951 1391 prima,
1017 1323 1180 1392 regni
1229 1325 1405 1377 nostri
1484 1325 1705 1379 decimo
1753 1343 1844 1380 se-

144 1412 345 1482 ptimo,
389 1410 615 1481 imperii
650 1416 841 1464 autem
875 1410 1093 1481 quinto.

210 1502 416 1553 Actum
451 1499 797 1570 Aquisgrani
826 1499 1085 1553 feliciter.
1120 1502 1321 1555 Amen.

933 1606 1068 1659 CIII.

1956 538 2191 595 sionico.
2239 585 2250 596 .
2303 583 2316 595 .
2368 581 2380 596 .
2428 581 2440 595 .
2483 544 2636 597 Hanc
2684 542 3003 599 Alemannis
3055 562 3119 599 ex
3170 547 3477 603 donatione
3527 551 3652 605 Cle-

1955 628 2187 696 phontis
2234 629 2489 697 ejusdem
2532 631 2642 684 loci
2700 632 2939 698 abbatis,
3001 636 3101 704 qui
3132 635 3237 689 fuit
3293 638 3653 708 prOpinquus

1956 714 2141 768 Caroli
2198 717 2367 786 regis,
2423 718 2493 771 ab
2542 719 2779 788 antiquo
2828 720 3084 788 possidet
3113 723 3479 778 hereditario
3520 726 3653 795 jure

1954 802 2106 856 idem
2138 810 2379 857 sanctus.
2406 806 2470 858 In
2499 809 2680 860 Durno
2716 808 3009 862 ecclesiam
3041 826 3235 876 unam,
3285 811 3345 864 in
3385 814 3655 869 Lismcnte

1954 891 2250 945 ecclesiam
2280 908 2476 946 unam.
2522 935 2533 946 .
2581 936 2592 947 .
2641 934 2652 946 .
2698 932 2711 948 .

2024 980 2156 1033 Haec
2185 995 2320 1049 ergo
2362 980 2575 1048 omnia,
2634 997 2793 1035 more
2843 988 3266 1039 antecessorum
3300 992 3649 1053 nostrorum,

1952 1065 2013 1118 in
2066 1070 2316 1120 nostram
2373 1068 2679 1122 tuitionem
2722 1070 3044 1140 accipimus.
3104 1074 3491 1144 Prmcipiendo
3551 1077 3650 1130 ita-

1952 1169 2062 1223 que
2096 1154 2463 1225 praecipimus
2492 1161 2550 1209 ut
2581 1158 2773 1212 nullus
2804 1159 2935 1225 dux,
2967 1161 3246 1229 marchio,
3277 1179 3489 1231 comes,
3534 1165 3650 1219 sive

1951 1242 2394 1331 aliqua.major
2458 1244 2717 1299 minorve
2763 1246 3068 1316 judiciaria
3132 1266 3379 1319 persona
3456 1252 3647 1322 ipsum

1950 1331 2364 1384 monasterium
2407 1332 2749 1402 inquietare,
2794 1340 2891 1387 aut
2924 1335 3213 1405 aliquibus
3240 1337 3309 1391 de
3339 1339 3510 1393 rebus
3542 1340 3647 1394 sibi

1954 1419 2377 1488 pertinentibus
2431 1420 2654 1473 auferre
2684 1428 3015 1489 praesumat.
3074 1425 3137 1477 Et
3168 1429 3227 1477 ut
3256 1429 3454 1479 nostra
3484 1427 3645 1497 inge-

1951 1506 2188 1559 nuitatis
2220 1506 2527 1560 auctoritas
2558 1508 2774 1561 stabilis
2841 1514 2897 1562 et
2929 1510 3261 1565 inconvulsa
3301 1515 3461 1567 omni
3516 1522 3648 1585 post

1949 1593 2083 1647 hinc
2114 1598 2447 1663 permaneat
2474 1598 2755 1665 tempore,
2789 1596 2894 1650 hoc
2923 1603 3279 1667 praeceptum
3330 1600 3464 1654 inde
3510 1618 3646 1656 con-

140 1692 525 1775 slﬁimgafs
564 1692 884 1775 impera?”
952 1695 1307 1775 possessionis
1361 1694 1594 1775 αὖραιίεε
1648 1697 1839 1751 Sancti
1870 1722 1910 1775 Β
1948 1680 2224 1749 scriptum
2282 1696 2457 1733 manu
2530 1682 2762 1751 propria
2816 1683 3295 1751 conﬁrmavxmns,
3355 1691 3409 1740 et
3473 1687 3645 1757 sigilli

215 1764 429 1816 Gislem'
470 1766 529 1815 in
559 1764 848 1817 Hannonia
892 1767 1195 1832 conﬁrmat,
1246 1766 1491 1819 Gerardo
1543 1768 1596 1833 I,
1651 1768 1834 1822 Came-

208 1834 423 1886 racensi
477 1834 741 1900 episcopo,
823 1839 872 1887 et
917 1835 1190 1900 Roginero
1244 1837 1342 1890 IV.
1394 1838 1697 1891 Hannonix
1756 1854 1842 1891 co-

206 1906 356 1971 mite,
390 1904 810 1975 postulantibus.

784 1991 975 2063 (Anno
1024 1993 1203 2063 1018.)

598 2078 841 2147 (Mirzeus
889 2080 984 2133 ubi
1015 2096 1202 2149 supra,
1229 2080 1371 2154 508.]

206 2170 272 2221 In
318 2166 555 2221 nomine
587 2172 795 2221 sanctae
840 2172 896 2221 et
922 2168 1235 2223 individuae
1286 2170 1600 2237 Trinitatis,
1625 2173 1837 2225 Harun-

138 2274 228 2310 cus
261 2256 413 2325 (I76)
437 2255 630 2309 divina
658 2255 879 2310 favente
902 2256 1206 2310 clementia
1234 2258 1625 2313 Romanorum
1655 2262 1835 2330 impe-

135 2349 296 2398 rator
319 2346 631 2413 Augustus.

203 2431 543 2501 Ubicunque
609 2433 863 2485 locorum
924 2431 1186 2486 ecclesias
1243 2449 1277 2486 a
1315 2433 1523 2487 Christi
1574 2434 1836 2490 ﬁdelibus

132 2520 469 2575 constitutas
504 2520 550 2573 si
581 2521 667 2572 vel
719 2520 939 2590 aliquid
999 2520 1260 2574 addendo
1321 2523 1409 2575 vel
1449 2522 1641 2576 addito
1669 2525 1832 2592 juva-

128 2626 254 2663 mus
305 2609 720 2671 confirmando,
778 2608 943 2662 nobis
975 2608 1033 2662 id
1068 2608 1349 2680 regnique
1394 2611 1576 2664 nostri
1606 2613 1830 2665 stabili-

131 2699 232 2751 tati
262 2697 530 2767 prodesse
564 2712 679 2749 non
709 2696 1056 2751 dubitamus.

196 2785 566 2854 Quapropter
615 2784 837 2837 noverit
886 2784 1145 2837 omnium
1190 2783 1447 2838 ﬁdelium
1500 2790 1831 2841 nostrorum

128 2875 478 2927 universitas
508 2874 754 2942 qualiter
811 2888 911 2925 nos
949 2889 1054 2941 pro
1078 2873 1331 2926 remedio
1362 2873 1567 2928 animle
1598 2880 1827 2942 nostrzn,

128 2962 489 3031 seniorisque
522 2967 576 3014 et
627 2960 850 3031 nepotis
890 2960 1089 3028 nostri,
1136 2961 1285 3014 tertii
1319 2961 1582 3015 videlicet
1611 2964 1829 3017 Ottonis
1860 2993 1902 3047 α

128 3050 496 3122 imperatoris
550 3049 807 3117 Augusti,
843 3048 943 3120 qui
974 3048 1162 3118 ipsum
1195 3050 1582 3104 venerabilem
1615 3052 1823 3114 locum,

129 3141 199 3193 ad
248 3139 351 3193 Dei
407 3137 702 3191 servitium
746 3137 826 3191 ibi
882 3138 1360 3204 conﬁrmandum,
1410 3139 1469 3193 in
1526 3141 1829 3195 tuitionem

128 3246 248 3281 sua:
308 3227 695 3296 imperatoriae
753 3226 1101 3279 auctoritatis
1159 3227 1433 3296 suscepit:
1503 3228 1829 3283 interventu

124 3318 302 3371 etiam
330 3315 627 3370 Reinharii
666 3315 908 3379 comitis,
942 3331 1005 3367 ac
1035 3313 1317 3383 petitione
1349 3315 1583 3369 Gerardi
1622 3318 1826 3371 Came-

126 3404 380 3458 racensis
436 3403 696 3455 Ecclesiae
743 3402 1053 3456 venerandi
1109 3403 1389 3472 praesulis,
1422 3405 1664 3474 pauperi
1706 3422 1823 3460 mo-

128 3493 402 3558 nasterio,
439 3491 495 3544 in
543 3491 760 3544 honore
806 3491 858 3543 S.
916 3490 1070 3544 Petri
1130 3492 1520 3561 apostolorum
1550 3493 1826 3564 principis

125 3584 473 3645 constructo,
532 3580 627 3634 ubi
685 3579 964 3649 pretiosus
1008 3580 1294 3633 confessor
1326 3581 1530 3634 Christi
1563 3581 1823 3637 Gislenus

125 3669 503 3742 corporaliter
555 3669 743 3739 jacere
783 3668 1024 3733 videtur,
1078 3668 1293 3737 prandia
1324 3685 1356 3721 a
1389 3669 1594 3722 Christi
1633 3668 1824 3724 ﬁdeli-

124 3758 229 3811 bus
289 3772 573 3822 concessa,
629 3756 718 3809 vel
788 3755 972 3808 adhuc
1010 3756 1393 3822 concedenda,
1452 3757 1822 3826 praecinctum

122 3847 296 3899 etiam
326 3844 436 3898 loci
467 3845 646 3915 ipsius
676 3844 736 3897 in
778 3859 938 3914 gyro,
972 3860 1005 3897 a
1061 3843 1297 3898 ﬂumine
1327 3844 1588 3898 videlicet
1625 3846 1823 3915 Wamy

121 3951 309 4004 usque
341 3934 409 3987 ad
465 3933 614 3986 viam
666 3932 764 3985 ubi
791 3948 998 4001 magna
1028 3949 1164 3985 crux
1205 3936 1415 3985 statuta
1451 3938 1554 3997 est,
1603 3938 1657 3986 et
1687 3934 1821 3988 inde

120 4023 191 4076 ad
223 4023 469 4076 alterum
537 4020 832 4075 tluviolum
881 4020 981 4091 qui
1036 4022 1247 4074 Aneton
1302 4022 1639 4091 appellatur,
1676 4027 1730 4075 et
1759 4028 1823 4076 ut

118 4110 314 4180 ipsum
350 4110 722 4180 prmcinctum
778 4109 837 4162 in
869 4108 1108 4163 circuitu
1138 4108 1248 4162 loci
1296 4114 1479 4162 totum
1533 4127 1660 4163 cum
1707 4112 1821 4164 dis-

120 4201 289 4252 tricto
338 4203 395 4251 et
450 4197 725 4251 comitatu
782 4201 993 4263 teneat,
1052 4212 1165 4267 quo
1239 4213 1421 4268 usque
1477 4199 1544 4251 ad
1602 4200 1817 4253 ﬁumen

122 4303 401 4358 magnum
433 4288 681 4350 Hagnam
703 4287 1016 4355 perveniat.

196 4376 261 4428 In
287 4374 424 4427 villa
473 4374 736 4441 Homud,
771 4390 898 4444 quae
948 4374 1097 4427 infra
1150 4373 1520 4443 praecinctum
1553 4375 1815 4428 eumdem

122 4479 245 4516 esse
306 4461 678 4531 dignoscitur,
712 4477 884 4531 quam
934 4461 1237 4529 largitione
1297 4461 1603 4531 Dagoberti
1669 4462 1819 4531 regis

120 4549 324 4602 beatus
373 4548 632 4601 Gislenus
662 4551 938 4617 perpetuo
969 4547 1240 4616 possidet,
1281 4547 1433 4621 omni
1487 4552 1691 4616 quarta
1737 4548 1815 4601 fe-

123 4639 205 4689 ria
264 4639 578 4689 mercatum
625 4653 764 4700 esse,
814 4652 917 4705 per
971 4636 1119 4689 hanc
1171 4639 1423 4688 nostram
1459 4635 1817 4705 imperialem

120 4725 397 4795 paginam
448 4723 874 4790 conﬁrmamus,
930 4740 1035 4777 nec
1085 4740 1201 4777 non
1253 4724 1424 4777 etiam
1482 4724 1630 4777 villae
1684 4726 1818 4777 Ale-

121 4847 335 4917 conjux
383 4851 439 4899 et
488 4846 667 4913 virgo,
730 4863 881 4900 anno
945 4848 1102 4911 1040,
1161 4847 1230 4901 ad
1287 4846 1586 4900 meliorem
1643 4847 1818 4900 vitam

121 4918 370 4982 transiit,
422 4918 748 4987 Bambergze
778 4917 1002 4971 condita
1060 4918 1121 4971 in
1172 4918 1667 4971 Benedictinarnm
1709 4934 1818 4971 coe-

122 4989 299 5042 nobio
330 5004 364 5039 a
395 5004 452 5039 se
483 4988 735 5040 condito.
775 4989 851 5041 De
903 4992 1169 5057 utroque,
1202 4993 1265 5041 ut
1291 4990 1359 5041 de
1415 4988 1476 5042 S.
1516 4988 1818 5041 Adelberto

121 5060 178 5112 in
214 5058 608 5123 martyrologii
640 5059 802 5111 Rom.
864 5058 1020 5110 fastis
1047 5059 1283 5123 legitur:
1336 5060 1561 5111 Festum
1599 5057 1651 5111 S.
1706 5059 1816 5111 Cu-
1870 5100 1875 5104 .

121 5127 409 5197 negundis
435 5128 569 5180 colit
634 5128 879 5180 Ecclesia
909 5128 1001 5181 die
1048 5131 1077 5181 3
1108 5129 1321 5195 Martii;
1380 5129 1432 5182 S.
1471 5128 1696 5182 Henrici
1729 5129 1817 5181 die

124 5204 185 5254 l5
206 5199 375 5262 Julii;
410 5204 467 5251 et
493 5198 544 5251 S.
575 5199 869 5252 Adelberti
891 5202 957 5252 25
987 5199 1158 5252 Junii.

192 5270 346 5337 (176)
394 5269 685 5330 Henricus,
748 5285 807 5322 re
840 5273 896 5321 et
942 5273 1322 5338 cognomento
1362 5273 1609 5331 sanctus,
1666 5285 1816 5322 anno

122 5343 223 5393 9'22
280 5339 557 5393 Abudiaci
614 5339 732 5408 (qui
762 5339 918 5391 vicus
960 5346 1044 5393 est
1083 5346 1140 5393 et
1172 5344 1419 5392 castrum
1442 5355 1614 5407 supra
1644 5339 1819 5391 Ratis-

121 5411 356 5472 bonam,
411 5409 589 5462 millia
639 5425 911 5474 passuum
946 5410 1165 5478 decem,
1215 5410 1282 5463 ad
1315 5410 1498 5479 ripam
1549 5410 1817 5475 Danubii)

124 5486 290 5533 natus
324 5484 427 5543 est,
458 5485 620 5548 patre
641 5481 883 5533 Henrico
916 5481 1122 5533 Hixoso
1167 5480 1412 5534 Bavariaa
1440 5481 1601 5544 duce,
1639 5485 1818 5532 matre

126 5551 313 5605 Gisala
362 5550 607 5604 Conradi
665 5551 1012 5619 Burgundiae
1064 5550 1216 5621 regis
1244 5551 1383 5616 ﬁlia,
1433 5567 1536 5604 avo
1578 5550 1817 5604 Henrico

1954 1769 2131 1823 nostri
2164 1769 2541 1838 impressione
2570 1770 2940 1839 prmcipimus
2965 1771 3252 1843 insigniri.

2023 1858 2251 1923 Signum
2311 1857 2518 1909 domini
2588 1859 2807 1911 Henrici
2862 1862 3225 1914 Romanorum
3292 1864 3647 1917 invictissimi

1951 1947 2293 2014 imperatoris
2324 1946 2581 2011 Augusti.

2020 2034 2366 2088 Guntherius
2430 2034 2821 2099 cancellarius,
2883 2036 3002 2089 vice
3064 2037 3403 2091 Ercanboldi
3459 2040 3643 2093 archi-

1948 2122 2251 2193 capellani,
2274 2122 2601 2188 recognovi.

2019 2212 2159 2264 Data
2206 2211 2512 2265 indictione
2569 2210 2776 2281 prima,
2822 2227 2972 2265 anno
3022 2211 3335 2266 Dominicas
3376 2212 3639 2268 incarna-

1945 2299 2118 2353 tionis
2175 2298 2479 2352 millesimo
2526 2298 2747 2352 decimo
2796 2303 3011 2363 octavo,
3070 2315 3219 2352 anno
3257 2315 3391 2353 vero
3423 2301 3641 2355 domini

1947 2386 2171 2441 Henrici
2202 2386 2435 2440 secundi
2467 2387 2755 2456 regnantis
2774 2402 2885 2454 μοι,
2927 2386 3157 2455 imperii
3185 2392 3379 2441 autem
3408 2404 3462 2443 ν.

2014 2477 2218 2529 Actum
2269 2475 2619 2544 Noviomago
2658 2474 2917 2528 feliciter.
2949 2476 3149 2539 Amen,
3210 2492 3400 2543 amen,
3444 2493 3633 2533 amen.

2724 2562 2853 2616 CIV.

1942 2653 2079 2718 Imp.
2130 2650 2400 2704 Henricus
2443 2651 2608 2703 donat
2657 2652 2825 2703 locum
2862 2653 3051 2718 Berga.
3089 2654 3187 2718 qui
3234 2652 3360 2704 olim
3395 2652 3469 2704 ad
3496 2658 3635 2706 vete-

2012 2735 2123 2774 rem
2150 2722 2414 2789 capellam
2444 2722 2740 2789 spectabat,
2776 2722 3026 2775 Ecclcsiae
3053 2721 3507 2787 Babenbergensi.

2437 2809 2619 2877 (Anno
2654 2810 2811 2871 1019,
2864 2811 2928 2862 10
2966 2808 3138 2875 Maii.)

2229 2878 2410 2946 [Ried,
2434 2880 2559 2935 Cod.
2580 2881 2741 2947 episc.
2771 2879 3075 2943 Ratisbon.,
3109 2880 3147 2942 Ι,
3202 2878 3350 2951 133.]

2011 2969 2075 3021 In
2124 2967 2357 3021 nomine
2415 2972 2621 3020 sancta),
2663 2972 2718 3020 et
2769 2967 3078 3021 individua:
3107 2966 3417 3034 Trinitatis,
3461 2969 3635 3022 Hem-

1938 3072 2091 3109 meus
2121 3056 2303 3126 gratia
2338 3056 2435 3109 Dei
2466 3056 2853 3109 Romanorum
2886 3055 3199 3125 imperator
3217 3059 3527 3126 Augustus.

2008 3145 2196 3198 Gloria
2220 3160 2465 3215 praesens
2518 3143 2755 3213 fugitiva
2805 3148 2862 3196 et
2890 3144 3074 3197 inanis
3104 3149 3209 3205 est,
3260 3144 3399 3198 dum
3449 3144 3634 3214 possi-

1935 3229 2120 3295 detur,
2152 3230 2264 3284 nisi
2314 3230 2527 3299 aliquid
2558 3230 2616 3282 in
2675 3246 2739 3283 ea
2771 3230 2839 3282 de
2879 3230 3089 3283 caelesti
3132 3230 3448 3284 aaternitate
3487 3231 3635 3299 cogi-

1934 3323 2106 3371 tetur.
2142 3319 2248 3373 Sed
2282 3318 2381 3370 Dei
2412 3318 2702 3371 miseratio
2751 3318 3003 3371 humano
3053 3319 3251 3387 generi
3306 3319 3444 3371 utile
3492 3335 3632 3388 pro-

1935 3406 2075 3459 vidit
2136 3407 2475 3471 remedium,
2561 3406 2791 3475 quando
2860 3411 3081 3475 partem
3132 3406 3376 3460 caelestis
3432 3407 3631 3477 patriae

1932 3500 2176 3550 terrenae
2208 3493 2539 3547 substantiae
2599 3492 2731 3546 fecit
2787 3508 2907 3545 esse
2963 3494 3233 3562 pretium.
3286 3494 3464 3563 Hujus
3494 3510 3631 3563 ergo

1931 3600 2034 3636 nos
2078 3582 2393 3635 clementiae
2447 3596 2733 3634 memores
2791 3581 3080 3650 quendam
3128 3580 3476 3634 hereditatis
3522 3597 3626 3635 no-

1931 3676 2064 3724 stra;
2097 3671 2283 3724 locum
2317 3669 2641 3722 Babenberc
2670 3669 2883 3722 dictum
2941 3673 3280 3722 auctoritate
3321 3670 3629 3739 apostolica

1929 3758 2244 3824 ﬁrmatum,
2299 3774 2403 3811 nec
2461 3774 2575 3811 non
2608 3757 2828 3811 dilectae
2879 3757 3209 3810 contectalis
3238 3763 3447 3811 nostrae
3478 3758 3626 3812 Chu—
3660 3806 3663 3809 .

1930 3848 2223 3918 nigundar,
2302 3850 2357 3899 et
2428 3844 2768 3899 venerabilis
2829 3844 3079 3898 Heinrici
3156 3845 3627 3915 Wirciburgensis

1931 3935 2203 4005 episcopi,
2232 3950 2296 3989 ac
2320 3934 2581 3987 omnium
2628 3933 2886 3986 ﬁdelium
2932 3937 3275 3997 nostrorum,
3327 3933 3626 4003 episcopo-

1930 4039 2080 4089 rum,
2141 4022 2429 4085 abbatum,
2489 4021 2779 4090 totiusque
2847 4019 3011 4088 regni
3065 4020 3241 4072 nostri
3298 4020 3623 4089 principum

1929 4109 2195 4164 concordi
2227 4109 2530 4162 devotione
2560 4108 2967 4174 collaudatum,
3007 4108 3066 4159 in
3091 4108 3318 4161 culmen
3348 4112 3403 4161 et
3434 4108 3625 4161 sedem

1931 4198 2292 4267 episcopatus
2322 4196 2703 4266 proveximus,
2748 4196 2816 4248 ad
2848 4196 3125 4248 honorem
3156 4194 3419 4247 videlicet
3445 4194 3626 4247 omni-
3686 4231 3701 4244 .

1931 4284 2177 4355 potentis
2208 4284 2326 4348 Dei,
2374 4288 2428 4336 et
2456 4283 2635 4336 beatm
2698 4284 2886 4337 Maria:
2937 4297 3163 4349 semper
3200 4281 3457 4351 virginis,
3492 4298 3622 4335 san-

1930 4379 2266 4442 ctorumque
2288 4373 2679 4440 apostolorum
2714 4372 2865 4424 Petri
2895 4376 2951 4423 et
2982 4370 3164 4435 Pauli,
3196 4385 3302 4422 nec
3348 4385 3462 4423 non
3492 4386 3624 4423 san-

1931 4464 2152 4512 ctorum
2182 4464 2498 4528 martyrum
2524 4459 2731 4512 Kiliani
2764 4464 2935 4529 atque
2962 4458 3211 4528 Georgii,
3260 4462 3317 4510 et
3358 4458 3621 4512 omnium

1929 4551 2254 4601 sanctorum
2288 4547 2383 4616 pia
2411 4547 2773 4600 veneratione
2804 4547 3191 4609 fundavimus,
3223 4550 3287 4600 ut
3314 4546 3457 4601 inibi
3506 4551 3623 4600 tam

1928 4652 2032 4706 pro
2086 4634 2456 4688 antecessoris
2515 4634 2715 4699 nostri,
2766 4635 2921 4687 tertii
2973 4636 3235 4689 videlicet
3267 4634 3488 4689 Ottonis
3520 4634 3624 4687 im-

1927 4722 2227 4793 peratoris,
2290 4738 2465 4792 quam
2509 4738 2614 4792 pro
2666 4722 2925 4775 omnium
2958 4722 3215 4777 ﬁdelium
3259 4722 3517 4776 vivorum
3569 4728 3625 4777 at

1931 4844 2178 4899 Bavariaa
2234 4843 2432 4897 itidem
2472 4844 2634 4909 duce,
2678 4844 2961 4897 OttonioI
3009 4844 3370 4914 imperatoris
3425 4845 3620 4905 fratre,

1928 4921 1995 4968 ut
2054 4918 2408 4969 Hermannus
2452 4919 2772 4967 contractus
2826 4915 3058 4967 illorum
3115 4920 3442 4984 temporum
3478 4916 3622 4968 scri-

1928 4990 2077 5056 ptor,
2138 4986 2389 5054 itemque
2442 4985 2792 5056 genealogiaa
2851 4985 2904 5038 S.
2969 4985 3189 5056 Arnulli
3235 4985 3623 5056 iconcinnator

1932 5055 2140 5110 diserte
2200 5057 2449 5108 tradunt.
2504 5055 2658 5117 Quod
2720 5055 2810 5107 hic
2843 5055 3161 5107 notandum
3219 5055 3373 5119 duxi,
3423 5060 3620 5107 contra

1886 5139 1901 5151 ⁴
1932 5128 2216 5181 Raderum
2244 5127 2303 5179 in
2350 5142 2451 5179 sua
2499 5125 2733 5178 Bavaria
2792 5128 2983 5177 sancta
3035 5125 3200 5177 aliter
3256 5125 3618 5177 sentientem.

1932 5198 2208 5252 Henricus
2260 5213 2455 5266 porro,
2510 5195 2777 5249 Ottonisl
2832 5195 3194 5266 imperatoris
3228 5195 3421 5266 frater,
3463 5195 3622 5266 duxit

1928 5269 2118 5321 Jutam
2172 5264 2276 5321 seu
2332 5266 2622 5320 Juditham
2681 5265 2915 5319 Aruoldi
2979 5264 3105 5317 Mali
3168 5264 3415 5317 Bavariw
3462 5264 3620 5317 ducis

1928 5338 2140 5392 ﬁliam:
2187 5355 2253 5391 ex
2284 5354 2396 5408 qua
2425 5341 2591 5389 natus
2644 5336 2916 5408 Henricus
2962 5335 3223 5408 Rixosus,
3255 5334 3352 5408 qtii
3414 5350 3480 5387 ex
3521 5334 3618 5387 Gi-

1929 5410 2046 5461 sala
2071 5410 2190 5477 jam
2240 5406 2533 5461 nominata
2564 5407 2779 5477 genuit
2805 5407 2858 5460 S.
2888 5406 3231 5477 Henricum,
3292 5406 3616 5477 Brunonem

1930 5475 2263 5548 episcopum
2305 5475 2701 5547 Augustanum
2732 5476 3027 5548 ,Gisalam_
3058 5476 3110 5548 S.
3158 5475 3438 5548 Stephani
3470 5475 3619 5543 regis

1931 5545 2237 5617 Hunga‘rie:
2267 5545 2524 5611 uxor—em,
2555 5553 2612 5601 et
2652 5547 2946 5617 Brigittam
2982 5545 3344 5598 abbatissam.
