3944 6324
240 332 341 385 343

1527 324 1581 378 S.
1626 322 1915 378 HENRICI
1955 320 2027 375 1M
2041 319 2434 376 PEBATORIS

3636 323 3740 377 344

240 468 349 522 que
393 449 792 502 defunctorum
825 445 1104 498 memoria
1145 443 1364 513 ιὶιιείιθν
1416 443 1598 496 hostia
1651 450 1927 496 macmre‘
1960 445 2004 496 Α
2044 461 2294 526 incultis,
2343 457 2538 528 pratis,
2590 456 2832 528 pascuis,
2862 455 3033 522 silvis,
3087 456 3193 511 viis
3240 462 3298 512 et
3332 457 3523 527 inviis,
3577 459 3741 512 exiti-

239 545 334 592 tur
363 536 646 590 salutaris.
697 535 942 587 Proinde
986 532 1207 585 noverit
1258 531 1512 584 omnium
1573 531 1673 583 Dei
1733 531 1934 584 nostri-

241 644 352 697 que
409 625 665 678 tidelium
726 627 843 675 tam
905 637 1157 690 prassens
1205 625 1340 672 tetas
1387 634 1556 688 quam
1605 633 1935 673 successura

241 713 541 786 posteritas
593 710 840 780 qualiter
896 725 1012 774 nos,
1069 723 1172 776 pro
1225 706 1325 758 Dei
1384 722 1573 758 amore
1613 713 1935 776 nostraeque

244 801 440 856 salutis
492 798 883 868 acquisitione,
918 795 1166 865 praefatae
1223 794 1364 858 sedi,
1407 799 1491 847 tot
1521 795 1936 848 venerabilium

244 893 499 944 virorum
529 887 884 941 attestatione
932 884 1201 948 fundatae,
1237 883 1526 952 quendam
1567 883 1746 936 nostri
1791 883 1939 953 juris

249 979 434 1032 locum
490 977 666 1042 Berga
697 973 934 1036 dictum,
969 971 1027 1022 in
1059 985 1205 1039 pago
1253 970 1642 1039 Tuonocgowe
1673 970 1842 1036 dicto,
1887 971 1943 1022 et

249 1066 311 1119 in
333 1064 597 1118 comitatu
655 1059 943 1112 Adalberti
977 1057 1199 1110 comitis
1250 1057 1442 1118 situm,
1495 1056 1595 1126 qui
1637 1073 1668 1108 a
1699 1056 1943 1126 quibus-

252 1154 383 1206 dam
406 1149 627 1203 abbatia
653 1151 1033 1214 nuncupatur,
1073 1145 1176 1198 hac
1202 1144 1488 1213 imperiali
1533 1150 1589 1197 et
1619 1143 1945 1213 praeceptali

251 1239 484 1310 pagina,
525 1237 639 1288 sive
672 1233 900 1287 abbatia
929 1233 1043 1284 sive
1066 1232 1175 1284 alio
1198 1233 1456 1302 quolibet
1478 1232 1644 1285 modo
1666 1231 1944 1301 przedium

254 1329 344 1391 sit,
378 1341 504 1379 cum
553 1323 820 1376 omnibus
874 1321 1042 1374 rebus
1089 1319 1301 1373 ibidem
1354 1320 1788 1388 pertinentibus,
1829 1336 1947 1372 mo-

252 1416 462 1470 bilibus
494 1413 574 1464 vel
636 1409 1047 1473 immobilibus,
1079 1408 1245 1461 cultis
1293 1408 1378 1460 vel
1419 1409 1669 1471 incultis,
1714 1413 1770 1461 et
1807 1425 1945 1461 cun-

255 1504 377 1569 etis,
406 1519 532 1571 quze
563 1501 681 1554 ullo
713 1498 885 1550 modo
916 1496 1084 1549 scribi
1116 1500 1212 1549 aut
1233 1495 1518 1549 nominari
1552 1501 1812 1565 possunt,
1837 1496 1948 1549 uti-

256 1590 532 1656 litatibus,
585 1591 755 1656 prout
784 1583 1004 1637 firmius
1054 1599 1375 1652 possumus,
1430 1585 1810 1646 concedimus,
1847 1586 1948 1638 do-

259 1695 462 1734 namus
494 1683 550 1730 ct
605 1675 1040 1745 proprietamus,
1088 1671 1343 1724 omnium
1390 1672 1838 1726 contradictione
1858 1689 1950 1726 re-

263 1771 434 1820 mota.
498 1763 864 1832 Praecipimus
911 1760 1089 1830 igitur
1135 1763 1199 1812 ut
1242 1759 1408 1812 nobis
1451 1760 1508 1812 in
1564 1761 1676 1813 Deo
1718 1760 1954 1816 dilectus

265 1853 640 1915 Eberhardus,
701 1849 956 1919 ejusdem
1025 1847 1172 1900 sedis
1203 1847 1426 1915 primus
1465 1846 1782 1916 episcopus,
1815 1848 1963 1917 ejus-

265 1958 374 2012 que
397 1954 750 1993 successores
797 1937 1030 1989 liberam
1086 1934 1293 1988 dehinc
1322 1933 1568 1987 habeant
1621 1938 1961 2003 potestatem

264 2033 332 2084 de
365 2028 634 2098 praedicta
663 2041 762 2078 seu
810 2023 1055 2086 abbatia,
1087 2039 1183 2075 seu
1213 2022 1430 2092 praedio
1472 2024 1724 2089 tenendi,
1776 2023 1961 2092 possi-

266 2117 457 2180 dendi,
508 2111 927 2176 commutandi,-
965 2126 1083 2171 seu,
1120 2110 1392 2180 quicquid
1427 2110 1534 2163 sibi
1584 2110 1739 2172 libet,
1775 2111 1963 2164 modis

269 2204 531 2260 omnibus
585 2203 641 2254 in
684 2216 848 2252 usum
906 2199 1274 2268 Episcopatus
1330 2198 1593 2252 faciendi.
1654 2200 1723 2252 Ut
1773 2205 1962 2252 autem

269 2294 392 2346 hmc
440 2296 642 2344 nostrae
685 2287 1054 2356 ingenuitatis
1104 2287 1332 2340 traditio
1392 2285 1608 2339 stabilis
1666 2291 1722 2339 et
1777 2288 1967 2340 incon-

271 2381 431 2432 vulsa
460 2381 790 2447 permaneat
819 2391 970 2428 nunc
1018 2379 1074 2427 et
1103 2374 1161 2426 in
1192 2373 1471 2439 futurum,
1522 2373 1668 2426 hanc
1697 2375 1965 2443 paginam

274 2468 411 2522 inde
467 2465 845 2533 conscriptam
899 2479 1070 2515 manu
1118 2461 1352 2532 propria
1385 2461 1739 2528 roborantes,
1795 2463 1968 2533 sigilli

273 2555 450 2609 nostri
481 2552 854 2622 impressione
887 2550 1156 2619 insigniri
1189 2549 1483 2619 jussimus.

342 2644 569 2709 Signum
626 2641 810 2693 damni
879 2636 1138 2692 Heinrici
1202 2638 1552 2690 invictissimi
1622 2639 1968 2707 imperatoris

275 2733 512 2797 Augusti
537 2729 1012 2800 (Monogramma.)

347 2819 691 2873 Guntherius
745 2815 1116 2869 cancellarius
1179 2813 1297 2867 vice
1355 2814 1725 2867 Erchanbaldi
1778 2815 1966 2869 archi-

275 2906 555 2976 capellani
582 2905 902 2974 recognovi.

2044 548 2150 600 bus
2176 552 2231 600 et
2255 547 2551 608 reditibus,
2579 545 2743 616 aquis
2775 561 3124 616 aquarumve
3165 547 3445 612 cursibus,
3473 548 3744 618 piscatio-

2048 637 2234 700 nibus,
2292 635 2544 705 quzesitis
2604 639 2659 688 et
2717 634 3107 704 inquirendis:
3146 641 3427 705 quatenus
3484 636 3746 706 ejusdem

2047 723 2306 794 praedicti
2341 722 2670 776 monasterii
2717 722 2891 776 abbas
2921 724 2992 776 ad
3042 723 3348 776 utilitatem
3381 723 3595 778 ibidem
3630 725 3747 777 Deo

2050 810 2417 865 servientium
2465 811 2700 862 liberam
2735 811 2941 863 habeat
2983 815 3321 880 potestatem
3352 812 3751 866 commutandi

2048 903 2222 968 atque
2248 897 2572 963 ordinandi,
2598 897 2758 950 omni
2786 897 3234 952 contradictione
3265 905 3502 952 remota.

2123 986 2177 1041 Si
2231 987 2358 1056 quis
2384 986 2560 1056 igitur
2591 987 2736 1039 hanc
2763 987 2942 1039 nostri
2977 987 3248 1056 praecepti
3295 988 3567 1058 paginam
3618 988 3751 1041 vio-

2052 1076 2170 1128 lare
2199 1075 2284 1128 vel
2335 1090 2604 1143 spernere
2635 1075 3086 1144 prtesumpserit,
3120 1075 3260 1128 sciat
3301 1093 3357 1128 se
3390 1076 3754 1130 redditurum

2055 1163 2328 1216 rationem
2364 1163 2757 1232 Omnipotenti
2799 1164 2912 1216 Deo
2971 1163 3028 1216 in
3068 1163 3158 1217 die
3193 1164 3419 1234 judicii,
3475 1169 3531 1217 et
3569 1166 3757 1217 nostri

2055 1252 2293 1321 gratiam
2321 1251 2378 1303 in
2408 1250 2677 1319 praesenti
2701 1251 2904 1303 saeculo
2959 1267 3256 1321 nunquam
3287 1259 3753 1304 consecuturum.

2055 1339 2123 1391 Et
2151 1343 2214 1391 ut
2245 1339 2365 1391 haec
2385 1337 2574 1391 verius
2604 1339 2930 1406 credantur,
2991 1339 3436 1409 diligentiusque
3467 1340 3537 1392 ab
3569 1340 3760 1392 omni-

2057 1428 2162 1480 bus
2186 1427 2574 1493 observentur,
2611 1442 2784 1480 manu
2814 1427 3046 1497 propria
3089 1428 3544 1494 corroborantes,
3580 1428 3758 1498 sigilli

2060 1515 2240 1568 nostri
2275 1514 2651 1583 impressione
2676 1513 2953 1584 jussimus
2986 1514 3270 1585 insigniri.

2132 1603 2357 1668 Signum
2417 1601 2626 1655 domini
2694 1605 2915 1655 Henrici
2979 1605 3340 1657 Romanorum
3402 1605 3761 1673 imperatoris

1984 1717 2025 1769 Β
2065 1691 2304 1758 Augusti
2321 1690 2669 1744 invictissimi
2697 1695 2746 1743 et
2783 1693 3132 1746 screnissimi.

2143 1777 2488 1831 Guntherius
2575 1778 2945 1832 cancellarius
2990 1779 3062 1832 ad
3135 1778 3316 1833 vicem
3383 1780 3769 1834 Erchenbaldi

2073 1866 2485 1936 archiepiscopi
2516 1871 2570 1919 et
2591 1866 3028 1936 archicapellani
3055 1867 3379 1938 recognovi.

2146 1957 2350 2008 Datum
2395 1971 2543 2006 anno
2598 1954 2904 2009 Dominica)
2950 1956 3358 2010 incarnationis
3385 1956 3772 2023 10l9,indict.

2072 2059 2195 2108 u,v
2248 2043 2377 2094 ldus
2425 2042 2697 2107 Januarii,
2760 2058 2909 2096 anno
2937 2060 3069 2098 vero
3118 2043 3335 2098 domini
3392 2045 3623 2100 Henrici
3687 2062 3778 2101 re-

2073 2134 2300 2200 gnantis
2331 2145 2472 2197 xvn,
2506 2130 2734 2200 imperii
2766 2147 2898 2184 vero
2926 2132 3048 2201 ejus
3074 2149 3126 2187 ν.

2144 2222 2344 2272 Actum
2379 2218 2706 2286 Chuofunge
2735 2219 2986 2275 feliciter.
3021 2223 3226 2276 Amen.

2855 2309 2985 2364 CVI.

2075 2396 2442 2461 Privilegiwm
2489 2396 2832 2465 imperatoris
2873 2398 3262 2466 Heinrici‘pro
3307 2398 3514 2456 duobus
3565 2402 3783 2456 mensis

2606 2469 2727 2519 sitis
2758 2467 2929 2533 juxta
2967 2469 3238 2536 Lzupana.

2731 2557 3131 2623 (AunolOlQJ

2403 2642 2675 2714 [Ludwig,
2728 2645 2901 2713 Scrip.
2941 2661 3047 2698 rer.
3083 2648 3290 2712 Germ,
3324 2646 3450 2718 336]

2149 2733 2210 2784 In
2243 2732 2476 2784 nomine
2508 2737 2714 2785 sanctae
2759 2737 2814 2785 et
2843 2732 3154 2787 individua:
3201 2735 3516 2796 Trinitatis,
3551 2737 3788 2793 Hamm-

2078 2837 2172 2875 cns
2208 2820 2306 2873 Dei
2330 2820 2508 2889 gratia
2536 2821 2923 2874 Romanorum
2958 2821 3269 2892 imperator
3289 2825 3605 2893 Augustus.

2149 2909 2202 2962 Si
2245 2909 2432 2977 dignis
2475 2914 2803 2962 nostrorum
2862 2909 3118 2964 ﬁdelium
3175 2912 3548 2982 petitionibus
3581 2932 3786 2970 assen-

299 3027 303 3034 -
350 2995 487 3046 Data
519 3009 572 3045 γι
632 2992 764 3045 Idus
808 2990 955 3055 Maii,
1003 3005 1152 3042 anno
1208 2989 1515 3042 Dominicae
1560 2989 1968 3045 incarnationis
2008 2993 2049 3048 C
2078 3013 2202 3050 sum
2236 2998 2489 3066 praebere
2521 2996 2960 3066 decreverimus,
2994 2999 3081 3052 his
3103 2999 3315 3054 scilicet
3344 3002 3462 3070 qui,
3497 3019 3602 3072 pro
3626 3009 3782 3058 statu

281 3084 436 3145 1019,
470 3080 662 3133 indict.
727 3095 783 3143 ιι,
821 3093 971 3130 anno
1023 3093 1156 3129 vero
1215 3077 1411 3130 domni
1473 3077 1695 3131 Henrici
1739 3080 1969 3134 secundi

278 3185 436 3238 regu.
461 3185 592 3232 xvn,
618 3165 845 3236 imperii
869 3168 1056 3216 autem
1080 3181 1133 3216 v.

348 3261 548 3310 Actum
580 3253 804 3308 Altsteti
834 3251 1090 3306 feliciter.

703 3343 834 3396 Cum
862 3340 1039 3407 sigillo
1078 3341 1224 3392 intus
1263 3341 1542 3408 impresso.

1076 3427 1178 3480 CV.

283 3504 338 3557 S.
402 3501 620 3554 Henrici
696 3497 954 3565 diploma,
1015 3513 1118 3565 quo
1205 3499 1522 3552 monasterio
1603 3501 1974 3566 Tegernseensi

313 3601 325 3613 -
353 3572 486 3624 duos
534 3569 740 3635 regales
786 3582 1017 3628 mansos,
1070 3570 1128 3619 in
1160 3569 1416 3636 Liupana
1458 3584 1549 3621 seu
1578 3569 1788 3623 Leuben
1817 3573 1970 3631 sitos,

354 3641 638 3695 condonet.

924 3707 1106 3777 (Anno
1163 3709 1338 3770 10193

359 3797 512 3870 [Pez,
548 3795 723 3850 Codex
753 3785 1342 3862 diplom.-}iist.-epist.,
1365 3810 1430 3848 ea:
1462 3795 1585 3850 bibl.
1628 3799 1898 3864 Tegerns.]

354 3887 416 3938 In
460 3883 691 3936 nomine
724 3887 931 3934 sancta),
963 3887 1017 3934 et
1071 3882 1381 3935 individua:
1420 3883 1733 3949 Trinitatis,
1770 3887 1972 3939 HENRI-

287 3991 381 4027 cus
407 3971 504 4024 Dei
537 3971 718 4040 gratia
748 3971 1132 4022 Romanorum
1169 3969 1483 4039 imperator
1512 3975 1817 4040 Augustus.

357 4060 412 4114 Si
442 4059 628 4127 dignis
686 4063 1008 4110 nostrorum
1047 4058 1307 4110 fidelium
1351 4059 1724 4128 petitionibus
1777 4076 1973 4112 assen-

285 4165 410 4201 sum
479 4147 733 4216 prmbere
796 4146 1230 4210 decreverimus,
1296 4146 1387 4198 his
1435 4145 1643 4199 scilicet
1703 4147 1817 4216 qui,
1871 4163 1974 4217 pro

229 4234 251 4254 ⁹
285 4241 432 4288 statu
476 4235 636 4305 regni
719 4235 1092 4304 omniumque
1152 4235 1521 4287 Ecclesiarum
1601 4233 1699 4288 Dei
1767 4238 1823 4286 et
1868 4251 1970 4303 pro
2005 4273 2045 4325 Β

287 4330 493 4377 nostra!
556 4323 760 4376 anima:
795 4323 1046 4375 remedio
1099 4329 1270 4392 atque
1297 4329 1622 4375 nostrorum
1667 4326 1968 4391 parentum

283 4418 534 4466 nostram
565 4412 837 4464 adeuntes
865 4411 1248 4476 clementiam,
1282 4411 1664 4479 deprecantur
1692 4414 1974 4480 quatenus

287 4499 545 4553 ecclesias
616 4498 1091 4551 monasteriorum
1169 4493 1666 4560 Dei‘sublimare,
1727 4499 1974 4552 exaltare

285 4594 454 4657 atque
498 4587 678 4638 ditare
713 4586 1059 4651 studeamus,
1121 4601 1236 4638 non
1267 4587 1452 4637 solum
1483 4601 1587 4637 nos
1621 4585 1690 4637 ab
1730 4585 1852 4655 ipso
1886 4603 1969 4640 re-

284 4675 653 4729 tributionem
701 4678 1026 4742 accepturos
1057 4689 1371 4743 speramus,
1433 4672 1529 4725 sed
1563 4673 1734 4726 etiam
1763 4678 1971 4728 statum

285 4763 446 4832 regni
469 4760 763 4813 sublimari
785 4765 1071 4828 putamus.

355 4850 594 4903 Proinde
649 4854 983 4901 cunctorum
1037 4851 1244 4900 sanctas
1304 4847 1400 4899 Dei
1459 4847 1717 4901 Ecclesiae
1749 4852 1970 4902 nostro-

279 4949 523 5008 rumque
584 4936 838 4989 tidelium
907 4938 1276 5004 recognoscat
1339 4935 1658 5001 auctoritas,
1728 4936 1974 5005 qualiter

281 5043 382 5097 per
409 5027 789 5079 interventum
822 5041 883 5076 ac
930 5023 1269 5092 petitionem
1311 5023 1716 5089 Chunegundw,
1761 5029 1971 5077 nostrae

281 5113 660 5168 dilectissimze
693 5111 952 5180 conjugis
984 5117 1039 5163 et
1059 5110 1455 5179 imperatricis,
1482 5115 1648 5179 atque
1672 5112 1974 5166 Gotehardi

279 5201 456 5253 nostri
500 5198 687 5252 dilecti
737 5196 977 5260 abbatis,
1032 5195 1374 5248 monasterio
1428 5198 1482 5248 S.
1539 5198 1781 5262 Quirini,
1819 5200 1970 5267 quod

279 5289 452 5340 situm
500 5293 584 5340 est
642 5286 700 5338 in
755 5287 876 5337 loco
948 5282 1046 5351 qui
1099 5283 1432 5336 nominatur
1493 5286 1796 5350 Tegcrnsec,
1827 5286 1970 5341 duos

275 5377 494 5443 regales
526 5391 773 5436 mansos,
824 5372 956 5425 sitos
1006 5371 1065 5422 in
1115 5371 1238 5423 loco
1295 5371 1389 5439 qui
1454 5372 1660 5425 dicitur
1692 5374 1964 5443 Liupana,

275 5463 426 5515 inter
455 5463 599 5515 duos
647 5462 860 5530 lapides
914 5460 1182 5512 Watstcin
1232 5462 1287 5511 et
1316 5461 1652 5527 IIottinstein,
1687 5461 1968 5517 donamus

277 5555 333 5604 et
360 5551 590 5620 proprio
631 5550 761 5618 jure
814 5548 1200 5613 concedimus,
1231 5565 1358 5602 cum
1412 5549 1684 5614 aediﬁciis,
1718 5550 1886 5604 cultis
1913 5556 1969 5605 et

2077 3086 2241 3156 regni
2289 3085 2662 3154 omniumque
2731 3085 3105 3140 Ecclesiarum
3161 3086 3261 3140 Dei
3309 3093 3366 3140 et
3413 3105 3514 3158 pro
3563 3097 3788 3147 nostra!

2079 3175 2286 3228 animas
2328 3174 2581 3226 remedio
2607 3179 2775 3244 atque
2804 3179 3136 3228 nostrorum
3183 3182 3488 3246 parentum
3517 3185 3783 3235 nostram

2081 3263 2352 3316 adeuntes
2409 3262 2793 3330 clementiam,
2840 3263 3223 3333 deprecantur
3270 3270 3552 3335 quatenus
3605 3271 3788 3324 eccle-

2081 3352 2188 3405 sias
2246 3351 2724 3404 monasteriorum
2759 3351 2857 3404 Dei
2896 3352 3222 3418 sublimare,
3301 3355 3544 3409 exaltare
3601 3362 3784 3429 atque

2083 3441 2261 3493 ditare
2304 3439 2668 3505 studeamus;
2729 3455 2846 3492 non
2899 3441 3080 3493 solum
3112 3457 3213 3494 nos
3253 3442 3322 3495 ab
3369 3442 3492 3511 ipso
3526 3447 3779 3499 retribu-

2079 3531 2294 3581 tionem
2327 3533 2656 3596 accepturos
2686 3543 2998 3597 speramus,
3024 3529 3122 3583 sed
3152 3530 3322 3584 etiam
3355 3537 3566 3586 statum
3608 3535 3785 3605 regni

2082 3615 2376 3667 sublimari
2425 3620 2710 3685 putamus.
2774 3617 3018 3671 Proinde
3045 3623 3380 3672 cunctorum
3414 3626 3621 3675 sancta:
3669 3624 3777 3677 Dei

2084 3703 2342 3755 Ecclesiae
2409 3707 2850 3774 nostrorumque
2917 3705 3174 3758 ﬁdelium
3249 3714 3614 3778 recognoscat
3680 3710 3779 3764 in-

2084 3791 2319 3854 dustria,
2381 3791 2644 3861 qualiter,
2717 3809 2821 3862 per
2873 3792 3256 3848 interventum
3318 3812 3381 3849 ac
3436 3797 3782 3866 petitionem

2085 3878 2469 3944 Chunigundae
2501 3883 2710 3932 nostrae
2743 3879 3125 3934 dilectissimee
3165 3883 3422 3954 conjugis
3445 3889 3500 3937 et
3527 3885 3784 3955 impera-

2085 3967 2258 4032 tricis,
2312 3973 2482 4037 atque
2529 3967 2844 4022 Godehardi
2900 3969 3075 4022 nostri
3135 3969 3324 4023 dilecti
3374 3971 3608 4034 abbatis,
3655 3987 3784 4023 mo-

2085 4055 2332 4108 nasterio
2377 4058 2555 4110 sancti
2584 4055 2823 4122 Quirini,
2877 4057 3032 4126 quod
3072 4057 3242 4110 situm
3286 4062 3369 4112 est
3412 4059 3468 4111 in
3503 4058 3625 4111 loco
3672 4058 3782 4128 qui

2087 4142 2418 4195 nominatur
2474 4143 2748 4209 Tegrinse,
2811 4143 2955 4197 duos
3007 4145 3225 4214 regales
3269 4161 3512 4211 mansos,
3547 4145 3685 4198 sitos
3717 4145 3780 4199 in

2087 4232 2206 4284 loco
2264 4232 2362 4301 qui
2408 4231 2614 4283 dicitur
2641 4233 2913 4300 Liupano,
2962 4232 3112 4286 inter
3163 4222 3306 4286 duos
3353 4234 3568 4303 lapides
3616 4235 3779 4286 Wat-

2084 4321 2219 4371 stein
2246 4324 2300 4370 et
2355 4321 2675 4382 Holinstein,
2717 4319 2996 4373 donamus
3045 4325 3099 4373 et
3129 4321 3358 4391 proprio
3405 4322 3533 4391 jure
3572 4336 3775 4373 conce-

2083 4407 2292 4472 dimus,
2341 4423 2469 4459 cum
2511 4407 2786 4475 aedificiis,
2829 4407 2994 4460 cultis
3043 4413 3097 4462 et
3129 4409 3376 4476 incultis,
3437 4409 3632 4479 pratis,
3664 4425 3779 4478 pa-

2083 4496 2248 4560 scuis,
2308 4495 2481 4557 silvis,
2544 4495 2647 4546 viis
2704 4500 2759 4548 et
2836 4495 3025 4563 inviis,
3067 4497 3310 4550 exitibus
3366 4503 3420 4551 et
3470 4497 3775 4565 reditibus,

2083 4585 2244 4653 aquis
2285 4599 2631 4652 aquarumve
2681 4583 3031 4652 decursibus,
3081 4586 3516 4656 piseationibus,
3559 4586 3771 4656 quassi-

2081 4672 2154 4725 tis
2185 4677 2240 4724 et
2268 4669 2652 4740 inquirendis:
2716 4677 2993 4740 quatenus
3027 4672 3283 4741 ejusdem
3331 4673 3589 4743 prmdicti
3647 4689 3776 4726 mo-

2081 4759 2508 4812 nasteriiabbas
2538 4759 2606 4811 ad
2655 4758 2958 4812 utilitatem
2998 4759 3214 4814 ibidem
3257 4762 3368 4814 Deo
3400 4761 3776 4814 servientium

2081 4847 2319 4900 liberam
2365 4846 2571 4899 habeat
2600 4851 2938 4915 potestatem
2976 4849 3365 4902 commutandi
3399 4853 3568 4918 atque
3625 4848 3778 4902 ordi-

2082 4935 2274 4999 nandi,
2319 4933 2477 4986 omni
2532 4933 2981 4987 contradictione
3044 4941 3283 4989 remota.
3362 4936 3550 5006 Siquis
3596 4936 3778 5006 igitur

2082 5023 2227 5075 hanc
2256 5023 2431 5074 nostri
2485 5021 2755 5092 praecepti
2795 5022 3068 5092 paginam
3109 5023 3320 5077 violare
3374 5024 3459 5076 vel
3503 5040 3776 5093 spernere

2081 5109 2528 5179 praesumpserit,
2563 5109 2701 5162 sciat
2728 5125 2786 5162 se
2831 5109 3187 5163 redditurum
3236 5111 3518 5164 rationem
3579 5111 3773 5164 omni-

2080 5197 2298 5268 potenti
2333 5199 2444 5252 Deo
2476 5198 2535 5250 in
2582 5197 2672 5251 die
2730 5197 2926 5267 judicii
2956 5203 3012 5251 et
3042 5198 3218 5252 nostri
3247 5199 3491 5268 gratiam
3541 5199 3603 5252 in
3632 5215 3774 5268 pre-

2080 5286 2222 5339 senti
2280 5287 2486 5339 sreculo
2553 5302 2852 5356 nunquam
2901 5291 3359 5341 consecuturum.
3423 5288 3486 5340 Et
3534 5292 3595 5340 ut
3651 5287 3773 5342 hinc

2077 5374 2265 5428 verius
2295 5373 2618 5440 credantur,
2648 5373 3094 5446 diligentiusque
3142 5376 3210 5429 ab
3260 5376 3528 5429 omnibus
3573 5376 3769 5430 obser-

2078 5465 2302 5527 ventur,
2358 5475 2528 5512 manu
2577 5459 2809 5530 propria
2864 5461 3318 5526 corroborantes,
3367 5461 3540 5532 sigilli
3588 5462 3769 5516 nostri

2076 5547 2451 5617 impressione
2471 5547 2747 5616 jussimus
2766 5548 3048 5618 insigniri.
