3944 6298
113 348 214 398 355

112 551 528 622 archiepiscopi
560 556 616 603 et
646 550 1085 619 archicapellani
1107 552 1434 621 recognovi.

181 640 391 693 Datum
434 654 583 692 anno
657 639 967 692 Dominicaa
1028 639 1439 693 incarnationis
1504 643 1659 708 1019,
1720 641 1806 695 iu-

110 728 238 781 dict.
278 745 336 792 ιι,
397 745 431 780 v
468 727 547 781 Id.
594 729 743 793 Jan.,
777 743 929 781 anno
973 744 1109 781 vero
1158 728 1387 782 Domini
1418 730 1665 783 Heiurici
1721 746 1803 783 re-

113 816 345 886 gnantis
370 833 501 881 xvn,
528 816 754 886 imperii
786 831 918 869 vero
951 816 1073 885 ejus
1118 833 1168 871 v.

188 906 395 958 Actum
428 904 763 974 Chuofuuge
797 903 1057 958 feliciter.
1087 907 1299 961 Arnen.

895 1011 1050 1064 CVII.

120 1116 179 1168 S.
241 1114 476 1169 Henrici
529 1115 876 1185 privilegium
924 1130 1025 1184 pro
1074 1116 1313 1170 Ecclesia
1367 1118 1813 1186 Mimigardefor-

881 1203 1052 1256 densi.

767 1308 955 1377 (Auno
988 1308 1165 1379 1019.)

404 1411 565 1485 [Cod.
594 1414 817 1483 diplom.
850 1417 987 1468 Hist.
1027 1415 1291 1483 Westph.,
1326 1431 1380 1485 p.
1414 1419 1523 1483 77.]

190 1520 255 1572 In
285 1520 521 1573 nomine
550 1524 755 1572 sanctze
789 1523 843 1572 et
873 1520 1181 1574 iudividuze
1216 1521 1527 1608 Trinitatis,
1579 1524 1809 1576 Hamm-

120 1624 213 1660 ccs
242 1607 439 1661 divina
477 1609 698 1661 favente
728 1608 1033 1661 clementia
1061 1607 1447 1663 Romanorum
1499 1611 1813 1681 imperator

119 1696 436 1763 Augustus.

192 1783 299 1837 Ubi
330 1784 697 1838 ecclesiarum
727 1784 1074 1839 venerabilia
1126 1786 1248 1839 loca
1272 1802 1304 1839 a
1361 1788 1571 1841 nostris
1597 1789 1808 1857 praede-

116 1871 437 1925 cessoribus
491 1872 760 1926 nobiliter
815 1873 1052 1926 adaucta
1096 1880 1161 1927 ut
1213 1874 1272 1927 in
1303 1892 1405 1928 suo
1454 1876 1647 1946 vigore
1677 1894 1809 1947 per-

118 1960 343 2025 sistaut,
398 1966 592 2014 nostra
662 1962 998 2014 auctoritate
1039 1963 1343 2023 sancimus,
1422 1964 1491 2018 ab
1545 1966 1806 2037 omnipo-

118 2054 275 2102 tente
309 2050 445 2115 Deo,
480 2065 651 2119 quem
686 2051 746 2102 in
787 2050 901 2102 suis
931 2050 1137 2103 sanctis
1166 2051 1530 2115 houoramus,
1581 2058 1809 2107 aeternae

118 2137 511 2190 retributionis
540 2138 845 2207 praemium
872 2139 1128 2207 recipere
1161 2138 1409 2193 fideliter
1436 2146 1492 2193 et
1540 2142 1812 2195 veraciter

118 2241 434 2295 speramus.
471 2225 745 2289 Quocirca
779 2231 985 2279 sanctae
1022 2226 1120 2279 Dei
1152 2228 1401 2280 ecclesiae
1434 2229 1809 2300 omniumque

117 2314 373 2368 ﬁdelium
416 2319 738 2367 nostrorum
793 2314 1160 2384 praesentium
1196 2315 1453 2370 videlicet
1482 2322 1536 2370 et
1586 2318 1810 2373 futuro-

117 2418 245 2455 rum
291 2402 642 2456 universitati
700 2403 961 2456 volumus
1008 2408 1196 2473 pateat
1227 2405 1473 2473 qualiter
1528 2406 1813 2459 Thiederi-

118 2508 234 2557 cus,
269 2496 476 2544 sancta;
508 2490 1136 2561 Mimigardevordensis
1175 2493 1425 2546 ecclesias
1473 2495 1811 2548 venerabilis

116 2580 436 2649 episcopus,
504 2586 715 2632 nostrze
781 2579 1120 2632 celsitudine
1199 2579 1339 2634 adiit
1423 2581 1808 2648 clementiam,

115 2673 318 2738 petens
351 2671 413 2719 ut
441 2683 556 2720 suae
592 2668 842 2720 ecclesiae
874 2684 976 2737 per
999 2668 1175 2721 nostri
1205 2670 1476 2738 praecepti
1529 2671 1801 2739 paginam

116 2755 561 2809 concederemus
616 2760 672 2808 et
742 2756 1219 2809 contirmaremur
1288 2771 1463 2809 uuam
1523 2757 1811 2811 abbatiam

118 2844 392 2899 Liesbern
427 2844 800 2909 nominatam,
835 2860 1007 2913 quam
1031 2848 1198 2897 antea
1251 2844 1490 2914 praefata
1520 2845 1810 2916 Mimigar-

116 2932 487 2987 devordensis
516 2932 748 2985 ecclesia
780 2932 987 2985 habere
1018 2932 1315 2985 videbatur
1335 2933 1441 2985 etsi
1484 2935 1603 2987 sine
1666 2934 1807 2987 scri-

115 3026 237 3091 pto,
261 3020 432 3074 sitam
477 3020 535 3073 in
574 3036 719 3091 pago
755 3020 922 3074 Dreni
955 3038 1017 3075 ac
1068 3020 1128 3074 iu
1167 3022 1443 3075 comitatu
1474 3021 1812 3075 Herimanni

116 3109 364 3164 comitis.
398 3109 571 3178 Cujus
601 3108 981 3179 peticionibus
1009 3111 1303 3178 utjustum
1338 3114 1423 3162 est
1470 3116 1807 3176 annuentes,

113 3198 441 3251 interventu
480 3196 649 3249 etiam
683 3213 744 3249 ac
766 3197 1041 3265 petitione
1087 3197 1438 3267 Cuuigundaa
1486 3198 1811 3267 imperatri-

113 3286 195 3339 cis
272 3288 544 3353 Augustae
606 3290 931 3354 nostraeque
1005 3285 1335 3338 contectalis
1406 3286 1809 3349 dilectissimm,

116 3374 484 3443 aliorumque
518 3373 773 3426 ﬁdelium
819 3378 1145 3427 nostrorum
1174 3374 1273 3444 qui
1302 3373 1447 3427 inibi
1505 3380 1813 3443 praesentes

117 3464 372 3527 fuerunt,
452 3461 756 3515 Everliardi
820 3462 1304 3530 Bavenbergensis
1379 3467 1435 3515 et
1489 3463 1813 3516 Meiuwerki

120 3550 653 3615 Podilbrunnensis,
715 3550 1009 3604 Adalboldi
1081 3550 1452 3619 Trajectensis
1510 3552 1811 3621 episcopo-

117 3654 273 3701 rum,
316 3637 589 3707 ducisque
629 3636 946 3703 Godefridi;
997 3653 1098 3705 per
1129 3638 1277 3691 hanc
1324 3638 1507 3691 nostri
1540 3638 1811 3707 praecepti

118 3726 413 3796 paginam,
438 3725 749 3795 praelibatte
783 3725 901 3777 sedi
939 3725 1247 3795 episcopali
1304 3726 1528 3796 sibique
1581 3726 1813 3797 suisque

120 3814 543 3867 successoribus
570 3814 659 3865 ἰιι
690 3817 1032 3882 perpetuum
1078 3813 1484 3867 conﬁrmamus
1534 3819 1591 3867 et
1629 3831 1814 3868 corro-

120 3902 414 3966 boramus,
455 3901 609 3953 utin
653 3902 985 3969 praescripto
1018 3901 1141 3953 loco
1177 3900 1445 3953 Liesbern
1500 3900 1649 3954 dicto
1706 3918 1815 3955 no-

120 3995 237 4043 stra
299 3988 584 4057 imperiali
639 3989 974 4042 auctoritate
1018 3988 1224 4042 dehinc
1280 3989 1517 4042 liberam
1567 3990 1816 4044 habeant

119 4077 448 4131 facultatem
481 4077 771 4129 servitium
805 4078 903 4129 Dei
960 4076 1261 4130 ordinandi
1318 4093 1495 4146 penes
1554 4078 1811 4132 divinum

121 4181 381 4219 amorem
413 4170 584 4235 atque
613 4166 900 4220 timorem.
936 4168 1148 4219 Prester
1168 4166 1289 4219 haec
1320 4167 1491 4219 etiam
1533 4167 1602 4219 de
1652 4168 1814 4221 advo-

120 4254 257 4307 catis
293 4254 349 4307 iu
380 4254 650 4323 prtedicto
684 4254 804 4305 loco
831 4254 1113 4323 episcopis
1154 4254 1318 4307 liceat
1357 4270 1523 4323 agere
1556 4260 1613 4307 et
1669 4256 1813 4308 ordi-

122 4358 259 4395 nare
293 4341 603 4393 secundum
652 4356 851 4393 eorum
894 4342 1243 4395 voluntatem
1276 4342 1700 4396 advocationem
1756 4344 1815 4396 in

121 4430 383 4499 ipsorum
416 4430 638 4494 militia,
665 4430 826 4498 juxta
857 4429 1009 4499 quod
1049 4430 1158 4482 illis
1198 4430 1401 4483 melius
1433 4432 1615 4484 visum
1649 4432 1820 4484 fuerit

122 4517 193 4570 ad
227 4517 533 4570 utilitatem
568 4517 817 4569 ecclesiae
842 4517 1224 4585 praetitulatas.
1260 4519 1324 4571 Et
1354 4523 1417 4571 ut
1462 4518 1584 4570 hazc
1610 4524 1819 4572 nostrai

122 4604 529 4674 praeceptionis
603 4605 909 4658 auctoritas
954 4605 1113 4658 omni
1173 4610 1431 4676 tempore
1485 4607 1705 4659 stabilis
1762 4613 1819 4660 et

120 4692 455 4746 iuconvulsa
486 4697 834 4761 permaneat,
867 4692 1014 4746 hanc
1044 4693 1314 4763 paginam
1359 4710 1535 4747 manu
1583 4694 1819 4765 propria

121 4781 553 4846 conﬁrmantes,
578 4781 749 4850 sigilli
776 4781 955 4834 nostri
1004 4782 1378 4851 impressione
1405 4782 1681 4852 jussimus
1728 4782 1818 4836 iu-

122 4868 352 4938 signiri.

192 4957 422 5021 Signum
482 4956 666 5009 domni
716 4959 937 5010 Ilenrici
957 4960 1287 5012 serenissimi
1340 4955 1424 5025 (L.
1484 4959 1577 5024 Μ.)
1636 4963 1687 5013 et
1730 4961 1816 5013 in-

122 5047 417 5099 victissimi
437 5048 782 5113 imperatoris
809 5047 1068 5112 Augusti.

196 5134 503 5186 Guntarius
557 5134 926 5187 caucellarius
990 5136 1109 5189 vice
1164 5135 1545 5190 Archenbaldi
1604 5137 1819 5191 archie-

120 5221 338 5291 piscopi
372 5226 426 5274 et
492 5222 932 5291 arcliicapellaui
960 5224 1307 5295 recognovit.

198 5310 404 5362 Datum
466 5326 613 5363 anno
664 5310 968 5365 Dominicaa
1009 5312 1417 5366 incarnationis
1470 5313 1623 5378 1019,
1678 5313 1820 5367 iudi-

119 5398 307 5450 ctione
364 5414 424 5457 ιι,
506 5414 654 5451 anno
714 5399 911 5452 domui
970 5400 1220 5454 Heinrici
1294 5401 1590 5471 regnantis
1662 5417 1814 5468 xvm,

122 5484 353 5554 imperii
378 5501 512 5538 vero
545 5486 667 5555 ejus
690 5504 761 5554 τι,
789 5503 897 5539 xvu
932 5489 1054 5542 Kal.
1087 5489 1318 5559 Aprilis.

193 5576 395 5626 Actum
424 5574 691 5627 Goslariae
715 5574 970 5629 feliciter.

1367 343 1757 400 DIPLOMATA
1798 345 2350 401 ECCLESIASTICA.

182 462 529 517 Guntherius
578 460 983 528 cauccllarius,
1046 462 1117 515 ad
1196 461 1378 516 vicem
1434 464 1886 518 ErchanbaldiA

3504 346 3606 400 346

2668 466 2849 521 CVIII.

1915 554 1973 606 S.
2028 557 2287 608 Henricus
2342 556 2592 608 Ecclesia
2640 555 3037 609 Paderboncnsi
3115 555 3392 610 abbatiam
3455 558 3599 613 Scel-

2607 644 2723 697 dice
2749 643 2933 696 donat.

2518 730 2704 799 (Anno
2758 731 3007 801 eodem.)

2556 820 2746 892 [lbid.,
2772 836 2829 890 p.
2853 820 2966 887 7a.]

1991 909 2047 962 C.
2109 910 2173 961 In
2228 908 2462 960 nomine
2521 914 2728 960 sanctae.
2796 911 2850 959 et
2906 907 3218 961 individua:
3288 908 3608 977 Trinitatis,

1923 1001 2216 1052 Hnnvmcus
2268 997 2368 1049 Dei
2424 995 2607 1065 gratia
2639 996 3028 1049 Romanorum
3070 996 3384 1066 imperator
3411 1000 3607 1067 Augu-

1920 1090 2059 1139 stus.

1990 1173 2268 1237 Quoniam
2326 1173 2771 1242 prtedecessores
2820 1178 3042 1226 nostros
3070 1190 3234 1243 reges
3289 1175 3376 1229 vel
3430 1174 3608 1246 impe-

1920 1267 2135 1314 ratores
2193 1268 2454 1331 operatos
2508 1277 2627 1314 esse
2683 1260 2741 1313 iu
2800 1277 3023 1313 summo
3082 1262 3262 1329 capite
3317 1263 3470 1332 quod
3528 1267 3610 1316 est

1921 1349 2174 1403 Christus
2204 1366 2319 1402 non
2344 1350 2695 1419 ignoramus,
2740 1365 2880 1418 quos
2911 1350 3117 1401 scimus
3148 1350 3205 1402 in
3252 1349 3373 1417 ejus
3421 1366 3609 1404 mem-

1919 1438 2036 1491 bris
2067 1454 2169 1506 per
2198 1439 2370 1491 ﬁdem
2403 1444 2667 1506 operatus
2703 1437 2900 1490 haberi
2948 1438 3371 1507 augmentando
3430 1439 3606 1491 eccle-

1922 1526 2029 1578 sias
2079 1527 2191 1578 Deo
2247 1526 2332 1578 vel
2381 1525 2589 1577 sanctis
2641 1530 2903 1590 sacratas,
2973 1530 3027 1577 et
3085 1541 3186 1594 pro
3244 1541 3309 1577 ea
3362 1524 3485 1594 ipsa
3548 1542 3607 1578 re

1921 1619 2149 1667 ceterum
2183 1613 2729 1683 recompensationis
2760 1612 2997 1683 praemia
3028 1612 3262 1681 adeptos
3301 1613 3442 1676 fore,
3493 1629 3609 1666 non

1844 1740 1884 1792 Β
1924 1718 2083 1755 secus
2112 1703 2157 1755 si
2185 1707 2439 1755 sanctam
2500 1700 2599 1754 Dei
2630 1701 2931 1754 Ecclesiam
2964 1701 3032 1753 ad
3077 1702 3356 1754 honorem
3388 1704 3608 1754 sancto-

1924 1807 2052 1843 rum
2126 1806 2360 1843 snorum
2435 1806 2683 1842 crescere
2740 1793 2795 1843 et
2870 1789 3254 1858 multiplicare
3306 1788 3469 1842 donis
3521 1790 3611 1843 vel

1920 1879 2245 1949 augmentis
2300 1877 2706 1943 studuerimus,
2766 1882 3059 1946 perpetuze
3131 1877 3609 1930 remunerationis

1920 1967 2327 2021 exultationem
2386 1982 2491 2019 uos
2579 1966 2825 2018 nancisci
2883 1981 3195 2034 speramus.
3255 1965 3612 2035 Quapropter

1918 2055 2227 2109 universali
2256 2054 2513 2107 Ecclesiaa
2557 2054 2827 2123 przeseuti
2857 2053 3117 2106 videlicet
3144 2058 3199 2106 et
3228 2054 3436 2106 futura:
3488 2068 3608 2105 ma-

1918 2144 2190 2197 nifestum
2241 2147 2325 2197 est
2383 2143 2633 2211 optando
2686 2142 3079 2195 desideramus
3138 2142 3382 2211 qualiter
3436 2142 3610 2210 Megi-

1918 2232 2210 2286 uwerchus
2272 2230 2782 2285 Paterbrunuensis
2836 2231 3157 2299 episcopus,
3217 2235 3427 2283 nostra:
3496 2230 3608 2283 im-

1919 2321 2119 2390 periali
2176 2319 2524 2373 excellentiae.
2577 2317 2995 2384 dilectissimus,
3050 2317 3463 2371 sublimitatem
3502 2334 3611 2370 uo-

1921 2414 2096 2461 stram
2187 2408 2470 2472 convenit,
2560 2407 2855 2476 postulans
2936 2406 3186 2459 ecclesia:
3267 2423 3382 2459 suae
3437 2422 3614 2459 uuam

1921 2496 2205 2549 abbatiam
2259 2496 2504 2549 Sceldice
2555 2500 2810 2547 vocatam
2862 2494 3006 2559 dari,
3079 2495 3243 2563 cujus
3327 2494 3611 2547 continuis

1919 2584 2292 2652 petitionibus
2370 2599 2483 2636 non
2565 2582 2853 2635 immerito
2936 2582 3207 2647 faventes,
3286 2582 3612 2635 interventu

1922 2672 2318 2741 Chunigundae
2352 2670 2729 2741 imperatricis
2764 2674 2975 2722 nostra:
3012 2670 3271 2722 videlicet
3308 2669 3611 2722 dilectissi-

1921 2776 2030 2814 mze
2069 2759 2347 2830 conjugis,
2391 2760 2783 2828 episcoporum
2819 2774 3049 2827 quoque
3083 2758 3336 2817 Geronis,
3365 2757 3609 2823 Unuaui,

1920 2848 2177 2914 Aruoldi,
2242 2847 2485 2901 Dietrici.
2539 2846 2850 2899 Hiltiwardi
2899 2851 2955 2897 et
3006 2846 3173 2908 Erici,
3235 2846 3612 2915 optimatum—

1920 2954 2030 3006 que
2062 2936 2241 2990 nostri
2280 2936 2465 3007 regni,
2500 2935 2811 2989 Pernhardi
2851 2934 3025 3001 ducis,
3079 2933 3331 3003 Sigifridi
3364 2933 3612 3000 comitis,

1923 3024 2259 3079 Herimanui
2291 3028 2346 3077 et
2373 3023 2678 3093 Eggihardi
2708 3022 2934 3075 consilii
2966 3023 3353 3076 ventilatione.
3415 3038 3614 3092 supra-

1924 3113 2128 3165 dictam
2160 3110 2445 3165 abbatiam
2500 3111 2665 3163 sitam
2706 3110 2765 3162 in
2813 3126 2959 3179 pago
3002 3111 3263 3179 Wessaga
3296 3116 3352 3163 et
3407 3110 3464 3162 in
3504 3126 3605 3162 co-

1923 3200 2122 3253 mitatu
2156 3199 2423 3253 Friderici
2457 3198 2678 3252 comitis
2731 3198 2835 3250 sibi
2870 3214 2972 3251 nec
3018 3214 3134 3251 non
3188 3213 3303 3250 sua:
3363 3197 3613 3250 ecclesias

1923 3286 2404 3341 Paterbrunuensi
2464 3287 2692 3355 suisque
2751 3285 3171 3337 successoribus
3211 3285 3366 3337 omni
3418 3301 3614 3338 conce-

1925 3376 2113 3428 dimus
2171 3377 2299 3444 jure
2359 3375 2626 3443 deinceps
2687 3373 3108 3442 possidendam.
3170 3374 3238 3425 Ut
3294 3389 3425 3425 vero
3491 3374 3613 3425 haec

1923 3463 2191 3532 praecepti
2250 3463 2459 3531 pagina
2515 3460 2732 3514 stabilis
2792 3465 2849 3513 et
2896 3458 3221 3512 iuconvulsa
3266 3459 3471 3513 futuris
3518 3462 3607 3513 vel

1924 3550 2300 3623 prmsentibus
2323 3548 2678 3619 temporibus
2729 3564 3066 3617 permanere
3124 3548 3328 3608 valeat,
3364 3549 3611 3618 propriae

1926 3655 2127 3692 manus
2157 3637 2417 3690 cautione
2450 3637 2768 3699 ﬁrmamus,
2801 3640 2857 3688 et
2885 3637 3065 3688 nostri
3123 3636 3301 3705 sigilli
3360 3636 3600 3706 impres-

1925 3727 2083 3780 sione
2108 3732 2290 3779 ratum
2323 3725 2592 3777 ducentes
2618 3722 2835 3791 signari
2877 3722 3178 3791 jussimus.

1993 3816 2223 3880 Signum
2279 3813 2462 3865 domui
2512 3813 2756 3865 Heinrici
2796 3813 3130 3865 screnissimi
3167 3812 3250 3877 (L.
3285 3812 3373 3879 M.)
3434 3817 3483 3867 et
3529 3815 3614 3866 in-

1924 3905 2210 3958 victissimi
2237 3903 2600 3969 imperatoris.

1996 3990 2343 4045 Guntherius
2393 3986 2763 4041 cancellarius
2822 3987 2941 4040 vice
3004 3987 3377 4042 Erchanbaldi
3424 3989 3616 4043 archi-

1927 4078 2205 4149 capellani
2238 4077 2582 4145 recognovit.

2000 4168 2201 4219 Datum
2243 4181 2393 4216 anno
2434 4163 2743 4217 Dominicae
2801 4162 3210 4215 incarnationis
3256 4166 3405 4225 1018,
3466 4164 3615 4217 indi-

1928 4254 2114 4307 ctione
2146 4269 2205 4317 ιι,
2256 4268 2405 4305 anno
2452 4252 2645 4305 domui
2681 4250 2924 4303 Heiurici
2970 4250 3265 4318 regnantis
3315 4266 3449 4317 xvn,
3508 4250 3615 4304 im-

1928 4340 2072 4411 perii
2103 4357 2235 4393 vero
2254 4341 2374 4409 ejus
2399 4356 2473 4406 vi,
2499 4356 2614 4393 XIII.
2644 4340 2766 4391 Kal.
2802 4342 2934 4407 Apr.

1998 4432 2199 4482 Actum
2231 4429 2297 4481 ad
2332 4428 2576 4480 Gosilare
2610 4426 2866 4480 feliciter.
2900 4428 3097 4479 Amen.

2705 4515 2834 4568 CIX.

1998 4608 2138 4660 Item
2170 4626 2197 4654 ‹‹
2230 4604 2524 4674 quamdam
2552 4606 2748 4657 nostris
2779 4604 3131 4672 proprietatis
3151 4604 3417 4668 forestim.
3446 4622 3471 4653 ι)

2564 4694 2749 4758 (Auno
2803 4691 2981 4757 1019.)

2211 4780 2362 4853 [Cod.
2395 4781 2617 4849 diplom.
2640 4782 2781 4833 Hist.
2822 4779 3087 4847 Wcstph.,
3113 4795 3169 4848 p.
3198 4777 3328 4849 78.]

1996 4874 2053 4927 C.
2116 4872 2178 4924 In
2234 4870 2467 4923 nomine
2525 4873 2732 4921 sanctas
2811 4872 2866 4920 et
2928 4867 3235 4920 individua:
3301 4866 3614 4931 Trinitatis,

1928 4964 2225 5015 Hemmcus
2306 4958 2499 5011 divina
2566 4958 2789 5010 favente
2854 4954 3158 5008 clementia
3228 4956 3615 5009 Romanorum

1926 5050 2238 5119 imperator
2265 5048 2572 5113 Augustus.

2000 5137 2349 5205 Ubicumque
2377 5138 2569 5186 sancta
2600 5131 2697 5185 Dei
2723 5131 2845 5184 loca
2874 5130 3040 5183 bouis
3066 5130 3227 5183 nobis
3260 5146 3291 5182 a
3342 5130 3455 5182 Deo
3513 5128 3615 5182 do-

1927 5226 2074 5279 natis
2100 5223 2442 5287 extollimus,
2472 5238 2584 5274 uou
2619 5221 2801 5272 solum
2834 5218 2960 5271 vita:
3009 5223 3217 5271 nostra:
3274 5217 3616 5286 longanimi-

1926 5317 2123 5381 tatem,
2152 5328 2350 5365 verum
2383 5310 2555 5363 etiam
2588 5307 2750 5377 regni
2776 5323 2877 5359 nos
2918 5306 3356 5376 prosperitatem
3406 5320 3617 5373 augere

1927 5418 2242 5470 speramus.
2349 5400 2707 5469 Quapropter
2781 5395 3000 5448 noverit
3067 5394 3327 5446 omnium
3412 5392 3618 5446 Christi

1928 5496 2371 5557 nostrorumque
2406 5488 2658 5541 ﬁdelium
2694 5483 3028 5537 universitas
3072 5482 3315 5552 qualiter
3353 5498 3477 5547 nos,
3512 5498 3616 5551 pro

1926 5577 2179 5631 remedio
2209 5576 2417 5628 animus
2449 5580 2656 5628 nostrae
2683 5578 3223 5641 antecessorumque
3264 5576 3613 5636 nostrorum,
