3944 6302
313 333 414 387 347

1614 328 1670 382 S.
1711 326 2000 384 HENRICI
2035 327 2507 384 IMPERATORIS

3708 330 3812 384 348

313 475 414 512 nec
437 474 553 512 non
585 473 690 528 pro
739 458 920 511 salute
988 456 1210 510 dilectae
1253 455 1514 524 conjugis
1562 459 1790 522 nostrae,
1835 455 1996 510 Cuni—
2022 458 2068 510 Α
2107 457 2338 524 nentiis,
2369 462 2427 511 et
2455 473 2583 511 cum
2623 473 2826 528 campo
2875 456 3110 523 Arsicio,
3167 459 3322 526 quod
3379 459 3664 529 praedium
3717 456 3810 512 Gi-

307 548 516 617 gundae
582 545 962 615 imperatricis
1021 545 1280 597 videlicet
1343 549 1620 613 augusta,
1674 549 1846 613 atque
1899 561 2002 614 per

304 635 693 696 interventum
742 634 979 688 Geronis
1033 632 1569 701 Magedeburgcnsis
1620 631 1999 700 archiepisco-

308 722 387 792 pi,
415 722 853 791 Dotichouisque
888 720 1130 782 comitis,
1167 719 1455 788 quandam
1487 724 1698 771 nostrze
1742 718 1998 788 proprie-

308 810 440 862 tatis
465 809 722 862 forestim
747 809 802 861 in
836 809 1108 860 comitatu
1141 807 1398 875 ejusdem
1435 805 1760 859 Dotichonis
1800 807 1996 871 sitam;

313 914 463 967 quae,
515 896 828 950 terminum
869 895 1027 962 juxta
1082 895 1375 948 fluviotum
1423 895 1596 948 Fulda
1639 894 1997 947 nominatum

308 1001 561 1048 sumens,
591 1000 768 1053 prope
791 983 1334 1051 chinhereshuson
1369 988 1427 1036 et
1449 982 1784 1036 Utenhuson
1828 988 1999 1051 atque

312 1073 620 1126 Biberbach
653 1076 709 1124 et
743 1071 1294 1135 Rotbrehteshuson,
1336 1071 1396 1123 in
1443 1070 1728 1140 quoddam
1783 1070 2000 1123 ﬁumen

312 1161 524 1213 Wisera
579 1167 838 1211 vocatum
901 1174 1081 1228 usque
1133 1158 1530 1228 protenditur;
1581 1158 1714 1211 inde
1771 1173 1997 1211 sursum

310 1249 544 1311 directa,
578 1247 865 1317 quandam
898 1247 1090 1314 villam
1121 1246 1354 1298 nomine
1391 1245 1706 1298 Gimundin
1733 1245 1994 1314 attingit;

309 1336 537 1399 abinde,
577 1335 854 1388 circulum
899 1338 1217 1403 prosecuta,
1271 1333 1480 1386 iterum
1516 1333 1578 1387 in
1632 1332 1890 1398 Fuldam,
1942 1337 1998 1385 et

307 1423 385 1475 sic
415 1438 642 1476 sursum
674 1421 987 1492 usquejam
1030 1421 1361 1490 praedictam
1393 1421 1590 1474 villam
1631 1420 1845 1474 scilicet
1888 1421 1998 1474 Rc-

307 1510 758 1579 ginhereshuson
827 1509 1174 1578 pergiratur,
1234 1513 1441 1562 sanctos
1497 1508 1998 1562 Paderbrunnensi

308 1597 578 1661 ecclesim,
639 1597 730 1649 cui
778 1596 1116 1650 venerabilis
1175 1600 1231 1649 et
1285 1597 1447 1650 nobis
1497 1596 1732 1650 dilectus
1789 1597 1998 1666 prmsul

309 1685 672 1740 Meinwercns
736 1701 978 1755 praeesse
1021 1684 1263 1752 videtur,
1295 1685 1363 1737 ad
1397 1685 1571 1737 altare
1626 1689 1684 1738 et
1725 1685 1996 1754 reliquias

310 1778 520 1827 sanctae
572 1772 670 1826 Dei
708 1772 1001 1843 genitricis
1050 1771 1258 1840 Mariaa,
1307 1772 1600 1842 sanctique
1646 1773 1912 1842 martyris
1941 1777 1998 1827 et

310 1861 561 1931 episcopi
594 1860 804 1914 Kiliani
856 1863 914 1914 et
969 1861 1148 1913 sancti
1184 1860 1390 1914 Liborii
1448 1860 1810 1925 confessoris,
1867 1877 1997 1914 cum

309 1950 468 2004 omni
527 1949 767 2002 utilitate
813 1965 942 2018 quae
990 1949 1060 2002 ab
1113 1949 1310 2002 eadem
1361 1949 1659 2019 provenire
1715 1949 1998 2002 ullatenus

303 2037 503 2109 possit,
569 2037 811 2092 ﬁrmiter
857 2041 914 2091 et
986 2041 1263 2107 perpetuo
1343 2037 1669 2092 habendam
1722 2037 1997 2091 tradimus

307 2131 478 2196 atque
534 2125 913 2179 concedimus.
968 2127 1032 2178 Et
1087 2129 1151 2178 ut
1224 2125 1346 2179 haec
1422 2129 1618 2179 nostra
1691 2126 1997 2179 auctoritas

309 2213 526 2268 stabilis
547 2217 603 2266 et
631 2213 962 2266 inconvnlsa
980 2217 1337 2282 permaneat,
1396 2229 1522 2266 eam
1555 2203 1730 2266 manu
1762 2213 1998 2283 propria

307 2301 663 2367 roborantes,
684 2299 857 2370 sigilli
896 2301 1072 2354 nostri
1109 2300 1486 2370 impressione
1536 2301 1812 2371 jussimus
1856 2300 1995 2354 insi-

308 2388 481 2461 gniri.

377 2478 602 2543 Signum
665 2476 848 2530 domui
898 2478 1144 2531 Heinrict
1193 2480 1555 2532 Romanorum
1623 2476 1705 2546 (L.
1767 2476 1864 2546 M.)
1908 2479 1992 2530 in-

307 2567 596 2618 victissimi
612 2567 954 2633 imperatoris
984 2566 1248 2629 Augusti.

377 2653 719 2706 Guntherius
767 2652 1137 2705 cancellarius
1188 2651 1308 2704 vice
1364 2651 1760 2705 Erchembaldi
1811 2649 1993 2703 archi-

309 2738 557 2808 episcopi
578 2754 641 2790 ac
667 2737 1149 2807 archicappellani
1182 2737 1526 2806 recognovit.

372 2829 533 2880 Anno
571 2827 879 2880 Dominicaa
913 2825 1322 2879 incarnationis
1357 2827 1510 2890 1018,
1580 2824 1888 2879 indictione
1926 2843 1987 2892 ιι,

303 2930 456 2967 anno
487 2931 619 2967 vero
651 2915 848 2968 domui
879 2913 1130 2969 Heinrici
1188 2913 1579 2967 Romanorum
1627 2914 1991 2984 imperatoris

2110 545 2240 598 nizo
2271 546 2545 598 hactenus
2567 545 2772 612 tenuit,
2807 550 2892 610 ut,
2927 545 3414 615 quemadmodum
3467 546 3565 600 ille
3625 545 3812 599 domi-

2111 649 2240 686 nam
2284 640 2536 686 nostram
2583 638 2836 686 sanctam
2893 634 3124 688 Mariam
3171 634 3465 688 constituit
3517 633 3813 688 haeredem

2110 721 2178 775 de
2211 721 2462 790 proprio,
2493 722 2571 774 ita
2605 725 2662 774 et
2701 737 2806 774 nos
2838 721 3076 775 facimus
3107 722 3176 774 de
3208 726 3401 776 nostro
3434 721 3813 775 ministeriolo

2108 808 2358 878 publico,
2406 824 2475 861 ne
2523 809 2687 874 forte,
2737 808 2785 861 si
2841 809 3016 862 alieni
3062 810 3318 862 saeculari
3366 810 3812 863 concederemus

2108 896 2267 961 illud,
2300 911 2365 949 ea
2395 896 2690 950 occasione
2723 896 3018 965 praedictas
3074 897 3407 951 invaderent
3443 914 3552 950 res.
3617 899 3682 950 Et
3741 897 3805 949 in

2107 984 2378 1053 prredicto
2406 984 2680 1036 comitatu
2723 999 2886 1036 nova:
2927 985 3080 1038 Casa:
3126 986 3443 1051 castellum,
3485 984 3636 1054 quod
3695 985 3809 1037 sibi

2111 1071 2350 1124 contulit
2379 1073 2507 1124 Atto
2539 1070 2691 1124 ﬁlius
2738 1071 3008 1139 Aderadi,
3058 1089 3185 1125 cum
3245 1072 3360 1125 suis
3415 1072 3805 1141 perlinentiis,

2105 1156 2282 1209 veluti
2309 1156 2368 1210 in
2399 1157 2594 1210 charta
2650 1156 3026 1209 concessionis
3065 1155 3220 1209 illius
3269 1158 3567 1226 leguntur,
3629 1163 3688 1209 et
3749 1157 3809 1208 in

2107 1244 2218 1297 alio
2267 1245 2390 1297 loco
2451 1243 2632 1314 ipsius
2669 1244 2944 1298 comitatu
3001 1245 3299 1298 castellum
3354 1245 3422 1298 de
3463 1245 3810 1314 Anganello,

2105 1333 2193 1386 vel
2228 1333 2337 1385 alia
2383 1333 2505 1385 loca
2553 1347 2682 1401 quae
2734 1331 2814 1384 ibi
2872 1331 3216 1386 condonavit
3267 1331 3532 1385 Alkerius
3589 1347 3808 1394 comes,

2107 1425 2387 1492 quatenus
2412 1419 2472 1472 in
2503 1436 2605 1472 sua
2625 1420 2819 1474 charta
2871 1420 3146 1485 referunt,
3208 1421 3295 1474 vel
3345 1419 3472 1473 alite
3531 1436 3618 1472 res
3676 1436 3810 1489 quin

2106 1509 2386 1562 moderno
2415 1514 2674 1578 tempore
2719 1508 2780 1561 in
2828 1509 2952 1578 ipso
2997 1508 3274 1562 comitatu
3321 1507 3616 1578 acquisita:
3648 1511 3806 1560 sunt.

2105 1598 2169 1651 In
2209 1597 2476 1651 comitatu
2536 1593 2856 1662 Sabinensi,
2913 1597 2973 1650 in
3004 1597 3128 1650 loco
3161 1597 3395 1663 Ortelle,
3429 1601 3486 1650 et
3515 1611 3607 1650 res
3663 1612 3809 1666 quas

2105 1684 2348 1739 contulit
2376 1684 2454 1738 ibi
2500 1685 2745 1738 Joannes
2774 1684 3072 1754 presbyter
3103 1700 3232 1738 cum
3265 1684 3379 1737 suis
3417 1683 3804 1737 consortibus.

2107 1775 2173 1828 Et
2203 1791 2345 1844 quas
2375 1774 2715 1828 Octavianus
2735 1790 2865 1826 cum
2897 1775 3114 1843 Rogata
3145 1773 3390 1844 conjuge
3428 1789 3530 1826 sua
3581 1773 3642 1825 in
3681 1773 3808 1840 jam

2106 1863 2255 1918 dicto
2302 1861 2574 1916 comitatu
2620 1863 2918 1932 saepedicto
2973 1861 3318 1916 monasterio
3375 1861 3586 1916 obtulit
3633 1865 3700 1913 ut
3745 1860 3806 1913 in

2108 1967 2211 2004 sua
2255 1950 2618 2004 concessione
2649 1949 2911 2003 habetur.
2941 1952 3006 2003 Et
3035 1966 3175 2020 quas
3204 1951 3314 2004 Leo
3335 1948 3487 2002 ﬁlius
3555 1947 3807 2002 Rezonis

2106 2039 2448 2098 condonavit
2475 2039 2536 2092 in
2568 2038 2808 2108 Mojano.
2862 2039 3104 2108 Insuper
3135 2042 3191 2092 et
3231 2037 3519 2106 imperiali
3579 2052 3804 2105 praece-

2088 2126 2593 2196 ptionejubemus
2649 2126 2752 2178 sub
2809 2127 2968 2179 omni
3021 2125 3427 2179 contestatione
3476 2129 3540 2178 ut
3605 2123 3807 2177 omnia

2107 2215 2315 2284 scripta
2371 2230 2500 2284 quae
2564 2213 2888 2281 Gratianus,
2966 2214 3194 2268 invasor
3268 2229 3461 2267 rerum
3545 2212 3803 2266 ecclesia:

2105 2307 2315 2356 sanctae
2347 2303 2535 2356 Maria:
2569 2304 2638 2356 de
2668 2302 2936 2367 Minionc,
2971 2303 3126 2372 quod
3182 2302 3434 2372 pertinet
3461 2301 3531 2355 ad
3590 2301 3804 2371 praefa-

2104 2395 2228 2444 tum
2251 2390 2682 2453 monasterium,
2727 2389 2883 2456 fecit,
2932 2390 3368 2459 confringantur
3397 2394 3453 2442 et
3497 2390 3805 2442 annullen-

2103 2483 2216 2540 tur,
2251 2482 2306 2532 et
2338 2479 2408 2533 ad
2434 2478 2624 2548 ipsum
2655 2478 3064 2532 monasterium
3106 2479 3343 2532 redeant
3398 2477 3520 2531 sine
3579 2478 3804 2548 obliga-

2103 2567 2277 2621 tione.

2173 2656 2238 2708 In
2270 2655 2541 2708 comitatu
2576 2670 2803 2725 quoque
2845 2654 3105 2708 Balbensi
3137 2654 3402 2708 ecclesias
3446 2654 3629 2707 sancti
3696 2655 3803 2707 Pe-

2101 2742 2320 2812 regrini
2351 2746 2408 2795 et
2433 2747 2643 2796 sanctae
2668 2742 2876 2808 Mariae,
2905 2759 3036 2795 cum
3070 2743 3434 2812 pertinentiis
3465 2758 3691 2806 earum,
3741 2742 3801 2794 in

2101 2831 2312 2901 quibus
2354 2846 2542 2884 comes
2603 2830 2894 2884 Oderisius
2942 2830 3165 2884 noviter
3213 2830 3520 2883 monachos
3566 2829 3802 2893 locavit,

2101 2935 2228 2989 quae
2261 2918 2575 2989 antiquitus
2605 2918 2785 2988 ipsius
2822 2919 3155 2972 monasterii
3205 2919 3461 2981 fuerunt,
3511 2923 3569 2971 et
3623 2919 3801 2971 modo

301 3004 544 3073 Augusti
574 3004 808 3058 secundi
837 3003 1132 3073 regnantis
1189 3019 1342 3069 XVIII,
1392 3003 1621 3072 imperii
1661 3007 1855 3056 autem
1912 3019 1987 3056 VI.
2022 3009 2062 3062 C
2100 3009 2456 3077 reacquisitae
2502 3013 2651 3072 sunt,
2705 3024 2846 3078 quas
2885 3008 3082 3062 ﬁdeles
3127 3007 3333 3062 Christi
3391 3006 3534 3060 inibi
3585 3012 3802 3060 contu-

373 3095 576 3145 Actum
631 3108 784 3145 xvm.
851 3093 970 3145 Kal.
1016 3091 1271 3144 Januarii
1310 3091 1678 3146 Muliubuson
1729 3090 1986 3146 feliciter.

302 3181 504 3234 Amen.

1096 3283 1198 3336 CX.

302 3391 357 3445 S.
392 3392 651 3444 Henricus
679 3391 973 3458 imperator
1018 3391 1340 3442 monasterio
1390 3390 1644 3453 Farfensi
1680 3390 1736 3445 S.
1798 3393 1991 3444 Maria

375 3477 460 3514 res
534 3464 743 3514 naviter
801 3460 868 3512 ab
908 3461 1043 3526 ipsis
1089 3460 1364 3512 monachis
1391 3463 1708 3527 (requisitas,
1760 3477 1991 3528 quarum

371 3534 592 3595 nomine
690 3535 1044 3592 recensentur,
1140 3545 1234 3583 suo
1325 3529 1618 3596 diplomate
1677 3531 1986 3601 conﬁrmat.

938 3617 1120 3686 (Anno
1175 3617 1352 3684 1019.)

523 3704 832 3774 [Muratori,
861 3707 982 3758 Rcr.
1024 3706 1149 3758 Ital.
1184 3705 1383 3772 Script.
1427 3704 1494 3771 ll,
1541 3721 1597 3767 II,
1628 3706 1774 3774 513.]

372 3793 648 3845 HENRICUS
680 3791 866 3845 divina
901 3791 1202 3844 clementia
1260 3791 1569 3861 imperator
1599 3793 1986 3846 Romanorum

301 3880 384 3930 Au
394 3882 608 3945 gustus.

371 3965 578 4016 Notum
610 3964 679 4016 sit
708 3963 976 4016 omnibus
1013 3963 1278 4017 ﬁdelibus
1327 3969 1536 4018 sancta:
1573 3966 1669 4018 Dei
1704 3967 1985 4032 Ecclesire,

298 4057 355 4104 et
385 4052 641 4104 omnium
677 4057 1021 4116 nostrorum,
1055 4053 1309 4105 fidelium
1344 4054 1715 4123 praesentium
1746 4071 1845 4108 seu
1905 4056 1989 4109 fu-

299 4142 577 4199 turorum.
615 4140 829 4193 noverit
863 4140 1198 4194 universitas
1230 4143 1474 4212 qualiter
1495 4143 1680 4212 Hugo,
1708 4149 1988 4196 monaste-

296 4227 365 4279 rii
416 4229 565 4298 quod
611 4229 816 4282 dicitur
854 4229 1139 4298 Pharpha,
1201 4231 1540 4284 venerandae
1571 4231 1864 4298 genitricis
1923 4249 1986 4285 ac

295 4304 533 4385 virginis
600 4316 699 4369 Dei
756 4317 965 4381 Mariae,
1052 4318 1390 4372 venerabilis
1462 4318 1657 4384 abbas,
1727 4325 1984 4373 nostram

299 4403 495 4455 adiens
553 4404 935 4469 clementiam,
969 4405 1305 4474 deprecatus
1355 4410 1441 4458 est
1498 4411 1780 4474 quatenus
1806 4407 1984 4476 ipsius

297 4490 488 4542 effusis
576 4491 834 4558 precibus
909 4499 1116 4546 nostrae
1195 4494 1422 4562 pietatis
1483 4495 1984 4548 accomodaremus

297 4593 482 4641 aures,
517 4578 728 4631 scilicet
774 4585 956 4633 ut.res
986 4581 1225 4641 noviter,
1284 4582 1396 4633 Deo
1450 4581 1695 4647 favente,
1739 4584 1983 4654 acquisi-

298 4671 404 4728 tas,
461 4681 555 4718 seu
610 4683 642 4718 a
685 4682 994 4736 pravorum
1073 4668 1372 4720 hominum
1439 4668 1653 4721 ditione
1698 4687 1978 4735 excussas,

298 4757 490 4806 nostra
545 4754 824 4822 imperiali
859 4772 921 4807 ac
969 4755 1296 4824 prmceptali
1355 4755 1564 4824 pagina
1613 4759 1981 4812 conﬁrmare-

297 4854 443 4892 mus.
474 4840 584 4892 Nos
608 4856 739 4893 vero
764 4840 897 4910 quia
938 4841 1154 4893 cunctis
1202 4842 1357 4909 justa
1407 4844 1775 4911 poscentibus
1832 4862 1977 4914 pra:-

295 4926 429 4980 bere
450 4927 722 4980 debemus
761 4945 1076 4993 assensum,
1130 4934 1340 4982 nostra:
1386 4930 1644 4984 tuitionis
1696 4939 1980 5002 przecepto

295 5015 618 5067 nominatas
671 5021 725 5068 et
774 5016 1121 5084 subscriptus
1162 5022 1354 5069 sancto
1401 5018 1808 5071 conﬁrmamus
1857 5037 1978 5073 mo-

294 5102 561 5156 nasterio.
589 5105 696 5156 Res
727 5104 938 5173 itaque,
983 5120 1124 5172 quas
1181 5104 1371 5157 Ginizo
1424 5105 1576 5158 ﬁlius
1610 5107 1981 5177 llildeprandi

292 5191 518 5243 comitis
549 5191 790 5244 contulit
816 5192 999 5244 eidem
1029 5193 1396 5259 monasterio,
1437 5193 1583 5247 sicut
1623 5195 1679 5246 in
1724 5195 1978 5250 chartula

293 5278 616 5332 donationis
649 5279 800 5332 illius
827 5279 1172 5343 continetur,
1199 5297 1325 5350 quae
1344 5281 1546 5334 suntin
1569 5282 1841 5336 comitatu
1867 5285 1978 5338 Fir-

293 5383 460 5419 mano
492 5367 563 5420 sit
593 5369 736 5436 (sic),
762 5368 1048 5437 simulque
1081 5369 1405 5422 addidimus
1436 5386 1540 5438 pro
1576 5371 1974 5442 redemptione

292 5454 500 5506 animae
530 5461 739 5508 nostrae
753 5471 820 5507 ex
844 5461 1036 5509 nostra
1066 5457 1331 5526 largitate
1353 5457 1539 5511 eidem
1598 5466 1791 5513 sancto
1853 5463 1975 5517 loco

290 5541 614 5596 dictrictum
647 5544 974 5596 monasterii
1020 5544 1292 5613 Spazzani
1330 5561 1457 5599 cum
1503 5548 1770 5602 omnibus
1806 5551 1977 5618 perti-

2101 3098 2319 3161 lerunt;
2362 3111 2460 3149 seu
2483 3112 2623 3166 quas
2663 3095 2971 3166 praedictus
3021 3095 3454 3165 quomodolibet
3485 3110 3798 3164 recupera-

2099 3184 2198 3238 vit.
2235 3185 2378 3237 Item
2435 3183 2497 3237 in
2541 3183 2815 3237 comitatu
2860 3183 3156 3236 Sabinensi
3207 3184 3502 3236 castellum
3536 3183 3606 3236 de
3667 3183 3796 3236 Tri-

2098 3272 2268 3336 buco,
2311 3275 2368 3325 et
2431 3271 2675 3324 alterum
2735 3271 2802 3324 de
2854 3271 3194 3324 Bucciniano
3244 3287 3372 3324 cum
3433 3271 3550 3324 suis
3608 3271 3798 3341 perti-

2098 3359 2328 3427 nentiis,
2355 3359 2832 3430 quemadmodem
2861 3359 3106 3413 domnus
3135 3359 3472 3413 Benedictus
3525 3376 3798 3414 summus

2100 3449 2389 3501 Romanus
2421 3448 2673 3517 pontifex
2703 3452 3009 3517 nosterque
3045 3447 3354 3517 spiritualis
3383 3451 3547 3516 pater
3599 3454 3799 3500 nostro

2097 3540 2304 3606 rogatu
2335 3535 2520 3588 eidem
2553 3535 2898 3589 monasterio
2929 3535 3195 3588 restituit.
3237 3535 3422 3588 Simili
3467 3535 3640 3588 modo
3696 3537 3798 3589 illa

2098 3623 2219 3676 loca
2249 3639 2377 3694 quae
2408 3622 2716 3692 praedictus
2736 3639 2886 3692 papa
2908 3639 3012 3692 per
3054 3623 3382 3692 pontiﬁcale
3429 3627 3792 3692 praeceptum

2096 3727 2202 3780 pro
2221 3711 2429 3764 animae
2461 3726 2577 3763 suae
2609 3710 2862 3764 remedio
2903 3710 3162 3777 contulit,
3205 3727 3332 3780 quae
3369 3714 3499 3763 sunt
3543 3710 3600 3762 in
3651 3713 3791 3762 Assa

2097 3799 2165 3852 de
2186 3798 2506 3868 supradicto
2543 3798 2884 3851 Bucciniano
2941 3813 3069 3851 cum
3127 3798 3246 3850 suis
3301 3797 3568 3851 omnibus
3611 3798 3794 3867 perti-

2097 3887 2329 3951 nentiis,
2383 3886 2450 3939 de
2489 3886 2724 3938 ecclesia
2770 3901 3002 3956 quoque
3064 3890 3271 3939 sanctae
3317 3886 3503 3939 Mariae
3577 3886 3686 3938 sita
3733 3887 3793 3939 in

2098 3975 2275 4028 fundo
2305 3975 2496 4027 Massa!
2527 3975 2595 4027 de
2625 3973 2918 4036 Vestiario,
2952 3990 3081 4027 cum
3141 3974 3367 4044 praediis
3400 3974 3513 4027 illis
3544 3990 3672 4044 quae
3731 3975 3792 4027 in

2099 4063 2221 4132 ipso
2242 4062 2608 4115 continentur
2635 4067 2943 4132 praecepto.
2989 4063 3101 4115 Nec
3131 4078 3247 4115 non
3277 4062 3567 4116 ecclesiam
3613 4064 3796 4116 sancti

2098 4151 2414 4204 Sebastiani
2442 4150 2500 4202 in
2533 4150 2753 4203 Collina
2782 4150 2849 4203 de
2883 4150 3175 4219 Flagiano,
3203 4167 3332 4204 cum
3375 4151 3542 4203 terris
3588 4155 3645 4204 et
3703 4152 3789 4204 vi-

2094 4240 2239 4302 neis,
2300 4238 2444 4292 sicut
2500 4238 2624 4308 ipse
2683 4240 2895 4307 praesul
2929 4239 3263 4291 universalis
3316 4238 3527 4307 aliique
3578 4245 3793 4292 sanctae

2099 4326 2482 4395 Deigenitrici
2512 4342 2616 4395 per
2654 4327 2937 4380 chartulas
2959 4330 3374 4380 concesserunt.
3437 4325 3564 4379 Pari
3617 4327 3793 4379 modo

2095 4414 2506 4467 monasterium
2538 4414 2715 4467 sancti
2764 4415 3054 4468 Laurentii
3083 4414 3143 4466 in
3202 4414 3412 4467 ﬁnibus
3459 4414 3788 4483 Campanis,

2092 4502 2188 4554 ubi
2211 4501 2419 4555 dicitur
2443 4503 2650 4568 Mac...,
2694 4502 2843 4572 quod
2874 4503 3024 4555 idem
3079 4503 3422 4555 venerabilis
3472 4507 3636 4571 pater
3683 4502 3790 4555 sub

2091 4590 2239 4643 dicto
2271 4591 2391 4643 loco
2423 4590 2647 4643 obtulit.
2675 4592 2738 4644 Et
2770 4591 2828 4644 in
2858 4593 3133 4644 comitatu
3163 4590 3636 4644 Sabinensiterra
3665 4591 3788 4658 (sic)

2092 4679 2304 4733 Ortella
2355 4679 2591 4732 Joannis
2658 4680 2972 4750 presbyteri
3047 4694 3178 4732 cum
3229 4678 3500 4744 ecclesiis,
3555 4679 3781 4732 olivetis

2089 4770 2260 4836 atque
2290 4766 2511 4820 vinetis.
2552 4768 2615 4819 In
2646 4766 2917 4819 comitatu
2949 4767 3189 4821 Reatino
3219 4771 3367 4819 terra
3418 4767 3560 4836 (sic),
3609 4783 3785 4835 quam

2088 4854 2452 4908 Transaricus
2477 4860 2683 4907 sanctae
2719 4855 2907 4908 Mariae
2963 4855 3202 4925 largitus
3251 4859 3352 4908 est.
3408 4856 3470 4907 In
3501 4855 3783 4908 suburba-

2090 4943 2179 4995 nis
2208 4942 2523 4995 Tiburtinaz
2550 4943 2790 4996 civitatis
2837 4943 3269 5008 monasterium,
3322 4941 3498 4994 sancti
3542 4942 3784 4995 Adriani

2090 5045 2221 5082 cum
2252 5031 2519 5084 omnibus
2547 5030 2661 5083 suis
2694 5031 3080 5100 pertinentiis.
3115 5032 3179 5084 In
3211 5030 3483 5083 comitatu
3514 5029 3784 5083 Firmano

2089 5133 2176 5170 res
2206 5118 2429 5171 Ottonis
2459 5119 2562 5172 filii
2619 5119 2904 5172 Anderadi
2933 5134 3063 5171 cum
3095 5117 3330 5171 ecclesia
3375 5117 3604 5170 Domini
3652 5118 3783 5171 Sal-

2088 5206 2319 5270 vatoris,
2369 5211 2425 5259 et
2473 5223 2562 5258 res
2609 5223 2750 5276 quas
2794 5207 3139 5260 Adelmodus
3182 5207 3333 5259 titius
3404 5206 3781 5269 Hildemodis,

2087 5298 2143 5346 et
2168 5310 2526 5364 quiscunque
2557 5295 2626 5348 ab
2649 5294 2935 5364 aliquibus
2982 5295 3167 5348 eidem
3221 5298 3430 5347 sanctas
3478 5293 3670 5347 Mariae
3722 5295 3778 5346 in

2087 5379 2351 5450 Pharpha
2381 5381 2509 5434 data
2558 5386 2708 5434 sunt.
2743 5382 2808 5434 In
2855 5381 3080 5434 civitate
3125 5381 3336 5435 Ortana
3367 5381 3779 5434 monasterium

2087 5466 2267 5519 sancti
2297 5466 2579 5520 Theodori
2623 5483 2750 5519 cum
2801 5467 3050 5520 ecclesiis
3080 5472 3138 5521 et
3178 5467 3445 5520 omnibus
3483 5467 3779 5535 pertinen-

2083 5553 2179 5606 tiis
2241 5554 2378 5618 suis,
2428 5556 2839 5608 monasterium
2887 5560 3095 5609 sanctae
3154 5555 3342 5609 Mariae
3405 5554 3474 5607 de
3534 5555 3781 5608 Minione
