3944 6310
182 345 285 399 349

1445 343 1844 401 DIPLOMATA
1882 342 2433 400 ECCLESIASTICA.

3569 349 3673 402 350

183 483 313 521 cum
337 466 607 521 omnibus
638 465 753 519 suis
808 466 1189 537 pertinentiis,
1229 468 1383 539 quod
1422 468 1605 523 beatas
1650 484 1877 523 memo-
1914 471 1956 521 A
1990 472 2149 537 ptam
2207 483 2269 521 ac
2316 466 2599 537 signatam
2660 483 2833 521 manu
2888 468 3119 538 propria
3165 469 3363 524 subtus
3414 470 3672 526 ﬁrmavi-

180 554 282 609 ria:
312 555 506 609 senior
532 559 726 608 noster
751 554 880 608 Otto
909 555 990 609 ibi
1010 556 1275 610 restituit.
1307 557 1370 610 In
1387 556 1599 610 Assisio
1632 557 1760 610 duae
1787 574 1875 610 ec-

184 643 367 697 clesim
389 643 501 713 (sic)
530 659 658 714 quae
681 659 853 713 super
874 647 1084 697 terram
1115 644 1295 713 ipsius
1318 644 1650 698 monasterii
1669 645 1875 713 positas

182 736 333 785 sunt.
387 733 451 785 ln
491 731 773 785 Summati
830 731 1065 785 ecclesia
1112 731 1231 802 (sic)
1266 732 1444 786 sancti
1497 732 1773 800 Silvestri,
1823 738 1879 786 et

180 825 367 873 curtes
398 820 467 873 de
498 819 739 873 ﬂumine
769 824 825 873 et
853 820 922 873 de
959 820 1367 874 monasteriolo
1400 826 1457 875 et
1510 820 1761 875 Porscia.
1813 822 1877 875 In

179 907 459 961 comitatu
491 906 753 961 Balhensi
780 908 1194 961 monasterium
1228 909 1405 963 sancti
1437 909 1877 978 Peregrinicum

182 995 449 1049 omnibus
522 996 640 1049 suis
695 995 1081 1065 pertinentiis.
1139 999 1270 1051 Haec
1335 997 1513 1066 igitur
1568 997 1781 1062 omnia,
1823 1002 1880 1051 et

184 1099 545 1154 quaecunque
572 1084 755 1137 nostri
803 1085 1247 1153 praadecessores
1298 1101 1460 1154 reges
1506 1086 1592 1139 vel
1622 1085 1878 1155 impera-

183 1175 335 1225 tores
377 1171 565 1224 eidem
594 1171 845 1225 ecclesiae
881 1172 1062 1225 beatae
1087 1171 1273 1226 Mariae
1304 1172 1372 1225 de
1427 1173 1695 1240 Pharpha
1749 1189 1879 1228 con-

181 1259 468 1325 tulerunt,
486 1275 591 1311 nos
617 1275 721 1328 per
742 1260 888 1313 hanc
909 1260 1183 1329 paginam
1206 1260 1634 1326 confirmamus,
1661 1267 1767 1315 etc.

250 1346 564 1417 Piligrinus
611 1348 986 1401 cancellarius
1014 1348 1076 1400 in
1106 1348 1286 1401 vicem
1342 1350 1655 1403 Eberhardi
1714 1350 1879 1404 Bam-

181 1433 485 1505 bergensis
512 1434 763 1505 episcopi
792 1440 848 1487 et
877 1436 1317 1506 archicapellani
1355 1436 1681 1507 recognovi.

254 1523 400 1576 Data
453 1540 604 1576 anno
661 1523 973 1577 Dominicaa
1032 1524 1445 1578 incarnationis
1520 1526 1675 1590 1019,
1725 1541 1877 1579 anno

179 1610 385 1664 domni
404 1610 631 1666 Henrici
651 1611 941 1682 regnantis
960 1628 1087 1677 xvii,
1120 1612 1349 1683 imperii
1369 1629 1499 1667 vero
1518 1616 1572 1675 6,
1594 1612 1793 1668 indict.
1818 1630 1877 1676 ιι,

178 1696 307 1751 loco
342 1698 742 1769 Menesburgh,
780 1714 815 1749 v
844 1698 977 1753 Idus
1006 1699 1239 1768 Aprilis.

966 1822 1093 1877 CXI.

180 1927 241 1981 S.
296 1926 576 1981 Henricus
636 1926 955 2001 Godehardp
1029 1928 1222 1983 abbati
1298 1929 1587 1983 Altahensi
1666 1929 1880 2001 praedia

783 2000 1031 2068 quadam
1059 2002 1284 2065 confert.

825 2106 1009 2170 (Anno
1062 2104 1244 2174 1019.)

405 2207 719 2281 [Ludewig
750 2210 927 2279 Scrip.
953 2226 1058 2264 rer.
1090 2208 1294 2274 Germ.,
1328 2226 1388 2280 p.
1425 2209 1667 2280 337-38.)

257 2315 322 2368 In
354 2315 586 2369 nomine
618 2322 825 2371 sancta:
852 2320 907 2370 et
936 2316 1246 2370 individui?
1288 2316 1601 2383 Trinitatis,
1661 2318 1883 2372 Hamm-

187 2420 304 2470 cus,
335 2404 526 2458 divina
554 2406 855 2460 clementia
883 2406 1128 2474 favente,
1184 2406 1576 2459 Romanorum
1625 2405 1881 2475 impera-

186 2498 281 2548 tor
307 2496 615 2562 Augustus.

257 2582 474 2653 Siquid
499 2582 770 2636 Ecclesias
804 2582 904 2637 Dei
932 2583 1020 2637 vel
1073 2581 1135 2636 in
1177 2581 1391 2637 eisdem
1450 2581 1760 2636 servientes
1811 2582 1880 2636 de

187 2670 400 2725 nostris
432 2671 612 2724 ditare
644 2671 1053 2736 studuerimus,
1089 2672 1288 2740 procul
1317 2670 1490 2724 dubio
1548 2670 1879 2724 immarces-

185 2758 415 2812 sibilem
497 2758 798 2827 praemium
860 2758 917 2810 in
968 2757 1161 2811 futuro
1227 2772 1521 2827 capessere
1576 2757 1879 2812 credimus.

186 2846 313 2911 Qua
342 2847 413 2900 de
440 2861 500 2899 re
535 2845 748 2900 cunctis
778 2845 1045 2900 ﬁdelibus
1074 2846 1286 2899 nostris
1330 2845 1709 2915 praesentibus
1767 2845 1880 2899 sci-

181 2934 318 2989 licet
356 2938 412 2987 et
470 2934 676 2987 futuris
726 2940 928 2987 notum
976 2951 1097 2990 esse
1137 2936 1398 2987 volumus
1452 2934 1698 3004 qualiter
1753 2950 1875 2998 nos,

185 3029 420 3077 mternze
441 3023 570 3076 vitae
592 3023 872 3076 desiderio
920 3022 1427 3089 inﬂammati,tam
1468 3038 1571 3092 pro
1622 3022 1877 3076 remedio

187 3112 400 3167 animae
429 3116 636 3165 nostrae
668 3128 841 3182 quam
873 3116 1177 3181 parentum
1216 3116 1566 3177 nostrorum,
1601 3128 1706 3164 nec
1762 3127 1881 3164 non

188 3205 245 3255 et
302 3200 625 3253 interventu
657 3199 875 3253 dilectae
929 3198 1251 3253 contectalis
1290 3203 1501 3252 nostras
1536 3199 1881 3269 Chunigun-

188 3287 299 3351 das,
383 3288 441 3338 et
497 3301 602 3355 pro
675 3285 867 3338 dilecti
919 3284 1232 3339 Altahensis
1282 3284 1503 3338 abbatis
1561 3284 1882 3339 Godehardi

189 3373 516 3447 gratissimo
593 3373 889 3443 obsequio,
966 3373 1155 3427 eidem
1232 3373 1495 3427 Ecclesia:
1576 3372 1668 3426 cui
1758 3372 1880 3443 ipse

189 3478 439 3533 praeesse
486 3462 727 3526 videtur,
789 3463 847 3515 in
902 3478 1068 3515 usum
1128 3462 1538 3515 monachorum
1589 3460 1731 3514 inibi
1768 3462 1881 3515 Deo

190 3549 621 3615 famulantium,
657 3550 715 3603 in
747 3550 978 3603 marcha
1001 3555 1056 3603 et
1085 3549 1359 3603 comitatu
1389 3549 1678 3602 Adalberti
1731 3565 1879 3602 mar-

191 3636 433 3699 cbionis,
490 3637 685 3691 decem
715 3638 935 3707 regales
978 3654 1206 3691 mansos
1258 3636 1410 3690 inter
1445 3637 1548 3689 hos
1604 3637 1883 3691 terminos

191 3726 349 3792 sitos,
408 3725 475 3778 ab
530 3725 862 3779 occidentali
926 3725 1190 3779 videlicet
1246 3724 1417 3794 plaga
1468 3740 1639 3794 super
1688 3724 1882 3776 villam

190 3830 319 3885 quae
348 3813 585 3867 Abstorf
632 3817 1014 3883 nuncupatur,
1072 3814 1140 3867 de
1198 3812 1389 3866 medio
1446 3812 1697 3865 Danubis
1720 3813 1881 3865 alveo

188 3918 374 3973 usque
404 3902 466 3955 in
504 3902 752 3955 rivulum
784 3902 882 3971 qui
934 3907 1165 3957 vocatur
1203 3901 1490 3964 Smidaha,
1524 3900 1883 3969 longitudine

190 3990 260 4043 ad
294 3988 631 4042 orientalem
665 3990 914 4058 plagam,
938 3988 1297 4059 longitudine
1331 4003 1465 4040 vero
1519 3990 1717 4039 contra
1760 3987 1879 4039 Wa-

189 4078 356 4147 grein
383 4082 652 4145 vergente
684 4077 742 4129 in
765 4076 901 4130 locis
928 4076 1322 4147 probabilibus
1377 4075 1620 4145 usuique
1658 4090 1884 4145 semper

186 4166 356 4237 aptis.
394 4166 635 4235 Insuper
662 4165 834 4218 etiam
868 4167 1168 4235 parvulam
1198 4165 1446 4217 insulam
1489 4163 1549 4217 in
1598 4164 1881 4228 Danubio,

187 4258 391 4307 contra
435 4254 695 4306 eamdem
751 4253 945 4307 villam
997 4254 1305 4322 jacentem,
1351 4268 1455 4321 per
1503 4252 1651 4305 hanc
1700 4252 1877 4304 nostri
1913 4260 1953 4311 Ι)

187 4341 461 4411 praecepti
488 4342 756 4411 paginam
790 4341 1155 4395 concedimus
1184 4345 1357 4411 atque
1398 4340 1698 4410 largimur,
1751 4355 1877 4392 cum

188 4429 461 4482 omnibus
490 4428 842 4498 appendiciis
872 4430 941 4482 ad
975 4428 1206 4483 eosdem
1237 4428 1678 4497 pertinentibus,
1713 4427 1879 4491 areis,

190 4517 468 4583 azdiﬁciis,
526 4516 693 4570 terris
764 4517 929 4571 cultis
986 4523 1042 4572 et
1080 4517 1330 4583 incultis,
1400 4517 1597 4587 pratis,
1658 4515 1883 4586 pascuis

190 4611 247 4661 et
299 4605 676 4675 compascuis,
745 4606 849 4658 viis
900 4610 957 4658 et
1028 4605 1216 4672 inviis,
1277 4606 1459 4675 aquis,
1534 4620 1884 4675 aquarumve

189 4674 547 4755 decrirsibus,
582 4693 943 4753 molendinis,
1003 4694 1432 4764 piscationibus,
1486 4692 1885 4747 venationibus

190 4783 346 4836 silvis
404 4782 724 4852 exstirpatis
778 4783 865 4835 vel
928 4783 1113 4836 adhuc
1170 4782 1568 4852 exstirpandis,
1613 4798 1713 4834 seu
1755 4797 1885 4834 cum

192 4870 463 4923 omnibus
487 4887 614 4940 quae
638 4870 747 4923 dici
779 4871 863 4923 vel
891 4871 1175 4923 nominari
1226 4875 1465 4941 possunt
1522 4870 1884 4936 utensilibus,

190 4964 246 5012 et
276 4960 347 5012 de
370 4963 562 5012 nostro
583 4958 870 5027 imperiali
900 4960 1030 5029 jure
1073 4959 1132 5012 in
1163 4960 1286 5028 ejus
1308 4959 1403 5029 jus
1448 4973 1513 5011 ac
1563 4958 1883 5012 dominium

191 5048 430 5102 omnino
463 5047 937 5112 transfundimus,
973 5064 1035 5100 ea
1075 5047 1290 5118 quippe
1348 5047 1567 5100 ratione
1612 5050 1675 5099 ut
1732 5063 1881 5115 pra:-

191 5138 379 5191 dictus
437 5135 610 5189 abbas
696 5135 898 5206 suique
980 5152 1331 5189 successores
1386 5134 1588 5188 exinde
1644 5134 1884 5189 liberam

188 5224 439 5277 habeant
466 5226 807 5292 potestatem
843 5225 1097 5292 tenendi,
1132 5222 1545 5288 commutandi,
1578 5222 1665 5275 vel
1718 5223 1883 5292 quid-

188 5311 325 5382 quid
360 5311 440 5363 eis
472 5310 531 5363 in
565 5327 731 5364 usum
759 5312 1163 5381 praedictorum
1203 5312 1442 5365 fratrum
1478 5326 1645 5380 agere
1699 5309 1883 5363 libue-

187 5400 279 5453 rit.
310 5400 376 5452 Et
400 5403 463 5452 ut
490 5399 612 5452 hinc
651 5405 859 5453 nostra:
918 5400 1241 5454 donationis
1274 5398 1583 5453 auctoritas
1618 5398 1875 5452 omnium

188 5487 498 5541 hominum
555 5487 1001 5541 contradictione
1052 5492 1291 5551 remota,
1352 5485 1569 5539 stabilis
1625 5489 1681 5538 et
1717 5484 1884 5537 ﬁrma

188 5580 429 5641 constet,
455 5575 603 5631 hanc
652 5575 907 5630 chartam
951 5592 1019 5630 ex
1076 5579 1273 5630 nostra
1318 5573 1579 5643 jussione
1632 5572 1881 5626 conscri-

1983 572 2131 608 mus.

1968 702 1973 709 η
2057 645 2195 697 Data
2216 660 2292 697 vn
2330 643 2462 697 Idus
2494 643 2727 713 Aprilis,
2785 644 2982 698 indict.
3048 662 3106 710 ιι,
3159 661 3308 699 anno
3366 646 3673 701 Dominicaa

1984 731 2393 785 incarnationis
2445 733 2599 797 1019,
2637 748 2788 785 anno
2836 749 2971 785 vero
3035 733 3253 787 domini
3302 734 3527 787 Henrici
3582 751 3673 789 se-

1986 820 2157 873 cundi
2186 819 2479 889 regnantis
2502 836 2633 881 xvn,
2668 820 2898 890 imperii
2924 837 3074 875 anno
3104 837 3177 875 v1.

2056 909 2260 960 Actum
2284 907 2610 976 Merseburg
2631 906 2889 961 feliciter.
2923 909 3127 962 Amen.

2730 996 2884 1049 CXII.

2055 1082 2328 1137 Concessio
2411 1082 2673 1136 Heinrici
2737 1084 2791 1135 Π
2843 1084 3189 1205 ῡὲιρεναιονίς
3247 1083 3314 1137 de
3358 1089 3569 1139 moneta
3628 1089 3678 1138 et

2699 1168 2875 1205 merca
2905 1168 2956 1205 ιι.

2699 1168 2956 1205 mercatu.

2499 1220 2682 1291 (Anno
2726 1224 2877 1289 1019,
2913 1226 2932 1275 1
2983 1222 3161 1292 Julii.)

2236 1309 2506 1378 [Dronke,
2531 1310 2659 1365 Cod.
2684 1311 2906 1378 diplom.
2938 1311 3119 1376 Fuld.,
3150 1326 3208 1380 p.
3266 1309 3427 1381 346.]

2059 1398 2121 1450 In
2150 1396 2385 1451 nomine
2412 1398 2621 1451 sancta:
2679 1406 2733 1451 et
2781 1398 3095 1451 individua:
3124 1399 3436 1463 Trinitatis,
3502 1400 3677 1453 liam-

1986 1500 2140 1539 RICUS
2178 1485 2367 1539 divina
2417 1486 2639 1539 favente
2692 1486 2995 1539 clementia
3050 1488 3436 1540 Romanorum
3496 1488 3678 1557 impe-

1989 1579 2147 1626 rator
2167 1577 2470 1643 Augustus.

2060 1661 2418 1715 Venerabilia
2497 1660 2703 1715 divinae
2772 1660 3065 1731 religionis
3147 1661 3405 1716 cmnobia
3486 1661 3678 1715 muni-

1910 1740 1950 1795 Β
1992 1749 2236 1803 ﬁcentiaa
2286 1754 2497 1803 nostrae
2551 1749 2714 1802 donis
2790 1751 3058 1813 exaltare,
3119 1766 3183 1803 ac
3241 1766 3536 1804 servorum
3587 1749 3682 1803 dei

1992 1838 2209 1893 utilitas
2304 1838 2749 1892 misericorditer
2847 1838 3138 1891 attendere
3221 1838 3385 1891 nobis
3452 1842 3681 1892 aeternae

1990 1926 2476 1981 remunerationis
2533 1943 2632 1996 spe
2736 1926 3117 1979 necessarium
3192 1941 3311 1978 esse
3388 1926 3671 1980 ducimus.

1990 2014 2239 2067 Proinde
2267 2013 2532 2067 omnibus
2579 2012 2787 2066 Christi
2818 2014 3109 2082 nostrique
3166 2012 3431 2067 ﬁdelibus
3476 2018 3679 2067 notum

1991 2118 2113 2155 esse
2140 2103 2402 2155 volumus
2452 2101 2700 2171 qualiter
2731 2117 2852 2161 nos,
2886 2116 2989 2170 per
3020 2101 3405 2153 interventum
3465 2099 3681 2153 dilectae

1991 2189 2252 2260 conjugis
2277 2194 2483 2243 nostras
2516 2188 2911 2258 Chunigundte
2958 2187 3339 2258 imperatricis
3390 2190 3679 2257 Augustae,

1989 2280 2050 2333 in
2111 2280 2236 2331 loco
2296 2278 2395 2348 qui
2449 2277 2627 2331 Fulda
2674 2278 2902 2344 dicitur,
2962 2278 3063 2331 ubi
3108 2275 3523 2330 monasterium
3577 2276 3681 2329 sub

1990 2367 2191 2436 regula
2223 2366 2555 2419 monachica
2584 2366 2642 2419 in
2697 2366 2916 2419 honore
2969 2370 3177 2418 sanctae
3231 2365 3332 2419 Dei
3390 2363 3682 2434 genitricis

1992 2454 2179 2507 Marias
2205 2470 2269 2506 ac
2297 2453 2449 2506 beati
2479 2452 2767 2506 Bonefacii
2793 2452 3043 2515 martirjs
3092 2453 3151 2505 in
3210 2468 3357 2521 pago
3396 2450 3683 2505 Pochonia

1991 2546 2377 2594 constructum
2408 2545 2511 2606 est,
2563 2542 2652 2593 cui
2702 2541 2874 2593 etiam
2912 2540 3300 2593 venerabilem
3340 2556 3403 2592 ac
3459 2538 3683 2609 religio-

1991 2646 2117 2683 sum
2142 2630 2328 2682 virum
2362 2629 2708 2683 Richardum
2753 2628 3128 2698 praefecimus,
3189 2627 3505 2696 legitimam
3566 2642 3684 2679 mo-

1991 2722 2179 2770 netam
2203 2734 2267 2770 ac
2321 2716 2612 2786 publicum
2660 2720 2971 2768 mercatum
3029 2716 3392 2768 concedimus
3447 2731 3509 2767 ac
3563 2720 3681 2767 sta-

1990 2806 2227 2873 tuimus,
2253 2804 2636 2875 omnibusque
2657 2804 2865 2874 quibus
2884 2804 3068 2873 placet
3082 2803 3362 2857 vendendi
3380 2804 3679 2857 etemendi

1991 2894 2316 2948 facultatem
2353 2898 2407 2946 et
2437 2897 2779 2962 potestatem
2806 2892 3136 2956 tribuimus,
3171 2892 3437 2945 omnibus
3491 2892 3682 2944 homi-

1912 3013 1951 3068 C
1993 3000 2133 3036 num
2164 2981 2613 3035 contradictione
2646 2985 2703 3034 et
2731 2980 3132 3050 inquietudine
3180 2983 3417 3033 remota.
3471 2979 3682 3033 Thelo-

1992 3087 2164 3125 neum
2197 3070 2369 3124 etiam
2404 3085 2466 3122 ac
2495 3068 2815 3122 districtum
2844 3068 3153 3138 omniaque
3182 3068 3250 3121 de
3278 3068 3477 3121 eodem
3526 3083 3677 3119 mer—

1989 3165 2116 3213 catu
2147 3164 2201 3211 et
2227 3162 2458 3212 moneta
2498 3174 2600 3209 nos
2640 3173 2702 3209 ex
2736 3156 2910 3225 regali
2960 3161 3015 3209 et
3074 3155 3361 3225 imperiali
3406 3155 3537 3223 jure
3592 3171 3679 3207 re-

1991 3247 2291 3318 spicientia
2319 3246 2751 3315 praenominatae
2781 3244 3051 3297 Fuldensi
3083 3243 3334 3296 ecclesias
3389 3260 3492 3312 per
3536 3243 3682 3296 hanc

1990 3335 2345 3405 imperialem
2380 3334 2651 3403 paginam
2682 3333 2740 3385 in
2773 3332 3071 3401 proprium
3098 3332 3378 3384 donamus
3421 3334 3477 3384 et
3507 3331 3679 3400 largi-

1992 3440 2153 3489 mur;
2214 3438 2279 3475 ea
2336 3421 2549 3473 scilicet
2600 3419 2818 3473 ratione
2876 3424 2938 3471 ut
2998 3418 3302 3488 praedictus
3367 3418 3680 3472 Richardus

1992 3513 2165 3566 abbas
2210 3509 2412 3579 suique
2473 3524 2825 3561 successores
2881 3507 3120 3559 liberam
3178 3506 3380 3559 exinde
3432 3507 3682 3559 habeant

1992 3603 2329 3670 potestatem
2360 3597 2637 3667 quidquid
2690 3595 2770 3647 eis
2820 3595 3097 3664 placuerit
3148 3594 3395 3647 faciendi
3424 3595 3493 3647 ad
3525 3594 3677 3646 utili-

1989 3693 2164 3742 tatem
2214 3685 2615 3739 tantummodo
2667 3684 2905 3737 fratrum
2938 3687 2995 3736 et
3032 3682 3289 3736 Ecclesiae
3323 3682 3538 3736 ibidem
3576 3682 3679 3734 sub

1994 3777 2193 3846 regula
2216 3774 2393 3827 sancti
2427 3772 2713 3827 Benedicti
2746 3773 2857 3824 Deo
2917 3770 3310 3824 servientium.
3352 3772 3418 3824 Et
3469 3775 3531 3824 ut
3560 3770 3682 3822 haec

1992 3870 2203 3919 nostrae
2252 3861 2632 3916 concessionis
2663 3877 2725 3913 ac
2756 3858 3083 3913 donationis
3111 3858 3417 3911 auctoritas
3465 3856 3682 3910 stabilis

1992 3960 2049 4008 et
2078 3952 2409 4006 incouvulsa
2439 3950 2595 4003 omni
2625 3953 2958 4018 permaneat
2987 3962 3128 4011 awo,
3177 3948 3285 3999 hoc
3333 3949 3681 4016 praeceptum

1992 4042 2126 4094 inde
2148 4038 2531 4108 conscriptum
2559 4036 2732 4106 sigilli
2764 4034 2940 4088 nostri
2989 4034 3366 4103 impressione
3407 4033 3683 4102 jussimus

1992 4127 2277 4197 insigniri.

2063 4219 2291 4281 Signum
2340 4215 2523 4268 damni
2582 4214 2820 4267 Heinrici
2892 4212 3242 4263 invictissimi
3316 4212 3684 4263 Romanorum

1991 4306 2335 4372 imperatoris
2365 4308 2414 4355 et
2442 4303 2698 4367 Augusti.

2066 4391 2414 4445 Guntherius
2444 4388 2813 4443 cancellarius
2839 4387 2907 4440 ad
2959 4386 3137 4438 vicem
3196 4384 3539 4439 Erkenbaldi
3594 4399 3682 4437 ar-

1993 4478 2365 4548 chicapellani
2397 4477 2745 4546 recognovit.

2066 4570 2199 4621 Data
2228 4568 2347 4620 Kal.
2382 4567 2518 4629 Ju1.,
2556 4582 2706 4618 anno
2738 4563 3047 4618 Dominicaa
3078 4562 3488 4616 incarnationis
3524 4562 3673 4624 1014,

1994 4672 2147 4709 anno
2178 4671 2309 4707 vero
2340 4653 2536 4707 domui
2563 4653 2809 4705 Ileinrici
2850 4654 3240 4706 Romanorum
3274 4650 3478 4720 imper.
3536 4652 3676 4717 Aug.

1995 4741 2287 4813 regnantis
2316 4757 2449 4794 xvm
2482 4739 2707 4808 imperii
2743 4727 2871 4790 vero
2903 4755 2973 4791 vr.

2064 4835 2265 4886 Actum
2293 4828 2543 4885 Coloniae
2575 4828 2839 4881 feliciter.
2879 4830 3083 4880 Amen.

2750 4915 2925 4968 CXIII.

1992 5010 2047 5065 S.
2110 5008 2387 5061 Heinricus
2450 5004 2696 5058 Ecclesia:
2752 5002 3178 5055 Paderbomensi
3252 5003 3453 5052 curtem
3524 4999 3681 5050 Ham-

2593 5073 2858 5125 monstcdi
2892 5072 3072 5123 donat.

2632 5145 2817 5207 (Anno
2870 5140 3049 5208 1020.)

2280 5216 2432 5289 [Cod.
2463 5206 2685 5283 diplom.
2722 5215 2861 5266 Hist.
2904 5206 3167 5278 Westph.,
3203 5226 3260 5278 p.
3283 5206 3400 5278 79.]

2065 5310 2122 5362 C.
2188 5308 2251 5360 In
2304 5304 2536 5359 nomine.
2599 5307 2809 5355 sanctae
2874 5304 2933 5352 et
3001 5297 3315 5351 individua:
3368 5293 3679 5348 Trinitatis.

1993 5399 2306 5458 HEINRICUS,
2359 5393 2551 5447 divina
2618 5392 2838 5444 favente
2897 5385 3222 5449 clementia,
3292 5385 3686 5437 Romanorum

1991 5485 2302 5553 imperator
2330 5484 2641 5551 Augustus.
3688 5534 3695 5537 ‘

2060 5569 2462 5624 Saluberrimis
2512 5567 2657 5621 sacri
2714 5564 2929 5634 eloquii
2977 5560 3437 5616 institutionibus
3502 5558 3688 5614 erudi-
