3944 6306
249 365 340 416 351
1537 362 1591 415 S.
1637 359 1930 416 HENRICI
1969 357 2444 414 IMPERATOBIS

252 502 403 551 mur,
489 484 879 553 exemplisque
961 482 1356 553 religiosorum

247 577 630 629 admonemur
668 577 752 638 ut,
784 572 1118 642 temporalia
1151 578 1206 624 et
1227 576 1453 624 terrena
1479 587 1582 639 pro
1616 571 1715 624 Dei
1741 587 1936 624 amore

248 664 523 717 donantes
579 661 901 724 commoda,
953 665 1166 712 aeterna
1218 663 1273 711 et
1321 659 1440 711 sine
1481 658 1593 711 fine
1649 658 1940 711 manentia

249 749 579 802 studeamus
608 748 844 816 adipisci
877 747 1042 799 bona.
1075 746 1433 815 Quapropter
1453 745 1714 798 noverint
1743 761 1941 798 omnes

252 837 456 891 Christi
487 835 683 889 fideles
712 839 1017 904 prmsentes
1068 833 1281 886 scilicet
1332 838 1502 903 atque
1563 834 1740 887 futuri
1798 850 1939 903 qua-

251 927 382 979 liter
450 941 575 987 nos,
634 939 734 993 per
773 924 1152 976 interventum
1204 921 1474 990 spiritalis
1535 922 1710 991 patris
1764 922 1940 974 nostri

255 1013 449 1066 domni
513 1013 772 1066 videlicet
838 1027 1000 1080 papa:
1066 1010 1374 1074 Benedicti,
1445 1010 1941 1079 dilectissimaaque

256 1100 517 1170 conjugis
565 1105 773 1152 nostrae
831 1099 1244 1168 Chunigundze,
1295 1115 1399 1152 nec
1451 1115 1564 1151 non
1599 1098 1938 1151 venerabilis

255 1188 696 1258 Mogontinensis
777 1188 1027 1240 ecclesiae
1071 1186 1478 1256 archiepiscopi
1547 1185 1939 1250 Ercbanbaldi,

255 1276 605 1333 dilectissimi
662 1276 842 1328 nostri
921 1274 1406 1344 Babenbergensis
1469 1274 1718 1343 episcopi
1779 1274 1943 1326 Eber-

252 1365 434 1431 hardi,
499 1363 876 1432 Frisingensis
970 1379 1197 1432 quoque
1299 1361 1549 1431 episcopi
1651 1360 1939 1429 Egilberti,

251 1453 613 1522 maximeque
645 1452 717 1504 ob
741 1452 877 1520 juge
906 1456 961 1502 et
999 1449 1345 1502 indefessum
1413 1447 1710 1501 servicium
1772 1464 1943 1501 vene-

252 1541 415 1594 randi
464 1538 853 1609 Meginwercbi
909 1537 1182 1606 episcopi,
1235 1542 1296 1589 ut
1347 1536 1442 1588 ille
1497 1537 1706 1588 nullius
1749 1535 1945 1589 aemuli

254 1625 582 1696 obprobriis
635 1626 942 1694 subjaceat,
977 1625 1113 1695 quin
1149 1625 1276 1694 plus
1329 1624 1594 1676 omnibus
1627 1624 1788 1677 nobis
1835 1639 1946 1676 ser-

252 1715 430 1780 viens,
463 1713 702 1784 praemia
740 1714 1102 1783 honoresque
1147 1712 1339 1782 plures
1377 1728 1410 1764 a
1466 1711 1631 1764 nobis
1683 1711 1943 1780 accipiat,

253 1803 646 1874 exemplisque
679 1802 860 1855 nostri
912 1800 1306 1864 emolumenti,
1368 1799 1506 1852 alios
1557 1800 1624 1852 ad
1684 1805 1942 1853 nostrum

255 1892 422 1946 fidele
445 1893 710 1960 provocet
730 1888 1050 1954 servicium,
1107 1888 1174 1941 ad
1205 1887 1732 1941 Paderburncnsem
1767 1889 1942 1941 eccle-

255 1980 393 2034 siam
423 1979 478 2031 in
512 1979 730 2032 honore
783 1987 992 2030 sanctae
1035 1976 1133 2030 Dei
1187 1975 1479 2044 genitricis
1521 1976 1709 2030 Marius
1767 1976 1943 2028 sancti

257 2084 369 2138 que
414 2067 619 2121 Kiliani
671 2065 952 2135 martyris,
1011 2082 1113 2118 nec
1145 2081 1260 2118 non
1323 2064 1500 2117 sancti
1557 2064 1766 2118 Liborii
1815 2081 1945 2118 con-

255 2155 478 2210 fessoris
584 2158 940 2220 constructa),
1028 2152 1120 2206 cui
1216 2153 1523 2222 praedictus
1607 2152 1944 2205 venerabilis

257 2243 730 2299 Mechinwercbus
833 2241 1129 2311 epiSCOpus
1243 2256 1486 2309 praeesse
1607 2240 1940 2294 dinoscitur.

257 2331 547 2402 quandam
575 2330 749 2383 nostri
775 2331 919 2399 juris
973 2334 1192 2382 curtem
1244 2329 1672 2382 Hammonstedi
1713 2328 1943 2395 dictam,

257 2419 316 2472 in
357 2433 505 2488 pago
537 2417 761 2487 Rittega
791 2422 847 2470 et
871 2417 929 2470 in
957 2416 1227 2470 comitatu
1260 2417 1458 2469 Utonis
1482 2415 1703 2469 comitis
1757 2415 1944 2484 sitam,

257 2523 374 2561 una
403 2522 530 2560 cum
564 2505 829 2558 omnibus
862 2491 984 2574 eju's
1014 2503 1375 2574 pertinentiis
1410 2504 1526 2557 sive
1559 2504 1945 2568 adhaerentiis,

260 2595 319 2649 in
361 2609 702 2665 quocunque
736 2609 880 2662 pago
912 2593 996 2644 vel
1051 2593 1324 2644 comitatu
1361 2591 1466 2644 sita
1524 2590 1654 2657 sint,
1690 2591 1951 2644 videlicet

261 2699 386 2736 cum
421 2681 576 2746 vicis,
635 2680 800 2744 villis,
852 2679 1124 2744 ecclesiis,
1185 2679 1361 2731 servis
1392 2683 1448 2730 et
1490 2679 1730 2743 ancillis,
1779 2679 1947 2744 areis,

261 2769 533 2834 aedificiis,
582 2769 748 2822 terris
782 2769 946 2821 cultis
977 2774 1034 2820 et
1087 2767 1337 2830 incultis,
1368 2767 1494 2833 viis,
1553 2767 1739 2832 inviis,
1789 2767 1945 2819 exiti-

264 2859 368 2911 bus
400 2862 456 2911 et
485 2856 781 2923 reditibus,
831 2855 1087 2926 quassitis
1138 2858 1194 2906 et
1242 2853 1620 2922 inquirendis,
1661 2853 1838 2920 silvis,
1872 2854 1953 2906 fo-

260 2946 522 3010 restibus,
572 2944 989 3009 venationibus,
1041 2942 1222 3011 aquis,
1271 2941 1701 3010 piscationibus,
1759 2942 1948 3006 molis,

267 3033 630 3094 molendinis,
714 3033 882 3085 rebus
931 3030 1242 3083 mobilibus
1309 3034 1366 3082 et
1424 3029 1834 3094 immobilibus,
1888 3046 2022 3118 acC

265 3123 484 3175 czeteris
524 3121 785 3174 omnibus
849 3135 975 3189 qum
1037 3119 1140 3170 rite
1197 3117 1364 3170 scribi
1441 3118 1528 3170 vel
1581 3117 1955 3187 quoquolibet

264 3209 433 3262 modo
466 3208 576 3263 dici
604 3212 845 3278 possunt
883 3205 1240 3265 utilitatibus,
1304 3205 1408 3257 hac
1457 3210 1671 3257 nostrae
1702 3205 1956 3258 auctori—

264 3296 394 3349 tatis
435 3296 744 3367 imperialis
774 3294 982 3365 pagina
1018 3294 1299 3346 donamus
1331 3308 1393 3345 ac
1434 3293 1692 3346 omnium
1732 3298 1954 3346 contra-

265 3384 509 3437 dictione
557 3387 773 3438 remota
827 3382 1268 3452 proprietamus,
1335 3381 1726 3451 praecipientes
1785 3387 1848 3433 ut
1897 3382 1956 3434 in

265 3474 380 3526 Deo
405 3473 644 3525 dilectus
676 3470 841 3523 nobis
867 3485 1016 3537 smpe
1044 3469 1227 3522 dictus
1263 3470 1331 3522 Μ.
1369 3469 1669 3538 episcopus
1718 3468 1954 3522 liberam

265 3560 470 3613 delxinc
512 3559 717 3612 habeat
773 3557 1353 3627 potestatem,suique
1403 3571 1766 3620 successores,
1819 3572 1954 3608 ean-

221 3653 224 3656 ’
268 3649 395 3703 dem
425 3653 646 3701 cnrtem
679 3645 1105 3699 Hammonstedi
1137 3661 1263 3698 cum
1289 3645 1554 3697 omnibus
1603 3645 1956 3714 appendiciis

265 3737 381 3790 suis
453 3734 711 3801 tenendi,
765 3733 1089 3803 possidendi
1159 3749 1255 3785 seu
1316 3732 1591 3802 quicquid
1647 3732 1754 3785 sibi
1821 3733 1954 3785 inde

269 3825 442 3878 libeat
501 3822 560 3876 in
613 3839 781 3876 usum
848 3821 1208 3891 episcopatus
1260 3819 1522 3873 faciendi.
1585 3820 1651 3872 Et
1723 3825 1789 3873 ut
1836 3821 1957 3874 haec

266 3910 498 3966 traditio
547 3917 741 3964 nostra
795 3911 862 3964 ab
926 3909 1192 3962 omnibus
1249 3909 1578 3977 incorrupta
1624 3913 1959 3978 permaneat

269 4001 415 4053 hanc
445 3999 698 4052 chartam
730 3999 863 4052 inde
887 3999 1265 4066 conscriptam
1289 4012 1460 4049 manu
1493 3997 1725 4066 propria
1751 3997 1955 4050 confir-

271 4091 513 4152 mantes,
576 4086 748 4157 sigilli
797 4086 976 4139 nostri
1041 4085 1412 4155 impressione
1463 4083 1728 4154 insigniri
1780 4085 1955 4153 jussi-

269 4191 413 4228 mus.
719 4235 726 4240 α

339 4265 565 4332 Signum
597 4265 781 4318 damni
813 4264 1055 4317 Hcim‘ici
1096 4264 1453 4316 Romanorum
1505 4261 1586 4327 (L.
1645 4260 1740 4327 M.)
1778 4262 1956 4328 impe-

269 4355 470 4406 ratoris
495 4354 748 4419 Augusti.
1909 4405 1916 4412 _

342 4440 686 4494 Guntlierius
753 4438 1119 4491 caucellarius
1187 4439 1255 4493 ad
1317 4439 1494 4492 vicem
1582 4435 1956 4490 Erchanbaldi

269 4527 706 4596 archicapellani
737 4530 1055 4596 recognovi.

344 4617 482 4670 Data
523 4631 594 4668 ιχ.
644 4616 764 4669 Kal.
824 4615 972 4675 Maii,
1023 4616 1080 4668 in
1139 4615 1446 4670 festivitate
1501 4612 1680 4666 sancti
1730 4612 1957 4682 Georgii

276 4703 560 4772 martyris,
595 4702 901 4756 indictione
929 4722 1007 4767 ιιι,
1071 4721 1220 4757 anno
1273 4701 1578 4756 Dominicaz
1625 4701 1959 4755 incarnatio-

271 4793 360 4846 nis
387 4793 540 4853 1020,
574 4807 724 4844 anno
746 4808 878 4844 vero
914 4792 1110 4846 domui
1157 4790 1406 4844 Heinrici
1437 4789 1672 4843 secundi
1708 4804 1958 4858 regnan-

271 4880 343 4934 tis
372 4895 486 4945 xrx,
515 4879 744 4950 imperii
785 4885 974 4934 autem
992 4897 1092 4934 vn.
1131 4882 1334 4933 Actum
1368 4877 1708 4931 Babenberc.

1025 4967 1198 5022 CXIV.

342 5057 472 5110 Item
509 5078 528 5105 ι
564 5057 857 5125 quamdam
886 5062 1081 5111 nostra:
1109 5055 1461 5123 proprietatis
1490 5054 1755 5119 forestim.
1795 5073 1815 5099 ι

877 5145 1063 5213 (Αιιηο
1119 5141 1362 5211 eodem.)

915 5229 1104 5298 nunc,
1132 5245 1187 5298 p.
1215 5229 1325 5296 80.]

343 5318 402 5371 C.
463 5319 528 5372 In
591 5319 824 5372 nomine
883 5323 1090 5370 sanctae
1161 5322 1216 5370 et
1263 5316 1576 5370 individum
1648 5313 1960 5380 Trinitatis,

276 5405 568 5459 Hammcus
645 5407 832 5459 divina
904 5405 1126 5458 favente
1204 5405 1506 5458 clementia
1569 5405 1960 5457 Romanorum

277 5492 590 5561 imperator
613 5496 920 5562 Augustus.

347 5581 406 5634 Si
435 5587 756 5634 sanctarum
793 5581 887 5633 Dei
921 5580 1280 5634 ecclesiarum
1327 5581 1449 5634 loca
1489 5581 1659 5634 bonis
1725 5579 1894 5633 nobis
1933 5597 1964 5633 a

3646 357 3751 409 352

1456 483 2015 537 excellentissimisA
2055 485 2170 536 Deo
2213 482 2435 536 donasti
2491 481 2724 535 ditando
2787 479 3134 545 extollimus,
3189 494 3307 532 non
3365 480 3549 534 solum
3617 481 3751 534 vitae

2051 560 2259 624 nostra:
2335 569 2856 639 longanimitatem,
2941 583 3136 621 verum
3201 568 3371 620 etiam
3417 568 3578 638 regni
3647 585 3754 620 nos

2050 659 2485 730 prosperitatem
2516 675 2724 730 augere
2759 674 3076 728 speramus.
3111 657 3471 726 Quapropter
3525 657 3755 709 noverit

2049 749 2306 801 omnium
2337 753 2545 800 sanctm
2571 747 2670 800 Dei
2697 745 2946 799 ecclesiae
2987 745 3244 798 ﬁdelium
3295 749 3751 814 nostrorumque

2052 837 2387 890 universitas
2419 835 2790 905 praesentium
2840 833 3054 885 scilicet
3101 848 3164 884 ac
3231 831 3556 885 futurorum
3601 847 3749 900 qua-

2051 926 2179 978 liter
2208 941 2334 990 nos,
2373 940 2475 993 pro
2504 923 2712 976 animm
2755 927 2962 974 nostrae
2997 920 3252 974 remedio
3294 925 3746 988 nostrorumque

2050 1018 2496 1076 antecessorum,
2531 1027 2635 1064 nec
2675 1027 2786 1063 non
2827 1013 2882 1062 et
2909 1025 3013 1078 pro
3074 1009 3253 1061 salute
3285 1009 3504 1061 dilectae
3539 1009 3745 1076 conju-

2051 1101 2138 1170 gis
2171 1105 2378 1153 nostrm
2429 1099 2783 1168 Cunigundaa
2835 1096 3215 1166 imperatricis
3264 1096 3524 1150 videlicet
3564 1112 3749 1166 augu-

2053 1195 2173 1254 stze,
2208 1193 2380 1258 atque
2409 1203 2512 1258 per
2551 1188 2935 1240 interventum
2981 1184 3218 1239 Geronis
3254 1183 3751 1253 Magedeburgen—

2052 1278 2127 1330 sis
2174 1275 2588 1346 archiepiscopi
2652 1273 3101 1343 Dutichonisque
3160 1272 3399 1333 comitis,
3450 1272 3748 1342 quandam

2053 1369 2261 1417 nostras
2325 1361 2692 1432 proprietatis
2744 1359 2998 1414 forestim
3058 1359 3117 1412 in
3167 1359 3441 1411 comitatu
3490 1359 3753 1427 ejusdem

2056 1450 2386 1506 Dutichonis
2418 1450 2604 1514 sitam,
2634 1465 2761 1520 quas
2794 1448 3030 1502 inicium
3071 1448 3246 1500 sumit
3277 1447 3343 1500 de
3383 1446 3754 1500 Rotbalmin-

2053 1540 2316 1606 gahusun
2371 1543 2640 1608 rectoque
2672 1537 2898 1590 tramite
2939 1535 3300 1606 protenditur
3346 1535 3402 1587 in
3453 1534 3755 1586 Vuisaram

2055 1627 2316 1694 fluvium,
2353 1626 2545 1696 sicque
2603 1640 2899 1677 ascensum
2959 1623 3114 1676 ducit
3159 1622 3219 1675 in
3278 1622 3513 1675 fluvium
3574 1621 3762 1674 Fulda

2055 1716 2290 1777 dictum,
2336 1715 2468 1767 inde
2506 1729 2639 1766 vero
2689 1712 3064 1766 continuatim
3105 1717 3289 1764 servat
3339 1710 3425 1763 sui
3466 1725 3743 1763 ascensus

1975 1784 2014 1837 Β
2052 1808 2309 1857 tenorem
2333 1803 2498 1872 juxta
2523 1803 2770 1854 eundem
2787 1800 3027 1853 ﬂuvium
3055 1800 3231 1853 Fulde
3253 1815 3433 1869 usque
3467 1798 3525 1851 in
3557 1799 3756 1852 rivum

2053 1894 2150 1964 qui
2173 1892 2380 1946 dicitur
2410 1889 2816 1954 Grumelbichi,
2853 1904 2954 1942 nec
2997 1904 3114 1941 non
3147 1888 3217 1940 ad
3267 1887 3543 1956 oppidum
3592 1885 3758 1957 quod

2053 1981 2374 2033 Holiliusun
2415 1985 2647 2032 vocatur
2702 1977 2853 2030 viam
2898 1977 3100 2043 tendit,
3153 1975 3323 2028 simul
3371 1975 3633 2044 graditur
3689 1976 3750 2028 in

2051 2068 2416 2123 Otbilanbam
2475 2071 2529 2120 et
2586 2066 2645 2119 in
2674 2064 3236 2119 Rechinherisbusun
3298 2068 3467 2134 atque
3514 2062 3586 2116 ad
3644 2065 3753 2117 Ro—

2056 2156 2478 2222 thiereshusun,
2513 2171 2638 2208 mox
2679 2153 2868 2224 pergit
2897 2154 2965 2206 ad
3006 2153 3410 2206 Rikillahusun
3457 2155 3630 2219 atque
3681 2151 3753 2204 ad

2053 2244 2372 2310 Beverbiki,
2397 2245 2588 2313 sicque
2620 2242 2980 2314 protenditur
3017 2241 3078 2294 in
3109 2240 3257 2294 viam
3293 2255 3421 2310 quae
3461 2239 3651 2293 tendit
3683 2241 3756 2293 ad

2055 2332 2621 2395 Vulfredeskirchun,
2676 2331 2930 2400 itemque
3014 2330 3071 2382 in
3131 2331 3367 2383 alteram
3417 2327 3565 2381 viam
3623 2343 3759 2398 quae

2056 2421 2380 2476 extenditur
2409 2421 2475 2474 ad
2506 2420 2907 2474 Gunnesburin
2948 2422 3002 2471 et
3033 2418 3100 2472 ad
3154 2417 3759 2477 Vuicmonneshusun,

2058 2513 2252 2580 sicque
2283 2511 2522 2580 girando
2555 2509 2756 2562 circuit
2800 2507 3086 2576 quandam
3137 2506 3287 2559 viam
3316 2521 3443 2576 qua:
3496 2504 3767 2574 pervenit

2061 2617 2238 2670 usque
2280 2600 2348 2652 ad
2408 2597 2749 2669 prmdictum
2797 2597 3073 2667 oppidum
3137 2594 3762 2663 Rothalmingahusun,

2060 2694 2265 2741 sancta:
2322 2685 2822 2741 Paderbrunnensi
2902 2684 3151 2738 ecclesiae
3229 2684 3318 2736 cui
3407 2681 3765 2735 venerabilis

2059 2778 2336 2848 nobisque
2367 2777 2606 2830 dilectus
2655 2774 2869 2846 praesul
2909 2773 3313 2827 Meinwerchus
3376 2787 3622 2841 prmessc
3675 2771 3757 2822 vi-

2062 2866 2244 2932 detur,
2282 2865 2350 2918 ad
2381 2865 2557 2917 altare
2589 2869 2644 2916 et
2703 2862 2975 2932 reliquias
3031 2868 3238 2913 sancta).
3293 2861 3393 2914 Dei
3461 2859 3765 2930 genitricis

2062 2954 2246 3008 Mariae
2274 2953 2566 3022 sanctique
2601 2951 2865 3021 martyris
2895 2954 2949 3002 et
2982 2949 3232 3019 episcopi
3265 2949 3470 3002 Kiliani
3530 2963 3591 3000 ac
3621 2963 3764 3000 san-

2063 3045 2136 3097 cti
2175 3042 2384 3097 Liborii
2437 3040 2788 3106 confessoris,
2823 3055 2950 3093 cum
2999 3038 3153 3091 omni
3201 3037 3442 3090 utilitate
3501 3052 3628 3106 qum
3690 3036 3764 3090 ab

2069 3132 2264 3185 eadem
2297 3131 2581 3184 ullatenus
2625 3127 2926 3199 provenire
2982 3127 3181 3197 possit,
3237 3126 3480 3179 firmiter
3535 3130 3590 3177 et
3623 3139 3764 3195 per-

2069 3225 2239 3291 petuo
2273 3218 2594 3273 habendam
2628 3217 2906 3271 tradimus
2932 3220 3102 3286 atque
3133 3215 3518 3279 concedimus,
3570 3230 3634 3266 ac
3690 3213 3765 3268 de

2068 3313 2260 3362 nostro
2285 3308 2413 3377 jure
2470 3311 2525 3360 et
2576 3306 2834 3359 dominio
2883 3305 2941 3358 in
2974 3305 3228 3374 ejusdem
3280 3309 3486 3356 sanctae
3546 3303 3765 3356 Pader—

2068 3395 2410 3449 brunnensis
2442 3393 2691 3447 ecclesias
2713 3394 2805 3462 jus
2847 3397 2900 3446 et
2926 3391 3244 3446 dominium
3303 3391 3767 3446 transfundimus

2067 3489 2124 3536 et
2154 3483 2514 3552 delegamus;
2557 3499 2624 3536 eo
2673 3481 2936 3534 videlicet
2968 3481 3164 3534 ordine
3202 3486 3267 3532 ut
3318 3481 3516 3533 nullus
3549 3479 3769 3548 episco-

2066 3587 2202 3640 pum
2226 3571 2345 3640 jam
2379 3570 2543 3624 dictae
2575 3569 2821 3622 ecclesiae
2843 3569 3082 3638 ejusque
3114 3584 3463 3621 successores
3492 3567 3560 3620 de
3601 3583 3766 3636 prae-

2063 3659 2211 3712 dicta
2241 3658 2434 3711 foresti
2487 3658 2783 3710 disvestire
2819 3658 2901 3710 vel
2937 3656 3258 3727 inquietare
3306 3661 3634 3726 praesumat.
3701 3657 3772 3709 Et

2065 3753 2127 3801 ut
2157 3748 2274 3801 hinc
2309 3752 2516 3800 nostra!
2550 3745 2900 3801 auctoritatis
2931 3746 3142 3815 pagina
3185 3745 3402 3798 stabilis
3431 3749 3486 3797 et
3549 3744 3764 3798 incon-

2067 3836 2224 3888 vulsa
2270 3839 2624 3904 permaneat,
2684 3850 2808 3886 eam
2873 3850 3050 3887 manu
3115 3834 3350 3904 propria
3404 3833 3766 3898 roborantes,

2068 3923 2241 3994 sigilli
2264 3923 2442 3976 nostri
2475 3922 2851 3992 impressione
2890 3922 3154 3992 insigniri
3179 3922 3471 3990 jussimus.

2137 4013 2361 4080 Signum
2421 4011 2605 4064 domui
2676 4013 2894 4064 Henrici
2949 4014 3278 4082 scrcnissimi
3324 4016 3373 4064 et
3413 4011 3770 4064 invictissimi

2067 4103 2424 4155 Romanorum
2445 4101 2786 4168 imperatoris
2820 4100 3058 4166 Augusti
3081 4100 3162 4164 (L.
3200 4098 3311 4168 M.).

2141 4187 2449 4242 Guntarius
2494 4187 2866 4240 cancellarius
2915 4187 3035 4238 vice
3102 4185 3464 4240 Ercumbaldi
3545 4184 3766 4239 archie-

2071 4277 2291 4349 piscopi
2325 4281 2379 4330 et
2419 4275 2898 4330 archicancellarii
2927 4275 3275 4346 recognovit.

1987 4336 2028 4388 Β
2139 4370 2304 4420 Anno
2337 4365 2646 4418 Dominicze
2668 4363 3077 4417 incarnationis
3125 4367 3277 4427 f020,
3319 4362 3634 4416 indictione
3675 4379 3775 4429 ιιι,

2070 4470 2220 4508 anno
2257 4470 2388 4506 vero
2445 4451 2640 4507 domni
2686 4452 2912 4507 Heurici
2954 4451 3315 4521 imperatoris
3367 4449 3610 4520 Augusti
3670 4466 3769 4503 se-

2069 4542 2240 4596 cundi
2261 4540 2557 4610 regnantis
2587 4556 2760 4604 xvuu,
2795 4540 3020 4610 imperii
3054 4546 3245 4592 autem
3271 4555 3367 4592 vu.

2140 4633 2342 4684 Actum
2374 4646 2446 4682 ιιι.
2481 4627 2603 4682 Kal.
2631 4628 2784 4682 Junii
2817 4628 3155 4695 Chuofunga
3176 4626 3443 4681 feliciter.
3486 4626 3688 4686 Amen.

2842 4734 2987 4789 CXV.

2255 4824 2558 4892 Paeoeptum
2588 4823 2810 4876 Henrici
2838 4823 3182 4890 imperatoris
3209 4836 3310 4889 pro
3367 4820 3591 4874 abbatia

2779 4894 3052 4946 Prataliaa.

2393 4966 2579 5034 (Anno
2608 4964 2760 5029 1020,
2798 4980 2855 5016 ιιι
2911 4964 3031 5016 Kal.
3073 4961 3444 5030 Decembris.)

2575 5047 2634 5119 [Α
2648 5050 2796 5102 nnal.
2850 5049 3152 5104 Camaldul.
3198 5048 3266 5118 1.]

2145 5138 2207 5190 In
2260 5137 2493 5191 nomine
2541 5141 2748 5191 sancta:
2777 5141 2835 5190 et
2889 5136 3199 5190 individua:
3256 5135 3568 5201 Trinitatis,
3629 5136 3773 5190 Hnn-

2075 5243 2247 5291 RICUS,
2278 5227 2468 5280 divina
2489 5227 2713 5280 favente
2747 5225 3068 5291 clementia,
3131 5226 3520 5279 Romanorum
3578 5223 3771 5293 impe-

2074 5318 2558 5383 ratorAugustus.

2144 5403 2201 5457 Si
2277 5404 2413 5456 locis
2485 5402 2722 5456 Domino
2780 5401 3104 5471 sanctisque
3159 5401 3281 5470 ejus
3355 5399 3556 5454 dicatis
3620 5400 3770 5453 bona

2075 5496 2270 5545 nostra
2326 5492 2545 5553 damus,
2611 5495 2668 5544 et
2723 5491 2790 5544 ab
2856 5490 3308 5543 antecessoribus
3375 5488 3587 5542 nostris
3641 5488 3772 5541 data

2077 5580 2504 5645 confirmamus,
2539 5580 2596 5633 in
2621 5584 2906 5632 aeternum
2935 5579 3142 5632 animae
3172 5582 3378 5631 nostrzr
3402 5576 3768 5646 profuturum
