3944 6304
213 267 319 319 353

1477 268 1871 327 DIPLOMATA
1907 272 2457 330 ECCLESIASTICA.

3609 284 3713 338 354

214 402 334 439 non
384 385 731 441 dubitamus.
796 387 1153 459 QuaprOpter
1223 392 1426 443 notum
1473 407 1593 445 esse
1639 393 1978 449 volumusA
2081 396 2353 463 praelium
2428 396 2728 451 Butenhart
2808 398 3106 452 Hitderado
3138 400 3325 454 abbati
3375 401 3711 457 Prumiensis

213 475 488 528 omnibus
536 476 799 529 fidelibus
846 476 1075 541 nostris,
1124 478 1505 546 praesentibus
1563 480 1774 535 scilicet
1818 484 1906 535 at-

210 578 326 632 que
364 563 592 630 futuris,
628 564 887 633 qualiter,
923 563 1250 618 interventu
1280 566 1600 620 Theuzonis
1645 569 1910 622 monachi

210 650 397 703 nostri
427 650 631 717 ﬁdelis,
664 668 767 721 pro
817 652 1070 706 remedio
1124 652 1331 707 animae
1393 659 1602 708 nostra:
1634 655 1911 725 largimur

212 743 385 807 atque
418 741 807 807 concedimus,
840 741 1186 809 proutjuste
1218 741 1664 811 atquelegaliter
1708 758 1907 811 possu-

214 841 368 891 mus,
429 828 779 880 monasterio
809 828 1027 882 Sancta:
1078 828 1263 881 Mariae
1312 833 1368 883 et
1408 828 1599 883 Sancti
1662 830 1907 883 Benedi-

212 912 309 980 cti,
338 915 494 983 quod
516 913 714 985 ut[est]
743 915 915 968 situm
935 915 1192 985 Alpibus,
1211 916 1312 985 qui
1342 916 1611 970 dicuntur
1640 917 1906 983 Pratalia,

203 1000 371 1070 juxta
403 1002 589 1056 rivum
618 1003 850 1056 nomine
912 1004 1233 1069 Bidentem,
1280 1003 1349 1057 ad
1383 1004 1630 1058 radicem
1675 1005 1906 1072 montis,

210 1089 449 1143 nomine
482 1091 667 1156 Acuti,
704 1090 803 1161 qui
836 1091 1038 1144 dividit
1091 1091 1394 1145 Thusciam
1455 1099 1512 1146 et
1546 1093 1906 1157 Romaniam,

212 1178 495 1249 quosdam
538 1195 763 1232 mansos
815 1179 882 1232 de
906 1180 1038 1249 jure
1079 1180 1258 1233 nostri
1291 1181 1478 1251 regni,
1522 1197 1788 1234 mansum
1825 1181 1905 1234 vi-

213 1267 424 1320 delicet
456 1284 653 1333 unum,
705 1267 803 1337 qui
847 1269 1020 1338 vulgo
1070 1268 1276 1321 dicitur
1334 1269 1481 1322 Nibli
1535 1270 1604 1323 de
1650 1270 1793 1333 Soci,
1856 1275 1911 1323 et

211 1354 387 1408 aliam
421 1371 591 1426 quem
621 1362 776 1409 tenet
803 1356 955 1410 illius
997 1356 1313 1427 presbyteri
1343 1358 1615 1426 Alprandi
1649 1358 1717 1411 de
1758 1356 1904 1422 Soci,

211 1447 269 1495 et
302 1443 411 1496 Leo
442 1444 510 1497 de
559 1444 702 1510 Soci,
755 1450 808 1497 et
850 1445 1151 1515 piscariam
1203 1451 1257 1498 et
1315 1446 1601 1499 Barricule
1648 1447 1717 1499 de
1757 1445 1902 1509 Soci,

216 1546 395 1600 quem
424 1534 585 1603 Hugo
616 1533 866 1587 marchio
902 1550 1003 1604 per
1037 1533 1296 1587 libellum
1344 1534 1580 1588 dederat
1634 1534 1908 1605 praedicto

216 1622 592 1685 monasterio;
677 1621 920 1673 alterum
996 1636 1128 1674 vero
1198 1636 1482 1681 mansum.
1534 1622 1632 1691 qui
1699 1622 1907 1675 dicitur

214 1706 534 1760 Theuzonis
581 1707 851 1771 Brussati,
913 1724 1081 1778 quem
1139 1708 1295 1762 idem
1355 1709 1608 1762 marchio
1648 1709 1912 1764 similiter

214 1794 401 1861 dedit;
440 1811 703 1849 mansum
737 1811 968 1866 quoque
999 1797 1067 1850 de
1098 1800 1274 1862 sexta,
1329 1797 1482 1850 unde
1530 1798 1787 1851 marchio
1835 1798 1906 1851 li-

212 1883 433 1937 bellum
460 1884 597 1937 fecit
629 1883 911 1937 Winizoni
966 1885 1257 1938 Castaldo:
1320 1884 1458 1937 item
1513 1901 1777 1939 mansum
1837 1886 1907 1939 de

214 1970 512 2037 Ventrina,
542 1988 712 2041 quem
744 1971 917 2025 Leoni
946 1972 1199 2026 marchio
1248 1988 1349 2043 per
1380 1973 1632 2026 libellum
1676 1974 1913 2027 dederat

214 2073 346 2111 cum
380 2057 560 2112 tribus
610 2059 820 2112 mansis
865 2059 933 2113 de
988 2061 1263 2129 Capreua,
1327 2076 1593 2113 mansum
1626 2060 1798 2114 etiam
1843 2061 1911 2114 de

216 2144 446 2207 Linaro,
512 2163 690 2200 unum
760 2146 1017 2200 libellum
1088 2147 1287 2200 habuit
1334 2147 1579 2213 Bonizo;
1644 2163 1911 2200 mansum

216 2248 447 2303 quoque
471 2233 538 2286 de
570 2235 803 2303 Tejano,
837 2250 1008 2305 quem
1030 2234 1247 2288 Winizo
1281 2235 1472 2299 habet,
1493 2250 1597 2304 per
1630 2234 1909 2302 libellum,

215 2337 347 2374 cum
376 2327 538 2391 parte
570 2321 722 2375 illius
746 2322 928 2376 vineae
990 2322 1059 2376 de
1120 2323 1284 2392 regni
1314 2323 1496 2376 nostri
1521 2324 1651 2392 jure
1695 2340 1759 2376 ac
1808 2324 1910 2377 do-

216 2410 398 2463 minio
429 2411 710 2464 donamus
758 2416 931 2481 atque
988 2412 1446 2465 transfundimus
1490 2411 1549 2463 in
1592 2413 1687 2481 jus
1738 2418 1911 2481 atque

218 2497 543 2551 dominium
592 2499 845 2567 praedicti
888 2500 1221 2552 monasterii
1288 2500 1356 2552 de
1411 2500 1657 2552 Pratalia
1701 2505 1909 2554 sanctae

217 2586 405 2639 Maria:
427 2588 672 2639 etsancti
701 2586 1007 2651 Benedicti,
1031 2603 1095 2639 ac
1111 2587 1430 2653 Bidentem,
1458 2586 1517 2639 iu
1540 2593 1908 2656 perpetuum,

215 2690 344 2727 cum
414 2675 683 2727 omnibus
744 2690 945 2727 eorum
994 2675 1376 2743 pertinentiis,
1439 2692 1565 2745 quae
1646 2677 1737 2728 vel
1804 2692 1910 2729 no-

217 2761 425 2815 minari
474 2768 733 2831 possunt,
785 2777 914 2815 cum
966 2762 1151 2823 terris,
1194 2762 1430 2832 campis,
1502 2762 1663 2829 casis,
1698 2763 1898 2829 vineis,

216 2850 419 2919 pratis,
462 2850 705 2918 pascuis,
765 2850 940 2915 silvis,
995 2850 1157 2919 aquis
1213 2866 1609 2920 aquarumque
1658 2851 1908 2905 decursi-

2090 486 2406 539 monasterii
2441 486 2701 539 concedit.

2658 573 2843 643 (Auno
2898 572 3078 643 1020.)

2408 662 2670 729 Ampliss.
2734 662 2943 715 Collect.
2999 662 3040 727 Ι,
3097 662 3221 729 380,
3272 678 3339 717 ex

2682 748 3039 816 Prumiensi.|

2090 834 2156 887 In
2211 836 2442 889 nomine
2473 841 2683 890 sanctas
2723 848 2780 890 et
2841 836 3153 890 individua;
3226 838 3519 892 Trinitatis
3558 840 3701 893 HEN—

2021 936 2193 988 RICUS,
2262 923 2454 977 divina
2516 924 2738 977 favente
2813 925 3136 992 clementia,
3188 926 3504 995 imperator
3577 932 3685 982 Au-

2020 1016 2241 1078 gustus.

2088 1097 2144 1151 Si
2184 1101 2391 1151 uostrae
2448 1098 2802 1154 liberalitatis
2865 1117 3102 1155 munere
3166 1102 3302 1155 locis
3346 1104 3458 1155 Deo
3510 1103 3710 1155 dicatis

2021 1184 2295 1246 quiddam
2328 1186 2591 1240 beneﬁcii
2641 1189 3005 1250 conferimus,
3044 1195 3099 1242 et
3131 1190 3491 1243 necessitates
3541 1192 3711 1243 eccle-

2019 1271 2265 1325 siasticas
2306 1279 2499 1327 nostro
2525 1274 2840 1342 juvamine,
2875 1277 3217 1344 relevamus,
3257 1277 3313 1329 id
3343 1277 3506 1329 nobis
3538 1284 3591 1329 et
3640 1278 3713 1330 ad

2021 1362 2323 1413 mortalem
2372 1361 2544 1414 vitam
2600 1365 2990 1429 temporaliter
3035 1366 3463 1433 transigendam
3522 1370 3577 1417 et
3641 1364 3711 1417 ad

2020 1452 2295 1501 aeternam
2355 1448 2529 1501 vitam
2596 1450 2837 1502 feliciter
2910 1450 3283 1504 obtinendam
3343 1452 3709 1521 profuturum

2021 1534 2240 1603 liquido
2271 1536 2574 1589 credimus.
2605 1538 2762 1590 Unde
2778 1539 3199 1607 pateatnotitiae
3223 1539 3481 1592 omnium
3504 1538 3713 1593 Christi

2021 1621 2300 1684 fidelium,
2335 1622 2704 1691 praesentium
2746 1624 2959 1677 scilicet
2986 1630 3156 1695 atque
3173 1626 3522 1694 futurorum,
3566 1642 3713 1696 qua-

2022 1709 2150 1763 liter
2181 1727 2308 1779 nos,
2328 1726 2431 1781 pro
2463 1710 2720 1764 remedio
2753 1712 2961 1766 animae
2989 1721 3198 1766 nostrae
3232 1730 3296 1766 ac
3331 1714 3552 1768 dilectae
3582 1730 3714 1767 con-

2022 661 2301 727 [Marten.,
2408 662 2670 727 Ampliss.
2734 662 2943 715 Collect.
2999 662 3040 727 Ι,
3097 662 3221 727 380,
3272 678 3339 717 ex
3428 664 3709 720 chartario

2013 1797 2171 1867 jugis
2206 1803 2414 1851 nostrai
2446 1799 2837 1869 Cunegundae,
2863 1805 2919 1853 et
2962 1816 3066 1869 per
3097 1801 3484 1855 interventum
3525 1802 3713 1855 Hilde-

2019 1885 2145 1938 radi
2203 1886 2353 1955 (I77)
2411 1887 2630 1939 abbatis
2660 1887 2842 1940 nostri
2872 1887 3084 1957 dilecti,
3143 1889 3423 1958 praedium
3481 1889 3714 1942 nomine

2019 1973 2349 2040 Butenhart,
2399 1973 2461 2026 in
2528 1990 2678 2044 pago
2742 1975 2982 2045 Hulpias,
3031 1976 3090 2029 in
3144 1977 3417 2030 comitatu
3465 1976 3714 2030 Hezelinl

2020 2061 2245 2113 comitis
2273 2061 2467 2128 situm,
2512 2061 2667 2131 quod
2718 2067 2847 2131 post
2894 2063 3116 2116 obitum
3176 2064 3424 2133 Epponis
3479 2064 3602 2129 viri,
3657 2070 3714 2118 et

2018 2146 2161 2215 legis
2206 2148 2336 2217 jure
2369 2153 2425 2200 et
2459 2149 2602 2217 lege,
2657 2149 2726 2202 ad
2775 2154 2998 2202 nostras
3029 2152 3248 2220 regales
3294 2156 3351 2204 et
3381 2151 3710 2220 imperiales

2018 2250 2223 2288 manus
2255 2236 2499 2303 devenit,
2560 2252 2690 2289 cum
2754 2239 3050 2307 utriusque
3099 2254 3262 2291 sexus
3310 2239 3609 2309 mancipiis
3658 2244 3715 2293 et

2019 2321 2286 2375 omnibus
2339 2323 2698 2390 utensilibus,
2733 2325 2917 2392 terris,
2960 2325 3126 2378 cultis
3156 2332 3210 2379 et
3236 2326 3484 2394 incultis,
3539 2327 3710 2397 agris.

2018 2410 2216 2480 pratis,
2277 2412 2517 2481 campis,
2582 2413 2828 2482 pascuis,
2893 2414 3068 2478 silvis,
3130 2416 3293 2484 aquis
3363 2430 3713 2485 aquarumve

2018 2499 2372 2560 decursibus,
2416 2500 2861 2568 piscatiouibus,
2894 2502 3261 2569 molendinis,
3301 2503 3403 2554 viis
3433 2509 3488 2555 et
3522 2502 3711 2567 inviis,

2020 2585 2263 2639 exitibus
2314 2593 2370 2639 et
2434 2588 2729 2651 reditibus,
2819 2594 2875 2641 et
2919 2589 3186 2642 omnibus
3250 2590 3709 2658 appertinentiis,

2019 2672 2273 2742 quaesitis
2305 2680 2360 2726 et
2388 2674 2763 2743 inquirendis,
2799 2692 2926 2744 quac
2949 2675 3059 2728 dici
3090 2682 3359 2745 poterunt
3387 2682 3485 2729 aut
3518 2678 3714 2729 nomi-

2020 2760 2243 2825 nari,ad
2271 2762 2685 2815 monasterium
2718 2762 2769 2817 S.
2828 2764 3139 2816 Salvatoris
3191 2764 3412 2829 mundi,
3447 2764 3621 2817 situm
3653 2764 3714 2817 in

2021 2849 2142 2901 loco
2174 2849 2273 2918 qui
2305 2850 2509 2903 dicitur
2542 2851 2807 2918 Prumea,
2837 2850 2897 2903 in
2936 2868 3099 2904 usum
3134 2851 3373 2905 fratrum
3425 2854 3540 2906 Deo
3571 2852 3715 2905 inibi

215 2935 342 2997 bus,
380 2941 437 2989 et
461 2937 727 2989 omnibus
754 2936 926 2990 rebus
949 2936 1258 2989 mobilibus
1280 2942 1336 2989 et
1360 2936 1779 3003 immobilibus;
1813 2938 1913 2991 tali
1946 2943 1986 2997 C
2025 2936 2129 2988 sub
2186 2939 2384 3006 regula
2413 2937 2465 2990 S.
2539 2938 2824 2991 Benedicti
2878 2939 3272 3002 servientium,
3326 2939 3715 2993 concessimus

216 3029 414 3077 tenore
450 3030 511 3077 ut
566 3025 875 3093 praadictus
915 3026 1101 3079 Teuzo
1139 3029 1324 3078 rector
1362 3024 1540 3094 ipsius
1581 3025 1913 3079 monasterii

215 3112 418 3181 suique
450 3128 800 3165 successores
850 3114 1085 3165 abbates
1130 3112 1264 3166 inde
1296 3117 1633 3182 potestatem
1667 3113 1914 3166 habeant

215 3199 287 3253 ad
319 3200 624 3253 utilitatem
656 3201 835 3269 ipsius
874 3201 1208 3254 monasterii
1238 3200 1484 3255 faciendi
1515 3200 1796 3271 quidquid
1828 3201 1911 3254 lex

214 3287 531 3357 praecipiat.
592 3289 991 3358 Prmcipientes
1050 3288 1243 3358 itaque
1292 3289 1563 3359 jubemns
1603 3294 1665 3344 ut
1720 3290 1911 3342 nullus

217 3377 350 3442 dux,
401 3376 677 3441 marchio,
710 3392 922 3444 comes,
953 3377 1286 3443 vicecomes,
1343 3378 1660 3448 episcopus,
1710 3378 1911 3431 castal-

217 3464 343 3532 dns,
368 3466 455 3518 vel
486 3464 680 3534 aliqua
703 3466 884 3518 nostri
904 3466 1065 3535 regni
1088 3482 1297 3536 magna
1323 3468 1407 3519 vel
1433 3482 1608 3535 parva
1638 3482 1907 3535 persona,

217 3551 475 3622 praedicti
531 3553 861 3606 monasterii
905 3558 1188 3608 rectorem
1248 3555 1337 3608 vel
1378 3571 1511 3607 suos
1566 3570 1912 3607 successores

216 3641 469 3705 abbates,
534 3641 601 3693 de
634 3642 902 3695 omnibus
953 3658 1083 3712 quas
1117 3658 1288 3711 supra
1320 3641 1531 3712 scripta
1564 3647 1698 3695 sunt
1735 3641 1913 3695 diver-

219 3729 323 3782 tire
355 3746 464 3782 seu
488 3728 810 3799 inquietare
863 3731 986 3784 sine
1040 3731 1209 3801 legali
1246 3731 1458 3801 judicio
1488 3735 1816 3800 praesumat.
1853 3730 1910 3783 Si

216 3818 345 3889 quis
375 3818 552 3888 igitur
608 3819 780 3888 hujus
816 3819 998 3873 nostri
1025 3820 1295 3889 praecepti
1326 3820 1567 3873 violator
1610 3818 1908 3887 exstiterit,

212 3907 359 3965 sciat
390 3924 447 3960 se
496 3907 951 3975 compositurum
1006 3907 1131 3962 auri
1197 3907 1400 3978 optimi
1448 3908 1622 3961 libras
1654 3913 1907 3973 centum,

216 3995 585 4049 medietatem
619 4012 856 4049 camerae
888 4001 1117 4065 nostrae,
1167 4001 1224 4050 et
1252 3996 1618 4050 medietatem
1674 3996 1908 4066 praefato

216 4083 582 4138 monasterio.
645 4084 806 4147 Quod
850 4090 910 4138 ut
970 4084 1155 4137 verius
1222 4084 1505 4149 credatur,
1556 4088 1612 4136 et
1664 4083 1907 4153 diligen-

214 4171 327 4224 tius
359 4170 428 4224 ab
458 4170 724 4223 omnibus
745 4171 805 4224 in
836 4176 1115 4225 internum
1149 4172 1500 4236 observetur,
1532 4171 1676 4224 hanc
1696 4176 1906 4225 nostrae

215 4258 540 4313 donationis
566 4259 835 4328 paginam
870 4277 1044 4313 manu
1102 4260 1336 4329 propria
1387 4260 1789 4313 conﬁrmantes
1829 4258 1904 4311 si-

215 4348 339 4418 gilli
372 4347 552 4400 nostri
582 4347 961 4417 impressione
985 4348 1260 4417 jussimus
1286 4348 1569 4418 insignirl.

287 4437 516 4502 Signum
580 4436 766 4489 domni
834 4437 1072 4491 Henrici
1138 4439 1496 4493 Romanorum
1563 4433 1914 4491 invictissimi

215 4526 562 4594 imperatoris
593 4528 856 4591 Augusti.

286 4612 598 4682 Piligrinus
637 4612 1009 4666 cancellarius
1037 4612 1158 4667 vice
1214 4612 1487 4682 Egerardi
1542 4611 1798 4683 episcopi
1857 4616 1913 4665 et

215 4700 702 4754 archicancellarii
743 4699 1095 4769 recognovit.

286 4790 429 4841 Data
454 4787 620 4840 tertio
653 4788 773 4840 Kal.
812 4786 1145 4841 Novembris
1176 4786 1491 4841 indictione
1541 4786 1726 4851 tertia,
1759 4802 1910 4839 anno

217 4876 531 4930 Dominicas
572 4876 981 4929 incarnationis
1033 4878 1186 4943 lO2l,
1258 4892 1408 4929 anno
1466 4880 1659 4929 autem
1712 4875 1910 4930 domui

212 4964 443 5018 Henrici
471 4965 709 5018 secundi
744 4966 1036 5034 regnantis
1074 4980 1228 5031 xvm,
1258 4964 1488 5034 imperii
1520 4964 1644 5034 ejus
1673 4981 1768 5018 vn.

282 5058 491 5107 Actum
518 5056 838 5107 Amersten.

967 5160 1140 5215 CXVl.

212 5266 548 5338 Praeceptum
606 5265 788 5323 damni
829 5266 1051 5321 IIenrici
1078 5266 1424 5335 imperatoris
1492 5265 1751 5331 Augusti,
1806 5278 1908 5334 quo

282 5448 431 5522 (l7?)
455 5443 829 5522 Hilderadut‘n
854 5456 916 5497 ex
940 5440 1283 5522 Burgundias
1301 5438 1908 5522 comitibusoriginem

208 5516 447 5569 traxisse
500 5515 735 5568 tradunt
795 5512 1158 5570 PrumienSes
1209 5519 1400 5585 atque,
1446 5512 1688 5566 Henrico
1720 5512 1908 5582 impe-

2023 3028 2080 3076 et
2113 3025 2171 3077 in
2203 3026 2616 3094 proprietatem
2648 3025 3009 3093 donavimus,
3049 3032 3110 3080 ut
3143 3044 3245 3097 per
3276 3028 3471 3081 omnia
3521 3044 3713 3081 succe-

2024 3112 2280 3166 dentium
2352 3119 2680 3183 temporum
2764 3116 3047 3169 curricula
3117 3117 3300 3169 eidem
3359 3116 3709 3170 monasterio

2024 3201 2239 3271 absque
2271 3203 2530 3255 omnium
2598 3204 2927 3256 mortalium
2986 3205 3436 3258 contradictione
3480 3205 3713 3258 ﬁrmum

2023 3295 2194 3357 atque
2245 3290 2445 3344 stabile
2476 3292 2534 3343 in
2600 3295 2880 3344 aeternum
2934 3298 3287 3361 permaneat.
3347 3293 3409 3345 Et
3480 3297 3541 3345 ut
3591 3293 3713 3345 hzec

2028 3380 2235 3429 nostra:
2267 3378 2650 3432 concessionis
2709 3378 2939 3432 traditio
2960 3380 3118 3431 omni
3187 3385 3442 3448 tempore
3492 3380 3711 3432 stabilis

2022 3470 2077 3518 et
2116 3466 2447 3520 inconvnlsa
2476 3473 2827 3537 permaneat,
2876 3469 3020 3521 hanc
3076 3468 3392 3537 imperialis
3435 3468 3711 3537 princepti

2023 3554 2292 3624 paginam
2344 3554 2478 3608 inde
2510 3555 2810 3618 conscribi,
2844 3562 2919 3621 et,
2977 3572 3148 3609 manu
3210 3556 3445 3625 propria
3502 3556 3711 3608 contir-

2022 3648 2264 3710 mantes,
2300 3645 2529 3713 propria
2572 3643 2747 3713 sigilli
2777 3644 2961 3698 nostri
3008 3644 3389 3714 impressione
3439 3644 3714 3714 jussimus

2024 3729 2309 3798 insigniri.

2092 3818 2329 3887 Signum
2385 3816 2580 3871 domui
2630 3820 2861 3875 Henrici
2910 3822 3303 3875 Romanorum
3357 3819 3715 3875 invictissimi

2020 3906 2381 3974 imperatoris
2420 3908 2678 3976 Augusti.

2095 3995 2397 4048 Witharius
2455 3996 2828 4050 cancellarius
2899 3997 3019 4051 vice
3091 3998 3466 4053 Erchanbaldi
3522 3996 3712 4051 archi—

2020 4082 2272 4152 episcopi
2300 4084 2625 4153 recognovi.

2088 4171 2229 4223 Data
2259 4186 2288 4222 v
2321 4171 2600 4224 Kalendas
2632 4171 2911 4236 Octobris,
2948 4171 3258 4225 indictione
3291 4190 3369 4238 Ill,
3427 4189 3577 4225 anno
3612 4175 3716 4226 Do—

2020 4258 2245 4311 minicte
2294 4258 2700 4311 incarnationis
2733 4261 3056 4325 1020,auno
3092 4264 3284 4312 autem
3327 4260 3524 4313 domui
3556 4262 3714 4315 Hen—

2022 4345 2123 4398 rici
2155 4345 2389 4398 secundi
2421 4346 2710 4415 regnantis
2750 4363 2908 4409 xvm,
2942 4347 3171 4416 imperii
3207 4364 3339 4401 vero
3367 4348 3491 4417 ejus
3543 4365 3637 4402 vn.

2092 4436 2296 4486 Actum
2334 4433 2691 4487 Hamerstein
2724 4434 2984 4488 feliciter.
3012 4438 3213 4488 Amen.

2768 4540 2967 4594 CXVII.

2328 4627 2649 4681 Immunitas
2692 4629 2933 4682 Heinrici
2961 4631 3015 4683 Π
3035 4631 3398 4698 imperatoris.

2553 4718 2733 4782 (Anno
2770 4718 2924 4782 1020,
2950 4720 2979 4770 3
3010 4717 3177 4784 Maii.)

2303 4799 2574 4871 [Dronke,
2600 4804 2724 4860 Cod.
2758 4805 2981 4873 diplom.
3008 4807 3161 4862 Fuld.
3188 4823 3244 4860 n.
3280 4808 3423 4876 347.]

2090 4908 2153 4961 In
2184 4907 2415 4961 nomine
2447 4916 2655 4964 sanctas
2698 4916 2749 4965 et
2808 4910 3118 4966 individuae
3176 4914 3489 4982 Trinitatis,
3544 4913 3710 4967 Ham-

2021 5010 2171 5049 mcus
2201 4995 2391 5049 divina
2453 4997 2677 5051 favente
2738 4998 3041 5052 clementia
3091 5001 3484 5054 Romanorum
3532 5000 3711 5070 impe-

2021 5089 2175 5137 rator
2204 5088 2513 5155 Augustus.

2089 5172 2320 5226 Constat
2381 5190 2503 5242 nos,
2565 5174 2757 5229 divina
2791 5175 3159 5245 dispensante
3212 5177 3412 5246 gratia,
3492 5177 3712 5231 caeteris

2019 5261 2451 5331 supereminere
2510 5263 2847 5318 mortalibus
2890 5280 2903 5318 :
2971 5265 3119 5319 unde
3159 5270 3381 5334 oportet
3429 5270 3510 5331 ut,
3553 5266 3713 5335 cujus

2017 5443 2193 5515 ratori
2217 5444 2274 5498 in
2306 5444 2508 5514 primis
2547 5444 2802 5513 charum,
2842 5444 3049 5499 obiisse
3088 5450 3219 5515 post
3264 5459 3443 5498 annos
3474 5442 3710 5514 regimi-

2019 5514 2108 5567 nis
2130 5520 2274 5576 octo,
2307 5532 2459 5570 anno
2478 5517 2630 5570 1026.
