3944 6316
253 283 354 335 355

250 403 632 474 ρῑωοειιὶωυε
666 419 924 470 munere,
951 404 1072 474 ejus
1103 403 1432 457 studeamus
1461 401 1648 456 modis
1678 403 1942 456 omnibus
1973 402 2015 456 A

250 507 452 562 parere
494 492 798 546 voluntati.
873 492 1234 560 Quapropter
1289 489 1604 560 comperiat
1659 489 1942 543 industria

251 585 423 650 atque
447 579 664 634 utilitas
695 579 956 633 omnium
995 579 1254 632 ﬁdelium
1310 582 1656 644 nostrorum,
1686 595 1938 648 praesen—

249 667 397 721 tium
450 667 662 720 scilicet
710 671 767 720 et
853 667 1198 732 futurorum,
1258 667 1392 736 quia
1453 666 1533 718 vir
1598 666 1941 719 venerabilis

251 755 564 809 Richardus
595 755 744 808 abba
795 770 859 808 ex
890 755 1240 808 monasterio
1299 755 1452 823 quod
1505 753 1712 806 dicitur
1744 754 1938 821 Fulda,

254 843 409 912 quod
435 848 519 896 est
573 843 745 895 situm
792 842 853 895 in
883 859 1030 912 pago
1085 842 1371 910 Grapfeld,
1437 846 1829 894 constructum
1883 842 1941 894 in

250 932 468 985 honore
526 930 705 984 sancti
751 929 1025 983 Bonifacii
1078 930 1329 982 martiris
1365 929 1596 994 Christi,
1659 931 1757 983 ubi
1787 930 1941 982 idem

251 1019 535 1089 gloriosus
565 1021 781 1087 martyr
832 1033 1068 1087 corpore
1109 1016 1350 1086 quiescit
1408 1016 1602 1069 adiens
1663 1017 1941 1069 excellen-

251 1107 391 1160 tiam
420 1105 684 1159 culminis
713 1105 914 1172 nostri,
947 1105 1159 1158 obtulit
1187 1104 1349 1157 nobis
1377 1105 1662 1174 quandam
1696 1109 1942 1157 anteces-

253 1210 448 1249 sorum
503 1197 852 1253 nostrorum.
941 1193 1135 1262 Pipini
1199 1193 1481 1259 videlicet,
1547 1192 1828 1246 Ludewici
1883 1197 1940 1246 et

253 1281 592 1346 Chuonradi,
630 1281 898 1347 Heinrici,
949 1296 1170 1334 necnon
1220 1286 1272 1334 et
1309 1280 1529 1334 Ottonis
1581 1279 1942 1350 imperatoris

250 1369 490 1440 Augusti
547 1370 961 1435 auctoritatem,
1013 1369 1074 1422 in
1118 1385 1232 1438 qua
1273 1369 1671 1422 continebatur
1700 1368 1945 1438 qualiter

250 1457 404 1510 idem
456 1457 744 1527 principes
792 1456 1091 1510 clarissimi
1150 1456 1451 1526 praefatum
1530 1455 1944 1509 monasterium

251 1561 381 1599 cum
424 1546 722 1599 monachis
761 1545 976 1599 ibidem
1038 1546 1154 1598 Deo
1211 1544 1642 1610 famulantibus,
1709 1549 1765 1597 et
1814 1559 1945 1597 cum

251 1634 422 1688 rebus
449 1633 537 1686 vel
569 1633 904 1687 hominibus
929 1633 997 1687 ad
1039 1648 1096 1685 se
1135 1633 1288 1702 juste
1339 1631 1782 1702 pertinentibus,
1839 1631 1942 1684 sub

251 1739 354 1775 sua
379 1722 806 1776 constituissent
835 1720 1165 1775 defensione
1197 1725 1252 1774 et
1305 1719 1606 1774 munitatis
1663 1719 1936 1773 tuiciune.

252 1809 578 1864 Obsecravit
636 1826 886 1880 namque
946 1810 1310 1880 prmscriptus
1366 1809 1514 1862 abba
1562 1812 1622 1861 ut
1679 1809 1942 1862 similiter

252 1899 442 1968 ipsum
469 1899 886 1952 monasterium
916 1914 1044 1950 cum
1071 1897 1362 1950 monachis
1391 1897 1604 1950 ibidem
1627 1897 1739 1950 Deo
1760 1897 1942 1950 famu-

250 1986 506 2040 lantibus
535 1989 590 2039 et
635 2002 764 2039 cum
813 1985 984 2039 rebus
1014 1989 1070 2039 et
1123 1985 1450 2038 hominibus
1508 1985 1616 2038 sibi
1670 1985 1942 2054 glegaliter

249 2073 671 2142 pertinentibus
701 2074 804 2127 sub
830 2078 1020 2126 nostra
1064 2073 1541 2127 constitueremus
1583 2073 1939 2140 defensione,

252 2167 308 2215 et
340 2165 590 2232 paterna
622 2161 947 2215 auctoritati
979 2166 1230 2214 nostram
1252 2161 1626 2231 jungeremus
1686 2161 1940 2214 auctori-

247 2253 442 2302 tatem.
477 2249 650 2318 Cujus
682 2249 1021 2318 petitionem
1050 2249 1148 2319 qui
1194 2249 1408 2318 justam
1463 2248 1581 2301 imo
1628 2248 1940 2301 rationabi-

248 2337 364 2389 lem
397 2335 931 2407 essejudicavimus,
979 2336 1226 2390 libenter
1275 2335 1831 2389 accommodavimus
1888 2339 1944 2389 et

249 2424 529 2478 beneﬁcio
578 2425 729 2494 quod
755 2424 1060 2494 postulavit
1111 2439 1401 2477 assensum
1449 2423 1817 2494 praebuimus.
1881 2425 1944 2478 Et

247 2511 376 2564 ideo
405 2512 553 2564 hanc
583 2511 995 2578 auctoritatem,
1030 2516 1266 2580 propter
1313 2511 1566 2563 divinum
1594 2527 1847 2564 amorem
1888 2516 1944 2566 et

247 2599 678 2652 venerationem
733 2598 914 2668 ipsius
968 2599 1145 2652 sancti
1191 2600 1302 2654 loci
1352 2598 1941 2670 tranquillitatemque

248 2689 489 2742 fratrum
517 2688 730 2741 ibidem
762 2687 1215 2752 consistentium,
1257 2687 1404 2740 circa
1427 2687 1614 2757 ipsum
1650 2693 1941 2742 monaste-

249 2775 399 2828 rium
421 2775 544 2828 ﬁeri
576 2775 946 2828 decrevimus.
988 2777 1093 2828 Per
1123 2792 1294 2845 quam
1351 2775 1674 2829 iufuturum
1730 2775 1940 2830 sancci-

250 2879 378 2915 mus
407 2869 577 2933 atque
602 2863 870 2932 jubemus
937 2867 999 2916 ut
1054 2864 1246 2916 nullus
1300 2863 1475 2933 judex
1529 2863 1789 2933 publicus
1850 2865 1938 2918 vel

1539 282 1594 334 S.
1637 281 1922 335 HENlthI
1957 278 2432 335 IMPERATORIS

3641 281 3746 334 356

2053 401 2144 471 (Μ)
2169 398 2530 469 imperatoris
2558 397 2820 468 Augusti.
2856 397 2939 468 (S)
2974 397 3320 453 Guntherius
3342 397 3462 454 vice
3522 399 3743 454 Erkan-

2048 489 2205 542 baldi
2235 487 2713 558 archicappellani
2744 487 3098 556 recognovit.

2122 579 2264 630 Data
2292 593 2325 630 v
2359 577 2502 630 Non.
2540 575 2684 643 Mai,
2729 574 3046 629 indictione
3099 593 3174 636 iu,
3234 591 3383 630 anno
3433 574 3746 636 Dominicze

2049 663 2463 718 incarnationis
2511 665 2667 730 1020,
2731 678 2884 716 anno
2928 679 3063 717 vero
3111 664 3311 717 domni
3349 664 3599 718 Heinrici
3655 680 3747 716 se-

2050 753 2222 806 cundi
2260 751 2553 822 regnantis
2587 767 2696 819 xxx,
2729 751 2959 822 imperii
2985 756 3180 807 autem
3208 768 3305 806 vn.

2119 843 2322 894 Actum
2354 837 2546 894 Fulda.

2049 1033 2105 1086 S.
2153 1031 2435 1085 Henricus
2493 1031 2722 1085 ecclesiae
2767 943 3205 1085 ἓξέθᾞδνηρηεί
3253 1030 3464 1100 praedia
3494 1031 3749 1100 quadam

2782 1120 3008 1185 confert.

2688 1222 2874 1294 (Anno
2923 1225 3100 1292 1021.)

2302 1327 2459 1396 [Cod.
2507 1327 2730 1398 diplom.
2775 1330 2934 1384 Hist.
2980 1330 3251 1398 Westph.,
3282 1345 3340 1400 p.
3379 1330 3494 1403 80.]

2118 1436 2224 1489 ΧΡ.
2294 1435 2361 1488 In
2425 1433 2660 1489 nomine
2720 1439 2927 1489 sanctae
2984 1439 3040 1489 et
3083 1435 3394 1490 individuus,
3427 1435 3747 1506 Trinitatis,

2049 1523 2360 1577 ﬂammeus
2437 1522 2627 1576 divina
2705 1523 2888 1592 gratia
2953 1524 3344 1578 Romanorum
3421 1524 3745 1595 imperator

2052 1613 2366 1681 Augustus.

1971 1672 2011 1724 Β
2124 1672 2340 1752 ὗὶνὶηω
2379 1698 2607 1768 pietatis
2667 1699 2994 1768 clementia,
3046 1716 3176 1771 quae
3223 1716 3329 1754 nos
3380 1700 3455 1755 ad
3517 1702 3752 1756 culmen

2048 1786 2431 1857 imperatoriae
2471 1788 2782 1856 majestatis
2837 1789 3122 1858 perduxit,
3153 1789 3224 1843 ad
3275 1789 3386 1842 hoc
3424 1790 3607 1845 voluit
3635 1791 3748 1845 im-

2049 1892 2270 1946 perare,
2296 1880 2361 1929 ut
2382 1875 2750 1929 ecclesiarum
2780 1877 2969 1930 ordini
3018 1877 3305 1931 ﬁrmando
3333 1883 3504 1948 atque
3543 1895 3746 1934 corro-

2047 1964 2302 2019 borando
2353 1964 2777 2031 subveniamus,
2861 1965 2979 2018 Hiis
3032 1971 3224 2019 autem
3300 1967 3548 2020 maxime
3608 1967 3749 2022 locis

2049 2070 2196 2124 quae,
2231 2053 2300 2106 ab
2331 2052 2788 2107 antecessoribus
2825 2053 3032 2106 nostris
3061 2053 3294 2123 regibus
3334 2059 3390 2107 et
3426 2054 3746 2124 imperato-

2049 2142 2206 2195 ribus
2244 2141 2501 2206 fundata,
2553 2141 2651 2194 sed
2704 2141 2824 2210 jam
2891 2141 3136 2210 peccatis
3192 2142 3551 2212 exigentibus
3592 2159 3744 2213 pene

2048 2228 2391 2282 videbantur
2445 2229 2758 2281 annullata.
2792 2229 3144 2299 QuaprOpter
3181 2230 3440 2283 omnium
3482 2230 3744 2286 ﬁdelium

2049 2321 2376 2370 nostrorum
2423 2316 2797 2385 praesentium
2828 2317 3038 2370 scilicet
3076 2334 3139 2370 ac
3175 2317 3504 2373 futurorum
3571 2320 3746 2375 indu-

2051 2404 2201 2458 striae
2225 2409 2424 2458 notum
2451 2420 2573 2458 esse
2603 2404 2870 2458 volumus
2900 2405 3148 2476 qualiter
3193 2423 3320 2475 nos,
3362 2408 3544 2462 divini
3582 2425 3747 2463 amo-

2051 2491 2129 2545 ris
2150 2493 2444 2560 instinctu,
2473 2508 2576 2563 pro
2598 2493 2854 2546 remedio
2896 2493 3105 2548 animae
3141 2501 3351 2549 nostrae
3390 2513 3486 2549 seu
3535 2513 3748 2566 paren-

2050 2587 2172 2637 tum
2216 2586 2566 2647 nostrorum,
2649 2597 2753 2634 nec
2801 2597 2916 2634 non
2985 2587 3042 2636 et
3092 2582 3248 2636 tertii
3303 2583 3527 2638 Ottonis
3574 2585 3750 2640 bonae

2051 2669 2348 2724 memoriae
2411 2668 2778 2739 imperatoris
2814 2670 3153 2741 dilectaque
3211 2671 3470 2741 conjugis
3535 2677 3752 2727 nostra;

2052 2757 2449 2827 Chunigundai
2549 2759 2820 2828 Augusta:
2871 2759 3126 2827 inventu,
3187 2763 3356 2830 atque
3414 2761 3752 2830 Meginwerc

2051 2851 2260 2900 sanctae
2353 2845 2882 2900 Padrebrunnensis
2939 2848 3193 2901 ecclesiae
3231 2849 3571 2902 venerabilis
3631 2850 3752 2920 epi-

251 2931 502 3021 quilibet
535 2931 617 3005 ex,
652 2951 956 3020 judiciaria
1004 2931 1391 3020 potestatein
1423 2931 1705 3017 ecclesias,
1756 2951 1928 3016 villas,

2115 2933 2206 3003 opi
2236 2935 2459 3002 rogatu,
2487 2931 2594 2986 sibi
2643 2937 2968 3002 sanctasque
3007 2951 3124 2988 suae
3174 2934 3424 2988 ecclesias
3449 2951 3482 2987 a
3531 2936 3748 2990 Karolo

251 3039 386 3099 loca,
417 3040 504 3092 vel
536 3055 720 3108 agros,
758 3038 1160 3108 possessiones,
1191 3055 1332 3108 quas
1362 3040 1637 3092 moderno
1681 3046 1937 3110 tempore

244 3125 396 3194 juste
453 3130 510 3178 et
556 3125 967 3180 rationabiliter
1004 3126 1152 3180 infra
1182 3142 1425 3195 regnum
1455 3127 1726 3181 divinitus
1775 3129 1938 3183 nobis

250 3229 582 3267 concessum
614 3215 916 3284 praefatum
945 3214 1200 3284 possidet
1231 3215 1664 3281 monasterium,
1691 3217 1779 3270 vel
1810 3234 1937 3288 quas

251 3301 517 3372 deinceps
545 3303 604 3355 in
628 3303 722 3372 jus
753 3303 930 3373 ipsius
960 3303 1068 3356 loci
1094 3303 1340 3356 voluerit
1370 3304 1563 3357 divina
1611 3305 1792 3373 pietas
1832 3323 1938 3359 au—

251 3389 393 3457 geri,
425 3389 496 3442 ad
522 3390 1040 3458 causasjudiciario
1076 3407 1238 3444 more
1299 3391 1613 3445 audiendas
1663 3393 1748 3446 vel
1781 3392 1939 3446 freda

248 3478 648 3548 undecumque
705 3479 980 3547 exigenda
1043 3484 1140 3531 aut
1198 3479 1524 3532 mansiones
1565 3480 1650 3533 vel
1713 3487 1938 3549 paratas

248 3565 533 3618 faciendas
563 3565 1034 3635 autﬁdejussores
1048 3567 1329 3619 tollendos
1353 3574 1450 3620 aut
1469 3568 1730 3622 homines
1759 3569 1940 3639 ipsius

249 3653 579 3706 monasterii
622 3657 737 3706 tam
764 3654 1044 3723 ingenuos
1078 3669 1247 3723 quam
1295 3659 1351 3708 et
1377 3671 1565 3709 servos
1610 3673 1782 3726 super
1824 3662 1938 3711 ter-

248 3756 373 3793 ram
404 3741 584 3808 ipsius
642 3747 1066 3793 commanentes
1124 3741 1568 3811 distringendos,
1636 3759 1740 3797 nec
1795 3745 1940 3797 ullas

250 3827 621 3881 redibitiones
706 3832 801 3880 aut
862 3827 1106 3882 inlicitas
1156 3830 1475 3884 occasiones
1541 3832 1936 3902 requirendas,

249 3915 455 3968 nostris
477 3914 798 3984 futurisque
833 3915 1188 3986 temporibus
1213 3917 1436 3986 ingredi
1467 3920 1693 3986 audeat,
1725 3920 1812 3994 vel
1873 3937 1939 3973 ea

249 4019 379 4073 qua:
411 4019 582 4072 supra
620 4009 939 4056 memorata
970 4008 1101 4056 sunt
1161 4004 1388 4074 exigere
1446 4013 1774 4076 praesumat.
1829 4007 1936 4061 Sed

245 4092 413 4145 liceat
440 4092 677 4161 praefato
711 4091 899 4145 abbati
931 4091 1161 4162 suisque
1193 4095 1610 4148 successoribus
1667 4110 1757 4147 res
1788 4110 1935 4163 prae-

246 4179 382 4233 dicti
434 4180 768 4233 monasterii
826 4195 956 4233 cum
1015 4181 1281 4234 omnibus
1340 4182 1448 4236 sibi
1504 4182 1774 4250 subjectis
1831 4183 1934 4236 sub

244 4266 626 4321 immanitatis
665 4271 875 4321 nostrae
934 4268 1260 4322 defensione
1308 4269 1600 4339 possidere
1656 4275 1710 4322 et
1741 4275 1934 4324 nostro

243 4355 490 4409 ﬁdeliter
519 4372 720 4424 parere
751 4355 1014 4424 imperio.
1079 4357 1144 4410 Et
1199 4357 1471 4427 quicquid
1523 4357 1589 4410 de
1647 4358 1933 4426 prmdictis

243 4443 412 4498 rebus
443 4445 538 4513 jus
566 4444 685 4497 ﬁsci
715 4444 941 4513 exigere
995 4449 1233 4514 poterat,
1267 4462 1369 4514 pro
1404 4452 1618 4498 aeterna
1656 4462 1933 4501 remune-

243 4532 464 4586 ratione
495 4531 731 4600 przefato
748 4533 1096 4586 monasterio
1127 4538 1184 4586 et
1205 4533 1499 4586 monachis
1529 4534 1927 4590 concessimus.

245 4622 313 4674 Et
341 4619 388 4672 si
445 4621 669 4690 quando
718 4620 912 4673 divina
945 4622 1240 4675 vocatione
1267 4621 1387 4689 jam
1437 4621 1587 4675 fatus
1637 4622 1781 4677 abba
1842 4625 1931 4678 vel

246 4724 592 4762 successores
617 4708 739 4778 ejus
765 4709 834 4763 de
881 4709 988 4763 hac
1039 4711 1165 4763 luce
1215 4710 1606 4779 migraverint,
1653 4713 1928 4777 quamdiu

241 4791 352 4862 ipsi
409 4795 676 4848 monachi
729 4796 880 4849 inter
928 4813 985 4850 se
1028 4798 1170 4850 tales
1217 4796 1477 4851 invenire
1561 4801 1780 4868 possint
1831 4802 1930 4871 qui

241 4881 424 4950 ipsam
483 4885 989 4954 congregationem
1035 4885 1351 4939 secundum
1410 4887 1666 4957 regulam
1715 4888 1798 4957 pii
1835 4905 1931 4958 pa-

238 4967 340 5020 tris
399 4969 686 5023 Benedicti
745 4987 940 5041 regere
998 4972 1246 5037 valeant,
1327 4989 1429 5042 per
1477 4974 1624 5026 hanc
1671 4980 1930 5029 nostram

243 5056 632 5111 auctoritatem
683 5075 1026 5113 consensum
1064 5064 1120 5113 et
1169 5060 1461 5114 licentiam
1521 5061 1773 5115 habeant
1827 5064 1930 5116 eli-

241 5143 413 5214 gendi
451 5145 698 5200 abbates.
732 5148 860 5201 Haec
890 5163 1024 5200 vero
1057 5147 1362 5200 auctoritas
1389 5153 1453 5201 ut
1498 5148 1819 5217 pleniorem
1870 5151 1929 5205 in

245 5232 346 5285 Dei
375 5233 606 5287 nomine
647 5234 903 5305 optineat
931 5233 1283 5300 ﬁrmitatem,
1318 5250 1492 5288 manu
1531 5234 1766 5304 propria
1803 5236 1931 5289 sub-

243 5325 336 5374 tus
367 5337 491 5374 eam
522 5323 896 5390 ﬁrmavimus,
930 5322 1236 5392 sigilloque
1272 5327 1462 5375 nostro
1515 5322 1780 5392 insigniri
1804 5321 1927 5390 jus-

244 5407 441 5462 simus.

315 5494 556 5565 Signum
613 5496 810 5551 domui
853 5495 1101 5552 Heinrici
1156 5496 1548 5553 Romanorum
1568 5495 1928 5552 invictissimi

2050 3036 2259 3090 magno
2291 3020 2640 3089 imperatore
2671 3020 2808 3074 olim
2863 3021 3117 3075 fundatae
3155 3023 3365 3076 nostris
3412 3039 3548 3076 vero
3599 3029 3750 3077 tem-

2048 3109 2281 3179 poribus
2333 3107 2660 3161 incendium
2719 3125 2922 3179 passze,
2951 3109 3032 3179 [in
3082 3110 3301 3164 honore
3345 3111 3497 3163 enim
3538 3117 3755 3166 sanctae

2049 3193 2151 3246 Dei
2179 3191 2468 3264 genitricis
2519 3193 2711 3247 Mariae
2763 3209 2992 3264 semper
3022 3194 3259 3264 virginis
3302 3199 3358 3248 et
3411 3197 3591 3250 sancti
3645 3198 3753 3268 Ky-

2047 3281 2184 3335 liani
2259 3281 2524 3351 martyris
2623 3282 2949 3352 Liboriique
3028 3283 3365 3337 confessoris
3443 3284 3746 3352 dedicatas,

2048 3369 2378 3424 comitatum
2435 3385 2608 3439 quem
2654 3370 2864 3424 Dodico
2927 3387 3115 3425 comes
3173 3372 3311 3425 dum
3355 3372 3496 3426 vixit
3536 3375 3744 3442 tenuit,

2050 3458 2219 3511 situm
2244 3457 2457 3510 scilicet
2487 3457 2546 3510 in
2581 3458 2721 3512 locis
2751 3459 3006 3528 Hessiga,
3059 3460 3240 3530 Netga
3285 3459 3579 3532 Nihterga,
3612 3478 3748 3516 cum

2050 3546 2209 3599 omni
2241 3547 2528 3615 legalitate
2576 3546 2637 3599 in
2683 3547 2986 3617 proprium
3016 3548 3384 3602 concedimus
3417 3555 3588 3620 atque
3630 3551 3743 3604 lar-

2049 3635 2240 3704 gimur
2263 3650 2367 3703 per
2415 3635 2561 3688 hanc
2617 3641 2873 3689 nostram
2925 3637 3283 3706 imperialem
3329 3638 3633 3708 paginam;
3675 3655 3746 3693 eo

2047 3723 2311 3776 videlicet
2339 3727 2541 3776 tenore
2586 3723 2824 3777 rationis
2883 3729 2946 3778 ut
3002 3725 3273 3793 praefatus
3322 3726 3622 3796 episcopus
3669 3727 3744 3782 Μ.

2049 3810 2255 3881 suique
2288 3826 2639 3864 successores
2681 3811 3012 3882 prescriptte
3065 3813 3318 3867 ecclesiae
3366 3815 3746 3884 prtesidentes

2047 3899 2506 3953 dehincliberam
2530 3899 2780 3954 habeant
2806 3905 3151 3971 potestatem
3189 3901 3260 3955 de
3285 3903 3485 3956 eodem
3562 3904 3745 3958 comi-

2047 3992 2171 4040 tatu
2235 3987 2471 4058 ejusque
2550 3987 2894 4042 utilitatibus
2972 3989 3250 4060 quicquid
3310 3991 3392 4044 eis
3463 3991 3748 4062 placuerit

2047 4074 2312 4140 faciendi,
2391 4075 2463 4128 ad
2530 4092 2733 4131 eorum
2802 4081 2996 4131 tamen
3077 4077 3390 4132 utilitatem
3461 4081 3743 4147 ecclesias,

2048 4163 2310 4217 omnium
2347 4163 2612 4218 videlicet
2656 4165 3056 4235 inquietudine
3118 4172 3357 4220 remota.
3391 4167 3459 4221 Et
3501 4172 3565 4222 ut
3618 4168 3746 4224 haec

2047 4255 2257 4306 nostras
2336 4252 2661 4306 traditionis
2729 4270 2829 4309 seu
2881 4254 3334 4308 conﬁrmationis
3432 4257 3745 4311 auctoritas

2045 4339 2262 4393 stabilis
2284 4343 2339 4392 et
2379 4339 2714 4394 inconvulsa
2757 4341 2915 4394 omni
2971 4341 3252 4396 habeatur
3304 4347 3578 4412 tempore,
3631 4345 3746 4400 hoc

2040 4431 2393 4499 praeceptum
2425 4426 2558 4483 inde
2598 4429 2984 4500 conscriptum
3032 4446 3209 4484 manu
3270 4433 3507 4501 propria
3542 4433 3744 4488 ﬁrma-

2039 4515 2227 4569 vimus
2277 4522 2334 4568 et
2388 4520 2583 4570 nostro
2639 4515 2827 4587 sigillo
2882 4533 3216 4588 repercusso
3259 4519 3527 4590 insigniri
3576 4521 3748 4591 jussi-

2043 4619 2192 4657 mus.

2110 4693 2336 4758 Signum
2401 4692 2584 4746 damni
2657 4693 2904 4748 Heinrici
2988 4695 3422 4751 victoriosissimi
3501 4697 3586 4763 (L.
3646 4698 3744 4769 Μ.)

2037 4781 2384 4848 imperatoris
2413 4782 2676 4848 Augusti.

2107 4869 2455 4923 Guntherius
2531 4869 2903 4923 cancellarius
2951 4869 3018 4923 ab
3072 4869 3256 4924 vicem
3331 4872 3743 4929 Herkembaldi

2039 4956 2356 5026 Mogontini
2385 4957 2807 5028 archiepiscopi
2852 4963 2910 5013 et
2962 4958 3403 5029 archicapellani
3456 4977 3739 5033 recogno-

2039 5043 2138 5096 vit.

2111 5133 2249 5186 Data
2287 5149 2376 5187 xxv
2446 5133 2569 5186 Kal.
2638 5133 2851 5199 Marcii,
2897 5133 3214 5189 indictione
3267 5152 3340 5204 ιν,
3409 5152 3563 5191 anno
3633 5140 3742 5194 Do-

2038 5219 2264 5274 minica:
2293 5221 2708 5276 incarnationis
2766 5224 2921 5289 1021,
2956 5239 3104 5276 anno
3137 5240 3272 5278 vero
3319 5225 3516 5279 domni
3564 5227 3740 5282 Hein-

2039 5308 2142 5362 rici
2189 5309 2425 5362 secundi
2484 5309 2784 5379 regnantis
2829 5326 3008 5378 xvmr,
3068 5311 3302 5382 imperii
3358 5318 3550 5368 autem
3617 5333 3738 5371 vm.

2107 5398 2311 5452 Actum
2332 5397 2665 5453 Podrebrun
2691 5397 2954 5454 feliciter.
2997 5401 3202 5454 Amen.
