3944 6302
160 270 259 321 357

931 392 1105 445 CXIX.

158 480 216 531 S.
248 480 523 532 Henricus
569 478 861 547 conﬁrmat
916 482 1237 533 monasterio
1293 482 1482 535 Sancti
1535 485 1861 537 Emmerami

226 553 420 621 omnia
446 551 583 602 bona
613 552 930 615 generatim,
967 551 1153 603 ablata
1183 554 1427 621 episcopo
1461 554 1700 621 aliisque
1735 557 1863 609 alie-

226 620 412 673 nandi
431 621 713 686 facultate.

701 692 887 755 (Anno
911 692 1067 759 1021,
1089 694 1118 745 3
1141 691 1330 762 Julii.)

419 776 608 849 filled,
637 777 820 831 Codex
860 778 1084 847 diplom.
1122 780 1360 845 Ratisb.,
1386 781 1430 849 Ι,
1468 779 1612 851 135.]

230 866 293 916 In
326 864 564 917 nomine
622 872 828 918 sanctae
859 871 914 918 et
952 865 1265 919 individua:
1322 867 1635 936 Trinitatis,
1686 870 1861 923 Ham-

163 968 316 1005 mcus
338 952 530 1007 divina
546 952 626 1005 fat
640 958 769 1005 ente
810 953 1114 1006 clementia
1147 955 1310 1007 Rom.
1332 954 1469 1025 imp.
1498 958 1645 1025 Aug.

232 1039 600 1109 Imperialem
649 1041 829 1093 nostri
861 1040 1112 1094 nominis
1142 1042 1537 1096 excellentiam
1595 1044 1703 1096 hoc
1754 1043 1857 1097 sci-

162 1144 289 1181 mus
352 1128 577 1198 exigere
630 1128 746 1181 imo
802 1130 870 1182 ad
915 1134 1128 1183 statum
1188 1130 1354 1200 regni
1402 1134 1457 1184 et
1501 1131 1571 1184 ad
1617 1132 1859 1185 salutem

163 1216 374 1269 anima:
435 1221 644 1270 nostra:
693 1216 941 1271 multum
1000 1218 1300 1287 proﬁcere,
1354 1235 1611 1290 quosque
1682 1219 1859 1273 divini

162 1303 382 1356 servitii
410 1309 714 1369 amatores,
748 1308 809 1357 ut
858 1306 979 1358 sine
1011 1307 1246 1375 querela
1304 1306 1361 1358 in
1410 1307 1512 1359 Dei
1550 1307 1861 1375 persistant

162 1391 355 1459 laude,
406 1391 763 1445 liberalitatis
818 1397 1025 1446 nostra:
1075 1394 1457 1447 sustentaculo
1515 1392 1858 1464 confortare,

160 1479 412 1532 maxime
443 1484 634 1533 autem
678 1496 772 1533 eos
830 1497 1077 1550 quorum
1124 1481 1331 1533 laboris
1383 1482 1607 1535 devotio
1666 1482 1856 1535 divino

160 1583 279 1637 prae
312 1567 536 1621 caeteris
558 1568 818 1637 invigilat
856 1568 1152 1639 obsequio.
1207 1569 1453 1622 Proinde
1484 1569 1703 1622 noverit
1729 1586 1856 1623 om-

162 1655 326 1708 nium
357 1656 568 1709 Christi
606 1656 901 1727 nostrique
940 1657 1201 1710 ﬁdelium
1237 1656 1577 1710 universitas
1614 1658 1859 1727 qualiter
1889 1669 1931 1722 Β

166 1758 271 1796 nos
303 1743 513 1796 divinae
564 1743 1044 1797 remunerationis
1100 1761 1197 1814 spe
1243 1743 1481 1810 incitati,
1536 1744 1860 1798 interventu

163 1830 336 1884 etiam
359 1831 583 1884 dilectas
636 1830 899 1902 conjugis
938 1837 1147 1884 nostra!
1209 1832 1565 1901 Cunigundae
1608 1832 1855 1902 impera-

160 1918 316 1972 tricis
359 1923 632 1988 Augusta:
680 1926 736 1973 et
768 1920 1076 1973 venerandi
1130 1920 1371 1973 Richolﬁ
1428 1919 1647 1974 abbatis
1701 1937 1854 1974 com-

160 2006 368 2060 moniti
426 2007 652 2060 crfidam
702 2007 962 2061 Ecclesiae.
1020 2007 1117 2060 Dei
1166 2007 1314 2061 infra
1363 2008 1647 2061 civitatem
1695 2009 1855 2062 Rate-

161 2112 504 2165 sponensem
535 2096 594 2148 in
643 2096 920 2149 hOBUI't'lil
958 2096 1190 2164 pretiosi
1225 2096 1324 2149 Dei
1354 2096 1620 2165 martyris
1673 2097 1856 2151 Helm-

158 2184 404 2237 merami
434 2189 789 2251 constructae,
814 2184 913 2237 ubi
942 2184 1263 2237 venerabile
1294 2201 1498 2254 corpus
1523 2186 1643 2253 ejus
1680 2186 1851 2237 mira-

157 2271 297 2324 culis
332 2272 754 2325 declarantibus
779 2271 1135 2342 requiescere
1175 2273 1601 2341 comprobatur,
1635 2272 1849 2338 omnia,

157 2376 282 2429 quas
313 2359 385 2413 ab
419 2360 867 2413 antecessoribus
912 2360 1136 2427 nostris,
1186 2360 1414 2429 regibus
1461 2362 1548 2413 vel
1598 2361 1851 2429 impera-

156 2448 397 2514 toribus,
433 2447 815 2519 omnibusque
842 2448 1050 2503 Christi
1086 2448 1346 2502 ﬁdelibus
1376 2449 1464 2501 vel
1498 2448 1647 2501 infra
1668 2448 1853 2519 ipsam

155 2536 651 2606 Ratesponensem
684 2536 973 2589 civitatem
1008 2537 1089 2589 vel
1138 2536 1199 2590 in
1258 2536 1528 2590 suburbio
1563 2536 1709 2606 ejus,
1762 2538 1851 2589 vel

152 2624 489 2694 ubicunque
520 2624 778 2677 locorum
810 2624 1083 2677 hactenus
1109 2624 1312 2678 tradita
1342 2630 1476 2678 sunt
1519 2628 1574 2677 et
1623 2625 1847 2691 collata,

151 2728 251 2781 per
272 2712 425 2765 hanc
470 2711 829 2782 imperialem
856 2712 1127 2782 paginam
1167 2713 1226 2765 in
1276 2717 1618 2782 perpetuum
1651 2712 1852 2765 conﬁr-

152 2817 401 2867 mamus,
430 2805 489 2853 et
517 2802 731 2871 absque
759 2800 1017 2853 omnium
1046 2800 1348 2854 hominum
1399 2801 1847 2854 contradictione

148 2888 207 2941 in
239 2889 546 2959 proprium
594 2888 870 2959 largimus
905 2905 917 2942 :
953 2904 1019 2942 ea
1062 2888 1324 2942 videlicet
1364 2889 1581 2941 ratione
1631 2894 1694 2942 ut
1750 2905 1851 2942 nec

149 2977 457 3047 episcopus
507 2978 759 3047 ejusdsm
816 2977 945 3041 loci,
1006 2978 1281 3048 nullaque
1310 2977 1616 3048 judiciaria
1640 2978 1727 3031 vel
1758 2994 1846 3031 ec-

147 3065 468 3120 clesiastica
498 3082 741 3136 persona
765 3066 1016 3135 aliquam
1050 3066 1255 3120 habeat
1302 3070 1643 3135 potestatem
1701 3082 1846 3135 prte-

146 3155 446 3208 nominata
474 3154 623 3208 bona
651 3155 904 3224 praefata:
934 3155 1186 3208 ecclesiae
1236 3155 1482 3220 auferre,
1516 3155 1604 3207 vel
1651 3154 1849 3207 usibus

145 3243 395 3297 fratrum
420 3242 635 3296 ibidem
668 3242 766 3295 sub
796 3243 1132 3296 monachica
1175 3242 1538 3296 institutione
1570 3243 1684 3295 Deo
1732 3258 1848 3295 ser-

146 3332 428 3384 vientium
461 3330 804 3397 abalienare,
848 3332 941 3385 sed
989 3331 1292 3402 praedictus
1354 3331 1647 3384 lticholfus
1704 3330 1850 3398 ejus-

145 3418 277 3471 dem
312 3419 426 3471 loci
474 3419 648 3472 abbas
704 3420 934 3488 suisque
987 3435 1335 3473 successores
1378 3419 1618 3472 liberam
1650 3417 1849 3471 exinde

144 3507 401 3560 habeant
429 3511 772 3576 potestatem
803 3507 1074 3578 quicquid
1134 3508 1215 3560 eis
1272 3507 1548 3577 placuerit
1578 3505 1845 3572 faciendi,

146 3596 214 3649 ad
246 3594 557 3649 utilitatem
581 3597 975 3649 tantummodo
1006 3597 1247 3649 fratrum
1279 3596 1492 3649 ibidem
1533 3595 1637 3647 sub
1676 3610 1848 3663 regu-

145 3684 198 3736 la
223 3683 408 3737 sancti
451 3684 736 3737 Benedicti
788 3686 901 3738 Deo
953 3689 1260 3754 sanctoque
1294 3684 1715 3737 Heimmeramo
1764 3684 1847 3736 fa-

145 3771 519 3825 mulantium.
562 3772 629 3825 Et
655 3777 719 3825 ut
748 3773 870 3826 haec
901 3778 1110 3826 nostra:
1139 3771 1594 3825 conﬁrmationis
1625 3776 1679 3824 et
1728 3770 1845 3823 lar-

142 3860 383 3931 gitionis
416 3860 720 3913 auctoritas
767 3860 984 3913 stabilis
1039 3866 1094 3914 et
1140 3860 1473 3914 inconvulsa
1505 3859 1661 3913 omni
1714 3875 1844 3929 per-

143 3952 381 4003 maneat
404 3964 543 4014 aevo,
575 3948 683 4002 hoc
709 3953 1058 4018 praeceptum
1104 3948 1237 4001 inde
1296 3948 1683 4017 conscriptum
1721 3963 1845 4016 pro-

142 4038 274 4108 pria
299 4052 479 4090 manu
504 4038 955 4103 corroborantes,
1016 4036 1190 4107 sigilli
1236 4037 1415 4090 nostri
1469 4036 1844 4106 impressione

136 4125 419 4196 jussimus
449 4124 733 4194 insigniri.

214 4216 443 4282 Signum
536 4214 720 4266 damni
793 4215 1015 4267 Henrici
1081 4215 1429 4268 invictissimi
1470 4214 1842 4267 Romanorum
1870 4219 1913 4271 D

140 4304 491 4372 imperatoris
512 4302 769 4369 Augusti.
800 4304 1265 4368 (Monogramma.)

214 4390 566 4445 Guntherius
599 4390 969 4444 cancellarius
1000 4392 1071 4444 ad
1102 4390 1285 4445 vicem
1343 4388 1692 4444 Erkenbaldi
1751 4404 1840 4443 ar-

140 4478 521 4549 chicapellani
550 4479 875 4548 recognovi.

217 4568 410 4621 Datav
442 4568 629 4621 Nonas
658 4567 812 4634 Julii,
856 4566 1167 4621 indictione
1200 4585 1280 4633 ιιι,
1324 4562 1477 4621 anno
1531 4564 1841 4620 Dominicas

143 4656 557 4711 incarnationis
592 4659 744 4724 1021,
770 4673 922 4710 anno
955 4672 1086 4709 vero
1127 4655 1335 4710 Domni
1362 4654 1589 4710 Henrici
1631 4670 1839 4709 secun-

144 4745 202 4799 di
231 4745 528 4816 regnantis
551 4762 641 4810 xx,
658 4745 992 4815 imperantis
1013 4762 1129 4798 VIII.

211 4836 420 4886 Actum
448 4832 695 4887 Coloniae
718 4833 974 4886 feliciter.
1007 4834 1189 4886 Amen

214 4922 473 4989 Sigillum
495 4922 768 4990 majestat.
800 4922 1075 4989 integrum
1107 4924 1305 4975 exstat.

935 5010 1081 5064 CXX.

143 5100 204 5154 S.
251 5098 515 5151 Henricus
566 5100 848 5165 conﬁrmat
896 5099 1220 5151 monasterio
1268 5096 1457 5149 Sancti
1514 5097 1843 5148 Emmerami

215 5168 565 5222 traditionem
614 5170 782 5223 curtis
812 5170 995 5223 Ruitae
1034 5168 1375 5239 (Vogtareut)
1422 5168 1630 5232 factam
1686 5181 1721 5219 a
1763 5181 1842 5219 co-

211 5241 341 5293 mite
376 5239 730 5294 War-mundo.

684 5330 870 5397 (Anno
896 5330 1046 5394 1021,
1079 5330 1108 5381 3
1129 5325 1310 5394 Julii.)

574 5415 743 5487 [Ried
788 5416 883 5470 ubi
924 5432 1113 5485 supra,
1165 5433 1227 5485 p.
1272 5412 1413 5484 136.]

213 5504 279 5558 In
310 5503 545 5558 nomine
567 5508 775 5559 sanctae
796 5508 854 5558 et
900 5503 1215 5558 individua:
1262 5499 1576 5567 Trinitatis,
1630 5497 1842 5553 HENRI-

1427 276 1817 334 DlPLOMATA
1854 232 2412 337 ECCLESlAS'l‘lCZA.

1901 398 1948 450 A
1973 414 2066 451 cus
2090 396 2283 451 divina
2310 398 2533 452 favente
2573 400 2877 454 clementia
2935 403 3098 457 Rom.
3161 404 3301 473 imp.
3348 406 3662 474 Augustus.

3563 294 3665 346 358

2044 485 2407 556 Imperialem
2433 487 2613 539 nostri
2641 488 2890 541 nominis
2908 491 3296 559 excellentiam
3322 494 3427 545 hoc
3458 495 3665 549 scimus

1973 574 2221 643 exigere,
2254 574 2371 627 imo
2404 575 2475 627 ad
2516 581 2729 628 statum
2776 578 2938 645 regni
2973 584 3027 631 et
3077 579 3141 631 ad
3190 581 3429 634 salutem
3455 583 3664 635 anima:

1970 666 2179 714 nostras
2235 662 2478 715 multum
2536 664 2833 732 proﬁcere,
2891 681 3149 735 quosque
3203 667 3381 719 divini
3453 670 3667 723 servitii

1972 754 2273 815 amatores,
2304 756 2366 802 ut
2393 750 2515 803 sine
2562 753 2796 820 querela
2843 752 2902 805 in
2956 753 3056 805 Dei
3108 754 3416 820 persistant
3475 756 3662 822 laude,

1968 836 2329 890 liberalitatis
2363 843 2568 891 nostrae
2599 841 2982 893 sustentaculo
3032 842 3376 908 confortare,
3422 844 3664 898 maxime

1970 930 2161 977 autem
2194 941 2287 977 eos
2312 941 2556 994 quorum
2587 927 2796 979 laboris
2829 927 3055 981 devotio
3090 929 3279 982 divino
3323 946 3444 999 prae
3494 938 3665 985 caete-

1969 1011 2046 1065 ris
2075 1011 2336 1082 invigilat
2367 1014 2663 1083 obsequio.
2686 1014 2931 1068 Proinde
2955 1017 3181 1068 noverit
3210 1018 3469 1071 omnium
3501 1020 3663 1073 Chri-

1971 1099 2042 1152 sti
2064 1100 2361 1169 nostrique
2389 1101 2647 1154 ﬁdelium
2669 1101 3010 1155 universitas
3045 1105 3291 1173 qualiter
3313 1122 3435 1171 nos,
3458 1106 3663 1161 divina:

1967 1188 2451 1241 remunerationis
2496 1205 2593 1259 spe
2624 1189 2865 1255 incitati,
2906 1190 3232 1245 interventu
3283 1193 3458 1247 etiam
3516 1195 3663 1249 dile—

1969 1279 2071 1327 ctae
2102 1276 2362 1345 conjugis
2393 1283 2603 1329 nostra:
2660 1278 3051 1347 Chunigundas
3109 1280 3485 1348 imperatricis
3542 1283 3658 1336 Au-

1970 1367 2152 1430 gustae
2240 1370 2296 1415 et
2355 1364 2662 1417 venerandi
2722 1365 2967 1417 llicholﬁ
3025 1366 3242 1419 abbatis
3305 1370 3658 1434 commoniti,

1969 1450 2193 1503 cuidam
2230 1451 2487 1504 Ecclesia:
2515 1452 2612 1505 Dei
2644 1452 2790 1505 infra
2831 1453 3117 1507 civitatem
3177 1454 3545 1525 Ratisponen.
3599 1458 3661 1510 in

1966 1537 2243 1592 honorem
2276 1539 2506 1608 pretiosi
2526 1540 2624 1593 Dei
2656 1541 2916 1611 martyris
2940 1542 3343 1594 Heimmerami
3398 1550 3655 1598 constru-

1968 1631 2095 1692 ctae,
2118 1626 2215 1680 ubi
2244 1627 2568 1681 venerabile
2602 1644 2805 1697 corpus
2846 1629 2967 1697 ejus
3011 1630 3299 1683 miraculis
3366 1631 3657 1685 declaran-

1971 1713 2123 1767 tibus
2189 1715 2544 1784 requiescere
2625 1716 3033 1785 comprobatur
3090 1717 3401 1786 quamdam
3473 1719 3657 1771 nostri

1961 1802 2108 1870 juris
2160 1808 2377 1856 curtem
2432 1804 2599 1857 lliute
2628 1804 2860 1869 dictam,
2901 1804 2962 1857 in
3008 1820 3154 1874 pago
3214 1806 3653 1876 Chymengowe,

1965 1889 2025 1943 in
2056 1891 2330 1944 comitatu
2382 1892 2626 1945 Pabonis
2678 1892 2903 1945 comitis
2957 1893 3145 1958 sitam,
3203 1910 3375 1963 quam
3423 1896 3657 1965 quidam

1966 1978 2177 2031 nobilis
2207 1980 2377 2032 homo
2412 1980 2791 2033 Warmundus
2812 1996 3001 2033 comes
3022 1981 3209 2034 eidem
3232 1982 3490 2036 coenobio
3520 1999 3653 2036 con-

1965 2066 2116 2130 tulit,
2151 2082 2279 2119 cum
2304 2066 2567 2119 omnibus
2602 2067 2978 2136 appendiciis,
3010 2067 3157 2121 villis
3189 2068 3419 2135 scilicet,
3484 2070 3650 2137 areis,

1966 2155 2135 2222 agris,
2169 2154 2364 2223 pratis,
2397 2155 2640 2223 pascuis,
2670 2155 2833 2225 aquis
2890 2172 3240 2226 aquarumve
3293 2157 3652 2226 decursibus,

1964 2242 2116 2295 vadis
2159 2243 2519 2305 molendinis,
2572 2243 3000 2312 piscationihus,
3061 2245 3305 2297 exitibus
3362 2250 3419 2298 et
3463 2246 3655 2299 rediti-

1961 2328 2088 2395 bus,
2142 2330 2244 2382 viis
2297 2337 2353 2384 et
2410 2331 2597 2396 inviis,
2652 2331 2879 2401 quaestis
2924 2336 2979 2384 et
3032 2332 3412 2402 inquirendis,
3473 2333 3650 2400 silvis,

1962 2418 2382 2487 venationibus,
2414 2419 2646 2472 familiis
2686 2421 2858 2473 etiam
2891 2420 3186 2489 utriusque
3240 2436 3426 2485 sexus,
3478 2426 3648 2475 cmte-

1961 2505 2173 2574 risque,
2208 2522 2335 2575 quae
2367 2506 2625 2576 quolibet
2676 2508 2843 2559 modo
2875 2507 2986 2560 dici
3017 2513 3115 2560 aut
3163 2508 3333 2560 scribi
3390 2514 3650 2577 possunt,

1963 2593 2303 2645 utilitatibus
2336 2594 2403 2646 ad
2428 2595 2688 2647 eamdem
2718 2595 3078 2664 curtemjure
3105 2600 3161 2647 et
3188 2596 3447 2661 legaliter
3468 2596 3651 2664 perti—

1960 2680 2247 2747 nentibus,
2280 2696 2382 2749 per
2411 2681 2555 2733 hanc
2585 2681 2943 2749 imperialem
2968 2682 3235 2750 paginam
3266 2682 3325 2734 in
3352 2683 3651 2751 proprium

1959 2767 2259 2837 largimur.
2295 2774 2350 2821 et
2372 2768 2646 2838 ejusdem,
2674 2770 3007 2821 Warmundi
3030 2769 3253 2821 comitis
3280 2769 3651 2823 traditionem

1960 2860 2238 2925 perpetuo
2265 2857 2395 2925 jure
2451 2857 2739 2925 Iirmdictm
2783 2856 3032 2909 ecclesias
3092 2858 3529 2922 conﬁrmamus;
3586 2874 3652 2910 ea

1883 2940 1923 2993 C
1962 2944 2223 2997 videlicet
2276 2945 2494 2997 ratione
2547 2950 2607 2997 ut
2678 2961 2783 2998 nec
2843 2946 3147 3015 episcopus
3197 2946 3449 3014 ejusdem
3524 2946 3651 3011 loci,

1956 3033 2230 3103 nullaque
2257 3032 2636 3086 ecclesiastica
2666 3034 2753 3086 vel
2779 3033 3085 3102 judiciaria
3122 3049 3368 3103 persona
3399 3034 3649 3103 aliquam

1956 3121 2161 3174 habeat
2212 3126 2574 3189 potestatem,
2635 3121 3121 3191 praenominatum
3180 3128 3397 3175 curtem
3431 3138 3653 3191 praeno-

1956 3209 2188 3262 minataa
2226 3209 2482 3263 Ecclesim
2543 3211 2767 3263 auferre
2815 3211 2900 3262 vel
2933 3210 3127 3263 usibus
3158 3211 3399 3263 fratrum
3438 3210 3651 3264 ibidem

1956 3298 2062 3349 sub
2088 3297 2423 3350 monachica
2452 3297 2817 3350 institutione
2853 3299 2965 3349 Deo
3004 3297 3373 3350 servientium
3440 3298 3650 3351 abalie-

1956 3401 2111 3451 nare,
2148 3387 2242 3437 sed
2286 3385 2595 3453 praedictus
2656 3384 2944 3437 Richolfus
3001 3384 3258 3451 ejusdem
3317 3386 3425 3438 loci
3481 3385 3651 3438 abbas

1956 3472 2159 3542 suique
2211 3489 2557 3525 successores
2578 3473 2817 3525 liberam
2877 3471 3082 3524 exinde
3114 3472 3365 3525 habeant
3391 3477 3646 3541 potesta-

1954 3565 2069 3614 tem
2108 3561 2377 3631 quicquid
2441 3562 2519 3613 eis
2579 3560 2856 3630 placuerit
2915 3560 3180 3625 faciendi,
3224 3561 3290 3613 ad
3338 3561 3647 3614 utilitatem

1955 3651 2351 3702 tantummodo
2383 3649 2620 3701 fratrum
2653 3648 2868 3702 ibidem
2920 3649 3020 3700 sub
3081 3649 3279 3718 regula
3322 3648 3501 3704 sancti
3545 3650 3647 3702 Be-

1956 3736 2163 3791 nedicti
2216 3738 2331 3791 Deo
2380 3742 2686 3807 sanctoque
2758 3738 3176 3791 Heimmeramo
3223 3737 3644 3804 famulantium,

1934 3825 2217 3878 omnium
2257 3826 2555 3879 hominum
2586 3826 3031 3879 contradictione
3063 3830 3298 3878 remota.
3326 3826 3389 3878 Et
3421 3831 3479 3879 ut
3525 3826 3649 3879 haec

1954 3918 2165 3966 nostra:
2200 3914 2517 3983 largitionis
2574 3918 2629 3965 et
2684 3913 3136 3965 conﬁrmationis
3183 3913 3491 3965 auctoritas
3528 3918 3644 3965 sta-

1953 4001 2083 4055 bilis
2114 4007 2171 4054 et
2202 4002 2526 4055 inconvulse
2560 4001 2714 4055 omni
2764 4008 3095 4071 permaneat
3142 4018 3282 4068 aevo,
3340 4001 3447 4054 hoc
3495 4017 3644 4069 pras-

1954 4094 2181 4159 ceptum
2204 4090 2337 4143 inde
2360 4089 2744 4159 conscriptum
2776 4106 2948 4142 manu
2987 4090 3220 4158 propria
3272 4088 3645 4141 corroboran-

1954 4183 2061 4244 tes,
2086 4178 2260 4247 sigilli
2285 4178 2459 4231 nostri
2490 4177 3160 4247 impressionejussimus
3193 4176 3475 4244 insigniri.

2021 4268 2247 4331 Signum
2286 4267 2471 4319 domni
2504 4268 2722 4319 Henrici
2780 4266 3125 4319 invictissimi
3174 4266 3324 4317 Item.
3358 4266 3491 4331 imp.
3535 4264 3647 4317 Au-

1950 4356 2099 4421 gusti
2133 4356 2600 4419 (Monogramma.)

2023 4442 2369 4495 Guntherius
2425 4440 2796 4495 cancellarius
2846 4440 2915 4494 ad
2957 4440 3132 4493 vicem
3167 4438 3509 4493 Erkenbaldi
3555 4455 3644 4492 ar-

1951 4529 2363 4600 chicappellani
2390 4529 2715 4599 recognovi.

2021 4618 2214 4669 Datav
2248 4610 2445 4670 Nonas
2477 4617 2633 4682 Julii,
2675 4616 2875 4687 indict.
2910 4633 2990 4680 ιιι,
3046 4630 3197 4668 anno
3238 4613 3653 4669 Dominicaain-

1950 4711 2161 4759 carnat.
2194 4708 2345 4769 1021,
2378 4721 2528 4759 anno
2566 4722 2694 4758 vero
2741 4706 2940 4759 domni
2980 4704 3209 4759 llenrici
3255 4721 3290 4757 ιι
3349 4700 3646 4773 regnantis

1948 4810 2041 4859 xx,
2077 4793 2414 4863 imperantis
2446 4810 2559 4861 Vllt,
2594 4798 2797 4847 Actum
2828 4794 3079 4847 Colonias
3128 4792 3386 4846 feliciter.
3432 4796 3634 4845 Amen.

2020 4881 2277 4948 Sigillum
2300 4883 2552 4936 nonnihil
2582 4884 2765 4936 laasum
2791 4887 2986 4935 exstat.

2711 4971 2882 5024 CXXI.

1949 5061 2005 5115 S.
2045 5060 2308 5113 Henricus
2362 5061 2643 5125 conﬁrmat
2698 5058 3024 5110 monasterio
3084 5057 3260 5110 sancti
3319 5058 3648 5110 Emmerami

2495 5147 2695 5198 curtem
2748 5146 3089 5198 Eiterhoven.

2467 5236 2650 5301 (Anno
2688 5234 2841 5299 1021,
2877 5234 2906 5285 3
2945 5231 3129 5299 Julii.)

2378 5320 2563 5393 [Ried,
2604 5321 2700 5374 ubi
2749 5335 2939 5388 supra,
2979 5336 3035 5388 p.
3078 5319 3217 5387 l37.]

2023 5411 2083 5463 In
2115 5410 2348 5464 nomine
2388 5415 2598 5463 sanctas
2645 5414 2703 5462 et
2726 5408 3037 5462 individua.
3075 5404 3388 5471 Trinitatis,
3450 5405 3646 5459 Hamu-

1953 5513 2077 5565 cus,
2105 5504 2237 5564 etc.,
2295 5503 2355 5552 ut
2391 5514 2539 5552 num.
2583 5512 2742 5565 prec.
2796 5524 2863 5535 —
2910 5494 3220 5565 quamdam
3276 5491 3456 5547 nostri
3497 5491 3645 5561 juris
