3944 6302
321 287 422 340 359

1620 276 1675 329 S.
1720 277 1760 330 Η
1772 277 1860 330 EN
1871 276 2007 330 RICI
2047 275 2117 328 IM
2130 271 2519 329 PERATORIS

3725 265 3828 318 360

316 413 558 472 curtem,
614 404 978 458 Eitterhoven
1009 401 1218 455 dictam
1274 400 1333 453 in
1364 414 1511 468 pago
1557 399 1896 468 Tunegowe,
1957 397 2013 450 in
2056 400 2101 450 Α
2131 395 2309 449 sancti
2361 389 2745 448 Hemmerami
2775 389 2930 444 ducit
2956 388 3025 442 ad
3074 386 3394 454 ecclesiam,
3417 402 3546 456 quae.
3574 385 3829 455 vulgari-

315 496 586 550 comitatu
633 491 924 547 Adalberti
980 488 1328 542 marcbionis
1377 488 1566 553 sitam,
1627 502 1800 555 quam
1872 501 2008 537 avus

317 588 510 637 noster
538 582 650 651 piae
680 577 1094 633 recordationis
1125 577 1234 630 dux
1283 575 1552 627 Henricus
1605 573 1790 626 eidem
1825 589 2010 626 coeno-

315 669 408 725 bio
431 674 600 722 antea
639 667 900 734 contulit,
949 681 1077 719 cum
1113 665 1380 718 omnibus
1427 661 1799 732 appendiciis,
1863 660 2010 737 villis

316 757 548 824 scilicet,
610 755 775 819 areis,
820 755 986 824 agris,
1047 752 1244 822 pratis,
1305 750 1548 820 pascuis,
1603 748 1784 818 aquis,
1834 765 2008 817 aqua-

316 859 512 898 rumve
545 843 898 905 decursibus,
942 839 1311 903 molendinis,
1371 836 1801 906 piscationibus,
1847 835 2007 888 exiti-

317 933 424 986 bus
455 935 510 983 et
539 929 836 992 reditibus,
873 927 1127 997 quaesitis
1159 931 1214 978 et
1242 924 1626 995 inquirendis,
1683 923 1857 987 silvis,
1913 939 2010 974 ve-

317 1017 668 1085 nationibus,
696 1015 928 1069 familiis
960 1015 1131 1067 etiam
1191 1012 1492 1082 utriusque
1515 1027 1700 1076 sexus,
1752 1009 2002 1063 caeteris-

319 1121 454 1176 que,
511 1120 638 1174 quae
687 1103 940 1173 quolibet
1000 1101 1172 1153 modo
1222 1100 1334 1153 dici
1379 1105 1479 1152 aut
1534 1098 1703 1150 scribi
1749 1103 2007 1166 possunt,

320 1191 659 1247 utilitatibus
699 1191 764 1243 ad
799 1189 1060 1242 eamdem
1091 1193 1311 1241 curtem
1337 1187 1468 1256 jure
1500 1192 1555 1239 et
1586 1187 1844 1256 legaliter
1888 1201 2009 1253 per-

318 1279 650 1341 tinentibus,
683 1294 783 1348 per
802 1278 944 1330 hanc
966 1276 1318 1345 imperialem
1341 1274 1612 1344 paginam
1636 1274 1692 1325 in
1712 1273 2010 1342 proprium

317 1367 612 1437 largimus,
647 1365 1006 1418 concedimus
1043 1369 1097 1417 et
1119 1362 1530 1433 perpetualiter
1573 1361 2010 1425 conﬁrmamus;

320 1471 385 1508 ea
415 1454 677 1507 videlicet
707 1454 923 1506 ratione
968 1457 1031 1504 ut
1086 1467 1189 1504 nec
1223 1452 1526 1519 Episcopus
1578 1449 1831 1517 ejusdem
1865 1447 1994 1510 loci,

319 1542 592 1612 nullaque
656 1540 898 1594 Ecclesia
948 1540 1038 1592 vel
1095 1537 1398 1608 judiciaria
1452 1552 1694 1607 persona
1756 1536 2011 1604 aliquam

319 1628 528 1682 habeat
561 1631 920 1697 potestatem,
963 1625 1439 1696 praenominatam
1470 1630 1689 1676 cortem
1751 1622 2009 1676 Ecclesiae

318 1716 572 1788 praefata:
605 1715 850 1781 auferre,
884 1714 972 1766 vel
1007 1713 1200 1766 usibus
1229 1712 1469 1766 fratrum
1511 1711 1722 1764 ibidem
1752 1711 1854 1763 sub
1894 1726 2011 1762 mo-

318 1803 556 1857 nachica
584 1801 938 1855 institutione
971 1802 1085 1853 Deo
1122 1798 1489 1852 servientium
1539 1797 1860 1850 abalienare
1918 1797 2010 1849 sed

321 1891 629 1961 praedictus
661 1889 952 1943 Richolfus
976 1887 1233 1957 ejusdem
1269 1886 1375 1939 loci
1431 1885 1604 1938 abbas
1655 1885 1857 1954 suique
1896 1901 2013 1937 suc-

322 1995 571 2032 cessores
600 1978 836 2031 liberam
892 1975 1093 2030 exinde
1153 1975 1402 2028 habeant
1447 1977 1786 2043 potestatem
1846 1973 2012 2042 quid-

322 2065 458 2136 quid
479 2066 558 2118 eis
591 2064 867 2135 placuerit
897 2063 1160 2130 faciendi,
1189 2063 1257 2116 ad
1283 2061 1589 2116 utilitatem
1610 2060 2012 2114 tantummodo

321 2153 563 2207 fratrum
616 2153 830 2206 ibidem
889 2152 992 2205 sub
1066 2151 1263 2219 regula
1326 2149 1503 2203 sancti
1552 2148 1835 2201 Benedicti
1900 2149 2014 2200 Deo

323 2245 633 2310 sanctoque
659 2241 1084 2295 Heimmeramo
1107 2237 1532 2301 famulantium,
1557 2237 1814 2289 omnium
1835 2235 2017 2288 homi-

319 2344 457 2382 num
490 2328 934 2382 contradictione
958 2332 1198 2380 remota.
1236 2327 1300 2378 Et
1330 2331 1395 2378 ut
1427 2325 1547 2378 haec
1589 2329 1801 2377 nostrae
1840 2323 2013 2391 largi-

320 2417 512 2480 tionis,
598 2415 976 2468 concessionis
1050 2419 1107 2468 et
1199 2413 1650 2467 conﬁrmationis
1703 2411 2011 2464 auctoritas

323 2503 540 2557 stabilis
597 2508 653 2556 et
704 2503 1036 2556 inconvulsa
1113 2502 1269 2555 omni
1324 2505 1658 2571 permaneat
1709 2516 1850 2566 aevo,
1909 2500 2014 2551 hoc

319 2596 668 2660 prteceptum
718 2590 849 2643 inde
903 2590 1287 2659 conscriptum
1343 2588 1577 2659 propria
1623 2605 1797 2641 manu
1829 2603 2016 2640 corro-

317 2679 584 2732 borantes
627 2677 800 2747 sigilli
876 2677 1058 2731 nostri
1107 2677 1484 2748 impressione
1529 2677 1809 2746 jussimus
1870 2675 2012 2727 insi-

322 2766 495 2836 gniri.

389 2855 616 2920 Signum
698 2853 882 2907 damni
950 2855 1173 2907 Henrici
1226 2855 1576 2906 invictissimi
1650 2854 2013 2906 Romanorum

321 2943 454 3008 imp.
490 2943 746 3006 Augusti.
783 2941 1253 3010 (Moncgramma.)

389 3028 734 3081 Guntherius
758 3029 1130 3081 cancellarius
1156 3029 1226 3081 ad
1272 3027 1454 3080 vicem
1500 3026 1848 3081 Erkenbaldi
1902 3029 2010 3079 Ar-

322 3115 691 3185 chicapellani
723 3115 1048 3183 recognovi.

395 3205 532 3256 Data
575 3221 601 3255 v
629 3205 816 3258 Nonas
844 3204 1001 3269 Julii,
1026 3203 1222 3257 indict.
1255 3219 1335 3268 ιιι,
1379 3219 1527 3256 anno
1567 3202 1874 3256 Dominicae
1923 3201 2012 3255 in-

317 3291 661 3344 carnationis
723 3294 878 3358 1021,
936 3308 1083 3345 anno
1145 3307 1276 3344 vero
1309 3291 1504 3345 domni
1556 3291 1781 3344 Henrici
1831 3292 1876 3343 Il
1921 3307 2013 3343 re-

316 3379 546 3447 gnantis
576 3395 667 3444 xx,
723 3379 1057 3448 imperantis
1106 3382 1300 3431 autem
1359 3395 1474 3432 vui.
1508 3381 1710 3432 Actum
1760 3377 2008 3432 Coloniae

315 3466 574 3520 feliciter.
627 3472 825 3521 Amen.

387 3557 644 3621 Sigillum
670 3557 884 3624 majest.
921 3559 1190 3622 integrum
1221 3560 1418 3610 exstat.

1065 3662 1265 3715 CXXII.

321 3748 376 3803 S.
426 3749 694 3802 Henricus
752 3747 918 3802 donat
969 3751 1292 3802 monasterio
1349 3751 1619 3816 superiori
1654 3749 1792 3802 duas
1839 3753 2012 3801 terras

390 3818 644 3887 (plaetze)
666 3823 810 3872 intra
844 3825 894 3871 et
941 3825 1099 3871 eastra
1129 3822 1324 3872 mantia
1372 3823 1613 3873 civitatis
1647 3819 2008 3873 Ratisbonen-

386 3891 462 3943 sis
492 3904 676 3944 versus
702 3891 1002 3943 meridiem.

812 3981 997 4045 (Anno
1032 3980 1186 4044 1021,
1225 3981 1306 4032 12.
1351 3977 1512 4045 Nov.)

746 4063 934 4134 [Ried,
965 4067 1060 4119 ubi
1105 4081 1294 4134 supra,
1339 4082 1398 4136 p.
1434 4063 1582 4134 138.]

386 4172 448 4225 In
481 4171 717 4225 nomine
758 4176 965 4226 sanctae
998 4181 1053 4226 et
1085 4173 1399 4227 individuae
1455 4169 1766 4236 Trinitatis,
1803 4170 2006 4226 Hamu-

319 4273 434 4325 cus,
463 4259 852 4312 Romanorum
879 4260 1190 4330 imperator
1221 4264 1526 4330 Augustus.

385 4346 443 4399 Si
475 4347 809 4401 Christianas
842 4349 1138 4418 religionis
1167 4355 1224 4402 et
1251 4348 1524 4417 angelicas
1563 4347 2008 4401 conversationis

319 4437 603 4486 amatores
632 4442 840 4488 nostra:
869 4436 1224 4490 liberalitatis
1252 4434 1551 4500 beneﬁcio,
1597 4451 1712 4504 quo
1755 4437 2010 4490 securius

319 4522 434 4574 Deo
468 4523 678 4576 servire
708 4523 946 4592 possint,
990 4523 1271 4579 consolari
1302 4523 1708 4588 studuerimus,
1748 4530 1804 4578 et
1851 4530 2010 4578 aeter-

223 4611 234 4618 ’
313 4624 519 4661 norum
538 4611 907 4679 pragmiorum
924 4629 1036 4664 una
1057 4627 1185 4664 cum
1202 4611 1310 4662 illis
1326 4628 1427 4664 nos
1443 4611 1744 4682 participes
1761 4613 1884 4665 ﬁeri
1911 4630 2009 4682 spe

313 4699 470 4748 certa
503 4697 866 4763 conﬁdimus,
891 4697 1139 4766 proinde
1172 4698 1438 4751 omnibus
1468 4698 1674 4751 Christi
1713 4700 2009 4769 nostrique

313 4781 579 4836 ﬁdelibus
601 4783 914 4838 innotescat
926 4786 1171 4854 qualiter
1187 4801 1312 4852 nos,
1336 4801 1437 4854 per
1457 4784 1843 4839 interventum
1867 4789 2012 4840 Hen-

312 4869 418 4923 rici
447 4871 604 4924 ducis
637 4873 898 4926 Bawariae
925 4872 1152 4925 cuidam
1185 4873 1437 4926 ecclesiae
1466 4873 1525 4926 in
1559 4875 1840 4927 honorem
1887 4891 2010 4927 san-

311 4963 414 5013 cta:
447 4960 545 5013 Dei
567 4961 864 5028 genitricis
888 4976 1229 5030 semperque
1265 4961 1502 5031 virginis
1526 4962 1711 5015 Mariae
1733 4962 1881 5015 infra
1909 4964 2014 5016 Ra-

314 5047 704 5117 tisponensem
741 5048 1028 5102 civitatem
1072 5053 1431 5111 constructa},
1493 5065 1621 5119 qua:
1669 5051 1838 5118 vulgo
1897 5050 2006 5103 Ub-

315 5142 716 5190 reumuusturc
798 5135 1034 5201 dicitur,
1127 5135 1226 5189 ubi
1307 5136 1645 5191 venerabilis
1724 5136 2010 5190 abbatissa

309 5223 618 5294 Wichpurg
701 5223 1022 5293 virginibus
1093 5223 1198 5276 sub
1245 5225 1444 5293 regula
1511 5225 1842 5278 monachica
1895 5226 2007 5278 Deo

311 5312 689 5365 servientibus
719 5328 964 5381 praeesse
997 5311 1240 5377 videtur,
1297 5311 1608 5381 quamdam
1665 5312 1814 5366 intra
1862 5329 2008 5382 prae-

313 5396 525 5450 dictum
559 5399 969 5452 monasterium
999 5405 1230 5464 terram,
1268 5400 1606 5453 conﬁnalem
1660 5402 1803 5454 atrio
1862 5403 2005 5471 ejus,

311 5487 369 5538 et
398 5483 547 5539 infra
567 5486 856 5556 publicam
886 5487 1135 5556 plateam
1182 5489 1490 5558 jacentem,
1535 5504 1663 5559 qua:
1721 5489 1789 5543 de
1842 5495 2010 5560 porta

2121 489 2205 536 ter
2234 481 2607 536 Abachiricha
2661 478 2887 543 dicitur,
2939 477 3088 530 intra
3118 476 3407 529 civitatem
3458 475 3518 527 in
3569 474 3830 544 longitu-

2120 572 2253 625 dine
2279 569 2586 624 habentem
2618 565 2864 636 porticas
2896 581 2988 630 xx,
3051 569 3106 616 et
3164 563 3223 615 in
3267 562 3596 628 latitudine,
3653 562 3829 614 aliam

2119 675 2271 725 vero,
2305 658 2452 711 foras
2484 671 2714 708 murum
2739 653 2999 724 proxime
3023 651 3402 720 adjacentem,
3437 649 3509 702 in
3568 649 3829 719 longitu-

2121 747 2253 800 dine
2283 744 2546 798 similiter
2575 743 2878 796 habentem
2911 740 3154 811 perticas
3185 755 3277 804 xx,
3311 743 3366 792 et
3402 738 3461 791 in
3518 737 3830 792 latitudine

2121 852 2235 900 vui,
2259 833 2318 886 in
2350 832 2626 886 comitatu
2658 829 2973 898 Ruodperti
3011 827 3258 889 comitis,
3292 842 3393 897 per
3430 827 3574 879 hanc
3635 826 3830 894 impe—

2119 923 2318 976 rialem
2368 921 2639 990 paginam
2673 933 2804 971 cum
2860 916 3018 970 omni
3071 915 3361 984 legalitate
3405 913 3464 967 in
3515 913 3828 984 proprium

2119 1011 2395 1079 largimus
2431 1013 2600 1078 atque
2643 1005 3036 1070 concedimus;
3095 1021 3161 1057 ea
3219 1003 3433 1056 scilicet
3481 1002 3712 1055 ratione
3766 1008 3831 1054 ut

2118 1098 2394 1168 praedicta
2425 1095 2709 1150 abbatissa
2739 1101 2794 1146 et.
2821 1108 3020 1146 omnes
3051 1108 3178 1162 quas
3230 1090 3339 1144 sibi
3373 1090 3431 1142 in
3459 1091 3582 1143 loco
3617 1089 3828 1142 eodem

2123 1185 2322 1238 ordine
2344 1189 2400 1238 et
2439 1183 2715 1252 dignitate
2775 1180 3109 1248 succedunt,
3158 1179 3398 1232 liberam
3459 1177 3664 1231 exinde
3718 1177 3828 1230 ha-

2122 1275 2293 1327 beant
2321 1276 2660 1342 potestatem
2710 1269 2987 1340 quidquid
3045 1269 3124 1321 eis
3179 1266 3407 1320 libuerit
3453 1265 3702 1320 faciendi
3759 1267 3832 1319 ad

2124 1361 2425 1413 utilitatem
2457 1357 2863 1428 praenominati
2894 1354 3228 1410 monasterii
3280 1370 3344 1406 ac
3383 1371 3645 1407 sororum
3710 1353 3827 1405 ibi-

2122 1449 2250 1501 dem
2282 1446 2593 1501 monastice
2645 1445 3126 1498 conversantium.
3185 1443 3272 1510 Et,
3343 1447 3407 1494 ut
3455 1441 3576 1494 haec
3609 1448 3832 1494 nostras

2122 1533 2475 1588 auctoritatis
2505 1534 2700 1586 charta
2720 1531 2939 1584 stabilis
2968 1537 3025 1584 et
3079 1529 3410 1583 inconvulsa
3466 1529 3626 1581 omni
3686 1545 3829 1598 per-

2122 1626 2347 1675 maneat
2376 1638 2516 1685 aevo,
2541 1621 2648 1674 hoc
2681 1625 3028 1690 praeceptum
3077 1617 3210 1672 inde
3249 1615 3637 1686 conscriptum
3688 1631 3831 1685 pro-

2121 1711 2245 1781 pria
2284 1725 2459 1763 manu
2486 1708 2913 1773 conﬁrmantes,
2953 1705 3126 1776 sigilli
3179 1705 3360 1758 nostri
3415 1703 3831 1774 impresssione

2113 1797 2390 1869 jussimus
2421 1797 2702 1866 insigniri.

2193 1888 2425 1951 Signum
2484 1886 2670 1938 damni
2721 1884 2940 1937 Henrici
2986 1883 3336 1936 invictissimi
3387 1884 3830 1937 Romananorum

2125 1959 2250 2025 imp.
2273 1958 2417 2022 Aug.
2446 1953 2923 2024 (Monogramma.)
3441 2004 3462 2024 .

2195 2044 2543 2098 Guntherins
2587 2042 2957 2096 cancellarius
2988 2041 3060 2094 ad
3101 2039 3282 2094 vicem
3323 2039 3591 2092 Aribonis
3637 2037 3826 2092 archi-

2123 2132 2401 2203 capellani
2432 2131 2749 2200 recognovi.

2199 2222 2334 2274 Data
2375 2237 2410 2272 ιι
2444 2219 2572 2272 ldus
2614 2217 2947 2272 Novembris
3000 2231 3150 2269 anno
3207 2214 3514 2268 Dominicaa
3567 2213 3835 2268 incarna-

2125 2308 2294 2362 tionis
2330 2310 2484 2372 1021,
2537 2322 2688 2360 anno
2726 2321 2859 2358 vero
2921 2304 3126 2357 Domni
3175 2303 3402 2358 Heurici
3454 2303 3835 2372 imperatoris

2123 2395 2416 2466 regnantis
2447 2411 2578 2461 xxu,
2606 2394 2836 2462 imperii
2869 2398 3062 2447 autem
3095 2409 3208 2445 vin.

2203 2490 2408 2538 Actum
2439 2489 2709 2550 Augustin
2740 2482 2997 2536 feliciter.
3028 2485 3236 2535 Amen.

2195 2573 2456 2641 Sigillum
2479 2572 2756 2640 mujcslat.
2787 2571 2966 2624 media
2995 2575 3150 2637 parte
3172 2574 3250 2623 est
3277 2569 3641 2639 deperditum.

2123 2732 2179 2787 S.
2232 2733 2453 2785 IIenrici
2498 2730 2744 2798 diploma
3177 2729 3375 2782 Amata
3431 2730 3478 2782 η
3543 2730 3833 2796 archiepi-

2191 2817 2376 2870 scoopo
2429 2800 2803 2866 Salernitano,
2854 2815 2956 2869 per
2994 2799 3139 2868 quod
3190 2802 3240 2852 ei
3298 2800 3585 2869 conﬁrmat
3641 2803 3838 2853 omnia

2186 2874 2338 2942 jura.

2761 2943 2944 3008 (Anno
2997 2939 3176 3009 1022.)

2449 3027 2764 3102 [Maratori,
2817 3031 3010 3097 Antiq.
3046 3029 3196 3091 Ital.,
3239 3029 3282 3092 Ι,
3319 3028 3462 3097 193.]

2198 3119 2260 3171 In
2287 3117 2520 3171 nomine
2569 3122 2778 3171 sanctae
2833 3122 2889 3170 et
2936 3117 3248 3170 individuus
3307 3116 3626 3185 Trinitatis,
3679 3119 3833 3172 HEN-

2124 3222 2296 3272 mcus,
2326 3206 2518 3260 divina
2544 3205 2767 3259 favente
2811 3203 3135 3271 clementia,
3191 3203 3584 3258 Romanorum
3627 3203 3834 3275 impe-

2125 3299 2280 3348 rator
2311 3298 2616 3362 Augustus.

2195 3383 2250 3436 Si
2324 3383 2493 3452 justis
2565 3383 2795 3452 Dcoque
2878 3379 3085 3435 divinis
3175 3380 3312 3434 locis
3410 3396 3529 3433 non
3631 3381 3831 3434 solum

2125 3487 2369 3540 praeesse
2445 3471 2540 3524 sed
2607 3470 2778 3524 etiam
2856 3470 3130 3539 prodesse
3191 3467 3599 3535 studuerimus,
3664 3485 3831 3538 pra:-

2123 3561 2300 3612 sentis
2369 3559 2498 3612 vita:
2557 3558 2894 3628 suffragium
2953 3562 3009 3610 et
3065 3562 3294 3610 aeternas
3353 3557 3673 3610 remedium
3731 3558 3830 3610 in-

2123 3645 2319 3698 venire
2373 3661 2492 3716 non
2541 3645 2883 3709 titubamus;
2934 3648 2989 3696 et
3018 3644 3064 3696 si
3094 3644 3155 3696 in
3206 3644 3515 3712 pristinum
3573 3645 3827 3714 gradum

2122 3733 2342 3803 erigere
2375 3749 2670 3798 conamur,
2707 3734 2889 3784 nostri
2943 3731 3173 3801 imperii
3219 3733 3448 3785 culmen
3503 3732 3824 3788 sublimare

2122 3822 2320 3890 procul
2371 3821 2543 3874 dubio
2598 3819 2901 3873 credimus.
2945 3818 3304 3888 Quapropter
3357 3816 3620 3870 omnium
3682 3815 3824 3868 lide-

2124 3910 2259 3962 lium
2294 3925 2464 3962 sacrae
2507 3908 2605 3961 Dei
2640 3907 2917 3972 Ecclesiae,
2948 3911 3408 3976 nostrorumque,
3438 3904 3819 3974 prmsentium

2123 4014 2186 4050 ac
2256 3997 2602 4062 futurorum,
2651 3994 3100 4064 comprehendat
3151 3993 3490 4046 universitas
3544 3992 3820 4062 qualiter,

2122 4084 2444 4137 interventu
2484 4101 2547 4136 ac
2577 4083 2851 4152 petitione
2885 4081 3218 4136 Theoderici
3251 4080 3429 4134 nostri
3461 4079 3650 4134 dilecti
3682 4095 3821 4131 can—

2121 4172 2358 4236 cellarii,
2388 4188 2490 4242 per
2520 4173 2667 4225 hanc
2696 4170 2871 4224 nostri
2928 4171 3199 4240 praecepti
3249 4174 3592 4239 praesentem
3645 4167 3822 4237 pagi-

2120 4277 2272 4326 nam,
2333 4263 2501 4331 prout
2564 4260 2717 4329 juste
2773 4265 2827 4313 et
2889 4257 3150 4328 legaliter
3206 4273 3526 4328 possumus,
3605 4261 3820 4309 sanctae

2120 4350 2270 4403 sedis
2311 4348 2645 4402 ecclesiaaiu
2688 4347 2839 4402 beati
2871 4347 3115 4417 apostoli
3143 4345 3545 4409 ManttlimLsitaa
3597 4345 3821 4397 honore

2120 4437 2500 4506 ubiquotidie
2529 4452 2768 4490 summm
2823 4434 3081 4489 Trinitati
3136 4435 3342 4488 debitae
3369 4437 3653 4486 canuntur
3690 4434 3817 4485 lau-

2117 4525 2234 4591 des,
2267 4531 2436 4594 atque
2467 4524 2876 4578 inviolabiliter
2907 4529 2962 4576 et
3013 4522 3426 4593 perpetualiter
3455 4525 3660 4574 Amato
3727 4521 3819 4590 ip-

2115 4614 2231 4666 sius
2304 4614 2556 4683 praefatae
2635 4611 2897 4666 Ecclesiae
2967 4610 3419 4680 archiepiscopo,
3499 4614 3818 4680 nostroque

2114 4701 2284 4764 ﬁdeli,
2321 4701 2390 4755 de
2445 4717 2593 4754 novo
2642 4700 3006 4753 concedimus
3057 4704 3112 4752 et
3170 4699 3579 4752 conﬁrmamus
3612 4713 3818 4750 omnes

2118 4805 2208 4842 res
2242 4793 2301 4842 et
2366 4788 2748 4858 proprietates
2798 4786 2866 4840 ab
2913 4785 3162 4856 antiquis
3223 4785 3578 4856 principibus
3634 4785 3821 4854 ipsius

2116 4875 2356 4928 civitatis
2412 4875 2703 4944 praedictas
2772 4873 2906 4927 huic
2966 4889 3260 4950 concessas
3291 4872 3556 4931 ecclesias,
3596 4888 3693 4924 seu
3752 4890 3820 4926 ea

2116 4979 2245 5034 quae
2275 4963 2521 5017 Gisulfus
2570 4962 2843 5032 Princeps
2901 4977 3029 5015 cum
3086 4977 3257 5014 uxore
3313 4977 3415 5014 sua
3462 4961 3699 5015 Gemma
3737 4960 3820 5013 ibi

2119 5051 2326 5104 obtulit
2355 5067 2459 5120 pro
2491 5067 2724 5104 suarum
2758 5049 3016 5104 remedio
3053 5049 3403 5116 animarum,
3441 5053 3556 5102 tam
3593 5065 3660 5101 ea
3689 5065 3817 5118 quae

2118 5139 2268 5192 intra
2297 5139 2557 5193 eamdem
2591 5138 2873 5192 civitatem
2924 5137 3135 5191 habere
3185 5137 3451 5190 videntur
3507 5153 3680 5207 quam
3730 5153 3819 5189 ex-

2114 5233 2222 5294 tra,
2252 5244 2381 5280 cum
2431 5227 2598 5281 terris
2664 5227 2776 5280 illis
2812 5244 2939 5296 quae
2981 5228 3129 5279 ultra
3180 5225 3418 5279 lluvium
3470 5225 3815 5279 Tuscianum

2117 5316 2370 5385 praefata:
2398 5315 2647 5368 ecclesiae
2679 5316 2968 5384 pertinere
3015 5313 3286 5367 videntur
3345 5329 3526 5383 usque
3586 5313 3654 5366 ad
3705 5315 3813 5367 llu-

2117 5403 2270 5456 vium
2303 5403 2402 5472 qui
2429 5402 2635 5456 dicitur
2667 5403 2834 5468 Siler,
2882 5419 2983 5455 seu
3029 5401 3090 5454 in
3129 5400 3408 5454 comitatu
3455 5401 3701 5470 Capuaci
3763 5406 3817 5453 et

2121 5489 2404 5545 Dulicaria
2463 5489 2604 5544 etin
2631 5489 2852 5545 caeteris
2884 5489 3022 5544 locis
3045 5489 3170 5560 jam
3191 5488 3360 5543 dictas
3399 5488 3651 5542 ecclesiae
3683 5504 3813 5559 per-
