3944 6344
143 285 230 335 361
1392 282 1787 339 DIPLOMATA
1827 284 2375 340 ECCLESIASTICA.

3540 294 3643 345 362

142 403 476 471 tinentibus,
511 419 638 474 qua:
681 402 793 457 dici
845 404 932 457 vel
961 403 1251 458 nominari
1290 409 1549 475 possunt.
1593 408 1831 476 Insuper
1869 411 1914 462 A
1943 405 2218 476 episcopii
2260 407 2608 477 regentibus.
2642 408 2802 471 Quod
2845 414 2910 462 ut
2939 410 3126 463 verius
3172 412 3451 479 credatur,
3504 412 3640 466 dili-

140 491 312 544 etiam
378 491 745 545 concedimus
811 496 1059 546 castrum
1126 493 1325 547 Libani
1386 511 1515 548 cum
1564 497 1830 549 omnibus

140 580 527 649 adjacentibus
585 580 713 645 sibi,
774 581 1264 651 quemadmodum
1318 582 1461 637 illud
1512 583 1831 653 antiquitus

139 668 259 739 ipsa
286 668 525 722 ecclesia
561 668 747 722 tenuit
778 674 835 722 et
879 669 1173 723 dominata
1205 674 1287 723 est
1330 687 1435 741 per
1461 677 1747 742 praecepta
1778 676 1833 725 et

138 774 506 827 quascunque
560 756 915 827 scriptiones,
976 763 1225 812 castrum
1283 758 1549 813 videlicet
1608 759 1828 822 Libani,

137 846 284 916 quod
330 863 361 899 a
392 845 717 899 Grimoaldo
761 850 817 899 et
842 845 1045 900 Alfano
1080 846 1370 917 germanis
1398 848 1608 917 injuste
1666 848 1828 902 inva-

136 950 260 987 sum
302 938 405 986 est.
454 933 826 987 Concedimus
877 933 1126 1003 denique
1175 940 1231 988 et
1282 937 1690 990 conﬁrmamus
1739 937 1828 990 ei-

136 1022 269 1077 dem
318 1022 567 1076 ecclesia:
612 1037 812 1075 omnes
874 1026 1231 1076 mortuorum
1282 1039 1370 1077 res
1422 1041 1551 1094 quae
1597 1025 1653 1078 in
1704 1026 1829 1095 ipso

137 1111 424 1181 episcopio
455 1112 539 1164 vel
590 1110 649 1163 in
690 1111 857 1165 rebus
887 1111 1003 1164 suis
1046 1115 1178 1165 sunt
1223 1116 1322 1166 aut
1361 1119 1531 1166 erunt
1567 1114 1637 1167 ad
1669 1114 1830 1167 futu-

135 1216 287 1265 rum,
323 1215 636 1269 omnesque
670 1215 756 1253 res
789 1199 1030 1253 mobiles
1078 1199 1193 1253 sive
1226 1201 1555 1255 immobiles
1602 1218 1730 1271 quas
1761 1201 1830 1255 ab

137 1287 455 1357 antiquitus
508 1287 685 1339 Deum
734 1286 1071 1341 timentibus
1122 1288 1456 1343 hominibus
1519 1289 1728 1343 oblatae
1751 1288 1831 1343 ibi

137 1380 289 1443 sunt,
344 1392 409 1428 ac
448 1390 647 1428 omnes
686 1376 1077 1430 concessiones
1117 1377 1375 1446 ejusdem
1415 1383 1620 1431 sanctae
1652 1379 1829 1431 eccle-

134 1465 233 1518 siae
272 1480 570 1517 concessas
618 1480 649 1516 a
689 1462 1046 1537 principibus
1077 1469 1134 1518 et
1172 1465 1410 1519 ducibus
1441 1482 1540 1519 seu
1578 1466 1828 1536 regibus.

134 1553 388 1608 Censiles
442 1568 690 1623 namque
738 1568 941 1607 omnes
991 1554 1247 1623 ejusdem
1289 1555 1566 1623 Ecclesiae,
1606 1560 1665 1609 ut
1701 1571 1831 1625 pars

130 1641 359 1711 praefati
386 1641 658 1711 episcopii
688 1641 1033 1707 dominetur,
1080 1642 1367 1711 jubemus,
1415 1644 1568 1696 nullo
1606 1650 1830 1697 contra-
1871 1682 1913 1738 Β

132 1730 381 1797 dicente,
458 1729 604 1783 sicut
658 1729 977 1800 antiquitus
1034 1730 1262 1785 fecerat.
1326 1733 1528 1785 Nostra
1580 1748 1832 1803 namque

132 1817 424 1887 imperiali
467 1817 799 1871 auctoritate
838 1818 891 1871 ei
932 1818 1301 1872 concedimus
1346 1820 1829 1885 conﬁrmationes,

132 1911 199 1961 ut
226 1923 362 1977 pars
414 1906 671 1975 ejusdem
717 1905 970 1976 episcopi
1017 1906 1221 1961 habeat
1266 1912 1604 1978 potestatem
1649 1909 1719 1963 ad
1750 1925 1834 1961 ec~

134 1995 289 2051 lesiaa
353 1995 611 2064 ejusdem
653 1995 748 2064 jus
800 1994 1065 2049 ordinare
1116 1995 1265 2049 infra
1316 1996 1579 2051 eamdem
1630 1997 1833 2050 civita-

133 2088 248 2137 tem
297 2082 556 2152 quinque
599 2081 1015 2148 macellatores,
1061 2082 1162 2137 ubi
1204 2084 1471 2149 voluerit,
1526 2085 1594 2138 ad
1635 2100 1833 2138 carnes

134 2172 481 2226 vendendas.
537 2171 863 2225 Statuentes
906 2170 1186 2242 siquidem
1235 2172 1321 2225 illi
1373 2174 1735 2227 concedimus
1779 2177 1835 2228 et

135 2261 548 2315 confirmamus
594 2276 790 2313 omnes
830 2260 955 2314 illas
994 2276 1082 2313 res
1114 2276 1242 2331 quae
1289 2261 1357 2314 ab
1409 2262 1664 2331 ejusdem
1706 2262 1835 2332 epi-

136 2350 291 2419 scopi
317 2351 450 2419 jure
479 2348 601 2402 sine
633 2349 855 2402 ratione
886 2353 942 2402 et
956 2348 1199 2418 justitia,
1234 2354 1361 2418 post
1382 2350 1600 2403 obitum
1628 2355 1835 2405 sanctae

131 2437 548 2492 recordationis
600 2436 769 2505 Petri,
844 2437 1101 2506 ejusdem
1176 2437 1426 2490 ecclesiae
1495 2436 1836 2491 venerabilis

132 2526 392 2597 episcopi
443 2526 645 2579 ablatae
700 2529 833 2579 sunt
880 2541 983 2595 per
1009 2527 1285 2579 Joannem
1339 2527 1691 2596 episcopum,
1736 2525 1834 2595 qui

130 2614 463 2669 inordinate
516 2614 772 2667 eamdem
824 2614 1009 2667 tenuit
1056 2614 1268 2667 sedem.
1322 2615 1389 2667 Ut
1438 2614 1482 2667 si
1535 2631 1648 2683 qua
1702 2619 1833 2666 ante

131 2703 371 2774 scriptio
404 2718 507 2771 per
556 2718 759 2755 manus
807 2702 1063 2772 ejusdem
1114 2701 1348 2755 Joannis
1396 2702 1559 2769 facta,
1606 2707 1834 2756 ostensa

130 2792 328 2857 fuerit,
372 2790 754 2861 dijudicamus
779 2806 904 2844 eam
936 2807 1038 2860 pro
1078 2806 1316 2843 munere
1348 2791 1568 2844 irritam
1614 2796 1670 2845 et
1708 2790 1832 2844 ina-

131 2898 287 2945 nem,
330 2896 400 2933 eo
451 2879 600 2949 quod
649 2883 847 2932 contra
874 2877 1204 2932 canonicam
1236 2879 1631 2932 auctoritatem
1672 2896 1832 2932 suam

1940 500 2254 565 genterque
2317 497 2386 549 ab
2455 497 2721 550 omnibus
2775 498 3126 563 observetur,
3177 516 3350 552 manu
3403 501 3640 571 propria

1942 584 2277 637 roborantes
2334 585 2483 638 hanc
2543 586 2817 655 paginam
2888 592 3083 639 nostro
3135 587 3320 656 sigillo
3376 587 3641 657 insigniri

1934 670 2237 740 jussimus.

2009 760 2235 827 Signum
2264 745 2270 750 ’
2299 761 2483 814 domm‘

1939 848 2205 915 Augusti.
2468 901 2480 912 ,

2009 936 2394 991 Theodoricus
2441 937 2812 991 cancellarius
2866 937 2987 992 vice
3046 940 3318 994 Eberardi
3386 941 3637 1011 episcopi

1938 1028 1994 1078 et
2018 1024 2516 1078 archicancellarii.
2553 1067 2567 1079 .
2604 1066 2615 1077 .
2655 1065 2666 1076 .
2702 1070 2713 1081 .
2753 1067 2765 1079 .
2804 1066 2815 1077 .

2010 1116 2151 1167 Data
2202 1114 2387 1184 pridie
2457 1116 2739 1168 Kalendas
2792 1116 2966 1177 Junii,
3022 1132 3173 1169 anno
3230 1117 3636 1171 incarnationis

2578 763 2799 815 Henrici
2880 764 3215 816 ειη·θηίεείΜί
3287 766 3636 832 imperatoris

1939 1202 2170 1256 Domini
2198 1204 2266 1257 Μ.
2306 1245 2316 1257 .
2349 1242 2363 1256 .
2405 1243 2417 1257 .
2456 1245 2466 1257 .
2509 1245 2519 1254 .
2558 1244 2572 1257 .
2630 1204 2942 1258 indictione
2976 1222 3025 1269 v,
3075 1222 3224 1258 anno
3258 1222 3389 1259 vero
3434 1206 3637 1259 Domni

1938 1290 2167 1345 Henrici
2195 1292 2241 1344 Il
2264 1291 2577 1360 regnantis.
2615 1332 2627 1344 .
2669 1332 2681 1344 .
2720 1336 2731 1346 .
2772 1336 2781 1345 .
2821 1333 2833 1346 .
2873 1332 2885 1347 .
2914 1293 3143 1363 imperii
3171 1309 3303 1347 vero
3343 1297 3392 1348 9.

2005 1382 2211 1432 Actum
2239 1379 2421 1448 Trojae
2450 1379 2708 1433 feliciter.
2742 1384 2941 1434 Amen.

2676 1486 2894 1541 CXXIV.

1940 1590 2001 1643 S.
2054 1590 2316 1643 Henricus
2386 1591 2458 1643 D.
2533 1592 2852 1657 Romualdo,
2927 1592 3279 1646 cremitarum
3344 1594 3635 1648 Camaldu-

2013 1660 2239 1713 lenstum
2340 1661 2625 1725 conditori,
2717 1662 2995 1716 abbatiam
3072 1665 3128 1717 S.
3226 1664 3499 1717 Benedicti
3580 1669 3639 1717 in

2013 1729 2254 1799 Alpibus
2281 1731 2355 1784 ad
2376 1731 2663 1801 Bifurcum
2687 1735 2854 1786 sitam
2879 1738 3177 1801 conﬁrmat.

2594 1823 2775 1890 (Anno
2812 1823 2990 1888 1022.)

2312 1908 2584 1980 [Ughelli,
2616 1911 2783 1963 Italia
2811 1925 2991 1977 sacra,
3017 1911 3083 1976 Il,
3116 1909 3272 1981 493.]

2010 1995 2076 2048 In
2150 1997 2383 2050 nomine
2438 1997 2635 2060 Patris,
2695 2002 2750 2051 et
2819 1998 2965 2063 Filii,
3018 2003 3076 2051 et
3131 1998 3376 2068 Spiritus
3435 1998 3635 2063 sancti,

1943 2085 2227 2139 HENRICUS
2260 2086 2651 2138 Romanorum
2677 2085 2997 2155 imperator
3024 2089 3334 2155 Augustus.

2012 2170 2263 2241 Dignum
2311 2172 2536 2225 videtur
2580 2178 2785 2226 nostrae
2835 2172 3123 2243 imperiali
3154 2173 3471 2227 clementiae
3499 2174 3637 2226 reli—

1941 2259 2234 2329 giosorum
2307 2260 2561 2314 virorum
2627 2262 2892 2331 congruis
2947 2262 3315 2331 petitionibus
3368 2263 3518 2333 juste
3577 2279 3640 2315 ac

1940 2347 2354 2401 rationabiliter
2402 2348 2788 2418 acquiescere.
2841 2350 3200 2419 Quapropter
3242 2350 3465 2403 noverit
3511 2366 3641 2402 om-

1942 2437 2103 2489 nium
2154 2436 2414 2489 Ecclesiae
2464 2442 2674 2490 sanctae
2724 2438 2819 2490 Dei
2877 2444 3318 2507 nostrorumque
3359 2438 3634 2501 ﬁdelium,

1940 2524 2313 2595 prmsentium
2367 2525 2629 2577 videlicet
2683 2532 2737 2577 et
2794 2525 3139 2585 futurorum,
3188 2525 3466 2577 industria
3505 2542 3641 2594 qua-

1941 2611 2073 2664 liter
2103 2628 2227 2675 nos,
2263 2628 2365 2681 pro
2406 2611 2663 2664 remedio
2714 2612 2920 2666 animae
2960 2619 3168 2665 nostrae
3202 2629 3299 2664 seu
3335 2618 3639 2681 parentum

1942 2706 2292 2765 nostrorum,
2344 2706 2654 2769 nostraque
2709 2688 2888 2754 salute
2942 2718 3005 2753 ac
3055 2700 3442 2753 dilectissime;
3501 2717 3633 2753 con-

1934 2787 2091 2858 jugis
2158 2793 2362 2840 nostrae
2438 2787 2806 2857 Cuncgundis
2891 2787 3269 2857 imperatricis
3343 2792 3637 2858 Augustas,

1942 2881 2111 2944 atque
2142 2892 2244 2946 pro
2276 2875 2600 2929 interventu
2641 2876 2893 2946 religiosi
2934 2877 3039 2929 viri
3076 2878 3135 2930 D.
3173 2878 3475 2931 Romualdi
3522 2893 3642 2931 mo-

129 2966 390 3021 deseruit
428 2965 640 3027 sedem,
672 2969 725 3017 et
765 2964 835 3017 ad
882 2964 1052 3017 aliam
1096 2965 1329 3018 accessit
1361 2982 1374 3018 :
1413 2966 1562 3035 quod
1593 2964 1827 3018 omnino
1870 2961 1908 3015 C
1942 2965 2109 3017 nacbi
2142 2969 2197 3017 et
2246 2964 2518 3029 eremitar,
2555 2965 2863 3034 quamdam
2913 2966 3199 3019 abbatiam
3246 2967 3313 3019 ad
3360 2967 3635 3019 honorem

130 3055 254 3109 ﬁeri
303 3070 426 3107 non
472 3052 661 3123 potuit
690 3052 1000 3105 secundum
1034 3052 1385 3105 auctoritatis
1427 3069 1708 3105 canonum
1741 3053 1835 3105 in-

130 3145 353 3198 stituta.
398 3140 709 3195 Statuimus
761 3146 825 3193 ut
863 3157 993 3210 pars
1042 3140 1265 3209 prmfati
1312 3140 1567 3210 episcopi
1600 3140 1833 3194 distrin-

130 3238 226 3302 gat
264 3246 473 3285 omnes
524 3230 776 3283 forenses
816 3229 1179 3298 presbyteros
1222 3227 1327 3281 sibi
1375 3229 1723 3297 pertinentes
1771 3245 1835 3283 ac

130 3319 392 3382 clericos,
449 3333 759 3387 omnesque
805 3318 1138 3371 eorumdem
1196 3317 1462 3381 familias,
1512 3318 1724 3371 scilicet
1772 3317 1835 3371 il-

130 3411 213 3464 los
270 3408 377 3479 qui
434 3406 494 3459 in
551 3405 777 3461 dicecesi
843 3406 1099 3476 ejusdem
1158 3405 1434 3476 episcopii
1499 3407 1759 3460 habitant
1817 3421 1830 3459 :

132 3498 418 3550 Volumus
467 3500 532 3547 nt
577 3494 799 3564 judicet
846 3500 903 3547 et
954 3494 1260 3563 distringat
1315 3495 1436 3547 sine
1490 3495 1603 3547 ulla
1656 3493 1835 3562 partis

129 3585 382 3657 publicae
414 3582 836 3648 contrarietate,
889 3588 944 3636 et
986 3583 1043 3635 in
1098 3599 1200 3636 suo
1232 3583 1457 3636 servitio
1507 3582 1729 3647 habeat,
1772 3586 1835 3635 ut

130 3688 384 3726 canones
422 3670 644 3741 jubent.
689 3671 897 3725 Omnes
945 3670 1158 3740 quippe
1215 3670 1565 3740 supradictas
1615 3686 1703 3723 res
1751 3669 1835 3723 illi

130 3761 546 3815 conﬁrmamus
579 3775 692 3813 una
727 3775 854 3812 cum
889 3758 1077 3828 terris,
1108 3758 1311 3825 vineis,
1345 3758 1580 3828 campis,
1632 3757 1830 3827 pratis,

130 3848 309 3915 silvis,
394 3846 642 3917 pascuis,
719 3847 1027 3911 montibus,
1116 3847 1375 3910 vallibus,
1462 3846 1830 3916 planitiebus,

131 3938 298 4008 aquis
359 3952 759 4006 aquarumque
814 3936 1168 4000 decursibus,
1240 3935 1401 4004 ripis,
1467 3934 1831 4003 molendinis,

131 4024 571 4096 piscationibus,
605 4024 853 4090 forestis,
888 4024 1306 4091 venationibus,
1343 4024 1540 4091 servis,
1585 4025 1826 4091 ancillis,

134 4115 325 4176 aldiis,
399 4113 681 4180 aldiabus,
759 4113 1021 4179 ancariis,
1083 4112 1362 4177 censibus,
1439 4114 1832 4183 pensionibus,

133 4202 393 4274 capellis,
445 4202 707 4267 castellis,
758 4202 926 4265 villis,
980 4218 1043 4254 ac
1085 4201 1353 4254 omnibus
1399 4218 1527 4271 quae
1582 4201 1691 4255 dici
1738 4208 1835 4255 aut

132 4291 429 4345 nominari
458 4292 717 4359 possunt,
748 4290 1003 4358 praefata:
1047 4288 1297 4343 ecclesia:
1336 4290 1489 4359 juste
1534 4295 1590 4343 et
1638 4290 1833 4359 legali-

135 4387 223 4435 ter
248 4378 693 4449 pertinentibus,
750 4378 810 4431 in
850 4380 1158 4449 integrum.
1210 4377 1612 4448 Praecipientes
1660 4377 1837 4448 igitur

134 4467 379 4520 omnino
416 4467 687 4536 jubemus
720 4471 782 4519 ut
810 4467 1003 4519 nullus
1037 4465 1326 4531 dominus,
1360 4467 1645 4536 princeps,
1696 4471 1835 4519 stra-

134 4556 313 4621 ticho,
350 4554 627 4619 marchio,
664 4555 984 4625 episcopus,
1016 4571 1225 4619 comes,
1270 4554 1602 4617 vicecomes,
1654 4557 1837 4608 nulla-

134 4661 245 4715 que
274 4643 460 4697 nostri
491 4645 654 4713 regni
697 4660 906 4713 magua
952 4644 1038 4697 vel
1083 4659 1255 4713 parva
1300 4660 1546 4713 persona
1586 4643 1838 4713 praefata:

133 4731 393 4786 ecclesim
423 4747 533 4796 res,
588 4731 677 4784 vel
726 4731 1062 4801 episcopum
1110 4730 1455 4801 inquietare,
1510 4731 1834 4792 molestare,

131 4826 231 4875 aut
284 4821 347 4873 in
394 4819 585 4889 aliquo
638 4819 757 4873 sine
808 4819 975 4890 legali
1016 4818 1236 4888 judicio
1284 4806 1573 4873 disvestire
1625 4835 1838 4889 praesu-

132 4914 273 4962 mat.
329 4908 436 4962 Sed
482 4906 647 4961 liceat
694 4908 881 4962 eidem
914 4911 1115 4961 Amato
1146 4907 1573 4977 archiepiscopo
1615 4907 1839 4977 praefati

132 4996 414 5069 episcopii
465 5013 552 5051 res
594 5002 810 5063 tenere,
864 4996 1174 5067 possidere,
1221 5001 1393 5066 atquc
1446 5012 1546 5066 per
1584 4995 1693 5047 hoc
1736 5010 1838 5046 no-

134 5092 319 5140 strum
352 5090 705 5154 praeceptum
755 5084 1057 5155 praedictas
1109 5100 1200 5138 res
1251 5085 1317 5137 ad
1368 5084 1841 5137 utilitatem'suaa

135 5173 393 5227 ecclesiae
459 5173 775 5243 acquirere,

134 5262 326 5316 ctione
362 5267 599 5315 remota.
634 5261 689 5316 Si
730 5260 857 5331 quis
888 5265 1103 5327 autem,
1136 5261 1287 5331 quod
1319 5257 1499 5314 absit!
1538 5259 1707 5328 hujus
1739 5274 1837 5310 no-

134 5356 265 5404 strae
324 5349 679 5403 auctoritatis
738 5354 1235 5419 praesumptuosus
1288 5349 1529 5403 violator
1573 5345 1839 5411 extiterit,

136 5439 276 5493 sciat
319 5455 379 5493 se
433 5438 889 5508 compositurum
932 5438 1058 5491 auri
1105 5437 1399 5509 purissimi
1448 5436 1617 5490 libras
1666 5434 1840 5496 mille,

138 5527 511 5584 medietatem
555 5542 794 5580 camerae.
824 5530 1053 5594 nostrae,
1094 5530 1149 5581 et
1176 5527 1546 5582 medietatem
1587 5522 1841 5593 ejusdem

456 5631 733 5699 PATROL.
787 5629 959 5698 CXL.

846 5172 1107 5226 omnium
1169 5172 1469 5226 hominum
1548 5168 1878 5230 contradia

1940 3052 1995 3107 S.
2040 3052 2326 3106 Benedicti
2373 3068 2541 3121 super
2581 3070 2669 3105 res
2717 3053 2897 3106 nostri
2938 3053 3086 3121 juris
3141 3058 3525 3107 constructam
3578 3054 3637 3106 in

1941 3142 2082 3211 Alpe
2111 3158 2240 3211 quae
2272 3141 2477 3195 dicitur
2520 3140 2763 3206 Bifurco,
2800 3147 3024 3195 tantum
3073 3142 3302 3212 regibus
3338 3144 3423 3195 vel
3457 3142 3641 3210 impe-

1944 3230 2229 3283 ratoribus
2296 3230 2523 3282 solitam
2584 3230 2861 3295 imestiri,
2930 3231 3349 3296 constituimus,
3400 3247 3640 3299 eamque

1944 3334 2279 3388 permanere
2313 3318 2371 3370 in
2428 3318 2660 3387 provisu
2710 3324 2766 3371 et
2810 3318 3112 3388 disciplina
3162 3319 3420 3388 ejusdem
3467 3335 3638 3387 vene-

1941 3406 2137 3461 rabilis
2167 3406 2270 3458 viri
2304 3407 2364 3458 D.
2404 3406 2709 3459 Romualdi
2750 3423 3100 3475 suorumque
3141 3423 3537 3459 successorum
3577 3406 3638 3458 in

1940 3496 2064 3565 ipsa
2095 3510 2287 3547 eremo
2321 3494 2771 3563 persistentium,
2825 3494 2994 3546 vitam
3029 3500 3083 3546 et
3123 3494 3461 3561 religionem
3495 3496 3641 3565 ejus-

1942 3584 2069 3638 dem
2103 3582 2490 3648 servantium;
2539 3583 2707 3635 modo
2739 3583 2865 3651 ipsa
2911 3588 3103 3635 tamen
3152 3581 3398 3652 provisio
3446 3586 3501 3634 et
3552 3582 3637 3634 di-

1942 3672 2181 3742 sciplina
2222 3676 2417 3723 contra
2462 3672 2719 3739 regulam
2769 3672 2826 3723 B.
2865 3671 3151 3724 Benedicti
3180 3687 3297 3723 non
3342 3670 3458 3723 ﬁat.
3492 3674 3636 3725 Con-

1943 3760 2237 3814 ﬁrmantes
2277 3759 2525 3812 ecclesiae
2558 3760 2612 3812 S.
2670 3760 2955 3813 Benedicti
3005 3760 3260 3829 ejusdem
3306 3756 3641 3811 monasterii

1942 3850 2068 3903 illas
2118 3854 2297 3901 terras
2349 3864 2491 3917 quas
2541 3864 2690 3900 nunc
2731 3853 2905 3914 tenet,
2963 3865 3207 3917 quarum
3236 3849 3477 3900 nomina
3508 3850 3639 3899 sunt

1943 3938 2099 4003 haec;
2134 3936 2426 3990 ecclesiam
2464 3952 2591 3988 cum
2629 3937 2807 3989 tribus
2851 3936 3194 3989 molcudinis
3240 3938 3295 3988 et
3325 3941 3440 3988 tres
3474 3951 3638 3986 man-

1944 4043 2033 4080 sos
2095 4026 2154 4078 in
2206 4024 2663 4085 Domicuicrolo;
2712 4022 2771 4076 in
2820 4024 3054 4077 Galiano
3100 4040 3331 4075 mansos
3385 4024 3523 4075 duos
3587 4028 3642 4074 et

1945 4110 2239 4165 ecclesiam
2288 4124 2501 4171 unam;
2541 4109 2599 4160 in
2656 4109 2953 4160 l’artisidia
3011 4108 3303 4160 ecclesiam
3356 4124 3551 4171 unam,
3587 4112 3642 4158 et

1946 4214 2174 4251 mansos
2205 4197 2381 4262 duos;
2414 4201 2467 4249 et
2500 4196 2887 4249 molendinum
2922 4212 3100 4247 unum
3128 4216 3143 4257 ;
3168 4196 3226 4246 in
3259 4196 3451 4247 Casale
3482 4211 3641 4246 man-

1947 4302 2037 4339 sos
2068 4285 2209 4337 duos
2244 4301 2256 4349 ;
2292 4286 2349 4336 in
2384 4283 2675 4337 Mistrianu
2709 4299 2971 4335 mansum
3009 4299 3186 4334 unum
3223 4299 3234 4346 ;
3268 4282 3327 4333 in
3369 4281 3639 4333 Drimauo

1948 4390 2208 4426 mansum
2230 4389 2440 4437 unum;
2469 4372 2525 4424 in
2550 4372 2827 4440 Dipidano
2852 4386 3114 4423 mansum
3140 4386 3349 4436 unum;
3373 4370 3431 4422 in
3446 4374 3640 4421 monte

1945 4460 2185 4514 Martino
2220 4476 2482 4513 mansum
2514 4475 2691 4512 unum
2724 4475 2736 4523 ;
2772 4462 2831 4511 in
2877 4457 3065 4511 Africo
3097 4473 3324 4509 mansos
3365 4457 3505 4509 duos
3538 4472 3550 4517 ;
3582 4455 3639 4508 in

1949 4549 2237 4601 montanis
2292 4548 2345 4601 S.
2401 4548 2705 4601 Gaudentii
2755 4564 2983 4599 mansos
3035 4546 3331 4615 quinque;
3364 4549 3420 4598 et
3450 4544 3643 4597 omnia

1950 4653 2303 4708 qumcunque
2355 4637 2508 4705 juste
2566 4642 2621 4689 et
2668 4636 2925 4705 lcgaliter
2986 4651 3136 4687 nunc
3187 4634 3374 4701 habet,
3438 4640 3535 4687 aut
3584 4633 3641 4685 in

1949 4730 2115 4780 antea
2142 4725 2439 4778 habiturus
2488 4728 2589 4790 est,
2633 4729 2736 4777 aut
2776 4723 3157 4794 acquisiturus
3184 4728 3288 4787 est,
3323 4728 3421 4776 aut
3450 4722 3643 4792 acqui-

1949 4814 2096 4880 sivit,
2140 4818 2290 4866 utea
2318 4813 2521 4866 habeat
2550 4829 2613 4865 ac
2647 4817 2835 4866 teneat
2882 4829 3008 4865 cum
3043 4812 3311 4864 omnibus
3352 4811 3467 4863 suis
3516 4828 3642 4881 pcr-

1948 4902 2203 4958 tinentiis
2236 4901 2293 4954 in
2324 4900 2611 4971 integrum
2638 4918 2650 4966 ;
2676 4901 3054 4970 proprietario
3084 4902 3210 4969 jure
3245 4900 3548 4969 possideat,
3580 4916 3643 4950 eo

1951 4992 2119 5046 modo
2170 4995 2232 5043 ut
2282 5005 2385 5043 nec
2442 4989 2537 5042 isti
2596 4989 2694 5059 qui
2750 5004 2905 5041 nunc
2964 4993 3223 5057 superest
3281 4987 3490 5051 abbati,
3540 5002 3645 5039 nec

1952 5080 2068 5135 suis
2118 5077 2558 5143 successoribus,
2616 5077 2783 5129 liceat
2835 5080 3016 5129 terras
3066 5077 3324 5129 Ecclesiae
3382 5076 3642 5139 vendere,

1953 5174 2052 5222 aut
2095 5169 2364 5229 alienare,
2426 5173 2523 5221 aut
2572 5164 2896 5235 precarium
2947 5164 3130 5216 facere
3183 5164 3398 5231 absque
3454 5166 3645 5213 nostra

1951 5258 2200 5321 licentia,
2246 5256 2342 5309 sed
2387 5260 2609 5308 tantum
2644 5253 2712 5306 ad
2759 5269 2924 5305 usum
2966 5252 3384 5304 monachorum
3430 5249 3641 5302 ibidem

1952 5344 2323 5398 servientium
2351 5344 2509 5413 juxta
2542 5343 2799 5412 regulam
2832 5341 2885 5395 S.
2923 5339 3207 5393 Benedicti
3238 5343 3640 5408 permaneant.

1954 5434 2196 5502 Insuper
2235 5432 2644 5485 confirmamus
2676 5446 2906 5483 omnem
2948 5428 3338 5482 lizereditatem
3372 5427 3649 5479 bonorum

1959 5521 2139 5591 ipsius
2166 5520 2506 5575 monasterii
2549 5525 2605 5573 et
2638 5519 3071 5585 monachorum,
3123 5522 3186 5570 ut
3213 5516 3313 5570 tali
3349 5515 3517 5569 modo
3559 5517 3654 5569 ha-

3309 5629 3387 5686 12
