3944 6308
322 278 424 331 363

1623 274 1678 327 S.
1722 271 2012 329 HENRICI
2049 271 2526 328 IMPERATORIS

3738 267 3867 322 364

319 398 451 452 beat
486 413 600 468 quo
644 411 800 450 nunc
855 395 982 465 ipse
1028 394 1219 450 habet.
1269 395 1681 450 Constituimus
1726 395 1902 466 igitur
1947 399 2013 449 ut
2041 396 2090 448 A
2127 399 2251 453 loco
2289 397 2388 468 qui
2418 395 2754 450 nominatur
2795 396 3046 448 Pentano
3098 409 3230 446 cum
3271 391 3387 444 suis
3433 389 3866 461 pertinentiis,
3909 411 3912 414 ’

319 485 712 556 supradictum
775 484 1189 537 monasterium
1253 484 1400 537 nulli
1458 483 1776 537 marchioni
1804 524 1819 550 ,
1869 483 2014 537 nulli

319 573 536 639 comiti,
563 573 709 627 nulli
729 571 1180 641 archiepiscopo,
1225 571 1370 625 nulli
1413 571 1702 641 episcopo,
1753 571 2015 641 nullique

320 661 600 732 singulari
628 675 888 730 personas
921 658 1225 728 subjaceat,
1260 657 1371 711 nisi
1415 657 1488 712 sit
1523 657 1586 711 in
1625 658 1912 728 imperiali
1961 665 2017 712 et

320 749 502 820 regali
546 753 842 820 potestate.
881 747 1153 800 Volumus
1197 746 1394 816 itaque
1444 750 1500 800 et
1547 745 1911 816 disponimus
1950 751 2018 800 ut

322 839 489 892 liceat
519 839 582 892 D.
619 835 936 891 Romualdo
971 835 1204 904 suisque
1244 834 1686 900 successoribus,
1722 838 1780 888 et
1823 834 2015 888 abbati

321 926 501 998 ipsius
546 923 880 979 monasterii
945 922 1180 992 suisque
1231 922 1674 988 successoribus,
1737 922 2015 976 advocare

321 1027 724 1083 quemcunque
753 1009 1086 1080 episc0pum
1132 1009 1204 1063 ad
1237 1009 1501 1064 ecclesias
1529 1010 1937 1064 consecrandus
1961 1013 2017 1062 et

321 1101 391 1155 ad
466 1115 698 1154 omnem
765 1097 1249 1152 consecrationem
1332 1098 1672 1152 faciendam.
1743 1098 2016 1151 Volumus

323 1189 494 1244 etiam
524 1192 587 1242 ut
613 1203 717 1258 per
745 1186 1049 1240 circuitum
1094 1185 1425 1239 monasterii
1475 1191 1534 1239 et
1575 1185 1753 1239 eremi
1783 1185 2019 1239 ecclesia

321 1276 610 1347 possideat
639 1275 708 1329 ab
749 1275 968 1328 oriente
1006 1289 1040 1326 a
1085 1273 1206 1326 rivo
1253 1273 1323 1327 de
1371 1274 1518 1340 lacu,
1567 1273 1636 1326 ab
1667 1272 1955 1327 occidente
1985 1289 2019 1327 a

314 1366 456 1437 jugo
499 1364 753 1434 Alpium,
811 1379 843 1416 a
898 1362 1286 1432 septentrione
1316 1377 1348 1414 a
1379 1360 1626 1428 Ceresio,
1677 1377 1709 1413 a
1753 1361 2014 1428 meridie,

321 1454 531 1508 collina
567 1453 637 1507 de
671 1449 945 1507 Gimellis.
990 1449 1403 1504 Inviolabiliter
1448 1449 1627 1520 igitur
1660 1448 1926 1520 jubemus
1957 1454 2020 1504 ut

321 1558 441 1596 non
469 1542 604 1605 dux,
636 1555 770 1593 non
798 1537 1074 1603 marchio,
1124 1554 1239 1592 non
1280 1553 1489 1600 comes,
1525 1553 1642 1590 non
1693 1535 2020 1606 qualiscun-

325 1646 436 1701 que
464 1645 672 1698 magua
696 1628 785 1681 vel
807 1642 982 1697 parva
1006 1641 1248 1696 persona
1281 1625 1391 1679 hoc
1419 1630 1680 1679 nostrum
1719 1623 2017 1694 imperiale

324 1721 676 1788 praeceptum
726 1714 936 1768 violare
981 1717 1284 1783 pertentet.
1337 1713 1396 1768 Si
1424 1728 1576 1778 vero,
1625 1713 1780 1782 quod
1825 1711 2011 1765 absit!

325 1804 532 1875 aliquis
558 1803 701 1858 illud
729 1801 1043 1871 infringere
1075 1800 1397 1866 tentaverit,
1442 1800 1585 1854 sciat
1627 1816 1685 1852 se
1736 1798 2017 1868 composi-

323 1899 520 1948 turum
549 1892 821 1946 ducentas
855 1890 1030 1944 libras
1059 1888 1186 1942 auri
1213 1889 1350 1942 cotti
1379 1905 1392 1942 :
1427 1888 1794 1942 medietatem
1829 1886 2015 1956 nobis,

324 1984 382 2034 et
426 1979 792 2033 medietatem
840 1977 991 2030 dicto
1035 1975 1402 2030 monasterio.
1451 1976 1515 2028 Et
1559 1979 1622 2028 ut
1674 1974 1782 2028 hoc
1832 1974 2017 2027 verius

325 2068 610 2134 credatur,
654 2070 712 2119 et
759 2064 1162 2118 inconvulsum
1214 2069 1497 2131 servetur,
1555 2081 1730 2118 manu
1782 2063 2020 2135 propria

324 2155 762 2220 subscribentes,
812 2158 1006 2207 nostro
1057 2152 1245 2223 sigillo
1295 2153 1537 2207 inferius
1579 2151 1847 2223 insigniri
1878 2169 2019 2223 pras-

326 2243 604 2313 cepimus.

397 2333 551 2400 Sign.
599 2334 656 2384 ι).
710 2331 932 2384 Henrici
967 2330 1311 2397 imperatoris
1349 2330 1702 2382 invictissimi
1751 2328 2016 2397 Augusti.

398 2418 784 2474 Theodoricus
813 2416 1186 2471 cancellarius
1210 2416 1538 2486 recognovi.

399 2510 604 2562 Datum
634 2522 785 2561 anno
831 2507 992 2560 Dom.
1026 2506 1249 2558 lncarn.
1285 2506 1442 2572 1022,
1493 2505 1686 2559 lndict.
1737 2521 1816 2574 x.,
1866 2522 2017 2560 anno

325 2613 460 2654 vero
489 2597 554 2650 D.
588 2593 816 2651 Henrici
851 2595 920 2660 ll,
952 2593 1247 2664 regnantis
1286 2597 1375 2659 2t,
1415 2593 1753 2664 imperantis
1799 2610 1931 2648 vero
1962 2597 2014 2648 8.

395 2688 598 2742 Actum
626 2682 809 2755 pridie
831 2683 952 2736 Kal.
973 2671 1498 2737 Januarii‘Raveme
1523 2681 1783 2737 feliciter.
1809 2686 2014 2738 Amen.

1066 2787 1257 2841 CXXV.

329 2883 386 2937 S.
444 2879 665 2935 Henrici
723 2877 1072 2948 privilegium
1128 2891 1228 2944 pro
1282 2877 1606 2931 monasterio
1663 2876 1720 2932 S.
1781 2877 2013 2946 Sophia.

979 2949 1366 3002 Beneventano.

970 3055 1155 3121 (Anno
1190 3050 1370 3120 1022.)

675 3139 951 3214 [Ughelli,
983 3141 1148 3194 Italia
1185 3155 1365 3207 sacra,
1397 3139 1536 3206 VIII,
1570 3141 1681 3211 76.]

400 3249 466 3302 In
513 3246 747 3302 nomine
777 3246 997 3301 Sanctaa
1043 3244 1470 3316 individuaeque
1503 3244 1814 3313 Trinitatis,
1864 3249 2023 3316 ΠΕΝ-

336 3353 494 3393 mcus
533 3336 728 3391 divina
781 3335 1003 3388 favente
1062 3315 1802 3388 clementiaSRomanorum
1849 3315 2026 3406 impe-

330 3431 486 3480 rator
515 3439 740 3496 semper
757 3426 1064 3494 Augustus.

401 3515 458 3570 Si
486 3519 644 3569 tanto
691 3518 1018 3568 sanctorum
1069 3510 1168 3566 Dei
1211 3509 1460 3565 ecclesiis
1511 3510 1772 3566 omnium
1809 3512 2024 3568 adnixu

331 3603 668 3672 institimus,
700 3602 768 3656 ad
811 3600 990 3654 nostri
1038 3599 1267 3671 imperii
1299 3599 1622 3669 profectum
1667 3601 1863 3654 venire
1902 3617 2024 3655 non

332 3691 668 3745 difﬁdimus.
722 3688 996 3751 Quocirca
1038 3687 1296 3741 omnium
1344 3686 1597 3741 ﬁdelium
1659 3692 1864 3742 sanctae
1925 3688 2024 3743 Dei

329 3778 588 3835 Ecclesiae
628 3780 1069 3845 nostrorumque
1119 3776 1295 3828 solers
1343 3778 1615 3844 agnoscet
1676 3775 2022 3830 universitas

330 3865 702 3940 praesentium
753 3868 808 3918 et
853 3863 1199 3928 futurorum,
1255 3863 1560 3918 Henricum
1614 3863 2020 3931 venerabilem,

329 3955 652 4014 Parmensis
697 3952 955 4008 Ecclesia:
1001 3952 1360 4021 episcopum,
1412 3951 1679 4004 culminis
1723 3952 1900 4005 nostri
1933 3969 2024 4007 su-

330 4043 672 4101 blimitatem
701 4040 928 4107 adiisse,
957 4039 1160 4094 obnixe
1205 4039 1549 4108 postulando
1581 4043 1881 4109 quatenus,
1915 4055 2020 4110 pro

332 4133 431 4190 Dei
476 4147 669 4187 amore
713 4129 1145 4199 facinorumque
1186 4131 1517 4181 nostrorum
1562 4127 1865 4194 solutione,
1909 4144 2019 4183 cm-

2124 493 2182 544 et
2211 503 2341 542 cum
2362 486 2579 556 capella
2609 484 2668 538 in
2695 483 2910 537 honore
2941 481 3120 536 sancti
3165 479 3453 535 Benedicti
3479 497 3493 546 ;
3535 481 3653 534 alia
3699 493 3864 532 vero

2123 579 2183 632 in
2209 578 2425 631 honore
2468 573 2648 628 sancti
2674 571 2869 626 Vitalis
2898 586 3030 625 cum
3063 569 3331 623 omnibus
3379 569 3494 622 suis
3532 567 3865 640 pertinen-

2124 666 2220 722 tiis
2253 685 2267 732 ;
2299 664 2477 718 altera
2504 677 2639 715 vero
2684 660 2744 714 in
2782 659 3004 713 honore
3051 658 3232 712 sancti
3268 657 3554 712 Michaelis
3585 656 3863 710 archan-

2124 755 2259 826 geli,
2289 769 2416 823 qua:
2446 749 2653 804 dicitur
2684 749 2754 803 ad
2785 747 3049 803 Holibola
3077 763 3211 800 cnm
3240 746 3510 800 omnibus
3541 746 3664 798 suis
3699 759 3859 814 per-

2123 841 2400 906 tinentiis,
2456 843 2514 893 et
2570 839 2630 892 in
2679 837 2922 891 Pallaria
2981 837 3199 907 capella
3250 851 3386 901 una,
3444 851 3573 905 quae
3627 840 3727 887 est
3787 832 3863 884 in

2123 930 2340 984 honore
2369 932 2578 982 sancta:
2623 925 2846 992 Mariae;
2887 925 2984 979 sed
3025 930 3081 978 et
3126 923 3425 978 ecclesiam
3463 921 3644 976 sancti
3698 923 3861 974 Bar-

2122 1017 2415 1074 tholomsei
2445 1016 2506 1070 in
2533 1015 2784 1081 collina;
2817 1019 2874 1069 et
2902 1016 3121 1068 curtem
3151 1013 3220 1066 de
3265 1011 3516 1066 Nuriano
3559 1011 3618 1064 in
3651 1011 3858 1064 Petra

2125 1105 2377 1160 furmina
2418 1121 2549 1158 cum
2595 1103 2758 1170 casis,
2809 1119 2872 1156 ac
2915 1102 3102 1168 silvis;
3157 1106 3213 1156 et
3257 1105 3478 1154 curtem
3518 1100 3586 1153 de
3619 1097 3862 1168 Lapiso

2123 1194 2559 1259 haereditatem;
2608 1197 2664 1246 et
2693 1190 2989 1246 ecclesiam
3038 1190 3093 1245 S.
3146 1189 3341 1244 Felicis
3382 1189 3452 1242 de
3503 1189 3732 1253 Burto;
3784 1187 3860 1239 in

2125 1282 2389 1338 Cortiano
2436 1281 2710 1352 capellam
2761 1279 2822 1334 in
2861 1281 3081 1334 honore
3135 1277 3316 1332 sancti
3355 1277 3542 1342 Petri;
3587 1276 3650 1330 in
3697 1276 3857 1330 Cer-

2126 1375 2250 1425 reto
2289 1371 2566 1441 capellam
2609 1369 2668 1422 in
2702 1369 2921 1423 honore
2950 1367 3012 1423 S.
3066 1366 3326 1421 Martiaui
3359 1381 3489 1419 cum
3531 1364 3856 1435 pertinen—

2126 1459 2222 1514 tiis
2278 1458 2435 1524 suis;
2495 1459 2772 1530 capellam
2835 1457 2896 1510 in
2947 1457 3160 1510 honore
3211 1455 3390 1509 sancti
3443 1453 3703 1508 Silvestri
3771 1452 3858 1506 de

2128 1549 2369 1603 Corneto
2415 1548 2476 1602 in
2524 1547 2797 1601 comitatu
2848 1547 3119 1615 Capuano
3163 1545 3225 1597 in
3270 1545 3396 1598 loco
3425 1543 3650 1598 Juliano
3697 1555 3858 1594 cum

2127 1637 2345 1706 capella
2373 1635 2434 1690 in
2466 1637 2682 1690 honore
2728 1639 2938 1688 sancta:
2984 1634 3172 1689 Mariae
3214 1632 3276 1686 in
3322 1631 3518 1685 Bivine
3557 1631 3620 1684 in
3673 1629 3859 1684 Bele-

2128 1732 2216 1779 tro
2259 1725 2536 1792 ﬂumine;
2580 1724 2640 1777 in
2686 1723 2912 1776 civitate
2955 1723 3232 1791 capellam
3283 1720 3343 1776 in
3386 1720 3603 1774 honore
3645 1717 3860 1772 sancti

2130 1813 2405 1880 Martini;
2447 1812 2597 1866 infra
2651 1811 2937 1865 civitatem
3004 1811 3370 1864 Asculensem
3429 1807 3721 1872 ecclesias,
3787 1809 3859 1859 et

2127 1902 2264 1956 foris
2299 1919 2547 1957 omnem
2581 1901 3014 1966 haereditatem;
3064 1899 3124 1952 in
3171 1898 3382 1953 ﬁnibus
3431 1895 3609 1950 Cauni
3642 1895 3851 1949 eccle-

2128 1990 2271 2044 siam
2316 1991 2493 2044 sancti
2548 1989 2804 2056 Juliani;
2848 1987 2909 2042 in
2968 1986 3244 2041 comitatu
3298 1983 3565 2039 Franensi
3610 1987 3856 2037 cortem

2130 2080 2199 2134 de
2220 2082 2439 2134 Pazano
2469 2095 2596 2134 cum
2629 2078 2853 2132 olivetis
2883 2076 3000 2130 suis
3027 2093 3041 2142 ;
3087 2076 3149 2130 in
3197 2075 3470 2129 comitatu
3519 2073 3852 2142 Sipontino

2129 2169 2471 2240 piscariam;
2521 2167 2581 2222 in
2627 2167 2904 2222 comitatu
2952 2165 3246 2220 Lesinensi
3294 2163 3597 2234 piscariam
3641 2181 3657 2228 ;
3702 2177 3850 2214 cur-

2127 2263 2242 2312 tem
2277 2257 2673 2312 Delaniensem
2707 2272 2721 2322 ;
2751 2260 2969 2309 curtem
3005 2254 3074 2308 de
3105 2255 3341 2308 Calaza:
3385 2253 3440 2306 S.
3476 2252 3658 2305 Roseo
3699 2265 3854 2304 cum

2128 2347 2309 2413 Sessa,
2341 2350 2396 2400 et
2424 2344 2726 2399 territoriis
2762 2343 2916 2410 suis;
2957 2344 3017 2396 in
3073 2341 3284 2396 ﬁnibus
3319 2341 3524 2410 Capuae
3575 2340 3645 2393 ad
3694 2355 3853 2391 san-

2128 2442 2283 2490 ctum
2329 2435 2568 2489 Paulum
2615 2437 2671 2488 et
2713 2436 2973 2487 sanctum
3018 2431 3371 2502 Stephanum
3423 2445 3552 2483 cum
3596 2427 3855 2480 territo-

2128 2525 2228 2579 riis
2258 2523 2374 2578 suis
2408 2539 2421 2591 ;
2463 2523 2522 2578 in
2549 2539 2749 2593 campo
2791 2521 3044 2588 Martini,
3079 2520 3138 2573 in
3180 2519 3393 2573 ﬁnibus
3431 2515 3852 2572 Tremonensi-

2126 2613 2233 2667 bus
2267 2614 2336 2667 ad
2385 2611 2438 2666 S.
2489 2611 2823 2682 Adjutorem
2872 2626 3008 2681 erga
3051 2609 3269 2663 ﬂumen
3321 2607 3666 2662 Vulturnum
3697 2621 3852 2659 cum

2128 2701 2430 2757 territoriis
2460 2701 2594 2754 suis.

2198 2791 2307 2846 Sed
2338 2789 2533 2857 etiam,
2566 2788 2712 2842 sicut
2732 2803 2905 2859 supra
2933 2787 3161 2858 legitur,
3196 2786 3602 2840 conﬁrmamus
3633 2782 3844 2836 eidem

2130 2879 2473 2934 monasterio
2505 2877 2800 2931 ecclesiam
2829 2876 3008 2930 sancti
3039 2875 3226 2944 Magni
3265 2875 3323 2928 in
3354 2874 3582 2927 castello
3623 2871 3853 2943 Magno

2132 2983 2261 3023 cum
2315 2965 2676 3038 pertinentiis
2729 2964 2891 3033 suis;
2941 2964 3239 3018 ecclesiam
3285 2961 3465 3016 sancti
3519 2962 3729 3031 Angeli
3772 2961 3852 3013 in

2133 3057 2410 3112 altissimo
2459 3071 2632 3126 super
2677 3054 2897 3109 ﬂumen
2938 3053 3239 3108 Bisernum
3286 3052 3346 3105 in
3381 3051 3592 3104 ﬁnibus
3637 3051 3850 3118 campi

2132 3145 2354 3199 Morani
2404 3159 2532 3198 cum
2591 3143 2791 3197 eadem
2836 3142 3134 3197 ecclesia:
3191 3155 3296 3195 nec
3352 3155 3468 3193 non
3529 3137 3850 3192 ecclesiam

2135 3234 2192 3289 S.
2219 3232 2453 3288 Joannis
2482 3248 2612 3285 cum
2653 3230 2921 3284 omnibus
2948 3230 3119 3284 rebus
3150 3229 3268 3282 suis
3302 3228 3363 3280 iu
3403 3243 3531 3280 casa
3559 3225 3846 3294 Pollucis,

2132 3321 2542 3385 hiereditatem,
2581 3335 2710 3389 qum
2765 3322 2850 3372 est
2877 3317 2938 3370 in
2968 3315 3329 3386 longitudine
3381 3315 3495 3368 duo
3536 3313 3845 3380 milliaria,

2131 3410 2430 3465 latitudine
2461 3408 2708 3462 milliare
2747 3423 2927 3460 unum
2961 3425 2976 3472 ;
3028 3410 3086 3458 et
3115 3404 3411 3459 ecclesiam
3463 3401 3640 3456 sancti
3675 3403 3851 3456 Petri

2131 3499 2191 3552 in
2222 3499 2432 3552 ﬁnibus
2466 3498 2534 3551 de
2559 3499 2797 3550 Laureto
2826 3510 2956 3548 cum
2988 3494 3256 3547 omnibus
3287 3490 3649 3563 pertinentiis
3675 3491 3798 3542 suis
3832 3508 3850 3558 ;

2131 3591 2390 3642 sanctum
2411 3585 2696 3655 Angelum
2727 3583 2788 3636 in
2820 3582 3180 3647 Palumbara,
3215 3597 3348 3634 cum
3379 3579 3646 3634 omnibus
3695 3595 3847 3648 per-

2129 3674 2388 3731 tinentiis
2419 3674 2569 3739 suis;
2621 3677 2882 3726 sanctum
2913 3671 3244 3725 Michaelem
3291 3670 3360 3723 de
3400 3667 3640 3732 Sessola,
3697 3683 3846 3721 cum

2131 3763 2397 3818 omnibus
2422 3760 2782 3832 pertinentiis
2819 3759 2935 3812 suis
2967 3776 2981 3825 ;
3019 3763 3270 3812 sanctam
3317 3758 3552 3810 Crucem
3583 3754 3741 3806 intus
3774 3752 3847 3807 in

2131 3852 2357 3906 civitate
2387 3849 2782 3920 Neapolitana,
2819 3863 2949 3900 cum
2982 3845 3250 3900 omnibus
3277 3845 3393 3898 suis
3433 3841 3846 3914 pertinentiis;

2130 3940 2192 3995 in
2221 3956 2420 4010 campo
2451 3935 2773 3994 Sinarcumi
2802 3940 3015 3990 terram
3068 3933 3338 3987 milliaria
3381 3933 3488 3985 tria
3534 3932 3594 3984 in
3640 3930 3846 3999 longi-

2130 4028 2350 4094 tudine,
2385 4032 2442 4080 et
2471 4025 2730 4079 unumin
2759 4023 3066 4078 latitudine
3093 4039 3108 4089 ;
3135 4021 3433 4076 ecclesiam
3464 4020 3518 4074 S.
3541 4016 3851 4072 Trinitatis

2122 4117 2282 4188 juxta
2313 4115 2552 4170 ﬂuvium
2592 4113 2908 4174 Bisernum,
2941 4126 3073 4165 cum
3116 4109 3378 4164 omnibus
3400 4108 3516 4161 suis
3544 4104 3851 4177 pertinen-

329 4221 506 4278 nobio
553 4220 612 4275 in
645 4220 867 4274 honore
925 4218 980 4272 S.
1045 4195 1269 4287 Sophiae
1327 4215 1578 4270 ecclesiae
1634 4215 1912 4284 dedicato,
1959 4216 2018 4270 in
2052 4236 2095 4289 ι)
2135 4206 2262 4272 tiis;
2297 4209 2352 4258 et
2381 4203 2677 4258 ecclesiam
2707 4200 2888 4256 sancti
2919 4198 3189 4255 Marciani
3220 4198 3281 4251 in
3316 4197 3545 4250 castello
3580 4195 3845 4261 Mosano,

329 4311 556 4365 civitate
595 4325 724 4380 quae
772 4307 980 4360 dicitur
1022 4305 1412 4359 Beneventum
1443 4307 1784 4363 constructo,
1819 4303 1880 4356 in
1910 4321 2025 4374 quo

330 4397 634 4469 Gregorius
661 4394 1000 4451 venerabilis
1030 4393 1206 4448 abbas
1239 4409 1487 4464 praeesse
1543 4391 1788 4457 videtur,
1827 4391 2028 4446 conﬁr-

330 4502 490 4541 mare
544 4501 610 4538 ac
661 4482 898 4537 omnino
972 4482 1347 4536 corroborare
1406 4480 1780 4550 dignaremur
1834 4479 2028 4533 omnia

333 4590 464 4645 quae
495 4573 565 4626 ab
591 4570 1042 4625 antecessoribus
1089 4569 1296 4624 nostris
1349 4585 1412 4622 ac
1443 4567 1775 4622 hominibus
1805 4568 2028 4622 caeteris

335 4661 645 4717 Dominum
685 4659 1005 4713 colentibus
1049 4657 1236 4711 eidem
1285 4657 1548 4711 coenobio
1591 4672 1856 4710 concessa
1895 4661 2026 4712 sunt

333 4755 503 4822 atque
550 4747 704 4802 idem
751 4745 1162 4800 monasterium
1203 4745 1406 4808 tenuit,
1457 4761 1522 4798 ex
1562 4761 1676 4815 quo
1720 4744 2027 4799 fundatum

332 4843 438 4907 est,
486 4843 601 4892 tam
650 4851 753 4908 per
811 4837 1097 4904 praecepta
1138 4834 1621 4903 praedecessorum
1678 4837 2024 4898 nostrorum,

331 4928 432 4984 sed
476 4926 649 4981 etiam
696 4939 800 4995 per
853 4921 1191 4993 precariam,
1240 4925 1296 4975 et
1333 4921 1742 4987 absolutiones,
1778 4925 1834 4975 et
1863 4921 2027 4975 obla-

329 5018 537 5082 tiones,
571 5018 626 5068 et
662 5029 766 5086 per
807 5010 1225 5076 investituram,
1275 5025 1371 5062 seu
1406 5009 1575 5063 etiam
1605 5025 1710 5079 per
1755 5025 2026 5080 quacun-

332 5121 444 5177 que
511 5103 894 5158 instrumenta
967 5099 1315 5160 chartarum,
1394 5097 1509 5150 sive
1576 5095 2026 5167 uniuscujusque

332 5191 656 5264 scriptionis
685 5189 938 5245 titulum.
987 5187 1099 5241 Nos
1149 5200 1381 5256 quoque
1434 5187 1598 5255 grata
1648 5188 1842 5237 mente
1886 5183 2028 5253 peti-

330 5281 551 5336 tionem
581 5278 1003 5334 considerantes
1034 5274 1226 5330 animo
1255 5271 1528 5326 inclinato
1560 5271 1823 5342 precibus
1848 5270 2025 5341 ipsius

332 5385 436 5438 per
463 5369 570 5422 hoc
619 5372 877 5421 nostrum
918 5368 1289 5436 prmeeptum,
1333 5364 1506 5432 prout
1539 5359 1690 5430 juste
1733 5363 1834 5413 aut
1869 5359 2028 5430 lega-

333 5456 461 5510 liter
489 5473 810 5527 possumus,
857 5454 1265 5509 conﬁrmamus
1314 5455 1414 5504 aut
1453 5449 1790 5503 roboramus
1826 5462 2026 5502 omnes

335 5557 424 5597 res
479 5547 536 5598 et
593 5542 967 5614 proprietates
1020 5540 1216 5612 lipsius
1274 5534 1628 5602 monasterii,
1701 5532 1912 5589 scilicet
1963 5532 2024 5589 in

1687 5767 1948 6038 1⁸

2137 4309 2264 4348 cum
2297 4293 2561 4346 omnibus
2592 4291 2708 4344 suis
2736 4287 3096 4360 pertinentiis
3131 4303 3143 4352 ;
3178 4291 3232 4340 et
3263 4284 3553 4339 ecclesiam
3575 4283 3630 4336 S.
3663 4283 3844 4336 Joan-

2138 4383 2227 4437 nis
2259 4382 2319 4435 in
2352 4385 2546 4434 monte
2575 4379 2864 4444 Tabenna,
2900 4393 3030 4430 cum
3065 4374 3333 4430 omnibus
3380 4373 3497 4427 suis
3540 4371 3847 4442 pertinen-

2136 4471 2232 4526 tiis
2261 4487 2274 4537 ;
2306 4486 2412 4524 nec
2441 4485 2556 4524 non
2587 4467 2883 4522 ecclesiam
2904 4465 3085 4518 sancti
3114 4461 3539 4528 Bartholomaei,
3573 4477 3702 4532 quae
3751 4467 3849 4514 est

2131 4559 2296 4630 juxta
2348 4557 2644 4612 ecclesiam
2687 4555 2864 4609 sancti
2909 4552 3163 4620 Joannis,
3224 4567 3353 4604 cum
3403 4549 3669 4603 omnibus
3716 4550 3844 4602 suis

2135 4646 2534 4720 pertinentiis;
2587 4649 2643 4699 et
2688 4644 2890 4698 cellam
2927 4640 3106 4695 sancti
3160 4639 3382 4709 Angeli,
3425 4640 3589 4709 juxta
3628 4637 3845 4691 urbem

2135 4737 2525 4803 Trianensem,
2558 4750 2689 4788 cum
2728 4731 2995 4786 omnibus
3033 4729 3397 4801 pertinentiis
3425 4728 3541 4781 suis
3574 4745 3588 4795 ;
3639 4731 3697 4780 et
3722 4727 3845 4780 cel-

2134 4826 2250 4880 lam
2279 4826 2333 4880 S.
2367 4823 2628 4895 Gregorii
2653 4824 2713 4876 in
2751 4821 3025 4876 comitatu
3067 4817 3342 4890 Frigenti,
3387 4831 3516 4870 cum
3565 4815 3845 4869 omnibus

2133 4913 2526 4986 pertinentiis;
2559 4917 2617 4966 et
2644 4910 2940 4964 ecclesiam
2970 4909 3022 4963 S.
3064 4907 3197 4962 Bitti
3244 4907 3305 4960 in
3335 4905 3612 4960 comitatu
3642 4905 3847 4959 Vultu-

2135 5002 2282 5057 rario
2318 5019 2330 5069 ;
2361 5006 2416 5056 et
2445 4999 2739 5054 ecclesiam
2771 4998 2830 5051 S.
2888 4995 3166 5067 Stephani
3208 4993 3658 5067 protomartyris,
3679 4993 3845 5047 intus

2133 5092 2195 5146 in
2225 5091 2446 5145 civitate
2479 5091 2568 5140 Cn
2597 5127 2599 5129 .
2809 5104 2856 5136 ιη
2893 5085 3160 5139 omnibus
3185 5081 3546 5154 pertinentiis
3577 5081 3735 5148 suis;
3785 5087 3846 5137 et

2135 5180 2433 5234 Ecclesium
2471 5199 2474 5201 λ
2939 5189 3062 5227 one
3104 5173 3432 5237 cubantem,
3482 5185 3612 5224 cum
3659 5170 3845 5224 omni-

2134 5267 2240 5322 bus
2295 5286 2349 5318 ειη
2938 5261 3232 5315 ecclesiam
3261 5260 3313 5314 S.
3351 5257 3543 5313 Crucis
3585 5257 3646 5311 in
3696 5259 3845 5312 Nola

2135 5373 2260 5410 cum
2302 5387 2303 5392 η
2936 5349 3121 5415 ρηῑίίε,
3163 5346 3423 5402 videlicet
3463 5361 3594 5400 cum
3639 5346 3840 5399 omni-

2135 5445 2202 5498 bn
2928 5436 3184 5492 aediﬁciis
3227 5435 3330 5490 sub
3365 5451 3423 5490 se
3467 5433 3840 5502 habentibus,

2134 5551 2152 5574 ι
2823 5559 2864 5595 ς,
2904 5527 3088 5600 aquis,
3131 5539 3527 5598 aquarumque
3577 5523 3843 5580 decursi-
