3944 6368
54 342 173 393 365

1452 339 1843 396 DIPLOMATA
1882 342 2431 400 ECCLESIASTICA.

3586 361 3689 413 366

50 459 198 520 bus,
272 454 733 515 molendinis,
781 453 1214 526 piscationibus,
1271 454 1435 522 casis,
1502 456 1886 525 dominicatis,
1926 462 1972 512 A
2004 476 2127 515 ram
2154 462 2500 532 habuerunt,
2532 463 2811 519 libertatis
2835 466 3005 521 debet
3032 468 3205 538 potiri
3241 469 3482 544 insigne.
3511 477 3693 547 Igitur

49 544 403 610 castellis,
452 543 656 611 villis,
720 548 777 598 et
826 544 1080 615 capellis,
1122 543 1300 597 servis
1353 549 1408 598 et
1438 545 1678 614 ancillis,
1727 562 1888 600 mon-

54 634 271 697 tibus,
358 638 437 686 et
504 632 889 703 planitiebus,
960 632 1191 699 hasulis,
1251 631 1556 700 frascariis,
1619 634 1784 688 cultis
1835 639 1892 689 et

60 722 383 788 incultis,
462 722 664 776 rebus
712 721 1024 775 mobilibus
1080 726 1132 775 et
1170 721 1586 789 immobilibus,
1647 722 1891 777 aldionis

70 817 127 863 et
190 810 570 875 aldiebus,
651 810 985 864 commeatis
1032 826 1349 882 eorumque
1415 811 1889 881 supellectilibus,

79 915 223 952 cum
268 899 616 952 omnibus
649 899 982 969 adjacentiis
1031 899 1099 953 ad
1133 900 1278 953 hanc
1327 898 1501 953 etiam
1531 900 1892 971 nominatam

90 988 460 1041 ecclesiam
539 988 599 1041 S.
653 987 880 1058 Sophia;
910 1003 1041 1041 vere
1071 992 1128 1040 et
1183 986 1441 1057 legitime
1468 987 1892 1057 pertinentibus

96 1076 187 1127 vel
253 1075 763 1145 aspicientibus,
819 1075 1063 1146 integre,
1113 1078 1231 1129 tam
1288 1074 1441 1128 intra
1487 1074 1747 1130 Italicum
1802 1092 1892 1130 re-

108 1180 305 1233 gnum
333 1179 563 1234 quam
595 1164 769 1217 etiam
808 1163 869 1217 in
909 1163 1127 1233 Apuliae
1159 1162 1439 1234 partibus.
1490 1164 1894 1235 Praecipientes

112 1254 325 1323 itaque
394 1252 711 1323 jubemus
764 1257 827 1306 ut
864 1253 1055 1307 nullus
1104 1252 1372 1318 marchio,
1433 1252 1569 1319 dux,
1601 1253 1890 1323 princeps,

120 1341 678 1411 archiepiscopus,
735 1341 1054 1412 episcopus,
1116 1358 1324 1408 comes,
1385 1357 1484 1395 seu
1538 1342 1691 1395 ullus
1718 1342 1894 1396 homo

124 1446 401 1499 magnus
444 1429 585 1482 sive
642 1445 848 1500 parvus
874 1429 944 1482 de
999 1430 1266 1483 omnibus
1318 1445 1447 1500 quae
1500 1429 1795 1499 pertinent
1824 1427 1894 1481 ad

18 1508 29 1587 ξ
129 1516 473 1587 praefatum
519 1516 943 1570 monasterium
991 1520 1045 1570 et
1094 1516 1385 1586 pertinere
1429 1515 1719 1583 videntur,
1777 1520 1893 1568 tam

132 1550 473 1587 γιαειαιυιιι
519 1550 943 1570 ωυυαοιῡιιυω
991 1550 1045 1570 ευ
1095 1550 1385 1586 γῦιιιυῠιῠ
1440 1550 1719 1583 νιυευιιιι,
1781 1550 1893 1568 tum

18 1550 37 1707 Κ
132 1622 222 1658 res
257 1622 473 1676 quam
540 1605 796 1671 familiae,
849 1621 909 1659 se
955 1604 1364 1674 intromittere,
1397 1604 1747 1658 calumniare
1797 1608 1896 1657 aut

40 1890 51 1943 l

138 1694 491 1748 molestare
540 1694 1001 1764 praesumatjam
1059 1694 1273 1748 dictum
1320 1693 1659 1764 Gregorium
1716 1693 1893 1747 abba-
1926 1735 1967 1789 Β

145 1788 265 1836 tem
311 1787 434 1836 aut
506 1798 648 1835 suos
702 1796 1071 1835 successores.
1124 1781 1181 1835 Si
1224 1781 1351 1852 quis
1390 1796 1524 1835 vero
1582 1781 1691 1835 hoc
1740 1796 1894 1851 prae-

152 1878 397 1940 ceptum
434 1869 514 1923 in
545 1870 743 1940 aliquo
772 1869 1086 1936 violaverit,
1128 1870 1269 1924 sciat
1323 1886 1381 1923 se
1439 1869 1897 1940 compositurum

158 1961 284 2014 auri
306 1960 519 2014 libras
566 1964 948 2013 centum......
986 1974 1053 2012 ex
1082 1974 1219 2012 auro
1265 1958 1597 2029 purissimo,
1628 1957 1898 2011 medieta-

46 2012 65 2109 ἱ
164 2012 281 2102 tam
307 2012 587 2103 camerae
629 2052 862 2115 nostra,
894 2050 950 2100 et
979 2012 1345 2101 medietatem
1399 2012 1674 2116 praedicto
1704 2043 1899 2099 abbati

62 2118 75 2205 ἶ
171 2142 264 2190 aut
282 2135 528 2190 nostris
543 2134 780 2205 suisque
802 2133 1235 2188 successoribus.
1260 2133 1422 2198 Quod
1445 2138 1508 2187 ut
1528 2138 1747 2187 certum
1776 2146 1898 2186 esse

176 2226 470 2289 videatur,
513 2228 572 2277 et
634 2222 703 2276 ab
742 2221 1005 2275 omnibus
1039 2223 1393 2289 observetur,
1450 2222 1597 2276 hanc
1626 2221 1900 2292 paginam

180 2331 351 2369 manu
381 2313 639 2385 propria
658 2312 1091 2366 corroborantes
1121 2311 1359 2382 sigillari
1390 2312 1790 2382 praecepimus.

244 2403 661 2458 Theodoricus
692 2400 1063 2455 cancellarius
1127 2401 1247 2455 vice
1302 2400 1532 2455 Ethardi
1561 2416 1724 2471 papae
1766 2402 1901 2453 Bre-

76 2478 93 2571 1
190 2492 391 2563 giensis
468 2490 740 2545 Ecclesiae
793 2488 1042 2560 episcopi
1086 2492 1140 2541 et
1198 2488 1637 2558 archicapellani
1684 2485 1897 2540 notavi.

22 2599 24 2605 ν
84 2612 95 2647 ι
193 2582 387 2635 Datum
414 2597 496 2633 v1.
533 2581 618 2634 Id.
655 2580 840 2645 Mart,
874 2594 1024 2631 anno
1074 2579 1230 2644 1022,
1265 2577 1386 2631 Ind.
1428 2592 1520 2647 xv,
1553 2592 1704 2630 anno
1737 2575 1900 2645 regni

196 2612 387 2635 UdLUIII
421 2612 496 2633 τι.
533 2612 618 2634 xu.
655 2612 760 2633 ωαι
779 2612 840 2645 In,
874 2612 1024 2631 αυυυ
1079 2612 1230 2644 ιυδάι,
1265 2612 1312 2631 ιι.

84 2612 115 2739 Κ
198 2670 421 2725 Domini
456 2667 698 2723 Henrici
730 2670 815 2732 l2,
852 2666 1080 2736 imperii
1106 2682 1237 2720 vero
1261 2668 1312 2721 9.

257 2764 473 2813 Actum
510 2755 827 2812 Beneventi
855 2755 1115 2809 feliciter.

948 2861 1165 2917 CXXVI.

36 2950 47 2977 ⁵
102 2945 117 3017 Ι
208 2956 475 3010 Serittura
506 2951 569 3005 di
629 2952 840 3017 Arrige
882 2954 1036 3002 santo
1083 2949 1344 3002 indiritta
1369 2963 1403 3000 a
1429 2962 1581 3016 papa
1619 2945 1906 3002 Benedetto

118 3030 131 3088 ξ
484 3040 519 3077 a
549 3024 746 3088 favore
766 3020 909 3075 della
933 3020 1093 3073 badia
1119 3019 1179 3072 di
1206 3019 1619 3074 Monte-Casino.

865 3112 1047 3176 (Anno
1072 3107 1253 3178 1022.)

107 3052 131 3289 ἲ
484 3052 519 3077 u
549 3052 743 3088 ww”
766 3052 1047 3176 uc“(Anno
1072 3052 1260 3178 {0223‘

218 3201 398 3275 Hosti,
453 3201 647 3255 Storia
687 3198 830 3253 della
886 3198 1049 3251 badia
1096 3198 1156 3252 di
1183 3196 1615 3261 Monte-Casino,
1668 3195 1711 3261 Ι,
1759 3194 1908 3264 253.]

274 3292 336 3344 In
365 3289 611 3344 nomine
650 3289 861 3340 sancta:
909 3290 965 3340 et
1021 3284 1330 3340 individua:
1370 3282 1681 3350 Trinitatis,
1717 3283 1912 3336 Heum-

24 3392 70 3426 23-
122 3372 143 3442 I
220 3395 299 3433 crs
341 3379 537 3433 divina
590 3375 818 3429 favente
875 3373 1176 3428 clementia
1226 3372 1545 3442 imperator
1598 3375 1911 3441 Augustus,

40 3479 79 3513 '3
124 3461 147 3530 I
222 3467 520 3521 Beseoicro
577 3462 734 3517 urbis
777 3463 976 3517 Romae
1013 3461 1373 3515 sanctissimo
1431 3476 1622 3530 papae,
1675 3461 1913 3530 ejusque

26 3568 81 3607 πέλ
130 3547 147 3620 Ι
228 3553 632 3610 successoribus
690 3550 963 3605 canonice
1019 3550 1080 3605 in
1139 3547 1514 3620 apostolicam
1557 3548 1751 3603 sedem
1778 3547 1915 3601 sub-

24 3060 50 3069 η-

26 3126 51 3133 ,,

28 3136 55 3159 0"

31 3212 55 3223 η⁴

24 3226 61 3247 ,ὶὲιι

43 3303 54 3323 ἑ

32 3328 67 3335 ,υ

28 3658 85 3695 λξῐ-
137 3642 149 3711 ἱ
234 3644 516 3699 stituendis
545 3642 608 3696 in
638 3645 1004 3711 perpetuum.

26 3745 88 3787 ξπ
139 3723 162 3807 Ιὲ
289 3733 362 3787 Ad
391 3730 642 3787 Romani
661 3728 892 3799 imperii
921 3742 1116 3781 curam
1143 3724 1348 3780 attinet
1369 3741 1471 3796 per
1498 3729 1684 3779 totum
1716 3723 1918 3778 orbem

26 3830 94 3877 si
144 3822 166 3883 ί
243 3820 613 3874 Romanorum
653 3815 976 3871 constitutis
1020 3814 1268 3869 ecclesiis
1320 3812 1607 3883 imperiali
1638 3816 1918 3883 potestate

28 3914 97 3965 ᾑμεὲ
149 3900 165 3972 l
244 3907 563 3962 defensionis
597 3905 808 3960 auxilia
856 3902 1202 3969 ministrare,
1232 3905 1296 3955 ut
1348 3902 1471 3972 ejus
1520 3900 1815 3971 juvamine
1849 3900 1920 3954 ab

248 3996 519 4050 hominum
554 3992 877 4047 inﬁdelium
910 4007 1008 4046 seu
1056 4006 1366 4061 pravorum
1407 3994 1639 4044 tueatur
1676 3988 1919 4058 impetu.

252 4085 465 4139 Proinde
524 4081 821 4138 Casinensi
868 4080 1125 4134 Ecclesiae
1178 4078 1559 4150 providentes,
1622 4078 1924 4131 Benedicto

28 4187 113 4237 mea
150 4166 175 4243 ι
254 4173 373 4227 sedis
403 4170 734 4243 apostolicae
778 4168 1057 4239 pontifex,
1089 4184 1219 4239 quae
1246 4166 1551 4237 specialius
1604 4166 1676 4220 ad
1724 4166 1927 4219 Roma-

100 4284 118 4311 ρ.
160 4255 179 4351 Ι
260 4278 370 4316 num
428 4263 645 4331 spectat
682 4257 1012 4328 imperium,
1073 4261 1130 4310 et
1177 4255 1661 4326 praedecessorum
1691 4259 1922 4309 nostro-
1963 4297 2009 4351 Β

28 4366 119 4419 ποίεε
163 4343 188 4419 ὃ
262 4365 366 4404 rum
394 4364 618 4403 camera
657 4347 727 4401 ab
783 4345 908 4415 ipso
941 4361 1058 4399 suae
1096 4343 1535 4398 constructionis
1561 4343 1797 4398 exordio
1829 4360 1928 4397 ex-

28 4455 126 4509 [meo
168 4438 187 4509 |
266 4438 396 4507 stitit,
432 4450 675 4508 quaeque
707 4435 777 4489 ab
827 4433 1088 4487 omnium
1118 4431 1454 4486 mortalium
1481 4431 1783 4486 dominatu
1814 4431 1929 4485 im-

32 4562 58 4599 ε
86 4534 129 4583 es
169 4520 189 4599 Ι
267 4528 425 4581 munis
453 4522 769 4596 permansit
799 4527 858 4576 et
903 4522 1118 4587 libera;
1155 4521 1417 4575 eamdem
1473 4521 1781 4575 Ecclesiam
1840 4520 1928 4575 di-

28 4610 191 4693 ,5
270 4619 492 4669 taveraut
561 4610 851 4682 imperiali
926 4610 1354 4677 muniﬁcentia;
1422 4610 1755 4680 paternitati
1816 4614 1930 4663 tua:

30 4697 195 4782 “ml
273 4702 704 4757 commendamus
758 4716 831 4753 ne
890 4715 1004 4769 qua
1066 4700 1123 4753 vi
1176 4698 1589 4769 cujuscumque
1637 4697 1931 4769 potestatis

40 4796 143 4871 ειεέλ-
176 4786 201 4871 1
276 4793 519 4863 quidlibet
541 4790 820 4859 injustun:
839 4786 1113 4858 patiatur,
1144 4787 1300 4840 salvo
1332 4804 1399 4841 eo
1430 4787 1584 4857 quod
1612 4786 1935 4858 specialiter

30 4896 145 4965 nnﬁd‘é
183 4874 205 4965 Ι
278 4884 322 4934 et
345 4876 687 4949 singulariter
738 4892 860 4947 prae
890 4876 1111 4931 ueteris
1164 4874 1291 4930 aliis
1323 4875 1584 4930 Ecclesiis
1615 4876 1684 4930 ad
1727 4877 1934 4929 Roma-

50 4964 217 5047 γσῃῃι)
280 4984 395 5023 num
434 4965 733 5038 imperium
782 4969 1039 5035 spectare
1078 4964 1320 5019 videtur.
1380 4965 1523 5019 Nam
1572 4980 1703 5018 cum
1752 4964 1938 5018 omnis

30 5052 211 5145 smmi]
284 5055 491 5112 Ecclesia
532 5054 599 5108 ab
660 5053 817 5106 omni
868 5052 1243 5107 conditionali
1286 5069 1384 5107 seu
1446 5053 1638 5106 servili
1688 5068 1838 5106 nexu
1868 5054 1941 5109 sit

36 5141 109 5237 ὦ
132 5156 159 5204 εί
189 5141 209 5237 Ι
286 5145 449 5207 libera,
481 5146 615 5209 Spw
858 5148 1012 5195 'atem
1043 5148 1172 5212 post
1201 5142 1353 5196 sedis
1376 5143 1651 5196 Romamn
1691 5141 1941 5211 dignita-

289 5250 382 5289 tem
430 5236 473 5285 li'
1034 5230 1299 5327 licclesia,
1360 5244 1489 5331 quae
1554 5232 1779 5331 patrem
1800 5226 1941 5331 ‘Be:

1016 5320 1136 5371 ica:
1204 5317 1594 5387 principatum
1663 5318 1836 5380 tenet,
1889 5318 1946 5368 et

1072 5406 1515 5473 praedecessores
1547 5403 1946 5474 imperatores,

1210 5492 1548 5554 Ludovicus,
1623 5490 1943 5560 Lotharius,

1058 5596 1179 5636 ores
1210 5596 1374 5636 suam
1405 5577 1712 5632 specialem
1752 5594 1944 5636 came-

32 5372 67 5402 ;n
92 5332 161 5402 .‘C‘lj
293 5340 337 5375 Γ,

1066 5512 1126 5559 ιδ,

32 5378 70 5421 ιιι
196 5378 213 5441 γ

32 5480 38 5513 ι
68 5438 164 5499 οων

33 5484 435 6286 ΐ

38 5638 99 5693 deC

1996 548 2300 617 praefatum
2333 550 2661 604 cmnobium
2690 553 3025 622 paternitati
3058 560 3171 611 tuas
3202 563 3687 631 commendamus,

1996 640 2061 689 ut
2089 635 2242 690 illius
2274 644 2676 709 cooperatores
2724 641 3028 710 exsistatis,
3087 651 3143 698 et
3164 646 3251 715 [ab
3310 651 3575 705 omnibus
3605 653 3694 707 in-

1996 722 2392 779 festationibus
2425 726 2769 797 defendatis,
2817 746 2934 783 non
2980 736 3041 784 ut
3098 735 3509 804 exterminetis,
3542 742 3695 795 salvo

1997 827 2063 865 eo
2089 812 2243 883 quod
2269 814 2339 868 ad
2369 820 2627 869 nostrum
2658 816 2969 886 imperium
3024 826 3257 891 spectat.
3321 825 3696 883 Concedimus

1998 901 2171 954 etiam
2220 902 2326 956 tibi
2352 902 2579 974 tuisque
2618 906 3039 961 successoribus
3078 914 3566 969 consecrationem
3598 917 3697 971 ab-

1997 987 2147 1041 batis
2194 988 2538 1053 Casinensis,
2588 997 2644 1046 et
2692 993 2761 1047 de
2791 994 3048 1063 ejusdem
3104 998 3213 1052 loci
3270 1001 3607 1071 redditibus,
3639 1004 3700 1059 in

1999 1077 2189 1130 eundo
2212 1082 2267 1131 et
2298 1079 2589 1134 redeundo
2614 1082 3025 1150 Beneventum,
3076 1090 3137 1138 ut
3175 1104 3356 1141 unum
3390 1092 3699 1159 prandium

2000 1165 2325 1235 apostolica:
2386 1166 2535 1220 sedis
2592 1169 2850 1238 pontiﬁci
2892 1179 3220 1241 praeparent
3275 1178 3696 1248 constituimus,

2000 1253 2333 1324 nullamque
2365 1255 2538 1308 aliam
2589 1261 2930 1326 potestatem
2964 1261 3050 1314 vel
3082 1262 3406 1319 dominium
3437 1267 3506 1322 de
3538 1268 3697 1323 Casi-

2001 1342 2166 1395 nensi
2187 1343 2444 1397 coenobio
2468 1344 2788 1400 Romanum
2820 1348 3151 1416 pontiﬁcem
3178 1351 3388 1407 habere
3413 1356 3695 1425 volumﬁs,

2002 1430 2103 1484 sed
2151 1430 2293 1484 sicut
2322 1447 2548 1502 semper
2580 1433 2946 1503 singulariter
2976 1442 3031 1491 et
3087 1440 3408 1509 specialiter
3455 1443 3557 1497 sub
3590 1444 3698 1499 im-

2002 1518 2284 1588 peratoris
2310 1518 2439 1588 jura
2471 1535 2502 1571 a
2543 1535 2660 1572 suae
2691 1522 3128 1577 constructionis
3190 1528 3400 1581 mansit
3445 1531 3696 1599 exordio,

2003 1607 2081 1659 ita
2110 1607 2270 1660 illam
2322 1606 2652 1676 perenniter
2702 1624 2936 1663 manere
2974 1611 3254 1667 volumus.
3308 1614 3563 1671 Obeunte
3596 1636 3702 1673 au-

2004 1698 2125 1747 tem
2193 1692 2484 1749 Casinensi
2540 1693 2764 1762 abbate,
2815 1695 2981 1764 juxta
3058 1702 3319 1752 tenorem
3379 1700 3590 1769 regulae
3648 1704 3705 1753 et

2006 1785 2337 1836 sanctorum
2366 1784 2654 1835 canonum
2703 1789 3081 1854 prmceptum,
3122 1785 3296 1839 abbas
3338 1786 3468 1840 vitae
3499 1787 3704 1841 merito

2007 1874 2065 1925 et
2093 1870 2351 1925 doctrina
2407 1870 2659 1923 scientiae
2692 1887 2758 1924 ex
2807 1872 3075 1926 omnibus
3106 1874 3370 1943 eligatur,
3417 1880 3473 1929 et
3509 1876 3703 1928 catho-

2006 1959 2132 2022 lice,
2165 1976 2281 2012 non
2321 1958 2628 2012 simoniace
2659 1959 2977 2027 ordinetur,
3043 1977 3290 2031 moxque
3322 1961 3489 2016 nobis
3536 1962 3703 2015 inno-

2005 2050 2201 2114 tescat,
2253 2046 2477 2117 ipsique
2529 2063 2633 2116 per
2688 2048 3053 2116 pragmaticae
3103 2048 3411 2102 sanctionis
3455 2050 3705 2103 edictum

2009 2151 2305 2190 assensum
2334 2136 2647 2206 praebeant,
2683 2134 2875 2205 sicque
2924 2136 3159 2190 demum
3207 2138 3464 2191 Romano
3512 2138 3706 2207 ponti-

2007 2223 2101 2279 ﬁci
2129 2223 2343 2294 absque
2372 2223 2529 2277 omni
2560 2223 2863 2277 venalitate
2895 2226 3317 2278 consecrandus
3349 2226 3705 2280 exhibeatur.

2010 2312 2175 2377 Quod
2196 2311 2440 2365 sialiter
2498 2316 2686 2365 actum
2754 2311 2947 2377 fuerit,
3012 2313 3358 2383 prohibeant
3403 2330 3711 2383 pravorum

2008 2402 2199 2455 valere
2240 2416 2602 2468 consensum,
2638 2399 2783 2454 etin
2830 2400 3088 2470 ejusdem
3122 2401 3229 2454 loci
3259 2402 3542 2471 regimine
3596 2402 3713 2455 im-

2009 2494 2260 2561 perator,
2298 2488 2399 2558 qui
2427 2504 2532 2558 pro
2578 2494 2835 2558 tempore
2864 2489 3057 2551 fuerit,
3088 2505 3218 2542 cum
3248 2490 3519 2544 fratribus
3553 2490 3711 2559 ejus-

2010 2578 2142 2633 dem
2207 2576 2451 2631 cmnobii
2527 2576 2767 2645 dignum
2820 2576 3095 2646 praeﬁciat
3164 2577 3427 2630 abbatem
3482 2577 3713 2647 qualem

2011 2667 2311 2721 meliorem
2342 2670 2399 2718 et
2446 2664 2766 2734 digniorem
2797 2665 3168 2734 Romanoque
3208 2664 3453 2733 imperio
3484 2666 3714 2719 ﬁdelem

2010 2754 2313 2819 invenerit,
2356 2754 2573 2823 absque
2618 2752 2923 2822 cujuslibet
2970 2752 3369 2822 inquietudine
3400 2770 3463 2807 ac
3493 2759 3717 2808 contra-

2014 2844 2282 2900 dictione.
2331 2844 2389 2897 Si
2438 2848 2631 2896 autem
2672 2842 2961 2912 quispiam
3011 2842 3144 2895 huic
3182 2847 3393 2895 nostrae
3443 2843 3717 2897 constitu-

2012 2932 2161 2987 tioni
2215 2932 2426 2986 violare
2472 2930 2925 3001 praesumpserit,
2981 2930 3121 2983 sciat
3166 2948 3223 2984 se
3259 2931 3718 3001 compositurum

1939 3017 1980 3071 C
2017 3020 2144 3076 auri
2199 3019 2493 3091 purissimi
2558 3019 2729 3073 libras
2805 3018 2981 3084 mille,
3042 3019 3412 3073 medietatem
3474 3036 3718 3075 camerae

2018 3113 2249 3175 nostrae,
2275 3113 2332 3163 et
2361 3108 2725 3162 medietatem
2777 3107 3051 3177 praedicto
3095 3108 3462 3177 monasterio,
3496 3113 3552 3162 et
3596 3108 3720 3163 haec

2020 3197 2313 3253 concessio
2348 3198 2516 3251 ﬁrma
2552 3202 2888 3267 permaneat
2930 3211 3175 3265 semper.
3210 3196 3369 3259 Quod
3399 3196 3482 3265 {ut
3532 3197 3719 3251 verius

2022 3287 2304 3353 credatur,
2356 3301 2533 3339 manu
2588 3289 2785 3338 nostra
2837 3284 3130 3349 roborare,
3181 3289 3236 3338 et
3291 3285 3493 3338 annuli
3538 3284 3721 3339 nostri

2020 3373 2401 3444 impressione
2433 3373 2629 3426 subter
2659 3372 2819 3425 illam
2854 3371 3132 3441 insignire
3165 3373 3537 3426 decrevimus.

2093 3460 2322 3526 Signum
2365 3458 2551 3511 damni
2601 3460 2825 3512 Henrici
2870 3460 3205 3513 serenissimi
3233 3462 3596 3515 Romanorum
3623 3460 3718 3512 im-

2020 3548 2289 3618 peratoris
2322 3547 2586 3612 Augusti.

2096 3637 2211 3706 Ego
2262 3634 2594 3689 Chonradus
2634 3632 2745 3687 dux
2803 3633 3001 3687 domui
3038 3635 3399 3705 imperatoris
3428 3631 3717 3689 consobri-

2025 3740 2136 3778 nus
2196 3722 2525 3792 subscripsi.
2602 3750 2673 3761 —
2737 3722 3121 3776 Theodoricus
3179 3722 3545 3777 caucellarius
3600 3719 3717 3772 vice

2028 3810 2235 3867 Edonis
2285 3808 2771 3880 Papendegrensis
2828 3809 3079 3880 episcopi
3126 3816 3182 3865 et
3241 3805 3717 3865 archicancellarii

2028 3898 2375 3970 recognovit.
2416 3902 2583 3953 Auno
2624 3897 2693 3951 ab
2741 3898 3136 3953 incarnatione
3191 3898 3419 3954 Domini
3458 3898 3603 3960 l022,
3635 3893 3716 3947 in-

2032 3988 2280 4044 dictione
2329 3988 2551 4057 quinta,
2605 4002 2752 4040 anno
2790 4002 2917 4039 vero
2959 3987 3157 4040 domui
3195 3986 3418 4041 Henrici
3449 3982 3716 4038 excellen-

2031 4075 2241 4130 tissimi
2268 4092 2330 4129 ac
2355 4074 2715 4129 invictissimi
2766 4076 3153 4129 Romanorum
3206 4070 3560 4144 imperatoris
3609 4082 3712 4121 au-

2034 4164 2205 4236 gusti,
2228 4163 2393 4233 regni
2423 4165 2513 4229 22,
2546 4162 2884 4232 imperantis
2906 4169 3095 4217 autem
3127 4180 3294 4217 nono.

2106 4256 2308 4309 Actum
2331 4251 2393 4305 in
2420 4256 2617 4305 monte
2645 4251 2846 4306 Casino
2867 4251 3120 4305 feliciter.
3150 4256 3347 4305 Amen.

2758 4357 2999 4411 CXXVII.

2037 4451 2094 4506 S.
2172 4447 2435 4502 Henricus
2514 4447 2589 4499 ΙΙ
2641 4447 2770 4515 imp.
2832 4435 3512 4515 Ecclesiaeﬂambergensi
3535 4432 3713 4515 .donat

2102 4517 2375 4590 praedium
2450 4506 2790 4590 Hormunz‘e‘
2829 4518 2885 4590 in
2955 4510 3325 4590 archidiwcesi.
3392 4506 3709 4569 Trevirensi,

2110 4581 2255 4659 quod
2286 4603 2320 4641 a
2353 4590 2599 4659 Poppone
2630 4588 3029 4655 archiepiscopo
3058 4581 3341 4647 acceperat.

2537 4676 2719 4748 (Anno
2768 4677 2920 4741 1022,
2971 4674 3022 4724 Η
3067 4669 3220 4732 Νου.)

2224 4764 2604 4838 [Hontheims,
2643 4767 2783 4821 Hist.
2838 4762 3033 4815 Trevir.
3066 4755 3283 4823 diplom.
3308 4752 3349 4819 Ι,
3383 4750 3535 4823 357.]

2113 4874 2180 4927 In
2211 4871 2442 4925 nomine
2495 4876 2696 4925 sanctas
2726 4872 2781 4921 et
2826 4861 3121 4917 individuze
3164 4857 3472 4922 Trinitatis,
3501 4858 3717 4928 lHBNRl-

2046 4978 2143 5018 cus
2176 4960 2273 5015 Dei
2303 4960 2525 5015 favente
2550 4955 2840 5013 clementia
2873 4953 3027 5005 Rom.
3071 4947 3384 5017 imperator
3408 4948 3713 5015 Augustus.

2118 5049 2416 5117 Quoniam,
2487 5042 2871 5117 temporalium
2922 5036 3225 5091 amissione
3265 5030 3715 5095 bonorum,sine
3778 5083 3789 5090 _

2050 5141 2165 5196 ﬁne
2195 5136 2544 5192 manentium
2595 5132 2857 5186 debemus
2898 5139 3123 5193 sperare
3162 5120 3709 5178 remunerationem,

2051 5234 2253 5284 notum
2284 5225 2356 5279 sit
2398 5222 2649 5277 omnibus
2695 5213 2952 5269 ﬁdelibus
2979 5212 3189 5266 nostris
3237 5212 3481 5283 qualiter
3508 5204 3557 5251 et
3584 5202 3700 5284 nisi

2053 5333 2160 5390 pro
2212 5311 2456 5369 remedio
2508 5306 2704 5361 animae
2752 5305 2959 5356 nostra:
2990 5306 3433 5364 nostrorumque
3457 5277 3692 5413 ἓξὲξῗὲιῖ

2635 5407 2728 5413 --λν-
2789 5390 2967 5413 -ΑΙ--ιλ
3040 5386 3411 5413 λ;ι,.,ι;,,,,;,ηφ
3620 5410 3652 5413 ﬂ

2055 5386 2269 5467 sarum,
2322 5414 2421 5453 nec
2470 5411 2579 5449 non
2633 5407 2733 5463 pro
2787 5390 2969 5444 salute
3035 5386 3631 5495 dilectissimww‘lig‘;i

2312 5489 2340 5495 _
2587 5487 2596 5495 .
2652 5481 2662 5491 .
3095 5476 3344 5495 .-___-_.....
3556 5488 3564 5495 .

2053 5497 2258 5549 nostrae
2304 5489 2358 5542 C.
2400 5483 2604 5538 scilicet
2646 5478 3029 5550 imperatl‘icis
3081 5458 3630 5585 Αυεηεμῗορεῖέυμςμ

2068 5580 2109 5591 Π
2290 5590 2293 5591 ⁷
2356 5574 2397 5591 ”
2433 5573 2617 5591 nu“
2669 5566 3015 5591 η’·η-ε-λ-ι-ει-
3059 5559 3326 5591 η-ηιιςρηις

2054 5580 2211 5639 dium
2245 5574 2403 5647 quale
2432 5573 2623 5642 Poppo
2669 5566 3018 5627 Trevirensis
3057 5559 3299 5617 archiepl
