3944 6340
3762 290 3858 341 368

356 308 454 361 367
1658 298 1712 348 S.
1757 292 2038 348 HENRICI
2080 291 2554 346 IMPERATORIS

351 431 526 497 dedit,
562 428 710 498 (l78)
731 427 791 479 in
814 427 1136 479 Hormunze
1168 423 1358 486 situm,
1393 423 1453 475 in
1485 436 1773 490 pago......
1797 419 1856 472 in
1878 416 2048 472 comi—
2080 418 2124 470 A
2163 415 2384 470 abbatis
2453 414 2639 468 adhuc
2689 413 2752 466 in
2819 427 2987 465 carne
3064 411 3304 467 viventis
3358 425 3860 481 successurumque

348 525 612 575 tatu......
666 513 910 575 comitis,
959 529 1090 566 cum
1120 511 1286 576 areis,
1337 509 1611 572 adiﬁciis,
1685 507 1858 576 agris,
1887 506 2046 558 vine-
2156 505 2330 568 illius,
2365 503 2488 556 sine
2518 499 2891 555 beneﬁciario
2934 517 3039 553 usu
3073 499 3374 565 consistat;
3424 501 3701 569 nullaque
3731 515 3856 568 per-

351 608 444 675 tis,
477 604 673 676 pratis,
707 601 948 672 pascuis,
995 599 1173 665 silvis,
1233 598 1394 667 aquis
1422 609 1818 666 aquarumque
1849 594 2046 647 decur-

353 695 532 762 sibus,
581 689 1015 762 piscationibus,
1071 687 1178 739 viis
1223 690 1277 738 et
1324 685 1511 750 inviis,
1555 683 1799 736 exitibus
1821 686 1874 734 et
1904 679 2051 734 redi-

352 784 528 847 tibus,
579 778 880 849 mancipiis
937 776 1237 845 utriusque
1267 790 1456 841 sexus,
1490 771 1742 842 quasitis
1772 776 1828 824 et
1858 768 2049 839 inqui-

351 869 568 936 rendis,
600 882 844 936 cumque
887 863 1158 917 omnibus
1189 861 1551 925 utensilibus,
1602 875 1731 929 qua
1764 859 1850 911 vel
1882 855 2052 910 scribi

350 959 440 1011 vel
470 955 758 1010 nominari
805 957 1066 1023 possunt,
1096 951 1166 1004 ad
1201 951 1378 1002 altare
1433 949 1488 1002 S.
1541 947 1694 1000 Petri
1760 945 2049 1015 apostolo-

350 1062 482 1100 rum
535 1042 827 1113 principis,
884 1041 945 1092 in
994 1054 1164 1092 usum
1221 1035 1474 1106 episcopi
1525 1035 1910 1104 episcopalem
1965 1048 2050 1084 se-

351 1133 482 1187 dem
539 1126 1023 1198 Babenbergensis
1086 1124 1350 1178 Ecclesia
1425 1122 1788 1192 possidentis,
1854 1136 2054 1190 perpe-

351 1220 584 1274 tualiter
640 1216 967 1271 habendum
1028 1213 1328 1279 donamus,
1365 1217 1422 1264 et
1477 1211 1547 1264 de
1585 1215 1782 1262 nostro
1825 1209 1958 1278 jure
1992 1208 2053 1261 in

353 1308 476 1377 ejus
513 1307 608 1375 jus
641 1304 878 1358 omnino
910 1298 1387 1355 transfundimus.
1425 1299 1583 1353 Unde
1614 1298 1812 1352 eadem
1861 1297 2052 1366 impe-

349 1394 480 1448 riali
506 1397 804 1464 potestate,
840 1407 954 1461 qua
1003 1389 1193 1443 caeteri
1225 1392 1358 1441 ante
1415 1403 1519 1440 nos
1565 1402 1726 1456 reges
1756 1386 1842 1439 vel
1876 1385 2054 1454 impe-

350 1488 570 1536 ratores
597 1481 894 1549 hucusque
923 1482 1055 1531 sunt
1086 1476 1190 1540 usi,
1225 1475 1593 1545 pracipimus
1623 1490 1695 1526 ne
1735 1473 1864 1544 quis
1906 1473 2054 1526 hanc

349 1569 718 1624 traditionem
775 1571 1027 1620 nostram
1085 1565 1292 1619 audeat
1321 1563 1551 1616 violare.
1588 1564 1653 1616 Et
1681 1567 1748 1616 ut
1772 1563 1896 1615 hac
1949 1577 2047 1614 no-

350 1663 466 1712 stra
524 1657 830 1710 auctoritas
882 1653 1101 1708 stabilis
1130 1658 1188 1706 et
1246 1652 1575 1706 inconvulsa
1613 1655 1864 1715 maneat,
1907 1649 2053 1703 hanc

349 1745 624 1817 paginam
651 1743 781 1797 inde
833 1739 1132 1806 conscribi,
1177 1755 1354 1793 manu
1410 1739 1643 1809 propria
1691 1738 2048 1804 roborantes,

351 1834 516 1902 signo
539 1842 735 1885 nostro
759 1829 1047 1900 imperiali
1063 1827 1342 1897 jussimus
1381 1825 1676 1896 insigniri.

421 1922 561 1974 Data
589 1921 689 1974 IlI.
727 1918 855 1971 idus
911 1915 1246 1971 Novembris
1291 1914 1493 1968 indict.
1534 1916 1596 1968 V.
1653 1917 1817 1967 Anno
1865 1911 2052 1967 Domi-

348 2009 492 2063 nica
530 2005 943 2060 incarnationis
995 2005 1129 2057 1024
1173 2005 1378 2072 (potius
1420 2003 1601 2069 1022).
1661 2004 1822 2054 Anno
1853 1999 2050 2055 domni

351 2098 418 2151 H.
457 2095 690 2150 secundi
715 2093 1007 2165 regnantis
1045 2106 1162 2158 xxx,
1197 2091 1429 2160 imperii
1449 2107 1581 2144 vero
1605 2106 1734 2160 ym.
1772 2102 1783 2118 θ

418 2185 623 2236 Actum
652 2185 922 2252 Augusta
940 2179 1198 2233 feliciter.
1232 2180 1434 2232 Amen.

1065 2267 1330 2320 CXXVIII.

349 2358 412 2411 S.
478 2358 754 2412 Henricus
797 2358 852 2410 Il
879 2358 1011 2424 imp.
1044 2357 1366 2408 monasterio
1419 2354 1804 2422 Epternacensi
1854 2351 2049 2421 conﬁr-

952 2431 1065 2480 mat
1084 2428 1178 2494 jus
1205 2429 1443 2478 moneta.

863 2515 1044 2582 (Auno
1082 2515 1212 2568 1023
1250 2516 1313 2568 18
1347 2512 1546 2581 junii.)

534 2602 878 2672 [Hontheim,
938 2605 1080 2656 Hist.
1120 2604 1326 2655 Trevir.
1378 2601 1604 2669 diplom.
1640 2600 1683 2664 Ι,
1714 2598 1865 2670 858.]

418 2693 484 2746 In
516 2691 751 2745 nomine
809 2695 1016 2743 sancta
1046 2693 1102 2742 et
1130 2689 1442 2742 individua
1495 2687 1808 2752 Trinitatis,
1842 2689 2050 2742 Hamu-

348 2797 444 2836 cus
484 2779 678 2835 divina
724 2779 948 2833 favente
981 2778 1284 2832 clementia
1315 2778 1709 2831 Romanorum
1738 2776 2052 2846 imperator

351 2871 659 2939 Augustus.

2157 597 2324 646 sonat
2355 605 2560 659 magna
2591 589 2704 642 sive
2725 605 2920 658 parva,
2955 587 3251 652 clericalis,
3286 591 3383 640 aut
3415 586 3660 652 laicalis,
3685 601 3859 655 super

2159 695 2286 734 eam
2315 677 2520 730 dehinc
2565 676 2819 746 aliquam
2873 678 3216 745 potestatem
3267 673 3495 739 habeat,
3545 673 3659 727 nisi
3708 674 3856 742 ejus-

2159 767 2288 820 dem
2323 764 2578 818 Ecclesia
2611 764 2782 817 abbas
2829 763 3035 833 suique
3083 778 3458 827 successores,
3511 768 3568 817 et
3589 761 3857 816 monachi

2158 855 2240 908 ibi
2284 856 2397 908 Deo
2446 858 2504 906 et
2545 857 2738 906 sancto
2768 851 3134 905 Willibrordo
3169 851 3453 920 servituri,
3485 851 3552 904 ad
3597 849 3858 902 Ecclesia

2160 947 2584 1005 ornamentum,
2616 944 2673 994 et
2693 939 3014 1011 prabenda
3039 955 3156 992 sua
3184 944 3588 1008 augmentum;
3619 954 3690 992 ea
3713 937 3861 990 vide-

2160 1028 2292 1082 licet
2352 1027 2571 1080 ratione
2611 1031 2675 1080 ut
2721 1043 2815 1080 eos
2872 1042 2976 1096 pro
3017 1029 3209 1078 nostra
3253 1025 3436 1078 salute
3495 1029 3552 1078 et
3605 1023 3858 1077 remedio

2161 1118 2482 1171 animarum
2528 1119 2834 1185 parentum
2893 1118 3222 1168 nostrorum
3275 1114 3653 1184 omniumque
3715 1113 3856 1166 ﬁde-

2159 1205 2300 1260 lium
2352 1204 2750 1258 defunctorum
2800 1205 2978 1257 Deum
3010 1203 3258 1272 amplius
3301 1203 3540 1256 delectet
3602 1217 3858 1256 exorare.

2233 1295 2296 1347 Et
2348 1297 2410 1346 ut
2459 1293 2579 1345 bac
2611 1295 2823 1345 nostra
2853 1290 3308 1344 conﬁrmationis
3340 1295 3692 1361 praceptum
3724 1289 3859 1343 inde

2160 1382 2549 1451 conscriptum
2637 1381 2739 1450 (hic
2818 1379 3031 1448 aliquid
3099 1379 3372 1449 omissum)
3439 1379 3616 1450 sigilli
3682 1377 3862 1432 nostri

2160 1471 2540 1540 impressione
2593 1468 2810 1540 signari
2845 1468 3137 1538 jussimus,
3189 1484 3480 1539 manuque
3511 1468 3769 1538 propria,
3803 1470 3865 1520 ut

2160 1559 2309 1614 infra
2329 1559 2572 1626 videtur,
2607 1556 3124 1612 corroboravimus.

2233 1641 2458 1707 Signum
2535 1639 2744 1693 domini
2796 1639 3039 1693 Heinrici
3084 1639 3460 1706 {Romanorum
3516 1636 3868 1691 invictissimi

2161 1714 2505 1780 imperatoris
2537 1711 2776 1776 augusti.

2233 1788 2579 1844 Guntherius
2624 1787 3017 1843 cancellariius
3055 1787 3177 1842 vice
3217 1786 3485 1842 Aribonis
3509 1785 3861 1856 archicapel-

2161 1879 2279 1932 lani
2306 1877 2655 1948 recognovit.

2233 1968 2374 2020 Data
2394 1983 2483 2020 xiv
2498 1966 2738 2019 Kalend.
2761 1965 2915 2032 Julii,
2937 1964 3136 2019 indict.
3159 1981 3233 2027 v1,
3255 1980 3408 2019 anno
3435 1963 3750 2019 Dominica
3773 1963 3861 2018 in-

2159 2053 2507 2110 carnationis
2521 2057 2655 2109 1023
2665 2094 2678 2108 .
2691 2055 2855 2108 Anno
2876 2053 3098 2108 domini
3114 2053 3366 2110 Heinrici
3379 2053 3614 2109 secundi
3626 2069 3871 2124 regnan-

2159 2142 2230 2196 tis
2260 2159 2391 2209 xxu,
2415 2141 2645 2212 imperii
2668 2157 2801 2195 vero
2832 2158 2884 2194 x.

2227 2234 2428 2286 Actum
2463 2231 2624 2284 Nuiss
2655 2229 2912 2283 feliciter.
2943 2230 3146 2284 Amen.

2893 2300 3108 2355 CXXIX.

2160 2370 2222 2426 Β.
2272 2373 2532 2425 Henricus
2561 2373 2642 2426 II.
2679 2373 2812 2439 imp.
2863 2371 3004 2424 6650
3033 2385 3246 2426 mansos
3293 2370 3362 2424 ab
3411 2371 3604 2425 abbate
3649 2374 3714 2428 S.
3752 2373 3871 2426 Ma-

2229 2445 2431 2496 ximini
2489 2444 2548 2496 in
2606 2443 2913 2510 beneﬁcium
2964 2444 3184 2510 accipit,
3241 2457 3374 2510 quos
3423 2444 3628 2496 Ezzoni
3677 2444 3872 2496 comiti

2224 2515 2496 2581 palalino,
2556 2516 2606 2565 et
2633 2515 2882 2566 Heiu-rice
2933 2511 3078 2579 duci,
3134 2528 3226 2566 nec
3276 2529 3380 2566 non
3412 2513 3636 2567 Otlhoni
3681 2515 3871 2567 comiti

2232 2585 2590 2651 bene/iciavit.

2623 2654 2805 2722 (Anno
2843 2655 2999 2716 1023,
3036 2655 3100 2707 10
3131 2653 3392 2723 Decemb.)

2821 2723 2956 2796 [Ubi
2976 2722 3195 2796 supragj

2233 2795 2299 2847 In
2329 2792 2562 2847 nomine
2609 2792 2904 2847 sancta—et
2945 2792 3255 2848 individua
3296 2793 3609 2862 Trinitatis,
3642 2796 3872 2848 Hamm-

2161 2890 2257 2928 cus
2296 2875 2487 2928 divina
2511 2874 2732 2927 favente
2753 2875 3059 2928 clementia
3106 2874 3496 2928 Romanorum
3540 2875 3868 2946 imperator

417 2957 647 3010 Noverit
691 2955 951 3009 omnium
1010 2953 1220 3009 Christi
1294 2957 1736 3021 nostrorumque
1790 2950 2046 3004 ﬁdelium
2088 2964 2128 3018 c
2159 2956 2470 3022 Augustus.

341 3045 684 3099 universitas
715 3044 959 3115 qualiter
985 3059 1108 3104 nos,
1145 3057 1248 3111 pro
1278 3041 1535 3094 remedio
1587 3040 1794 3093 anima
1835 3043 2046 3092 nostra

346 3137 762 3205 parentumque
818 3135 1170 3196 nostrorum,
1244 3144 1349 3182 nec
1421 3144 1538 3182 non
1592 3142 1696 3197 per
1765 3128 2047 3181 interven-

352 3226 476 3276 tum
508 3221 654 3292 (179)
675 3220 902 3275 Henrici
927 3218 1260 3272 Boariorum
1282 3217 1439 3271 ducis
1457 3216 1672 3285 inclyti,
1699 3215 2042 3269 monasterio

351 3310 669 3379 Epternach
707 3308 875 3373 dicto,
929 3311 1216 3358 monetam
1250 3321 1281 3358 a
1307 3304 1532 3358 seniore
1572 3309 1777 3374 nepote
1804 3309 1860 3356 et
1888 3309 2044 3357 ante-

348 3413 568 3451 cessore
636 3401 855 3461 nostro,
904 3394 1070 3447 tertio
1137 3392 1404 3446 videlicet
1451 3393 1654 3446 Ottone
1698 3392 2042 3462 imperatore

345 3487 619 3556 Augusto,
645 3498 993 3548 concessam,
1029 3482 1087 3535 in
1118 3499 1226 3552 qua
1261 3480 1483 3534 nummi
1515 3480 1862 3551 probabiles,
1898 3482 2044 3536 sicut

345 3573 405 3626 in
444 3573 571 3626 aliis
595 3573 734 3625 locis
762 3571 932 3639 regiae
977 3570 1247 3640 potestati
1301 3568 1562 3633 subditis,
1618 3569 2038 3639 percutiantur,

344 3661 416 3714 ad
468 3676 634 3712 usum
696 3659 953 3712 Ecclesia
1001 3663 1057 3710 et
1109 3657 1520 3710 monachorum
1583 3657 1696 3709 Deo
1729 3661 2036 3726 sanctoque

343 3747 700 3808 Willibrordo
760 3745 1068 3799 confessori
1127 3745 1219 3798 die
1297 3751 1576 3814 nocteque
1644 3745 2038 3814 servientium,

341 3851 445 3906 per
473 3836 619 3888 hanc
650 3840 904 3887 nostram
947 3833 1302 3902 imperialem
1348 3833 1621 3903 paginam
1654 3833 2035 3900 concedimus,

339 3938 682 3976 renovamus
713 3927 882 3992 atque
911 3923 1346 3987 conﬁrmamus;
1379 3927 1434 3974 et
1481 3927 1542 3973 ut
1572 3920 1771 3974 eadem
1807 3927 2038 3976 moneta

340 4011 610 4080 deinceps
650 4010 752 4064 sub
807 4016 1084 4079 perpetuo
1130 4010 1260 4079 jure
1294 4008 1554 4062 Ecclesia
1583 4009 1944 4079 supradicta,
1979 4015 2032 4064 et

410 4133 557 4202 (178)
590 4135 652 4187 Ιη
683 4136 984 4187 Hormunze
1015 4135 1197 4186 situm.
1249 4132 1407 4186 Modo
1469 4133 1670 4198 Ormiz,
1722 4149 1818 4185 seu
1854 4136 2034 4188 Urmiz

2226 3041 2492 3105 Quamvis
2531 3041 2600 3094 ab
2642 3041 3036 3095 ecclesiasticis
3088 3041 3544 3096 institutionibus
3575 3049 3630 3098 et
3670 3060 3706 3097 a
3753 3059 3860 3114 ra-

2152 3129 2332 3183 ternis
2383 3129 2727 3199 prajudiciis
2776 3128 2922 3183 nulli
2963 3129 3037 3182 sit
3095 3129 3315 3183 licitum
3371 3130 3614 3195 deviare,
3667 3132 3861 3185 nostri

2152 3221 2345 3271 tamen
2373 3216 2519 3286 juris
2542 3221 2623 3270 est
2644 3233 2762 3286 pra
2811 3216 3032 3271 cateris
3057 3217 3115 3272 id
3157 3219 3340 3271 solum
3372 3223 3427 3271 et
3465 3219 3731 3288 speciale,
3771 3225 3858 3286 ut,

2150 3305 2306 3359 unde
2335 3305 2531 3358 ﬁdeles
2555 3306 2737 3358 nostri
2763 3305 2910 3359 infra
2938 3321 3181 3376 regnum
3213 3312 3467 3360 nostrum
3495 3308 3864 3377 Igravantur,

2151 3397 2250 3446 aut
2281 3393 2430 3447 unde
2447 3394 2710 3447 Ecclesia
2739 3394 2839 3447 Dei
2858 3394 3266 3448 detrimentum
3297 3394 3478 3466 magis
3508 3411 3679 3464 quam
3701 3412 3864 3450 com-

2151 3482 2386 3535 modum
2438 3483 2758 3552 patiuntur,
2793 3482 2852 3535 in
2889 3483 3092 3536 melius
3125 3483 3432 3537 debeamus
3471 3489 3859 3540 commutare.

2149 3569 2361 3623 Idcirco
2384 3570 2641 3623 ﬁdelium
2673 3575 3028 3637 nostrorum,
3085 3575 3202 3624 tam
3255 3571 3624 3641 praesentium
3674 3589 3861 3642 quam

2148 3658 2494 3722 futurorum,
2529 3659 2775 3712 solertia
2799 3665 2998 3713 notum
3019 3660 3146 3713 ﬁeri
3176 3660 3444 3728 cupimus
3465 3659 3718 3730 qualiter
3745 3677 3857 3714 nos

2148 3761 2216 3798 ex
2247 3746 2472 3800 abbatia
2637 3747 2872 3801 Joannis
2929 3747 3296 3817 evangelista
3345 3751 3400 3800 et
3440 3747 3495 3801 S.
3532 3747 3854 3810 Maximini,

2147 3850 2271 3903 qua
2301 3834 2361 3887 in
2395 3834 2667 3888 suburbio
2693 3834 3057 3888 Trevirorum
3080 3835 3190 3888 sita
3219 3840 3322 3902 est,
3351 3834 3448 3888 ubi
3479 3835 3721 3889 Haricho
3746 3836 3855 3890 ab-

2147 3922 2247 3975 bas
2269 3938 2511 3990 praesse
2535 3923 2778 3989 videtur,
2797 3924 3070 3993 quasdam
3093 3923 3239 3995 (180)
3260 3929 3445 3977 curtes
3466 3924 3852 3993 etterritoria,

2142 4010 2304 4063 villas
2331 4017 2388 4064 et
2409 4011 2815 4080 possessiones,
2837 4012 3049 4064 scilicet
3071 4011 3333 4082 (181)5ex
3346 4011 3526 4064 millia
3550 4018 3854 4067 sexcentos

2143 4149 2331 4203 neque
2374 4134 2511 4187 alibi
2570 4133 2625 4187 in
2653 4134 3094 4189 instructissimo
3154 4136 3210 4188 S.
3267 4135 3556 4188 Maximini
3607 4136 3851 4193 archivo

336 4198 564 4295 dicitur,
595 4205 663 4283 ad
695 4205 988 4295 sinistrum
1021 4203 1204 4257 Rheni
1237 4203 1417 4295 littus,
1472 4205 1660 4282 medio
1711 4203 1829 4282 fere
1880 4203 2030 4257 inter
2057 4243 2100 4295 Β
2142 4198 2341 4283 talium
2402 4205 2828 4295 possessionum
2864 4207 2963 4295 χει
3014 4205 3255 4295 minima
3304 4206 3512 4259 notitia
3553 4209 3851 4295 supersit;

334 4274 749 4328 Conlluentiam
783 4279 837 4326 et
866 4276 1264 4326 Andernacum
1297 4273 1524 4340 itinere,
1574 4273 1746 4326 situm
1773 4274 1833 4326 in
1881 4291 2028 4344 pago

333 4344 665 4415 Meginensi.
702 4345 879 4400 Hodie
905 4346 1092 4397 adhuc
1134 4345 1374 4396 Ecclesia
1415 4345 1480 4397 de
1514 4345 1702 4397 Urmiz
1742 4360 1871 4397 cum
1934 4347 2028 4398 de-

329 4414 490 4468 cimis
521 4421 576 4468 et
611 4419 914 4483 personatu
957 4415 1086 4483 jure
1119 4414 1361 4468 dominii
1387 4415 1588 4467 directi
1629 4416 1698 4467 ad
1747 4415 2027 4484 praposi-

328 4489 514 4538 turam
542 4486 878 4539 cathedralis
895 4485 1142 4537 ecclesia
1166 4485 1236 4537 Ba
1247 4485 1597 4554 mbergensis
1618 4487 1883 4554 pertinet,
1901 4502 2028 4555 qua

328 4557 544 4608 nobiles
571 4556 870 4610 aScheben
903 4557 971 4608 de
994 4556 1286 4608 Cronfeldt
1314 4572 1445 4608 suos
1467 4557 1545 4608 ibi
1575 4556 1811 4608 vasallos
1834 4557 2022 4608 habet.

394 4627 538 4691 (179)
601 4628 815 4679 Henrici
864 4628 1182 4679 Boiarorum
1238 4627 1410 4680 ducis.
1470 4626 1738 4696 Sigefridi
1799 4627 2024 4679 comitis

325 4695 837 4764 Luxemburgensis
897 4696 1046 4749 ﬁlius
1105 4701 1240 4749 natu
1296 4696 1498 4765 major,
1561 4697 1781 4764 primus
1837 4712 2024 4750 comes

321 4765 654 4820 Arlunensis
703 4783 808 4819 nec
866 4782 974 4819 non
1033 4782 1221 4820 comes
1299 4769 1601 4832 Ardenna,
1659 4766 2017 4820 abbatiarum

319 4836 371 4890 S.
400 4836 689 4890 Maximini
719 4843 772 4889 et
819 4837 1247 4905 Epternacensis
1299 4837 1620 4900 advocatus,
1665 4852 1837 4906 quem
1870 4838 2018 4890 Ilen-

317 4906 466 4960 ricus
518 4908 572 4961 S.
611 4907 749 4976 imp.
802 4907 931 4976 (qui
985 4907 1108 4974 ejus
1138 4923 1393 4960 sororem
1447 4907 1854 4975 Cunegundam
1885 4924 2018 4960 uxo-

315 4992 436 5030 rem
471 4978 728 5047 duxerat)
760 4995 909 5030 anno
942 4979 1075 5030 1002
1107 4980 1307 5029 ducem
1335 4978 1579 5030 Bavaria
1611 4977 1763 5030 fecit.

385 5047 528 5118 (180)
595 5049 779 5104 Curtes
835 5053 884 5100 et
953 5050 1249 5111 territoria,
1305 5049 1463 5100 villas
1525 5053 1575 5100 et
1635 5049 2010 5114 possessiones.

2143 4274 2222 4328 sic
2251 4291 2355 4346 ego
2380 4276 2594 4345 pradia
2620 4277 2712 4329 hic
2742 4276 3049 4343 intellecta,
3100 4278 3296 4329 malim
3353 4282 3510 4329 trans
3551 4274 3850 4346 Rhenum,

2142 4350 2197 4416 et
2229 4345 2376 4416 circa
2415 4363 2545 4398 eum
2579 4346 2714 4411 sita;
2772 4347 2841 4400 de
2898 4348 3107 4416 quibus
3147 4363 3334 4399 sermo
3392 4353 3476 4400 est
3522 4347 3581 4400 in
3627 4345 3849 4404 chartis

2140 4415 2359 4468 Ottonis
2394 4417 2461 4470 M.
2497 4417 2564 4468 de
2613 4416 2779 4470 annis
2827 4415 2949 4479 945,
2997 4423 3052 4470 et
3098 4420 3220 4476 966,
3255 4417 3477 4470 Ottonis
3506 4418 3556 4471 II
3586 4418 3654 4472 de
3684 4435 3850 4476 anno

2139 4488 2264 4549 973,
2297 4502 2399 4538 nec
2433 4503 2544 4539 non
2577 4487 2799 4541 Ottonis
2829 4490 2903 4542 IlI
2941 4489 3008 4541 de
3033 4504 3179 4541 anno
3211 4491 3333 4542 992.

2209 4559 2365 4628 (181)
2385 4557 2490 4628 Sea:
2545 4560 2722 4612 millia
2762 4563 3034 4612 sexcentos
3096 4561 3503 4628 quinquaginta
3530 4573 3627 4613 sea:
3669 4575 3843 4616 man-

2135 4639 2244 4680 sos.
2306 4626 2562 4679 Diximus
2618 4644 2790 4698 supra
2851 4629 2920 4682 ad
2989 4626 3262 4682 chartam"
3303 4629 3687 4698 Megingaudi,
3763 4632 3845 4688 de

2135 4712 2286 4749 anno
2315 4700 2438 4760 929,
2492 4703 2608 4752 not.
2660 4699 2711 4764 b,
2767 4716 2830 4753 ex
2880 4699 3125 4756 Casario
3171 4700 3510 4762 Prumiensi,
3563 4716 3844 4758 mansum

2131 4767 2501 4840 ingenualem
2533 4786 2651 4821 esse
2691 4785 2786 4822 CLX
2826 4771 3126 4840 jugerum.
3167 4771 3391 4824 Mansus
3435 4771 3641 4825 deinde
3673 4771 3844 4826 inve-

2131 4836 2291 4891 nitur
2356 4839 2504 4908 apud
2561 4836 2844 4894 eumdem'
2877 4836 3184 4895 Caesarium
3233 4841 3451 4894 habens
3501 4842 3843 4898 bunnuaria

2129 4923 2220 4970 xu,
2265 4909 2511 4962 bonniers
2566 4911 2763 4964 dicunt
2801 4910 2960 4966 Galli.
2996 4913 3064 4963 In
3110 4928 3177 4965 eo
3205 4911 3587 4965 communiter
3615 4928 3838 4968 conve-

2128 4978 2297 5051 niunt
2329 4995 2545 5051 omnes,
2582 4997 2781 5035 manso
2831 4988 3054 5037 tantum
3089 4981 3277 5035 inesse
3312 4987 3501 5050 terra,
3541 4989 3834 5051 quantum

2118 5048 2261 5118 jugo
2290 5066 2400 5123 uno
2426 5050 2598 5123 boum
2619 5068 2823 5123 annuo
2855 5053 3037 5122 spatio
3077 5054 3257 5122 possit
3304 5048 3493 5119 verti,
3527 5048 3840 5123 quantum-

310 5118 604 5184 Tolnerus,
648 5119 745 5188 qui
789 5119 897 5171 hoc
947 5118 1199 5188 diploma
1247 5133 1308 5169 ex
1345 5118 1580 5186 Zyllesio
1636 5118 1833 5176 edidit.
1892 5124 2009 5172 not.

309 5204 362 5241 a.
413 5197 625 5249 censet,
665 5187 785 5242 iliic
866 5187 1110 5256 intelligi
1190 5192 1369 5239 castra
1443 5188 1701 5255 Cocheim,
1788 5189 2010 5254 Clotten,

307 5260 527 5328 aliaque
583 5259 656 5311 ad
685 5259 959 5312 Mosellam
992 5258 1136 5328 loca.
1183 5258 1332 5328 Sed,
1357 5273 1486 5310 cum
1537 5259 1654 5311 hac
1710 5274 2006 5327 nunquam

305 5329 480 5382 fuisse
510 5330 653 5398 juris
675 5330 726 5382 S.
777 5327 1067 5382 Maximini
1112 5327 1372 5398 velrinde
1419 5333 1690 5397 appareat
1738 5330 1890 5398 quod
1948 5330 2008 5384 in

305 5402 462 5451 tanta
511 5397 806 5469 regiarum
888 5403 943 5451 et
1021 5397 1408 5469 imperialium
1480 5397 2001 5467 conﬁrmationum,

303 5469 476 5521 etiam
517 5487 548 5520 a
578 5468 744 5523 nobis
777 5470 1076 5534 editarum,
1125 5468 1306 5538 copia,
1331 5468 1392 5520 in
1423 5470 1631 5538 quibus
1666 5470 2003 5524 notabiliora

300 5540 630 5592 monasterii
669 5541 885 5609 pradia
925 5545 981 5594 et
1037 5539 1438 5609 acquisitiones
1495 5540 1743 5593 maxima
1790 5541 1999 5594 sollici-

298 5609 499 5663 tudine
547 5616 906 5678 enarrantur,
939 5610 1283 5664 altissimum
1315 5610 1383 5665 de
1424 5611 1493 5664 iis
1548 5611 1620 5665 sit
1675 5611 1995 5680 silentium;

2124 5135 2235 5188 que
2290 5120 2392 5172 uni
2449 5121 2683 5176 familia
2730 5120 2956 5177 rustica
2995 5120 3216 5176 alenda
3264 5124 3398 5176 satis
3451 5120 3562 5176 sit:
3615 5124 3838 5178 Volunt.

2122 5195 2313 5243 autem
2342 5191 2423 5244 rei
2452 5193 2732 5264 georgica
2782 5195 2974 5264 periti,
3017 5194 3223 5264 jugum
3257 5209 3438 5248 unum
3460 5194 3636 5247 boum
3659 5196 3830 5250 sufﬁ-

2118 5275 2246 5313 cere
2287 5263 2594 5335 quotannis
2615 5263 2907 5333 sexaginta
2953 5263 3203 5334 quatuor
3225 5265 3525 5335 jugcribus
3556 5267 3831 5333 arandis;

2118 5347 2289 5400 quam
2333 5333 2608 5406 rationem
2643 5335 2794 5406 siin
2849 5333 3006 5388 mille
3053 5333 3348 5388 sexcentos
3398 5336 3832 5406 quinquaginta

2116 5418 2208 5475 sex
2250 5419 2509 5475 mansos,
2564 5403 2981 5475 Maximinianis
3032 5406 3350 5475 ademptos,
3407 5403 3824 5474 subducamus,

2107 5472 2314 5542 jugera
2367 5474 2706 5547 quadragies
2760 5477 2936 5547 octies
2987 5476 3145 5547 mille
3177 5472 3473 5546 nongenta
3523 5472 3828 5547 octoginta

2111 5550 2360 5667 Eqatuor
2393 5545 2695 5615 efﬁcimus,
2745 5546 2830 5601 vix
2879 5546 3213 5603 credibilem
3263 5545 3554 5602 terrarum
3588 5545 3826 5618 quanti-

2133 5629 2164 5667 a
2191 5629 2305 5667 em.

2133 5629 2281 5668 atem
2294 5654 2305 5666 .
