3944 6382
135 415 201 466 369
1372 413 1772 470 DIPLOMATA
1811 417 1938 473 ECC
1950 419 2363 475 LESIASTICA.

3519 429 3620 481 370

135 530 535 602 quinquaginta
569 545 665 582 sex
692 543 938 594 mansos,
977 531 1039 582 ut
1066 527 1215 581 veris
1245 530 1570 598 computari
1601 533 1810 602 potuit,
1840 539 1885 590 A
1925 538 2128 604 sheim,
2178 538 2570 609 Weldinstein,
2656 542 2933 609 Albucha,
2986 506 3431 614 Gosolvesheim,
3484 547 3615 601 Bin-

132 638 151 672 a
173 618 402 688 prafato
430 618 641 672 abbate
674 617 735 669 in
757 616 1099 670 beneﬁcium
1121 617 1464 686 accepimus,
1489 624 1543 672 et
1560 620 1649 673 his
1676 622 1809 676 tide-

129 710 238 763 libus
262 708 517 773 nostris,
568 706 770 760 Ezzoni
798 705 1064 759 videlicet
1117 705 1377 759 Palatino
1406 708 1602 761 comiti
1632 710 1803 779 (182),

128 804 165 850 et
182 794 440 849 lleinrico
466 795 601 849 duci
630 794 795 863 (183),
816 808 918 846 nec
938 808 1054 845 non
1073 792 1310 846 Otthoni
1333 794 1527 848 comiti
1547 796 1717 865 (184),
1741 814 1807 851 ea

127 883 426 936 conditione
456 882 890 947 beneﬁciamus,
922 886 1005 946 ut,
1041 880 1176 951 quia
1196 883 1467 951 praelatus
1493 884 1665 937 abbas
1690 886 1803 954 jam

127 971 246 1024 senio
278 972 591 1024 confectus
621 971 915 1023 commode
943 969 1108 1022 nobis
1139 970 1296 1023 domi
1329 970 1665 1042 militiaeque
1696 989 1807 1026 ser-

126 1060 210 1112 vire
240 1076 359 1112 non
393 1064 646 1129 poterat,
681 1059 823 1129 ipse,
855 1062 909 1112 et
934 1058 1214 1123 haeredes,
1238 1059 1340 1129 qui
1369 1060 1489 1112 hzec
1529 1059 1805 1114 beneﬁcia

125 1148 326 1213 habent,
392 1164 506 1218 pro
562 1148 765 1201 eodem
824 1147 1027 1201 abbate
1090 1147 1323 1217 suisque
1384 1148 1802 1202 successoribus

124 1237 307 1289 curiam
372 1237 635 1307 regalem
695 1240 895 1305 petant
955 1240 1011 1289 et
1072 1235 1132 1289 in
1178 1235 1603 1305 expeditionem
1647 1242 1797 1304 eant,

120 1326 258 1377 abbas
313 1341 460 1377 vero
506 1325 712 1394 suique
758 1340 1112 1377 successores
1170 1340 1203 1376 a
1258 1325 1417 1377 curia
1458 1324 1614 1394 regia
1646 1330 1699 1378 et
1730 1326 1800 1380 ab

120 1414 245 1466 omni
276 1413 656 1483 expeditione
702 1412 937 1465 omnino
978 1412 1093 1465 sint
1124 1411 1288 1465 liberi
1335 1411 1444 1464 nisi
1474 1412 1535 1465 in
1566 1414 1799 1479 Mogon-

118 1502 404 1568 tinensem,
443 1501 565 1553 sive
623 1501 950 1562 Metensem,
989 1505 1088 1553 aut
1146 1500 1545 1553 Coloniensem
1595 1501 1797 1554 civita-

116 1596 204 1642 tem
236 1589 309 1642 ad
341 1588 616 1659 generale
650 1588 955 1642 concilium
983 1588 1099 1641 sive
1157 1589 1532 1659 colloquium,
1604 1589 1797 1659 aliqua

114 1678 435 1731 necessitate
494 1681 748 1746 cogente,
817 1676 1033 1730 fuerint
1070 1676 1315 1730 invitati.
1355 1679 1417 1730 Et
1447 1692 1519 1731 ne
1586 1678 1795 1731 animae

112 1772 303 1820 nostra;
336 1766 755 1819 detrimentum
782 1765 917 1819 inde
938 1765 1244 1834 patiamur,
1279 1766 1325 1818 si
1353 1782 1418 1819 ea
1449 1782 1577 1835 quae
1595 1781 1627 1819 a
1656 1766 1792 1819 ﬁde-

116 1856 243 1908 libus
276 1854 493 1909 Christi
534 1854 721 1907 eidem
777 1854 1159 1907 sacratissimo
1215 1855 1338 1907 loco
1396 1854 1602 1908 tradita
1660 1860 1793 1908 sunt

110 1950 190 1997 aut
218 1945 454 2009 collata,
486 1959 591 1996 nos
619 1942 829 2011 injuste
870 1942 1093 1996 auferre
1123 1941 1441 2009 videamur,
1497 1942 1791 1996 servitium

110 2037 237 2101 (185)
280 2033 440 2103 quod
472 2031 638 2085 nobis
669 2036 724 2084 et
765 2030 1105 2100 quibusdam
1135 2031 1650 2100 praedecessoribus
1680 2048 1791 2085 no—

106 2125 217 2175 stris
246 2123 309 2175 in
342 2121 596 2175 secundo
621 2134 843 2190 semper
869 2136 1017 2173 anno
1066 2120 1135 2173 de
1166 2120 1362 2173 eadem
1421 2119 1653 2173 ahbatia
1678 2125 1790 2173 tra-

106 2213 278 2264 ditum
302 2216 411 2277 est,
440 2226 546 2280 pro
587 2210 792 2263 timore
820 2209 918 2262 Dei
948 2213 1005 2262 et
1052 2209 1422 2261 veneratione
1468 2210 1521 2263 S.
1555 2211 1791 2264 Joannis

104 2317 158 2353 ac
184 2300 237 2354 S.
275 2298 590 2363 Maximini,
620 2302 677 2351 et
705 2298 777 2350 ob
824 2296 1208 2351 interventum
1240 2297 1505 2351 Aribonis
1551 2298 1792 2367 Mogun-

106 2388 361 2442 tiacensis
431 2403 493 2440 ac
561 2385 824 2456 Piligrini
911 2385 1286 2452 Coloniensis,
1366 2390 1421 2438 et
1505 2387 1791 2456 Popponis

110 2476 453 2531 Trevirensis
527 2473 938 2528 venerabilium
990 2472 1574 2543 archiepiscoporum,
1630 2474 1791 2527 alio-

106 2581 345 2638 rumque
378 2564 637 2619 ﬁdelium
691 2567 1040 2623 nostrorum,
1092 2563 1205 2615 Deo
1257 2567 1564 2632 sanctoque
1618 2564 1788 2616 Joan-

101 2656 174 2720 ni,
233 2659 294 2707 et
376 2653 543 2706 beato
601 2650 904 2704 Maximino
965 2650 1295 2721 cunctisque
1344 2666 1447 2721 per
1502 2667 1598 2703 eos
1647 2652 1791 2706 inibi

100 2740 398 2796 abbatibus
454 2740 517 2792 in
558 2743 905 2807 perpetuum
958 2738 1316 2807 indulgendo
1368 2737 1695 2808 ignovimus
1737 2744 1793 2793 et

100 2828 446 2902 ignoscendo
526 2826 893 2880 indulsimus.
966 2826 1031 2880 Et
1087 2842 1158 2879 ne
1220 2825 1349 2896 quis
1396 2841 1791 2880 successorum

101 2925 426 2973 nostrorum
460 2931 661 2985 regum
692 2915 779 2967 vel
830 2914 1243 2984 imperatorum
1283 2914 1435 2967 idem
1493 2914 1792 2968 servitium

100 3009 155 3062 in
202 3005 525 3077 periculum
575 3002 781 3056 animm
830 3009 1039 3056 nostrae.
1100 3018 1163 3055 ac
1201 3019 1320 3055 sua:
1370 3002 1503 3057 inde
1553 3003 1792 3056 ulterius

1917 626 2365 696 gin,Holzhusa,
2425 630 2630 698 Apula,
2693 630 2972 696 Alsontia,
3039 632 3462 703 Sceringesfelt,
3505 637 3615 689 Ha-

1915 714 2261 782 kinesheim,
2325 717 2689 783 Bukiuheim,
2738 719 3011 779 Siemera,
3063 722 3421 787 Mannendal,
3479 725 3614 777 Kar-

1915 802 2092 869 heim,
2131 804 2622 870 Folemaresbacb,
2676 808 3165 875 Proverstervoth,
3215 810 3451 875 Gracha,
3508 811 3611 863 De-

1915 890 2082 958 cima,
2125 892 2293 944 Vallis
2345 909 2472 945 cum
2526 894 2640 947 suis
2699 895 3138 963 pertinentibus,
3209 898 3609 967 Rateresdorﬁ',

1916 980 2265 1047 Bikendorﬁ‘,
2331 981 2652 1045 Meisbrath,
2720 984 2935 1049 Ebeno,
2995 985 3414 1050 Arnolfesbere,
3478 986 3608 1040 Lie-

1912 1068 2098 1134 znich,
2156 1069 2472 1135 Okisheim,
2562 1071 2906 1136 Rivenacha,
2997 1072 3218 1139 Loavia,
3288 1074 3609 1145 Windingis

1912 1156 2279 1226 Lukesingis;
2322 1162 2377 1210 et
2409 1157 2466 1210 in
2525 1174 2674 1228 pago
2727 1160 3083 1229 Sallingowe,
3140 1161 3373 1227 Dinche,
3443 1163 3605 1216 Juol-

1908 1243 2063 1310 kurt,
2128 1244 2411 1315 Bisangis;
2473 1252 2529 1299 et
2587 1247 2645 1299 in
2705 1247 2928 1301 civitate
2992 1250 3221 1301 Metensi
3271 1255 3325 1302 et
3390 1250 3604 1304 circum

1907 1332 2077 1399 circa,
2133 1332 2354 1395 domos,
2408 1333 2621 1399 vineas,
2654 1351 2817 1403 agros
2888 1342 2945 1388 et
2999 1338 3249 1401 areolas;
3305 1342 3361 1390 et
3410 1336 3469 1390 in
3516 1338 3604 1391 his

1907 1418 2062 1483 locis,
2148 1418 2552 1480 Diedenliown,
2607 1422 2830 1487 Wilare,
2906 1423 3154 1486 Besiaco,
3216 1424 3601 1478 Luzelenkiri-

1905 1507 2028 1570 cha,
2098 1508 2343 1582 Tavena,
2392 1508 2782 1578 Druhdilingis
2824 1514 2881 1563 et
2938 1512 3347 1582 Murmiringa;
3398 1514 3596 1567 Merol-

1905 1594 2118 1659 divilla,
2178 1596 2697 1664 Wimareskiriclia,
2786 1598 2996 1664 Straza,
3058 1600 3267 1667 Curfta,
3324 1601 3596 1670 Seranna,

1903 1683 2227 1750 Markidith,
2262 1684 2519 1752 Krische,
2582 1685 2804 1751 Billich,
2872 1687 3300 1757 Curmiringun,
3333 1690 3599 1743 Brunna-

1905 1772 2029 1839 cha,
2065 1771 2422 1837 Hauiwileri;
2482 1772 2719 1842 insuper
2772 1774 2945 1827 etiam
3004 1775 3062 1827 in
3111 1792 3259 1845 pago
3319 1778 3599 1831 Drachere

1903 1860 2047 1931 (l86)
2080 1861 2238 1913 locus
2276 1860 2375 1931 qui
2408 1867 2640 1914 vocatur
2670 1862 3200 1928 Guntliereshusun,
3247 1881 3349 1917 nec
3390 1881 3506 1918 non
3538 1866 3597 1919 in

1899 1965 2049 2019 pago
2080 1948 2338 2002 Einriche
2372 1950 2527 2002 locus
2552 1950 2718 2015 alius,
2778 1951 3055 2004 vocabulo
3119 1952 3405 2017 Prichina,
3465 1969 3595 2006 cum

1901 2036 2168 2091 omnibus
2191 2037 2257 2089 ad
2275 2036 2496 2106 sejuste
2515 2043 2571 2090 et
2600 2037 2864 2107 legaliter
2889 2038 3309 2108 pertinentibus
3334 2040 3420 2092 vel
3454 2039 3597 2109 aspi-

1900 2124 2177 2179 cientibus
2212 2124 2397 2177 rebus.
2429 2126 2536 2178 llas
2567 2125 2707 2178 duas
2736 2129 2921 2177 curtes
2979 2140 3052 2178 an
3101 2125 3355 2195 saginem
3416 2127 3591 2195 (187),

1901 2218 1957 2267 et
2003 2213 2073 2266 ad
2119 2212 2436 2278 t‘emoralia,
2498 2214 2773 2265 mantelas
2804 2213 2996 2278 etiam,
3049 2218 3104 2266 et
3151 2214 3427 2267 mensalia
3476 2216 3593 2268 fra-

1899 2306 2074 2365 trum,
2104 2316 2207 2352 nec
2254 2316 2371 2352 non
2403 2300 2471 2353 ad
2523 2300 2889 2355 inﬁrmorum
2940 2318 3133 2355 curam
3180 2307 3237 2355 et
3293 2302 3591 2367 debilium,

1899 2394 1957 2442 et
1995 2389 2065 2442 ad
2093 2388 2514 2458 susceptionem
2557 2389 2870 2459 hospitum,
2936 2406 3037 2443 nec
3084 2407 3197 2443 non
3245 2391 3314 2443 ad
3365 2406 3591 2443 recrea-

1897 2477 2116 2530 tionem
2165 2493 2487 2546 pauperum
2528 2482 2583 2531 et
2628 2479 3091 2547 peregrinorum,
3143 2478 3287 2532 sicut
3340 2483 3591 2532 anteces-

1899 2582 2054 2618 sores
2088 2566 2271 2618 nostri
2302 2566 2743 2633 constituerunt,
2764 2566 2841 2619 ita
2890 2571 2945 2619 et
2983 2583 3086 2619 nos
3115 2567 3440 2636 specialiter
3459 2582 3592 2619 con-

1898 2653 2188 2706 stituimus
2223 2658 2391 2722 atque
2442 2654 2877 2718 conﬁrmamus;
2921 2659 2977 2706 et
3005 2659 3067 2706 ut
3110 2670 3173 2706 ex
3230 2654 3317 2706 his
3354 2654 3493 2707 locis
3538 2658 3594 2707 et

1899 2740 2147 2795 ecclesiis
2197 2741 2388 2793 nullus
2438 2740 2627 2807 abbas,
2689 2741 2846 2794 nulla
2886 2741 2995 2793 alia
3046 2757 3309 2811 persona,
3384 2757 3593 2809 magna

1899 2830 2013 2883 sive
2045 2845 2237 2899 parva,
2272 2828 2440 2881 alicui
2472 2829 2667 2889 libero,
2710 2834 2767 2882 et
2814 2830 2999 2882 alieno
3040 2828 3284 2897 homini,
3334 2834 3397 2882 ut
3425 2834 3595 2882 antea

1898 2918 2167 2985 diximus,
2226 2916 2442 2987 aliquid
2483 2916 2846 2982 beneﬁciare,
2898 2918 2988 2971 vel
3041 2934 3072 2970 a
3130 2918 3437 2986 praebenda
3485 2917 3594 2971 fra-

1899 3011 2053 3060 trum
2075 3021 2307 3075 quoquo
2335 3006 2504 3058 modo
2537 3005 2864 3059 abalienare
2902 3010 3232 3074 praesumat,
3264 3005 3592 3060 ﬁrmissime

97 3096 302 3166 exigat,
331 3093 444 3147 nisi
483 3092 680 3145 eadem
728 3091 898 3157 bona,
956 3106 1085 3161 qua:
1116 3106 1220 3143 nos
1252 3107 1367 3143 non
1426 3095 1542 3143 tam
1590 3090 1649 3142 in
1703 3106 1799 3146 no-
1828 3106 1868 3159 ρ
1904 3094 2314 3166 praecepimus;
2358 3094 2456 3146 sed
2508 3093 2673 3146 liceat
2701 3094 2833 3147 inde
2862 3094 3054 3147 abbati
3088 3094 3318 3164 suisque
3369 3110 3593 3147 succes—

98 3190 276 3237 strum
317 3197 488 3253 quam
541 3180 600 3233 in
648 3196 844 3233 eorum
876 3179 1190 3245 servitium,
1232 3178 1365 3232 inde
1397 3178 1786 3245 distraximus,

97 3288 161 3327 ex
192 3272 423 3340 integro
450 3268 650 3323 reddat
682 3273 779 3321 aut
806 3268 1090 3335 restituat,
1115 3272 1310 3320 nostra
1376 3267 1645 3336 inperiali
1684 3284 1787 3319 au-

99 3360 362 3414 ctoritate
408 3357 800 3410 constituendo
858 3356 1248 3426 praecipimus,
1304 3361 1359 3409 et
1402 3355 1788 3425 prmcipiendo

96 3446 525 3501 conﬁrmamus.
585 3444 857 3497 Jubemus
932 3444 1107 3497 etiam
1173 3449 1343 3514 atque
1396 3444 1791 3497 interdicimus

94 3535 335 3606 praefato
389 3533 581 3586 abbati
614 3532 843 3602 suisque
876 3533 1294 3586 successoribus
1324 3532 1383 3585 in
1424 3538 1789 3602 perpetuum,

99 3641 167 3678 ne
199 3624 270 3678 de
301 3621 539 3692 reliquis
574 3621 848 3686 curtibus,
882 3621 1134 3675 ecclesiis
1184 3638 1248 3675 ac
1312 3621 1789 3690 possessionibus,

100 3729 224 3783 qua:
281 3710 352 3764 ad
400 3710 748 3780 peculiarem
797 3710 1165 3780 praebendam
1236 3710 1477 3763 fratrum
1545 3710 1660 3763 Deo
1712 3709 1793 3763 ibi

100 3798 506 3854 famulantium
575 3816 608 3851 a
675 3799 885 3852 nostris
956 3798 1478 3867 praedecessoribus
1562 3798 1793 3867 regibus

98 3896 151 3943 et
218 3886 688 3957 imperatoribus,
790 3886 1110 3957 Dagoberto
1200 3885 1484 3951 videlicet,
1520 3885 1790 3956 Pippino,

100 3977 326 4041 Carolo,
424 3975 729 4041 Ludovico,
788 3975 1067 4042 Arnolfo;
1117 3974 1253 4027 item
1334 3975 1564 4039 Karolo,
1623 3974 1795 4027 Zien-

97 4064 341 4129 tiboldo,
396 4079 502 4117 nec
574 4079 691 4116 non
741 4080 773 4116 a
828 4064 1011 4117 tribus
1083 4063 1408 4128 Ottonibus,
1487 4063 1547 4115 in
1599 4067 1797 4116 nostra

101 4169 285 4224 usque
317 4157 601 4221 tempora,
662 4155 715 4204 et
744 4168 849 4221 per
878 4169 982 4205 nos
1031 4151 1203 4205 etiam
1251 4152 1512 4221 delegata
1559 4156 1693 4204 sunt
1742 4156 1798 4204 et

100 4257 373 4297 concessa
405 4240 576 4293 alicui
606 4239 673 4293 de
706 4241 1038 4310 majoribus,
1073 4240 1187 4293 sive
1218 4240 1412 4293 liberis
1444 4240 1792 4306 hominibus,

103 4336 203 4385 aut
243 4329 479 4382 alterius
512 4328 769 4381 Ecclesia
801 4328 888 4381 vel
921 4327 1121 4382 alienae
1163 4326 1396 4381 familiae
1445 4326 1798 4397 quibuslibet

1902 3185 2126 3237 soribus
2155 3184 2462 3237 luminaria
2487 3182 2736 3235 ecclesia),
2766 3188 3105 3247 restaurare,
3158 3182 3400 3235 aediﬁcia
3428 3198 3593 3236 recu-

1900 3288 2124 3343 perare,
2186 3277 2260 3337 et,
2322 3288 2450 3341 quae
2500 3273 2816 3324 necessaria
2871 3271 3271 3323 tantummodo
3324 3270 3593 3323 fratribus

1902 3367 2056 3426 sunt,
2115 3376 2444 3430 procurare.
2498 3360 2575 3412 De
2633 3357 2882 3411 ecclesiis
2929 3374 3059 3410 vero
3115 3364 3171 3410 et
3224 3358 3293 3410 de
3326 3358 3593 3411 omnibus

1901 3466 2005 3521 per
2061 3454 2241 3502 totam
2302 3447 2586 3501 abbatiam
2646 3446 2830 3499 salicis
2886 3446 3385 3511 decimationibus,
3448 3447 3593 3499 nulli

1904 3536 2140 3592 omnino
2200 3535 2539 3588 beneﬁcium
2590 3534 2820 3604 aliquod
2906 3534 3138 3587 concedi
3183 3532 3589 3602 permittimus,

1904 3626 1997 3678 sed
2049 3624 2108 3678 in
2139 3640 2278 3677 usus
2309 3623 2622 3692 hospitum,
2656 3638 2998 3692 pauperum,
3056 3628 3111 3675 et
3155 3621 3591 3691 peregrinorum

1904 3710 2753 3784 perpetualiter:constituimus
2810 3716 2981 3781 atque
3030 3710 3334 3763 sancimus.
3370 3709 3594 3763 Consti-

1903 3803 2119 3857 tuimus
2146 3806 2425 3870 praeterea
2446 3800 2572 3867 hoc,
2595 3806 2651 3855 et
2681 3800 2785 3853 hac
2816 3804 3012 3852 nostra
3067 3798 3353 3869 imperiali
3401 3803 3595 3852 aucto-

1905 3891 2071 3945 ritate
2102 3889 2419 3952 ﬁrmamus,
2452 3893 2533 3955 ut,
2567 3888 2615 3941 si
2646 3888 2774 3959 quis
2830 3890 3066 3942 fortasse
3094 3888 3327 3941 illorum
3368 3892 3467 3940 aut
3494 3887 3599 3941 ﬁlii

1904 3979 2152 4033 ﬁliorum
2222 3994 2481 4042 suorum,
2532 3977 2741 4046 quibus
2790 3977 2942 4030 bona
2997 3982 3054 4028 et
3105 3976 3490 4046 possessiones
3541 3975 3596 4029 S.

1908 4066 2199 4122 Maximini
2231 4066 2716 4131 beneticiavimus,
2752 4065 2873 4117 sine
2902 4064 3127 4117 hmrede
3176 4063 3349 4116 fuerit
3406 4062 3603 4115 defun-

1907 4161 2051 4221 ctus;
2084 4155 2449 4219 beneﬁcium,
2476 4155 2562 4206 vel
2594 4153 2872 4223 quidquid
2902 4152 2971 4205 ab
3005 4152 3206 4205 eodem
3229 4151 3352 4203 loco
3391 4150 3602 4203 habere

1906 4244 2058 4297 visus
2082 4247 2186 4307 est,
2215 4243 2317 4295 sub
2345 4244 2438 4310 jus
2479 4247 2535 4294 et
2565 4240 2889 4294 dominium
2930 4238 3299 4308 praafatorum
3379 4242 3601 4290 sancto-

1907 4347 2037 4384 rum
2064 4336 2119 4383 et
2150 4330 2368 4382 abbatis
2408 4346 2471 4382 ac
2499 4329 2740 4381 fratrum
2800 4328 2979 4396 ipsius
3020 4324 3353 4379 monasterii
3409 4325 3605 4378 redeat

104 4416 498 4481 servitoribus,
582 4416 818 4486 quidam
892 4416 1256 4481 beneﬁciare,
1332 4416 1421 4469 vel
1473 4415 1542 4468 ab
1601 4430 1801 4469 eorum
1842 4402 1968 4473 Det
2013 4423 2284 4481 transeat,
2342 4422 2399 4470 et
2451 4418 2519 4470 ad
2561 4415 3020 4485 ampliﬁcandam
3079 4412 3601 4482 congregationem,

98 4508 235 4576 jure
267 4520 502 4574 quoquo
524 4503 715 4557 'modo
764 4504 1013 4557 alienare
1043 4509 1398 4574 praesumant
1429 4520 1442 4557 :
1474 4504 1581 4557 hoc
1627 4509 1712 4557 est
1741 4502 1803 4555 in

106 4596 196 4649 his
220 4592 381 4657 locis,
411 4591 741 4657 Suabheim,
764 4592 1173 4657 Hesinesheim,
1235 4592 1603 4658 Brizinheim,
1634 4592 1802 4644 Ever-

179 4698 329 4770 (182)
364 4699 567 4770 Eueni
636 4698 880 4770 videlicet
923 4699 1196 4754 Palatimo
1248 4701 1474 4770 comiti,
1506 4699 1804 4770 “Ezzonem

108 4767 213 4824 seu
242 4767 624 4832 Erenfridum,
656 4769 1007 4822 conditorem
1048 4774 1251 4838 postea
1297 4768 1542 4822 cmnobii
1599 4767 1805 4821 Browi-

108 4839 371 4905 lerensis,
434 4840 745 4892 Hermanni
796 4840 1021 4892 comitis
1050 4838 1292 4893 Palatini
1346 4839 1529 4893 tilium
1576 4842 1811 4893 censent

108 4929 176 4966 ex
208 4909 497 4965 Mathilde.
532 4910 688 4975 Conf.
727 4910 942 4973 Tolner,
968 4909 1060 4964 cit.
1095 4925 1228 4979 pag.
1262 4912 1351 4971 22,
1388 4913 1505 4962 not.
1544 4925 1591 4962 c.

183 4981 328 5051 (183)
370 4981 598 5034 Henrico
646 4980 797 5035 duci.
841 4980 1033 5034 Fuisse
1073 4980 1227 5033 hunc
1286 4981 1553 5033 Boiorum
1586 4979 1811 5051 ducem

110 5050 414 5131 §igifridiﬂ
439 5066 585 5103 com.
650 5051 715 5131 1”
755 5050 1267 5131 Lucemburgensis
1343 5067 1412 5104 ex
1463 5050 1811 5131 _Ha_devviche

112 5120 326 5187 ﬁlium,
374 5120 748 5189 Kunegundis
804 5125 1073 5190 Augusta:
1116 5121 1372 5183 fratrem,
1424 5125 1481 5175 et
1533 5120 1815 5174 Maximia-

113 5208 325 5247 norum
340 5193 673 5245 advocatum
699 5191 833 5243 satis
862 5197 1102 5245 constat.

190 5264 340 5332 (184)
375 5263 579 5332 Ottoni
607 5264 810 5315 comiti.
846 5264 962 5317 Hoc
1008 5261 1241 5315 nomine
1275 5262 1551 5315 Tolnerus
1618 5260 1666 5332 l.
1717 5261 1810 5332 cit.

118 5339 246 5386 not.
286 5330 613 5400 e'intelligit
645 5332 843 5385 Ezonis
898 5332 952 5386 S.
1008 5332 1294 5387 Erenfridi
1341 5332 1521 5386 Rheni
1580 5331 1818 5399 palatini

116 5404 325 5483 tilium,
348 5402 663 5483 patrisque
682 5419 843 5483 anno
880 5405 1013 5483 10335
1045 5404 1104 5456 in
1148 5403 1471 5483 Palatinam
1528 5416 1816 5483 succes_so-_

118 5490 266 5528 rem.
298 5471 406 5528 Alii
432 5473 655 5526 malunt
676 5474 945 5527 Ottonem
979 5475 1130 5527 hunc
1180 5490 1322 5540 esse,
1355 5471 1819 5527 Hammersteinii

119 5545 440 5599 Trevericaa
500 5543 646 5597 arcis
703 5544 902 5598 Rheno
984 5544 1271 5614 impositas
1344 5544 1660 5614 dynastam,
1706 5542 1818 5614 qui

118 5615 278 5669 haud
320 5615 501 5668 multo
527 5620 657 5667 ante
680 5631 831 5668 nunc
857 5612 1096 5681 annum,
1122 5614 1493 5683 Irmingardze
1523 5612 1818 5681 cujusdam

115 5686 454 5740 concubinae
488 5684 781 5739 amoribus
811 5686 1080 5755 flagrans,
1129 5701 1260 5739 cum
1296 5685 1357 5738 in
1389 5684 1815 5754 Moguntiacen-

1913 4522 2149 4560 necnon
2182 4505 2249 4559 ad
2284 4506 2471 4575 regale
2528 4503 2843 4567 servitium,
2902 4506 3181 4572 quantum
3241 4500 3414 4554 abbas
3470 4500 3603 4553 inde

1915 4595 2034 4648 sine
2075 4593 2418 4647 detrimento
2454 4592 2695 4645 aliarum
2732 4606 2924 4644 rerum
2958 4589 3209 4644 ecclesiae
3242 4590 3386 4643 bene
3433 4587 3606 4658 perﬁ-

1917 4715 2034 4753 sem
2070 4697 2560 4767 archiepiscopum
2581 4695 3063 4767 Erckenboldum,
3083 4694 3287 4747 vetitos
3315 4694 3610 4767 amplexus

1919 4770 2122 4823 acriter
2164 4764 2558 4837 castigantem,
2604 4782 2761 4819 arma
2820 4766 3338 4837 intulissettmetu
3375 4764 3609 4837 deinde

1920 4839 2144 4895 Henrici
2194 4834 2358 4908 impl,
2408 4843 2463 4890 et
2513 4837 2767 4889 reventia
2821 4836 3088 4908 Aribonis
3137 4834 3610 4908 Moguntiaceusis

1920 4904 2337 4978 archiepiscopi
2391 4909 2543 4961 diras
2601 4907 2987 4978 imprecantis,
3040 4904 3339 4978 fraudibus
3372 4904 3610 4978 illicitis

1921 4976 2174 5049 abjectis,
2246 4976 2435 5032 furere
2511 4977 2693 5031 desiit.
2731 4976 2855 5029 Vid.
2908 4977 3143 5029 Joannis
3181 4978 3303 5029 Rcr.
3363 4976 3606 5038 Mogunt.

1921 5051 2275 5124 tom.I,pa_g.
2310 5050 2433 5124 461.
2550 5119 2576 5124 _
2653 5122 2659 5124 _
2941 5115 2951 5124 _
3211 5115 3244 5124 _.

1994 5111 2164 5190 (185)⁵
2193 5111 2504 5176 δὲνυὶῑίιιτη.
2540 5115 3006 5190 (Σθςνὶᾶίρθωηὶω
3048 5115 3356 5190 quantitas.
3407 5111 3613 5190 Confer

1924 5184 2360 5261 tamen'Spener
2385 5193 2501 5244 Jur.
2534 5189 2688 5262 Publ.
2724 5184 2822 5241 lib.
2843 5204 2912 5262 _i_1,
2935 5184 3235 5262 (δέξῃ-241ηὲ
3267 5187 3318 5250 6,
3341 5189 3455 5262 not.
3484 5198 3536 5262 (ἒ
3570 5252 3579 5262 ,

1998 5262 2135 5331 (186)
2183 5254 2254 5316 Ἰη
2293 5276 2435 5329 pago
2486 5261 2766 5313 Drachere.
2839 5257 3001 5312 Haud
3061 5255 3299 5331 dubium
3354 5260 3439 5307 est
3491 5254 3611 5331 Tri-

1925 5325 2180 5386 choriam
2224 5325 2386 5386 illam
2430 5347 2549 5384 esse
2587 5334 2835 5382 veterem
2892 5342 3093 5397 agrum
3151 5325 3350 5379 Rheno
3389 5328 3614 5377 conter-

1929 5419 2172 5457 minum.

2000 5475 2145 5543 (187)
2210 5471 2635 5543 Ad_sagimen.
2684 5468 2970 5543 saginam,
3043 5465 3324 5543 sagimen,
3401 5468 3619 5543 veteres

1930 5539 2194 5597 dicebant
2218 5541 2591 5605 moderatam,
2623 5539 2916 5598 lautitiam,
2959 5552 3071 5606 qua
3095 5541 3315 5600 ascetze,
3341 5539 3619 5606 perpetuo

1930 5615 2014 5667 rei
2057 5612 2263 5666 divinae
2316 5612 2472 5663 cultu
2566 5610 2780 5663 viribus
2836 5605 3134 5672 attenuati,
3183 5606 3328 5659 fessa
3381 5605 3621 5658 subinde

1934 5698 2175 5752 corpora
2206 5686 2547 5734 recrearent.
