3944 6300
303 319 400 371 371

1602 317 1658 372 S.
1707 317 1992 373 HENRICI
2027 315 2497 374 IMPERATORIS

3704 317 3817 371 372

303 453 431 494 cere
460 437 901 510 possit,‘absque
958 439 1118 494 omni
1146 439 1598 494 contradictione
1628 443 1984 510 permaneat.
2017 441 2065 494 A
2103 456 2219 509 cus,
2250 439 2445 494 divina
2467 437 2695 493 favente
2745 435 3072 505 clementia,
3109 436 3505 492 Romanorum
3542 435 3820 508 impera—

306 531 550 597 Insuper
590 527 760 582 etiam
813 528 1182 582 concedimus
1248 532 1418 599 atque
1488 528 1872 599 praecepimus
1933 532 2000 582 ut

303 617 456 671 idem
488 616 661 670 abbas
688 617 892 687 suique
948 633 1297 671 successores
1355 620 1703 686 potestatem
1752 615 2001 670 habeant

306 704 624 760 advocatias
657 721 857 758 omnes
887 705 1221 758 monasterii
1257 704 1364 772 sui,
1424 704 1516 758 cui
1548 704 1743 770 velint,
1801 703 1994 772 dandi,

298 791 691 864 justojudicio
723 792 980 847 tollendi.
1051 795 1117 847 Et
1157 797 1219 846 ut
1260 792 1517 847 advocati
1575 791 1728 862 (188)
1773 792 1998 846 nullum

305 884 437 951 post
464 896 522 933 se
552 896 761 950 ponere
796 881 1065 946 audeant,
1115 880 1216 950 qui
1273 884 1505 934 vocetur
1556 881 1996 951 proadvocatus,

305 969 647 1039 nullumque
679 968 952 1039 placitum
980 973 1190 1040 praeter
1219 968 1328 1022 tria
1352 968 1484 1038 jure
1513 969 1706 1023 dedita
1733 969 1794 1022 in
1825 969 1999 1023 abba-

305 1057 387 1112 tia
415 1061 608 1111 tenere
670 1061 1042 1127 prasumant,
1079 1073 1182 1111 nec
1227 1057 1497 1128 cuiquam
1549 1057 1778 1112 illorum
1833 1057 2004 1111 liceat

307 1146 499 1216 aliqua
526 1144 795 1199 violentia
825 1145 1123 1200 hominem
1155 1161 1412 1216 gravare,
1445 1149 1543 1200 aut
1571 1145 1626 1209 vi
1653 1144 1801 1216 (l89)
1831 1161 1993 1216 para-

305 1234 541 1288 veredos
595 1249 814 1301 eorum,
875 1239 974 1288 aut
1026 1250 1236 1303 pecora
1273 1235 1494 1300 tollere,
1547 1235 1636 1287 vel
1683 1234 2000 1304 quidquam

308 1337 480 1392 super
541 1321 810 1375 ofﬁciales
857 1327 956 1375 aut
1019 1321 1316 1375 ministros
1400 1321 1517 1375 sive
1581 1321 2001 1376 mansionarios

309 1427 406 1464 seu
435 1409 631 1463 omnia
648 1410 783 1479 jura
809 1410 1030 1464 abbatis
1065 1411 1427 1464 constituere.
1464 1411 1530 1464 Et
1564 1416 1627 1464 ut
1671 1411 1781 1465 hoc
1813 1417 2004 1465 aucto-

309 1497 492 1551 ritatis
518 1503 729 1551 nostra
779 1503 1131 1569 praceptum
1162 1497 1296 1552 inde
1345 1497 1734 1568 conscriptum
1765 1498 2001 1552 ﬁrmum

312 1590 369 1640 et
396 1585 597 1640 stabile
627 1601 855 1656 semper
882 1591 1235 1656 permaneat,
1277 1603 1393 1640 non
1443 1587 1628 1640 solum
1659 1587 1770 1641 hoc
1825 1602 2002 1640 manu

313 1674 547 1744 propria
577 1672 954 1742 ﬁrmavimus,
987 1680 1042 1729 et
1067 1675 1238 1745 sigilli
1269 1675 1447 1729 nostri
1484 1675 1858 1746 impressione
1911 1675 2001 1729 in-

313 1762 834 1832 signirijussimus,
892 1779 1091 1817 verum
1135 1764 1326 1828 etiam,
1385 1769 1446 1818 ut
1501 1764 1744 1819 ﬁrmiori
1811 1768 2002 1818 aucto-

313 1851 482 1904 ritate
513 1852 770 1920 polleret,
806 1851 1118 1905 beatissimi
1152 1851 1334 1906 Patris
1364 1853 1548 1906 nostri
1605 1853 1806 1907 domni
1845 1852 2003 1907 vide-

313 1939 442 1992 licet
472 1939 780 2006 Benedicti,
813 1939 962 1993 sedis
992 1941 1320 2010 apostolica
1348 1941 1610 2011 prasulis
1640 1940 2004 2012 privilegium

311 2027 444 2080 inde
468 2027 876 2098 conscriptum,
909 2031 966 2081 et
993 2029 1305 2098 apostolica
1367 2031 1709 2083 auctoritate
1766 2030 2003 2084 robora-

313 2119 456 2178 tum,
485 2117 723 2186 prafato
777 2117 1032 2171 coenobio
1080 2117 1340 2172 obtinere
1388 2118 1754 2172 meruimus:
1809 2123 1890 2186 ut,
1935 2118 2003 2185 si,

315 2203 468 2273 quod
513 2203 683 2258 absit!
726 2205 933 2276 aliquis
991 2221 1379 2259 successorum
1432 2211 1765 2261 nostrorum
1803 2223 2006 2277 regum

313 2291 404 2344 vel
429 2291 863 2362 imperatorum,
895 2293 1179 2347 diabolica
1209 2293 1471 2347 aviditate
1491 2300 1813 2365 corruptus,
1846 2295 2009 2365 quid-

314 2395 490 2450 quam
511 2380 578 2434 de
601 2381 689 2435 bis
729 2397 856 2451 qua
885 2381 1108 2451 prafati
1139 2397 1290 2452 sape
1337 2383 1672 2436 monasterii
1736 2382 2008 2437 fratribus

313 2468 383 2521 ad
414 2469 669 2539 quietem
688 2469 919 2524 illorum
951 2469 1375 2535 constituimus,
1435 2471 1778 2525 imminuere
1818 2475 2006 2525 tenta-

313 2555 478 2621 verit,
524 2556 695 2610 abbas
725 2558 824 2629 qui
854 2563 989 2612 tunc
1029 2558 1109 2612 ibi
1148 2575 1397 2629 praesse
1427 2559 1732 2626 videbitur,
1785 2577 1849 2614 ac
1899 2560 2008 2614 fra-

315 2649 428 2697 tres
459 2644 637 2698 libere
666 2645 1034 2716 apostolicam
1075 2647 1291 2713 sedem,
1327 2646 1420 2700 cui
1446 2646 1598 2700 idem
1625 2648 1783 2701 locus
1814 2663 2008 2701 sacra-

313 2731 565 2786 tissimus
603 2735 707 2788 sub
737 2734 986 2805 antiquis
1019 2735 1372 2804 temporibus
1425 2735 1783 2790 Constantini
1825 2736 2008 2806 impe-

313 2821 521 2874 ratoris
547 2825 602 2874 et
639 2823 869 2876 Helena
901 2823 1100 2876 matris
1131 2823 1288 2877 illius
1333 2823 1588 2877 addictus
1627 2840 1748 2877 esse
1797 2825 2010 2895 digno-

314 2909 506 2974 scitur,
537 2908 879 2963 ﬁducialiter
906 2911 1216 2980 appellent,
1252 2915 1310 2964 et
1337 2911 1409 2964 ad
1441 2927 1568 2964 eam
1598 2910 1763 2981 quasi
1803 2911 1908 2964 ﬁlii
1940 2910 2011 2964 ad

2103 532 2195 582 tor
2223 530 2537 597 Augustus.

2177 615 2406 686 Regalis
2441 612 2796 668 excellentia
2816 615 2872 667 et
2900 612 3213 684 imperialis
3234 612 3604 668 sublimitatis
3634 613 3821 670 bene-

2105 705 2414 759 volentiam
2461 704 2620 758 decet
2695 705 2756 756 ut
2809 702 3073 757 ecclesias
3127 717 3232 772 per
3288 698 3484 757 orbem
3523 707 3818 759 terrarum

2105 795 2279 863 longe
2307 793 2530 862 lateque
2554 791 2655 847 Dei
2683 791 2903 846 honore
2949 793 3302 845 constructas
3356 791 3523 845 donis
3556 793 3823 862 ingenti-

2105 882 2211 936 bus
2269 880 2597 950 ampliﬁcet,
2651 879 2900 934 maxime
2942 879 2993 934 S.
3055 879 3347 934 Benedicti
3404 896 3606 934 norma
3668 881 3822 935 insi-

2107 971 2292 1041 gnitas
2307 985 2410 1040 per
2435 968 2627 1022 omnia
2659 969 2911 1038 adjuvet,
2943 983 3008 1021 ac
3041 968 3237 1038 vigore
3293 968 3502 1038 regalis
3529 969 3821 1040 potentia

2109 1076 2140 1112 a
2158 1056 2764 1129 pervasoribusimpiis
2785 1057 3098 1111 secundum
3113 1073 3282 1111 suum
3311 1073 3475 1128 posse
3510 1058 3819 1113 defendat.

2108 1152 2164 1201 et
2193 1147 2320 1200 ideo
2353 1145 2494 1199 scire
2532 1145 2662 1200 volo
2685 1149 2800 1199 tam
2829 1150 3144 1216 prasentes
3175 1154 3349 1216 quam
3374 1146 3596 1200 futuros
3626 1147 3823 1201 Eccle-

2108 1234 2206 1289 sia
2252 1234 2450 1289 ﬁdeles
2489 1234 2644 1304 quod
2686 1232 2922 1304 quidam
2951 1233 3296 1287 venerabilis
3361 1235 3822 1305 Mosomagensis

2107 1323 2360 1377 ecclesia
2387 1323 2582 1391 abbas,
2642 1327 3005 1392 nuncupatus
3039 1323 3205 1388 Boso,
3256 1322 3398 1376 adiit
3442 1323 3818 1394 prasentiam

2107 1416 2316 1468 nostra
2339 1410 2677 1480 serenitatis,
2726 1411 3026 1466 humiliter
3063 1428 3272 1482 rogans
3328 1416 3383 1466 et
3411 1418 3614 1482 petens
3671 1429 3819 1484 qua-

2108 1505 2276 1555 tenus
2319 1500 2536 1571 pradia
2566 1516 2694 1572 qua
2726 1499 2784 1554 in
2817 1516 3018 1570 regno,
3079 1500 3179 1554 Dei
3238 1501 3570 1567 clementia,
3603 1507 3819 1555 nostra

2107 1589 2408 1660 potestatis
2437 1588 2544 1642 sita
2589 1588 2893 1657 habentur,
2926 1591 2983 1642 et
3033 1605 3064 1641 a
3090 1587 3356 1642 ﬁdelibus
3379 1587 3480 1642 Dei
3518 1589 3642 1642 loco
3671 1605 3809 1642 san-

2113 1682 2216 1732 cta
2241 1676 2428 1732 Maria
2459 1676 2904 1747 Mosomagensis
2934 1675 3182 1731 ecclesia
3211 1665 3450 1746 prafato
3507 1676 3666 1730 ﬁdeli
3711 1677 3814 1731 de-

2113 1766 2342 1822 votione
2387 1765 2597 1819 tradita
2656 1769 2988 1832 noscuntur,
3059 1764 3397 1819 auctoritate
3419 1764 3602 1818 nostri
3661 1781 3815 1836 pra-

2113 1855 2260 1927 cepti
2316 1853 2751 1925 prohiberemus
2826 1869 2898 1907 ne
2957 1852 3027 1907 ab
3077 1852 3407 1907 inﬁdelibus
3467 1853 3587 1918 Dei,
3657 1853 3818 1924 quod

2114 1943 2285 1998 absit!
2321 1941 2796 2006 distraherentur,
2825 1941 2915 1994 vel
2945 1941 3157 2010 injuste
3175 1941 3665 2011 opprimerentur.
3700 1943 3820 1994 Nos

2110 2047 2243 2084 vero
2273 2030 2757 2099 pradecessorum
2817 2033 3144 2082 nostrorum
3195 2028 3461 2083 videlicet
3515 2029 3818 2082 Romano-

2114 2135 2244 2172 rum
2300 2118 2716 2188 imperatorum
2755 2119 3149 2187 Augustorum
3207 2132 3429 2170 morem
3481 2121 3814 2187 sequentes,

2115 2208 2237 2278 ejus
2266 2204 2642 2276 petitionibus
2673 2219 2970 2258 assensum
3021 2203 3395 2274 praebuimus,
3429 2207 3486 2258 et
3532 2219 3639 2274 per
3669 2220 3819 2274 pra-

2113 2303 2343 2366 ceptum
2382 2297 2590 2347 nostra
2631 2293 2985 2347 auctoritatis
3024 2292 3286 2364 quamvis
3341 2292 3698 2362 parvissima
3744 2293 3817 2347 ad

2114 2384 2414 2455 prafatum
2447 2385 2656 2436 sancta
2684 2380 2872 2435 Maria
2893 2380 3146 2435 ecclesia
3177 2381 3369 2434 locum
3415 2379 3517 2434 Dei
3547 2399 3580 2434 a
3618 2380 3819 2436 ﬁdeli—

2113 2473 2220 2526 bus
2243 2471 2303 2524 in
2324 2470 2559 2524 nomine
2588 2469 2819 2524 Domini
2842 2469 2975 2524 data
3025 2470 3454 2536 conﬁrmamus,
3488 2474 3544 2523 et
3585 2474 3649 2522 ut
3679 2486 3822 2540 per-

2113 2559 2417 2631 petualiter
2445 2558 2639 2630 quiete
2670 2562 2727 2612 et
2753 2558 2968 2628 absque
3020 2557 3138 2611 ulla
3195 2557 3540 2629 repetitione
3571 2559 3818 2612 ecclesia

2117 2655 2326 2706 sancta
2347 2651 2535 2704 Maria
2567 2654 2788 2704 teneret
2819 2649 3316 2704 corroboravimus
3347 2671 3359 2705 :
3402 2650 3668 2705 videlicet
3697 2656 3819 2705 tres

2117 2739 2378 2796 ecclesias
2408 2739 2468 2792 in
2498 2739 2714 2793 honore
2744 2738 2923 2792 sancti
2954 2737 3227 2808 Dionysii,
3261 2739 3436 2792 sancti
3464 2739 3690 2793 Martini
3760 2743 3820 2794 et

2118 2833 2326 2882 sancta
2358 2827 2656 2882 Genovefa
2683 2826 2745 2880 in
2776 2826 3037 2896 ejusdem
3096 2827 3429 2880 monasterii
3477 2827 3613 2881 villa
3643 2827 3814 2891 sitas,

2118 2933 2247 2970 cum
2270 2915 2436 2969 terris
2465 2919 2522 2969 et
2541 2914 2807 2969 omnibus
2846 2914 3194 2984 appendiciis
3224 2914 3361 2982 suis,
3425 2919 3482 2968 et
3530 2916 3815 2970 medieta-

315 3000 560 3050 matrem
580 2998 933 3067 confugiant,
960 3003 1024 3052 ut
1055 2999 1124 3052 ab
1153 3014 1239 3064 ea,
1273 2998 1438 3052 Sicuti
1470 2999 1711 3069 dignum
1741 3003 1846 3066 est,
1895 2999 2002 3053 ful-
2038 3006 2080 3061 C
2116 3009 2231 3058 tem
2256 3003 2490 3057 mercati
2522 3003 2780 3073 ejusdem
2827 3003 2956 3070 luci,
2986 3007 3038 3057 et
3070 3003 3393 3058 districtum
3434 3009 3492 3058 et
3547 3003 3814 3058 bannum

317 3084 434 3151 citi,
466 3090 565 3138 aut
595 3101 660 3138 ea
690 3101 819 3155 qua
846 3086 982 3140 inde
1026 3087 1365 3140 abstulimus
1393 3086 1543 3140 bona
1579 3103 1680 3139 sua
1707 3087 2005 3155 recipiant,

318 3177 417 3227 aut
446 3173 600 3243 quod
629 3189 735 3226 nos
759 3190 859 3243 pro
884 3175 1056 3228 tantis
1107 3174 1273 3228 bonis
1320 3179 1378 3228 et
1440 3173 1896 3244 possessionibus
1946 3175 2003 3231 S.

315 3261 551 3315 Joannis
581 3264 637 3314 et
657 3261 708 3315 S.
744 3261 1032 3316 Maximini
1062 3262 1199 3317 inde
1238 3263 1458 3317 abbatis
1489 3263 1557 3316 ad
1612 3263 2008 3334 quietudinem

315 3349 549 3402 illorum
599 3349 988 3404 ordinavimus
1037 3355 1210 3421 atque
1261 3351 1637 3418 ﬁrmavimus,
1695 3351 2011 3422 apostolica

320 3437 652 3492 auctoritate
683 3438 955 3505 roborati,
983 3439 1244 3494 obtinere
1275 3439 1642 3510 praevaleant.

387 3527 616 3594 Signum
692 3527 876 3581 damni
944 3529 1188 3582 Heinrici
1251 3530 1609 3583 Romanorum
1666 3529 2012 3582 invictissimi

317 3615 662 3682 imperatoris
692 3617 953 3682 Augusti.

389 3703 736 3756 Guntherius
783 3703 1154 3758 cancellarius
1205 3703 1322 3757 vice
1359 3702 1625 3759 Aribonis
1658 3702 2012 3774 archicapel-

319 3789 436 3843 lani
468 3791 798 3858 recognovi.

389 3878 531 3932 Data
562 3895 640 3932 IV.
671 3879 753 3932 Id.
788 3878 1074 3943 Decemb.,
1108 3877 1426 3933 indictione
1485 3895 1560 3946 v1,
1626 3895 1778 3934 anno
1817 3877 2010 3934 Domi-

319 3963 465 4018 nica
543 3965 952 4018 incarnationis
1024 3967 1158 4019 1023
1240 3965 1392 4035 (190)
1474 3983 1622 4020 anno
1672 3967 1871 4022 domni
1923 3985 2011 4023 se-

320 4053 492 4107 cundi
521 4054 774 4109 Heinrici
803 4055 1099 4125 regnantis
1127 4072 1282 4111 χχιιι.
1315 4057 1544 4128 imperii
1601 4063 1793 4114 autem
1813 4076 1897 4122 χ..

389 4145 591 4195 Actum
621 4142 681 4195 in
709 4143 988 4211 Triburia,
1022 4144 1182 4215 regia
1209 4145 1364 4215 villa,
1421 4147 1633 4217 palatio
1667 4148 1918 4219 publico,
1951 4150 2011 4205 in

323 4228 421 4284 Dei
449 4230 706 4286 nomine.
737 4233 940 4287 Amen.
976 4234 1175 4288 Amen.

1074 4373 1262 4442 (xxxx.

319 4493 375 4548 S.
431 4495 653 4548 Henrici
697 4496 752 4549 II
793 4497 1139 4565 imperatoris
1190 4497 1432 4580 diploma
1455 4513 1557 4568 pro
1583 4498 1808 4554 abbatia
1834 4500 2009 4554 Mosa-

1033 4581 1299 4635 magensi.

971 4688 1158 4759 (Anno
1182 4692 1364 4759 1023.)

357 4827 523 4900 [Hist.
580 4829 977 4899 ecclésisatique
1027 4834 1266 4958 9ςοίιὲἐὲ
1293 4833 1393 4974 ]ἀιι
1444 4832 1651 4888 diocese
1688 4834 1754 4888 de
1803 4837 1970 4890 Laon.

997 4918 1128 4973 pag.
1274 4947 1285 4958 .

997 4918 1128 4973 pag.
1164 4918 1285 4958 602.

388 5027 451 5080 In
482 5024 717 5079 nomine
747 5030 955 5080 sancta
985 5030 1042 5081 et
1071 5027 1387 5082 individua
1429 5027 1744 5094 Trinitatis,
1795 5030 2010 5084 Hamu-

387 5130 530 5202 (188)
553 5131 824 5204 Advocati
854 5134 1064 5187 nullum
1085 5137 1210 5202 post
1256 5149 1312 5187 se
1344 5149 1540 5202 ponere
1595 5134 1853 5201 audeant,
1912 5138 2010 5204 qui

315 5207 530 5256 vocetur
606 5203 1028 5271 proadvocatus,
1107 5205 1421 5271 nullumque
1499 5205 1764 5273 placitum
1810 5203 2008 5274 prater

317 5275 448 5337 tria,
498 5277 604 5326 etc.
657 5274 968 5327 Notabilem
1033 5274 1185 5327 hunc
1243 5275 1429 5327 locum
1505 5276 1728 5328 censuit
1812 5281 2010 5330 auctor

316 5341 581 5414 Chronici
612 5343 1024 5410 Gottwicensis,
1057 5360 1187 5414 pag.
1222 5346 1345 5410 235,
1379 5360 1549 5414 quem
1584 5345 1730 5399 vide.

388 5412 540 5486 _(18_9)
590 5414 976 5486 Paravcredos.
1027 5412 1228 5486 Verédi
1280 5412 1545 5484 junienta
1591 5421 1724 5469 sunt
1770 5432 1897 5486 qua
1937 5418 2006 5472 ad

316 5481 663 5536 celeritatem
701 5500 804 5553 per
826 5484 1123 5538 intervalla
1154 5481 1561 5555 disponuntur,
1597 5503 1627 5539 a
1680 5481 1874 5540 rhedis
1919 5505 2008 5542 ve-

315 5549 520 5603 hendis
552 5552 721 5604 dicta.

358 5552 520 5603 endis
552 5552 721 5607 dicta.

388 5621 534 5690 (190)
564 5623 723 5676 Αηηο
759 5639 883 5677 vero
939 5627 1153 5678 Domini
1199 5627 1442 5680 Heinrici
1494 5629 1773 5692 regnantis
1803 5644 2001 5683 χχχιιι.

2117 3108 2315 3148 eorum
2355 3091 2658 3145 hominum
2691 3095 2746 3144 et
2775 3090 3120 3146 feminarum
3153 3091 3251 3162 qui
3278 3091 3339 3145 in
3360 3092 3557 3146 eadem
3589 3092 3724 3146 villa
3745 3094 3821 3147 ad

2116 3181 2298 3251 ipsius
2337 3179 2448 3233 loci
2481 3179 2891 3234 monasterium
2921 3179 3211 3250 pertinent
3250 3180 3320 3234 de
3352 3181 3557 3251 capite,
3585 3187 3642 3234 et
3671 3198 3823 3252 qua-

2115 3274 2248 3324 tuor
2277 3268 2438 3322 villas
2484 3283 2730 3339 quarum
2775 3268 2899 3321 hac
2925 3271 3058 3321 sunt
3086 3269 3322 3322 nomina
3351 3285 3364 3322 :
3426 3269 3825 3324 Breveliacum

2117 3375 2248 3413 cum
2308 3356 2566 3424 ecclesia,
2619 3355 2836 3410 Seciam
2927 3372 3058 3410 cum
3132 3356 3386 3424 ecclesia,
3435 3357 3626 3411 Odunt
3682 3374 3820 3412 cum

2119 3446 2375 3511 ecclesia,
2409 3445 2787 3500 Remiliacum
2819 3461 2948 3499 cum
2982 3444 3139 3499 silvis
3170 3449 3226 3498 et
3281 3445 3547 3500 omnibus
3593 3461 3823 3516 appen-

2119 3535 2283 3590 diciis
2313 3533 2427 3588 suis
2451 3553 2466 3601 ;
2490 3533 2550 3587 in
2580 3533 2715 3586 villa
2767 3533 3010 3586 Allicurt
3054 3549 3321 3587 mansum
3375 3549 3506 3588 cum
3543 3533 3822 3588 omnibus

2118 3621 2470 3694 appendiciis
2518 3620 2653 3674 suis.
2725 3621 2789 3674 In
2846 3620 2979 3674 villa
3038 3621 3280 3675 Duziaco
3333 3621 3629 3676 ecclesiam
3679 3639 3819 3676 cum

2120 3712 2343 3766 duabus
2367 3708 2599 3780 capellis
2630 3713 2688 3763 et
2717 3708 2942 3762 duobus
2993 3710 3226 3764 mensis.
3255 3711 3318 3764 In
3377 3710 3600 3766 Titania
3627 3726 3818 3764 unum

2119 3815 2418 3865 mansum;
2464 3798 2526 3851 in
2559 3796 2692 3850 villa
2723 3797 3070 3852 Hercumbre
3126 3799 3422 3853 ecclesiam
3455 3814 3584 3852 cum
3625 3798 3820 3852 tribus

2120 3883 2379 3954 capellis;
2431 3881 2492 3936 in
2544 3888 2740 3936 monte
2787 3883 2840 3938 S.
2897 3883 3145 3954 Remigii
3197 3884 3514 3953 ecclesiam,
3575 3885 3634 3938 in
3672 3886 3820 3939 Her-

2120 3972 2412 4026 mannisve
2475 3970 2771 4025 ecclesiam
2823 3987 2950 4025 cum
2993 3973 3210 4042 capella
3239 3989 3383 4040 una;
3415 3972 3478 4026 in
3505 3973 3703 4026 villare
3729 3990 3823 4028 ec—

2119 4060 2349 4116 clesiam
2395 4076 2601 4126 unam;
2628 4059 2690 4112 in
2711 4059 2843 4113 villa
2891 4059 3103 4114 Sedens
3146 4065 3262 4115 tres
3318 4066 3508 4132 partes
3553 4063 3824 4117 Ecclesia

2120 4165 2251 4203 cum
2280 4149 2487 4215 terris;
2530 4149 2589 4202 in
2621 4148 3005 4203 Butonicurte
3055 4149 3352 4204 ecclesiam
3387 4166 3517 4204 cum
3552 4150 3817 4221 {capella;

2122 4239 2183 4292 in
2211 4237 2426 4292 Rudini
2456 4241 2650 4291 monte
2694 4237 2996 4292 dimidiam
3051 4238 3380 4304 ecclesiam;
3444 4238 3506 4292 in
3561 4239 3821 4295 Amblini

2125 4331 2318 4380 monte
2350 4325 2644 4379 ecclesiam
2670 4342 2877 4392 unam;
2907 4326 2966 4379 in
2997 4327 3254 4381 Givunna
3310 4331 3560 4398 quatuor
3585 4343 3818 4383 mansos

2119 4419 2175 4467 et
2213 4413 2441 4467 tertiam
2491 4417 2716 4482 partem
2768 4414 3049 4480 ecclesia;
3101 4416 3162 4469 in
3220 4415 3469 4469 Purione
3533 4416 3818 4487 superiori

2118 4502 2412 4556 ecclesiam
2442 4517 2647 4568 unam;
2690 4501 2752 4555 in
2801 4502 2994 4556 Evrini
3023 4507 3219 4556 monte
3267 4519 3533 4558 mansum
3587 4521 3815 4573 unum;

2116 4591 2177 4645 in
2208 4591 2342 4644 villa
2373 4585 2672 4644 Hannonia
2705 4590 2959 4645 alodium
2989 4608 3119 4645 cum
3153 4592 3502 4656 molendiuo,
3568 4593 3723 4646 silvis
3754 4600 3816 4648 et

2116 4679 2385 4734 omnibus
2413 4679 2766 4749 appendiciis
2791 4679 2930 4746 suis,
2963 4696 3135 4750 quem
3201 4680 3361 4735 dedit
3407 4681 3724 4753 Helgodus;
3746 4683 3813 4736 in

2119 4767 2364 4822 Bertoldi
2412 4769 2578 4836 jcurte
2635 4767 2889 4822 alodium
2966 4785 3094 4822 cum
3151 4769 3500 4835 molendino,
3553 4769 3705 4823 silvis
3753 4776 3816 4826 et

2116 4856 2386 4910 omnibus
2416 4855 2771 4926 appendiciis
2801 4857 2936 4923 suis,
2956 4872 3128 4928 quem
3169 4857 3328 4911 dedit
3354 4857 3672 4912 Amalricus
3700 4875 3812 4928 pro

2118 4944 2310 4998 anima
2334 4944 2520 4998 fratris
2541 4944 2770 5011 Olonis;
2835 4949 2890 4999 et
2942 4945 3000 4998 in
3059 4947 3180 5000 loco
3229 4945 3329 5016 qui
3377 4945 3585 5000 dicitur
3646 4947 3809 5014 Villa,

2118 5032 2390 5099 alodium,
2415 5049 2587 5102 quem
2610 5032 2768 5087 dedit
2787 5034 2911 5103 jam
2935 5034 3119 5088 dictus
3149 5034 3469 5088 Amalricus
3495 5051 3599 5106 pro
3627 5041 3812 5092 matre

2115 5136 2355 5209 Ponitur
2385 5154 2566 5209 annus
2622 5153 2799 5209 uxxm
2851 5139 2976 5192 loco
3018 5155 3192 5204 uxxn,
3236 5139 3391 5209 quod
3444 5140 3689 5193 occurrit
3735 5141 3808 5196 ‘in

2115 5207 2378 5276 pluribus
2421 5208 2547 5261 aliis
2607 5208 2819 5262 chartis
2851 5209 3047 5262 relatis
3101 5209 3158 5263 in
3203 5207 3404 5265 Chron.
3468 5211 3801 5278 Gottwicen.,

2115 5282 2248 5333 tom.
2289 5279 2331 5343 Ι,
2361 5295 2419 5348 p.
2452 5281 2574 5333 242.
2639 5279 2902 5332 Excusari
2949 5279 3006 5332 id
3058 5286 3267 5349 potest,
3320 5281 3562 5334 dicendo
3601 5297 3613 5334 :
3669 5284 3810 5337 anni

2118 5349 2643 5422 {022_superstites
2696 5365 2921 5422 menses
2991 5366 3095 5419 pro
3154 5351 3380 5422 integro
3436 5367 3607 5417 anno,
3664 5353 3806 5406 alios

2115 5419 2320 5473 deinde
2349 5435 2571 5473 menses
2601 5420 2738 5472 anni
2763 5422 2895 5474 1023
2929 5436 3159 5474 rursum
3191 5419 3301 5490 pro
3321 5427 3439 5475 toto
3472 5438 3624 5474 anno
3654 5438 3808 5477 com-

2113 5495 2343 5613 putatos
2404 5506 2556 5556 esse;
2588 5490 2762 5560 [quod
2799 5491 3039 5544 notariis
3093 5508 3190 5545 seu
3246 5491 3598 5546 cancellariis
3654 5493 3805 5549 haud

2140 5560 2286 5613 uisse
2329 5560 2664 5613 infrequens
2717 5576 2819 5613 nos
2863 5561 2981 5613 iam
3024 5562 3166 5613 alias
3194 5563 3486 5613 monuisse
3537 5564 3799 5613 memini-

2140 5560 2286 5613 uisse
2329 5560 2664 5631 infrequens
2717 5576 2819 5614 nos
2857 5561 2981 5630 jam
3024 5562 3166 5616 alias
3194 5563 3486 5617 monuisse
3537 5564 3799 5618 memini-

2115 5645 2262 5683 mus.
