3944 6310
126 338 241 391 3'73

128 553 222 606 vis
250 558 312 607 et
343 552 612 607 omnibus
653 551 1009 622 appendiciis
1036 552 1173 619 suis,
1236 569 1409 624 quem
1463 555 1620 609 dedit
1678 554 1846 608 Wiri-

130 658 239 695 cus
272 642 546 707 clericus;
585 645 643 695 et
670 640 732 694 in
761 640 895 694 villa
924 656 1054 711 qua
1093 642 1300 695 dicitur
1333 644 1541 709 Nonas,
1575 644 1848 698 aliodium

132 746 277 783 cum
312 729 666 795 molendino,
697 728 852 782 silvis
881 733 937 782 et
968 730 1321 799 appendiciis
1369 730 1510 798 suis,
1542 748 1715 801 quem
1749 732 1845 785 de-

136 819 229 872 dit
294 819 589 872 Jozbertus
650 817 922 884 clericus;
982 818 1122 872 etin
1165 819 1533 873 Eomloncare
1594 820 1845 875 alodium

132 924 271 961 cum
308 906 681 973 molendinis,
714 906 891 960 vineis
921 911 977 960 et
1005 907 1276 961 omnibus
1308 908 1658 978 appendiciis
1709 908 1846 976 suis,

136 1010 323 1064 quem
353 992 510 1047 dedit
540 994 756 1059 Emma,
812 1008 955 1046 uxor
984 992 1273 1061 Dudonis;
1305 1001 1362 1047 et
1392 995 1450 1047 in
1480 996 1613 1048 villa
1666 994 1844 1062 Hairi,

136 1087 307 1135 curte
329 1081 582 1135 alodium
597 1096 727 1134 cum
741 1079 1224 1134 dimidiaecclesia
1246 1085 1302 1134 et
1322 1081 1588 1135 omnibus
1633 1098 1848 1151 appen-

138 1170 312 1223 diciis
334 1170 471 1236 suis,
494 1185 666 1239 quem
690 1168 845 1223 dedit
864 1170 1063 1222 Hanno
1091 1168 1242 1222 ﬁlius
1258 1170 1379 1238 jam
1403 1170 1538 1224 dicti
1560 1170 1847 1236 Dudonis;

140 1258 203 1311 in
238 1258 444 1311 eadem
474 1257 608 1309 villa
638 1255 911 1324 alodium,
944 1272 1117 1327 quem
1146 1256 1304 1310 dedit
1335 1257 1487 1310 Dada
1525 1274 1656 1311 cum
1706 1275 1847 1328 qua-

143 1347 285 1399 dam
314 1352 477 1415 parte
510 1345 782 1413 ecclesia,
826 1345 886 1398 in
941 1345 1077 1398 villa
1108 1362 1235 1415 qua
1276 1346 1486 1399 dicitur
1535 1348 1659 1410 Bar,
1718 1363 1846 1400 cum

142 1434 421 1488 omnibus
450 1432 805 1503 appendiciis
837 1432 970 1486 suis.
1006 1434 1071 1487 Et
1109 1433 1169 1486 in
1200 1433 1335 1487 villa
1389 1434 1694 1503 Sommoya
1729 1435 1849 1488 alo-

142 1522 333 1586 dium,
369 1536 540 1591 quem
564 1520 716 1574 dedit
746 1520 1059 1574 Lieltherus
1093 1537 1196 1591 pro
1216 1520 1337 1573 ﬁlio
1369 1537 1470 1573 suo
1530 1521 1846 1587 Heriberto,

140 1626 280 1662 cum
309 1608 573 1662 omnibus
623 1609 976 1678 appendiciis
1035 1608 1172 1662 suis.
1225 1610 1291 1662 Et
1320 1609 1381 1662 in
1437 1608 1848 1664 Gunhericurte

138 1697 407 1751 alodium
440 1713 570 1750 cum
602 1696 946 1751 molendinis
976 1701 1033 1751 et
1052 1697 1204 1749 silvis
1232 1701 1288 1750 et
1309 1697 1576 1751 omnibus
1632 1713 1846 1768 appen-

138 1785 313 1840 diciis
346 1787 481 1853 suis,
526 1802 696 1856 quem
747 1785 902 1841 dedit
956 1786 1262 1839 Fulcradus
1301 1792 1357 1839 et
1410 1786 1758 1852 Hamedeus;
1794 1791 1851 1840 et

144 1874 208 1927 in
262 1875 384 1944 jam
437 1874 583 1928 dicta
612 1874 747 1927 villa
770 1873 928 1927 Sccia
957 1890 1139 1927 unum
1169 1890 1455 1935 mansum,
1481 1890 1653 1944 quem
1686 1874 1845 1929 dedit

142 1963 465 2033 Hilbertus;
499 1966 555 2016 et
603 1962 663 2016 in
695 1962 827 2015 villa
859 1962 1084 2016 Flaveio
1140 1962 1438 2017 ecclesiam
1497 1979 1671 2016 unam
1719 1979 1847 2017 cum

140 2051 355 2119 alodio,
383 2067 555 2122 quem
582 2050 743 2105 dedit
766 2051 1087 2105 Hamedeus
1116 2056 1171 2104 et
1193 2052 1381 2121 neptis
1409 2051 1532 2120 ejus
1564 2051 1849 2106 Molimdis

139 2157 279 2195 cum
312 2140 577 2193 omnibus
611 2138 969 2209 appendiciis
1001 2138 1145 2205 suis;
1181 2145 1239 2192 et
1290 2139 1350 2192 in
1373 2139 1508 2193 villa
1547 2156 1675 2210 qua
1706 2139 1848 2193 dici-

140 2236 239 2283 tur
282 2230 472 2297 Urgan
496 2243 677 2281 unum
712 2226 963 2281 fiscalem
996 2243 1282 2294 mansum,
1317 2243 1489 2297 quem
1521 2227 1680 2281 dedit
1732 2228 1847 2283 dux

142 2317 482 2372 Fredericus
513 2333 618 2387 pro
650 2316 842 2369 anima
882 2315 1125 2381 Ottonis,
1160 2332 1288 2369 cum
1336 2315 1603 2369 omnibus
1632 2332 1846 2387 appen-

145 2406 315 2461 diciis
363 2406 510 2472 suis;
544 2408 602 2459 et
650 2404 713 2458 in
780 2403 915 2459 villa
970 2408 1302 2473 nuncupata
1352 2404 1614 2459 Ouvelais
1667 2421 1850 2459 unum

147 2510 451 2559 mansum;
509 2497 565 2547 et
623 2492 681 2546 in
734 2491 871 2545 villa
926 2493 1232 2545 Enemente
1290 2508 1474 2545 unum
1554 2508 1845 2559 mansum;

145 2599 326 2654 super
378 2581 617 2634 ﬂuvium
661 2581 905 2635 Mosella
943 2580 1003 2633 in
1061 2580 1194 2633 villa
1248 2581 1561 2634 Rozerolax
1619 2597 1847 2634 mansos

144 2672 379 2735 decem;
414 2670 472 2722 in
518 2670 651 2722 villa
683 2685 811 2740 qua
840 2667 1050 2721 dicitur
1072 2668 1377 2722 Castellum
1406 2685 1636 2722 mansos
1682 2670 1844 2723 duos.

144 2763 389 2831 Insuper
410 2758 874 2811 conﬁrmavimus
906 2756 1180 2828 pradicto
1232 2758 1577 2811 monasterio
1630 2757 1850 2827 pradia

144 2866 279 2919 qua
328 2847 665 2903 Godefridus
689 2863 879 2900 comes
939 2850 995 2898 et
1023 2846 1231 2916 conjux
1272 2863 1372 2899 sua
1403 2846 1686 2901 Mathildis
1745 2863 1847 2917 pro

145 2938 345 2991 anima
367 2936 455 2990 sui
481 2935 670 2989 fratris
700 2934 1014 3001 constituit,
1051 2940 1108 2988 et
1137 2950 1241 3004 pro
1298 2933 1514 2988 anima
1540 2951 1659 2990 sua
1717 2952 1848 2989 suo-

1402 340 1790 397 DIPLOMATA
1831 342 2386 400 ECCLESIASTICA.

127 480 272 531 sua;
329 469 388 518 et
415 463 475 518 in
504 462 639 518 villa
677 462 882 517 Falisia
908 462 1163 518 alodium
1193 479 1322 518 cum
1350 466 1699 531 molendino,
1750 466 1845 520 sil-
1877 468 1925 521 A

3550 349 3656 406 374

2696 472 2915 528 CXXXI.

1960 575 2016 630 S.
2046 577 2308 630 Henricus
2359 576 2618 629 Ecclesia
2674 576 3064 644 Pergamensis,
3104 581 3314 646 petente
3370 580 3656 639 Ambrosio

2339 649 2609 715 episcopo,
2637 648 2938 715 privilegia
2966 648 3269 716 conﬁrmat.

2596 735 2779 803 (Anno
2833 736 3016 805 1023.)
3219 722 3230 731 ’

2314 822 2588 892 lUghelli,
2611 824 2778 877 Italia
2824 838 3002 889 sacra,
3037 840 3108 890 1v,
3143 823 3297 896 441.]

2034 910 2092 962 In
2125 908 2360 963 nomine
2395 915 2605 963 sancta
2639 916 2697 964 et
2753 911 3065 965 individua
3121 913 3430 983 Trinitatis,
3487 917 3654 972 Ham-

1958 1012 2110 1051 mws
2139 997 2331 1051 divina
2359 998 2586 1052 favente
2616 1000 2919 1053 clementia
2948 1000 3343 1057 Romanorum
3406 1002 3655 1076 impera-

1957 1091 2050 1140 tor
2076 1088 2383 1157 Augustus.

2030 1175 2301 1229 Omnium
2334 1181 2542 1229 sancta
2575 1175 2672 1229 Dei
2703 1176 2969 1231 Ecclesia
3014 1183 3458 1251 nostrorumque
3513 1181 3653 1236 ﬁde-

1960 1263 2127 1329 lium,
2155 1264 2526 1335 prasentium
2559 1265 2825 1319 videlicet
2875 1282 2937 1319 ac
2966 1266 3313 1329 futurorum,
3376 1269 3654 1338 sagacitas

1959 1350 2180 1404 noverit
2234 1351 2624 1417 Ambrosium,
2680 1358 2887 1407 sancta
2943 1355 3337 1423 Pergamensis
3393 1357 3657 1411 Ecclesia

1957 1438 2340 1492 venerabilem
2371 1441 2726 1510 episcopum,
2751 1447 2960 1496 nostra
3013 1443 3284 1497 obtulisse
3339 1445 3658 1499 clementia

1958 1531 2241 1604 praecepta
2298 1532 2471 1597 atque
2525 1527 2889 1583 auctoritates
2932 1530 3324 1599 piissimorum
3369 1536 3655 1603 Augusto-

1959 1631 2087 1670 rum
2114 1616 2203 1669 vel
2223 1631 2423 1685 regum
2449 1632 2544 1669 seu
2596 1616 3078 1685 praedecessorum
3141 1621 3468 1672 nostrorum
3524 1636 3647 1674 om-

1957 1703 2140 1770 nium,
2166 1707 2454 1774 quotquot
2483 1719 2516 1756 a
2544 1707 2805 1773 tempore
2839 1704 2985 1758 diva
3016 1706 3311 1759 memoria
3333 1706 3519 1777 Magni
3553 1710 3652 1762 Ca-

1957 1786 2065 1839 roli
2098 1791 2483 1856 regnaverunt
2510 1802 2692 1856 usque
2724 1786 2795 1840 ad
2822 1803 3074 1856 prasens
3108 1793 3334 1859 tempus
3371 1795 3655 1859 nostrum,

1957 1874 2057 1945 qui
2087 1890 2285 1927 omnes
2324 1873 2706 1927 immunitatis
2765 1890 2883 1927 sua
2942 1891 3005 1928 ac
3052 1875 3411 1930 liberalitatis
3463 1879 3650 1931 muni-

1956 1963 2110 2016 mine
2141 1962 2437 2032 prafatam
2492 1962 2795 2016 Ecclesiam
2839 1965 3163 2017 exaltarunt
3210 1969 3267 2017 et
3305 1965 3652 2019 corrobora—

1954 2054 2121 2116 runt;
2149 2050 2452 2120 petiitque,
2485 2054 2548 2103 ut
2577 2050 2917 2104 eorumdem
2939 2050 3377 2106 auctoritatibus
3397 2058 3651 2106 nostram

1956 2138 2470 2207 superadderemus
2499 2139 2921 2193 auctoritatem.
2970 2140 3143 2209 Cujus
3173 2139 3490 2194 devotionis
3520 2157 3652 2210 pre-

1955 2227 2115 2280 cibus
2144 2226 2521 2280 libentissime
2578 2242 2869 2280 assensum
2917 2228 3257 2297 prabentes,
3312 2228 3418 2282 hos
3464 2230 3652 2299 apices

1956 2316 2189 2369 inscribi
2213 2314 2510 2385 jussimus,
2564 2331 2669 2385 per
2696 2331 2841 2386 quos
2873 2316 3233 2370 decernimus
3258 2321 3325 2370 ut
3367 2316 3650 2387 quidquid

1956 2404 2182 2475 antiqui
2213 2404 2608 2473 imperatores,
2660 2407 2716 2457 et
2768 2420 2933 2472 reges
2986 2404 3379 2474 imperatrices
3419 2422 3651 2477 quoque

1958 2499 2015 2546 et
2044 2492 2256 2563 regina
2280 2494 2696 2551 Romanorum,
2744 2493 3275 2562 Longobardorum,
3333 2509 3435 2547 seu
3476 2494 3649 2547 Fran-

1957 2595 2176 2645 corum,
2212 2596 2315 2633 nec
2345 2595 2459 2632 non
2487 2584 2543 2633 et
2568 2579 2777 2649 reliqui
2802 2581 2980 2633 Deum
3001 2580 3290 2646 timentes,
3314 2587 3650 2636 memorata

1958 2674 2163 2723 sancta
2230 2667 2624 2738 Pergamensis
2704 2668 2957 2721 ecclesia
3018 2669 3135 2721 suis
3215 2669 3516 2740 praceptis
3594 2677 3650 2724 et

1956 2758 2308 2813 testamentis
2339 2757 2725 2822 contulerunt,
2761 2761 2817 2809 et
2848 2757 3212 2825 postmodum
3256 2758 3656 2827 pracellentis-

1958 2846 2089 2899 simi
2120 2861 2282 2915 reges
2315 2849 2487 2914 atque
2513 2844 2755 2912 Augusti
2806 2860 2908 2897 sua
2961 2846 3293 2899 auctoritate
3342 2846 3655 2901 conﬁrma-

1958 2938 2184 3001 verunt,
2248 2934 2449 2986 stabile
2514 2937 2681 3003 atque
2763 2932 3162 2987 inconvulsum
3224 2935 3427 2988 nostris
3490 2935 3650 2989 futu-

145 3042 398 3097 rumque
428 3028 728 3095 parentum
760 3022 1013 3077 remedio
1045 3023 1321 3076 concessit
1350 3028 1407 3076 et
1446 3024 1703 3091 tradidit,
1735 3024 1847 3078 sci-
1879 3022 1919 3076 C
1958 3024 2151 3094 risque
2180 3022 2535 3092 temporibus
2562 3020 2621 3074 in
2652 3021 2831 3091 ipsius
2852 3022 2981 3092 jure
3030 3026 3086 3075 et
3114 3026 3391 3093 potestate
3442 3039 3651 3094 perpe-

144 3116 278 3169 licet
298 3115 360 3167 in
394 3112 525 3166 villa
554 3112 890 3181 Madriugas,
918 3112 1173 3182 quinque
1232 3127 1459 3165 mansos
1487 3127 1615 3164 cum
1651 3128 1849 3166 manso

147 3202 564 3259 indominicato
596 3205 651 3253 et
676 3200 973 3254 dimidiam
1006 3199 1332 3266 ecclesiam;
1365 3199 1423 3252 in
1456 3200 1653 3254 Rotela
1692 3216 1851 3254 man-

148 3306 243 3343 sos
266 3293 489 3359 septem
511 3292 566 3341 et
599 3288 823 3341 tertiam
856 3292 1079 3358 partem
1132 3286 1472 3355 molendini,
1502 3303 1633 3341 cum
1680 3288 1849 3341 terris

148 3379 319 3433 cultis
342 3381 400 3431 et
436 3376 699 3443 incultis;
731 3382 787 3429 et
814 3376 875 3429 in
928 3376 1231 3429 Bretenaco
1279 3391 1507 3428 mansos
1564 3376 1848 3430 sexdecim

146 3473 202 3522 et
225 3467 537 3537 quamdam
570 3469 790 3535 partem
824 3465 1096 3530 ecclesia,
1129 3480 1259 3517 cum
1292 3464 1558 3518 omnibus
1603 3465 1849 3535 pradic-

150 3562 343 3611 tarum
384 3554 773 3621 ecclesiarum,
837 3568 1187 3615 mansorum.
1238 3552 1608 3623 pradiorum,
1671 3554 1851 3623 perti-

150 3643 377 3699 nenciis
399 3643 538 3707 suis,
584 3642 831 3713 pascuis,
859 3642 1096 3712 campis,
1136 3641 1335 3705 vineis,
1397 3642 1594 3712 pratis,
1639 3642 1849 3695 manci-

149 3733 286 3803 piis,
318 3731 494 3797 silvis,
527 3730 955 3802 piscationibus,
984 3730 1348 3797 molendinis,
1381 3729 1549 3783 terris
1588 3730 1752 3783 cultis
1794 3735 1851 3785 et

152 3819 405 3886 incultis,
436 3824 491 3873 et
520 3836 649 3873 cum
676 3818 941 3872 omnibus
972 3834 1101 3889 qua
1133 3818 1241 3872 dici
1272 3818 1359 3871 vel
1388 3818 1675 3872 nominari
1712 3835 1850 3888 pos-

154 3914 308 3974 sunt,
344 3924 472 3978 qua
505 3908 626 3977 jam
658 3906 806 3961 dicto
844 3906 1189 3960 monasterio
1228 3923 1381 3960 nunc
1406 3907 1715 3976 pertinent,
1751 3911 1852 3960 aut

151 3999 208 4051 in
230 3998 512 4061 futurum,
532 3996 1034 4067 aquibuscunque,
1056 3997 1169 4049 Deo
1184 3996 1409 4049 favente
1425 3995 1574 4065 {data
1605 3994 1850 4064 pertine-

153 4085 357 4154 bunt];
386 4084 589 4155 suique
619 4083 677 4136 in
706 4084 907 4137 eodem
941 4083 1294 4137 monasterio
1347 4098 1696 4136 successores
1728 4098 1851 4135 om-

155 4174 257 4227 nia
284 4172 617 4243 prascripta
655 4171 923 4238 habeant,
957 4176 1191 4225 teneant
1230 4174 1294 4224 ut
1349 4187 1545 4224 secure
1582 4173 1693 4224 Deo
1733 4187 1849 4224 ser-

1957 3110 2187 3163 tualiter
2212 3114 2459 3163 maneat.
2504 3110 2567 3163 Et
2596 3110 2787 3163 nullus
2818 3125 3027 3175 comes,
3060 3111 3146 3163 vel
3174 3111 3415 3181 publica
3471 3112 3653 3181 partis

1951 3200 2128 3269 judex
2160 3203 2215 3252 et
2246 3198 2547 3268 gastaldio,
2577 3198 2663 3251 vel
2689 3198 2800 3251 alia
2839 3198 3113 3268 qualibet
3137 3216 3381 3269 persona
3414 3200 3474 3253 in
3522 3217 3653 3254 mo-

1956 3287 2241 3352 nasteriis,
2300 3285 2669 3339 xenodochiis
2726 3286 2811 3339 vel
2862 3286 3107 3339 ecclesiis
3190 3286 3648 3357 baptismalibus,

1957 3380 2057 3429 aut
2082 3374 2487 3439 cardinalibus,
2524 3389 2625 3427 seu
2651 3374 2912 3443 oraculis,
2938 3375 3024 3427 vel
3056 3375 3277 3429 cunctis
3330 3376 3650 3445 possessio-

1957 3464 2124 3517 nibus
2156 3478 2316 3532 quas,
2343 3465 2402 3513 ut
2432 3461 2817 3531 pradiximus,
2851 3478 2883 3514 a
2912 3465 3169 3532 tempore
3220 3462 3404 3533 Magni
3466 3463 3653 3517 Caroli

1955 3567 2137 3622 usque
2162 3550 2220 3603 in
2246 3564 2497 3620 prasens
2520 3549 2901 3619 undecunque
2933 3550 3081 3603 infra
3118 3566 3361 3620 regnum
3392 3551 3650 3604 Italicum

1958 3640 2263 3710 sapedicta
2292 3638 2687 3708 Pergamensis
2720 3637 2954 3691 ecclesia
2998 3638 3208 3692 habere
3274 3638 3650 3709 dignoscitur,

1956 3730 2043 3783 vel
2067 3746 2207 3800 quas
2237 3727 2506 3797 deinceps
2539 3726 2685 3781 inibi
2715 3726 2911 3781 divina
2926 3727 3110 3799 pietas
3141 3731 3512 3799 augmentare
3553 3744 3650 3781 vo-

1958 3818 2150 3885 luerit,
2208 3832 2378 3870 nemo
2440 3815 2753 3885 superioris
2812 3820 2911 3869 aut
2972 3815 3260 3870 inferioris
3325 3815 3655 3888 reipublica

1958 3910 2294 3978 procurator
2326 3905 2395 3958 ad
2427 3920 2624 3958 causas
2646 3904 2953 3974 judiciario
2983 3922 3144 3959 more
3175 3906 3487 3960 audiendas
3516 3921 3656 3959 con-

1958 3998 2192 4049 ventum
2222 3993 2427 4059 facere,
2460 3993 2547 4045 vel
2577 3992 2737 4046 freda
2768 3991 3018 4063 exigere,
3050 3998 3147 4047 aut
3178 3993 3655 4048 mansionaticum

1958 4083 2047 4137 vel
2076 4086 2300 4152 paratas
2330 4080 2642 4151 requirere,
2669 4080 3004 4149 parafredos
3024 4085 3122 4134 aut
3145 4080 3509 4152 ﬁdejussores
3542 4081 3658 4134 vio-

1958 4170 2141 4223 lenter
2173 4170 2397 4235 tollere,
2431 4168 2663 4222 clericos
2695 4168 2953 4237 ejusdem
2984 4168 3236 4222 ecclesia
3274 4169 3334 4221 in
3392 4169 3657 4238 personis

154 4261 275 4315 vire
294 4262 541 4324 valeant,
566 4266 788 4314 remota
805 4259 1221 4330 inquietatione
1247 4258 1507 4313 omnium
1526 4259 1846 4313 hominum.
1882 4297 1925 4349 Β
1968 4259 2053 4311 vel
2084 4257 2349 4311 domibus
2383 4256 2499 4309 suis
2530 4256 2760 4323 ladere,
2781 4255 2869 4309 vel
2901 4256 3165 4310 homines
3203 4260 3318 4309 tam
3348 4256 3654 4326 ingenuos,

156 4352 212 4405 Si
244 4349 373 4420 quis
407 4353 600 4402 tamen
624 4349 775 4418 quod
804 4349 978 4403 absit!
1009 4349 1183 4419 hujus
1223 4352 1430 4401 nostra
1471 4347 1853 4402 confirmatio-

158 4438 246 4493 nis
275 4438 514 4491 violator
544 4437 818 4499 extiterit,
886 4436 1024 4490 sciat
1074 4453 1133 4489 se
1191 4435 1645 4505 compositurum
1697 4436 1853 4489 mille

156 4527 333 4581 libras
364 4526 510 4591 auri,
543 4525 911 4579 medietatem
943 4525 1174 4595 palatio,
1202 4530 1258 4578 et
1287 4524 1654 4578 medietatem
1710 4539 1855 4592 pra-

159 4616 294 4670 dicti
322 4614 656 4669 monasterii
685 4614 974 4667 fratribus.
1031 4613 1192 4677 Quod
1245 4616 1307 4666 ut
1333 4612 1523 4666 verius
1570 4611 1852 4677 credatur,

160 4720 337 4758 manu
364 4702 597 4773 propria
639 4701 1124 4766 conﬁrmavimus,
1170 4705 1483 4771 nostroque
1536 4698 1724 4769 sigillo
1779 4699 1853 4751 si-

160 4792 349 4863 gillari
372 4791 672 4860 jussimus.

232 4882 461 4948 Signum
483 4879 719 4933 Henrici
757 4882 1117 4934 Romanorum
1158 4878 1507 4931 invictissimi
1563 4879 1855 4946 imperato-

160 4972 247 5034 ris.
266 4970 526 5034 Augusti.

236 5056 583 5111 Guntherius
623 5054 996 5109 cancellarius
1042 5054 1164 5109 vice
1217 5052 1481 5108 Aribonis
1511 5052 1861 5125 archicapel-

165 5146 283 5200 lani
313 5144 662 5214 recognovit.

241 5235 380 5287 Data
407 5232 720 5286 indictione
763 5248 838 5298 v1,
889 5247 1045 5284 anno
1083 5229 1393 5284 Dominica
1452 5228 1861 5282 incarnationis

167 5322 470 5377 millesimo
496 5319 767 5373 vicesimo
797 5320 989 5373 tertio.
1014 5322 1176 5373 Anno
1203 5334 1337 5371 vero
1396 5317 1591 5371 domui
1638 5317 1862 5370 Henrici

172 5412 219 5465 II
261 5409 553 5479 regnantis
610 5408 878 5462 vicesimo
934 5408 1205 5474 secundo,
1267 5406 1605 5477 imperantis
1669 5409 1863 5458 autem

174 5498 499 5553 undecimo.

241 5590 446 5641 Actum
479 5585 675 5640 Evodii
700 5585 959 5640 feliciter.
990 5587 1195 5640 Amen.
1229 5584 1368 5638 Fiat.

1966 4345 2298 4412 libellarios,
2358 4359 2647 4414 quamque
2701 4359 2893 4396 servos
2943 4343 3001 4396 in
3060 4344 3515 4414 possessionibus
3567 4344 3658 4397 vel

1962 4433 2359 4487 mansionibus
2386 4432 2566 4501 ipsius
2602 4432 2852 4485 ecclesia
2910 4436 3357 4498 commanentes,
3404 4436 3656 4503 potesta-

1962 4521 2076 4575 tive
2107 4520 2470 4589 distringere,
2504 4535 2609 4571 nec
2641 4519 2785 4572 ullas
2814 4518 3071 4589 publicas
3102 4519 3537 4585 redhibitiones,
3569 4520 3660 4573 vel

1962 4608 2189 4663 illicitas
2243 4606 2582 4673 occasiones,
2655 4605 2770 4660 sive
2842 4607 3108 4677 angarias
3189 4607 3659 4679 superimponere

1966 4699 2193 4765 audeat,
2224 4695 2311 4749 vel
2345 4695 2556 4749 inferre
2587 4700 2922 4765 prasumat,
2975 4700 3258 4765 quatenus
3311 4712 3417 4764 pro
3467 4698 3663 4749 nostra

1964 4785 2360 4841 incolumitate
2389 4787 2653 4854 statuque
2693 4782 2856 4852 regni
2883 4783 3062 4837 nostri
3094 4784 3437 4837 altissimum
3468 4781 3661 4857 Domi-

1968 4890 2106 4928 num
2128 4871 2347 4942 jugiter
2393 4871 2583 4941 quiete
2613 4870 2839 4924 valeant
2867 4886 3122 4924 exorare.
3158 4872 3398 4941 Insuper
3448 4869 3660 4940 praci-

1965 4963 2157 5033 pimus
2189 4966 2359 5031 atque
2389 4960 2689 5013 statuimus
2746 4963 2828 5020 ut,
2871 4959 3254 5029 undecunque
3312 4976 3345 5012 a
3399 4963 3663 5027 tempore

1966 5049 2194 5123 prafati
2222 5047 2411 5119 Magni
2471 5046 2656 5101 Caroli
2715 5047 2956 5116 legalem
3002 5045 3395 5099 iuvestituram
3452 5045 3663 5099 habere

1971 5139 2329 5210 dignoscitur
2352 5137 2473 5206 jam
2505 5135 2655 5190 dicta
2687 5134 2941 5203 ecclesia,
2968 5134 3189 5187 nullam
3245 5132 3663 5187 deminoratio—

1971 5244 2105 5282 nem
2135 5225 2406 5297 quislibet
2431 5223 2617 5278 facere
2639 5227 2972 5292 prasumat,
3001 5221 3112 5275 nisi
3160 5222 3321 5291 prius
3379 5226 3510 5276 ante
3560 5237 3662 5275 no-

1973 5317 2072 5370 stri
2103 5314 2469 5385 prasentiam
2500 5311 2802 5384 judiciario
2834 5326 2995 5364 more
3019 5309 3355 5364 diftiniatur.
3388 5310 3664 5364 Jubemus

1975 5408 2252 5475 praterea
2300 5405 2468 5472 atque
2536 5400 2821 5453 sancimus
2877 5404 2942 5452 ut
2992 5398 3286 5452 universas
3345 5401 3666 5452 commuta-

1978 5493 2179 5557 tiones,
2212 5505 2355 5560 quas
2381 5504 2512 5543 cum
2545 5493 2707 5558 parte
2731 5486 2931 5559 palatii
2960 5487 3163 5552 nostri,
3198 5503 3297 5540 seu
3340 5502 3471 5540 cum
3529 5486 3668 5539 reli-

1980 5578 2108 5649 quis
2191 5577 2514 5647 episcopiis,
2568 5576 2827 5641 abbatiis,
2849 5575 3234 5637 comitatibus,
3302 5574 3668 5629 xenodochiis
