3944 6328
247 360 348 410 375

1546 353 1598 406 8.
1643 349 1929 406 HENRICI
1969 347 2441 405 IMPERATORIS

3641 351 3766 404 376

245 479 510 552 publicis,
547 478 945 548 Pergamensis
993 477 1240 530 Ecclesia
1269 493 1300 529 a
1361 481 1617 545 tempore
1667 473 1947 545 pralibati
1978 475 2019 528 Α
2060 473 2196 525 locis
2217 472 2428 526 habere
2479 475 2577 525 aut
2629 472 2859 540 paratas
2911 469 3211 540 exquirere
3267 475 3596 542 prasumat,
3650 470 3770 524 sed

251 569 444 638 magni
475 567 842 637 imperatoris
871 565 1054 620 Caroli
1094 581 1274 634 usque
1300 565 1358 616 in
1392 579 1645 633 prasens
1685 562 1947 632 legaliter

250 659 426 710 factas
450 655 677 721 habeat,
703 654 1032 706 inconvulsa
1063 652 1180 722 (sic)
1211 653 1474 719 retineat,
1507 650 1942 721 perpetualiter-

253 761 365 815 que
395 742 684 813 possideat
715 743 930 812 absque
953 742 1069 794 ulla
1091 741 1150 792 in
1168 746 1458 809 posterum
1479 738 1943 804 contradictione,

254 850 353 888 seu
375 832 602 902 publica
626 831 964 900 repetitione
1009 830 1160 882 salvo
1187 828 1575 897 iuviolatoque
1601 827 1732 897 jure
1770 826 1948 896 ipsius

253 921 523 975 ecclesia.
579 919 915 988 Quicunque
975 922 1165 970 autem
1223 916 1396 985 hujus
1438 914 1618 967 nostri
1674 913 1950 984 pracepti

256 1009 660 1080 praevaricator
687 1007 953 1060 inventus
1002 1004 1195 1070 fuerit,
1257 1020 1318 1056 ac
1376 1002 1786 1072 comprobatus
1841 1002 1951 1054 im-

257 1096 551 1151 munitatis
589 1111 817 1164 panam
871 1093 1052 1146 eidem
1113 1091 1364 1145 ecclesia
1409 1091 1467 1143 in
1508 1091 1745 1159 triginta
1793 1088 1952 1142 libris

259 1186 383 1239 auri
411 1186 661 1239 futuram
691 1183 1056 1237 concedimus
1087 1183 1410 1252 persolvere
1437 1181 1666 1234 simihet
1696 1183 1950 1249 cogatur.

259 1275 324 1327 Et
382 1279 440 1325 ut
497 1274 616 1326 hac
649 1276 855 1324 nostra
912 1269 1366 1322 confirmationis
1423 1284 1522 1321 seu
1573 1265 1954 1320 concessionis

259 1367 431 1431 atque
466 1359 847 1414 immunitatis
873 1359 1083 1412 futuris
1112 1356 1468 1426 temporibus
1494 1355 1778 1409 illibatum
1805 1353 1954 1408 obti-

261 1454 391 1502 neat
420 1448 616 1513 robur,
661 1463 834 1499 manu
889 1445 1122 1516 propria
1176 1445 1492 1510 ﬁrmantes,
1514 1443 1702 1514 sigillo
1759 1447 1955 1495 nostro

261 1537 499 1606 sigillari
521 1536 820 1605 jussimus.

991 1641 1231 1694 CXXXII.

263 1751 596 1816 Praeceptum
643 1747 698 1800 S.
750 1747 969 1799 Henrici
1021 1746 1365 1813 imperatoris
1398 1740 1963 1816 Degenhario_ab_bati
1995 1754 2036 1807 Β
2069 1723 2142 1777 pe

337 1814 670 1872 Morbaccnsi
718 1831 1038 1870 concessum.
1102 1845 1166 1856 —
1215 1816 1534 1870 Monasterii
1587 1814 1883 1882 privilegia
1912 1817 1964 1867 et

331 1891 426 1957 jus
458 1888 691 1954 eligendi
718 1887 931 1940 abbatis
963 1885 1265 1956 conﬁrmat.

906 1977 1092 2041 (Anno
1148 1972 1327 2042 1023.)

271 2067 508 2135 [Marten
541 2106 553 2131 ,
588 2064 843 2119 Thesaur.
869 2062 1079 2135 Anecd.
1129 2062 1170 2128 Ι,
1205 2062 1327 2135 143,
1377 2076 1443 2114 ea:
1499 2060 1777 2113 chartario
1820 2059 1962 2111 Mor-

990 2132 1246 2201 bacensi.]

343 2242 408 2295 In
429 2240 665 2294 nomine
686 2244 896 2292 sancta
919 2243 976 2291 et
994 2237 1306 2290 individua
1326 2235 1640 2301 Trinitatis,
1663 2233 1968 2302 Henricus,

274 2329 465 2382 divina
547 2329 767 2381 favente
825 2326 1149 2392 clementia,
1207 2325 1597 2379 Romanorum
1655 2323 1971 2392 imperator

276 2421 583 2486 Augustus.

349 2506 405 2559 Si
428 2505 549 2558 loca
587 2503 792 2558 divinis
850 2503 1094 2557 cultibus
1143 2502 1470 2572 mancipata
1527 2505 1765 2570 propter
1819 2515 1973 2553 amo-

282 2609 404 2646 rem
467 2593 566 2645 Dei
614 2593 884 2657 ditamus,
947 2597 1003 2644 et
1052 2591 1111 2644 in
1163 2590 1378 2644 eisdem
1432 2589 1570 2643 locis
1627 2587 1733 2642 sibi
1781 2588 1970 2642 famu-

278 2681 524 2735 lantihus
553 2681 826 2734 beneficia
848 2684 1173 2750 opportuna
1205 2678 1504 2748 largimur,
1535 2677 1840 2747 pramium
1863 2693 1972 2730 no-

278 2769 364 2822 bis
395 2769 546 2838 apud
580 2769 760 2821 Deum
783 2773 1011 2820 aeterna
1041 2767 1519 2820 remunerationis
1548 2765 1789 2835 rependi
1838 2781 1972 2818 con-

281 2857 532 2911 ﬁdimus.
576 2856 820 2909 Proinde
851 2856 1111 2909 omnium
1146 2855 1401 2909 fidelium
1442 2859 1792 2921 nostrorum,
1855 2859 1970 2906 tam

282 2944 656 3016 prasentium
696 2959 868 3013 quam
924 2948 979 2996 et
1008 2944 1356 3010 futurorum,
1404 2942 1627 2996 noverit
1691 2941 1975 2996 industria

2057 562 2138 613 eis
2168 561 2337 613 liceat
2367 560 2562 630 quieto
2591 559 2792 614 ordine
2831 559 3061 628 degere,
3120 559 3464 630 regulariter
3506 559 3774 614 Domino

2058 648 2325 712 militari;
2359 648 2650 701 teloneum
2691 647 3157 717 videlicet,juxta
3203 648 3466 718 antiquas
3505 652 3774 701 anteces-

2059 753 2250 790 sorum
2303 740 2631 789 nostrorum
2686 734 3099 802 concessiones,
3164 735 3231 788 ab
3266 735 3346 788 eis
3400 736 3488 789 vel
3557 752 3778 790 eorum

2059 825 2390 880 hominibus
2427 840 2530 894 per
2558 839 2759 877 omnes
2817 823 2984 893 regni
3028 823 3214 877 nostri
3259 823 3424 891 ﬁnes,
3473 840 3663 894 neque
3710 825 3781 877 in

2057 915 2219 979 urbe,
2257 928 2441 983 neque
2469 913 2528 964 in
2567 913 2676 979 via,
2724 926 2912 981 neque
2981 911 3053 965 ad
3107 916 3332 981 pontes,
3395 928 3489 966 sex
3550 911 3778 982 aliqua

2062 1003 2344 1057 strictura
2376 1001 2708 1054 nullomodo
2765 999 3116 1070 accipiantur
3168 1001 3255 1054 vel
3296 1007 3652 1070 quarantur.
3703 1002 3778 1054 Et

2063 1095 2125 1144 ut
2185 1091 2288 1143 hoc
2333 1094 2543 1142 nostra
2599 1088 3054 1142 conﬁrmationis
3113 1095 3464 1158 praceptum
3523 1089 3776 1142 ﬁrmum

2064 1179 2376 1248 stabileque
2408 1181 2764 1247 permaneat,
2798 1192 2970 1230 manu
3024 1180 3218 1229 nostra
3265 1176 3404 1230 illud
3465 1176 3775 1230 subterﬁr-

2064 1267 2365 1332 mavimus,
2399 1265 2689 1336 sigillique
2715 1265 2896 1318 nostri
2931 1264 3307 1335 impressione
3340 1265 3556 1334 ingniri
3613 1281 3778 1336 pra-

2065 1355 2340 1424 cepimus.

2138 1444 2371 1508 Signum
2402 1441 2587 1494 domni
2613 1441 2835 1495 Henrici
2858 1442 3222 1495 Romanorum
3276 1440 3625 1494 invictissimi
3668 1441 3780 1492 im-

2065 1533 2336 1601 peratoris
2365 1532 2620 1598 Augusti.

2142 1619 2490 1673 Guntherius
2554 1615 2945 1684 cancellarins,
3007 1615 3129 1670 vice
3195 1614 3464 1670 Aribonis
3512 1614 3776 1668 archica-

2146 1707 2305 1771 llani,
2335 1705 2681 1776 recognovit.
3722 1711 3727 1714 '

2146 1797 2281 1850 Data
2314 1811 2384 1848 vn
2416 1795 2539 1848 Kal.
2591 1794 2850 1849 Octobris
2880 1792 3084 1848 indict.
3149 1809 3224 1859 vr,
3266 1809 3416 1847 anno
3457 1791 3780 1848 Dominica

2074 1883 2488 1937 incarnationis
2553 1885 2708 1950 1023,
2749 1898 2900 1936 anno
2956 1898 3090 1935 vero
3148 1881 3349 1936 domui
3405 1881 3640 1937 Henrici
3693 1897 3781 1934 se-

2074 1971 2267 2038 cundi,
2303 1970 2591 2040 regnantis
2620 1973 2709 2035 22,
2752 1969 2980 2040 imperii
3012 1973 3200 2023 autem
3231 1973 3313 2023 11.

2145 2061 2351 2113 Actum
2385 2045 2614 2113 Basilea
2643 2058 2900 2112 feliciter.
2922 2061 3124 2111 Amen.

2787 2165 3060 2219 CXXXIII.

2079 2273 2135 2328 S.
2191 2272 2426 2324 Henrici
2471 2272 2603 2340 imp.
2663 2276 2988 2340 praeceptum
3031 2286 3130 2340 per
3184 2270 3329 2340 quod
3345 2272 3508 2337 gravi
3539 2269 3785 2324 dissidio

2148 2345 2292 2396 inter
2357 2343 2801 2396 Wormatiensem
2858 2342 3151 2395 Ecclesium
3229 2345 3280 2396 et
3346 2343 3788 2397 Lauriteimense

2149 2413 2442 2467 coenobium
2469 2412 2688 2466 suborto
2716 2415 2874 2480 ﬁnem
2904 2414 3152 2480 imponit.

2720 2501 2908 2567 (Anno
2958 2498 3138 2569 1023.)

2278 2587 2608 2657 [Schannat,
2638 2587 3007 2656 Episcopatus
3036 2588 3324 2652 Wormat.,
3357 2587 3428 2655 II,
3462 2587 3576 2658 43.]

2152 2677 2217 2730 In
2247 2675 2481 2730 nomine
2534 2680 2742 2728 sancta
2790 2680 2848 2728 et
2905 2675 3212 2729 individua
3266 2675 3578 2743 Trinitatis,
3630 2678 3795 2732 HEN-

2082 2782 2256 2833 arcus,
2294 2766 2489 2819 divina
2513 2765 2736 2819 favente
2767 2765 3070 2818 clementia
3123 2764 3437 2834 imperator
3468 2769 3791 2836 Augustus.

2155 2856 2360 2908 Notum
2395 2855 2464 2907 sit
2494 2857 2548 2906 et
2579 2854 2825 2923 qualiter
2867 2853 3092 2906 assidua
3141 2853 3521 2923 proclamatio
3559 2859 3793 2908 nostras

2083 2959 2250 2996 aures
2278 2941 2653 3012 inquietabat,
2688 2941 2761 2995 ob
2786 2941 3126 2994 inveteratas
3167 2947 3224 2995 et
3257 2941 3586 3012 frequentes
3643 2959 3788 2997 con-

286 3030 422 3101 quia
461 3031 545 3082 vir
593 3030 934 3082 venerabilis
979 3029 1387 3098 Degenhardus
1444 3030 1616 3082 abbas
1671 3044 1739 3081 ex
1788 3044 1978 3081 mona-
2011 3029 2051 3083 C
2089 3030 2374 3084 tentiones
2404 3034 2459 3083 et
2490 3030 2560 3082 oh
2586 3029 2949 3083 immarcidas
3008 3028 3338 3084 inimicitias
3378 3047 3506 3100 qua
3546 3047 3786 3101 semper

287 3120 458 3172 sterio
516 3117 798 3181 Morhach,
858 3117 1013 3186 quod
1061 3121 1144 3170 est
1196 3122 1586 3170 constructum
1635 3117 1692 3169 in
1760 3117 1977 3171 honore

286 3211 492 3259 sancta
552 3206 652 3259 Dei
720 3205 1011 3274 genitricis
1077 3221 1417 3276 semperque
1477 3204 1712 3274 virginis
1766 3204 1977 3270 Maria,

288 3295 582 3364 sanctique
667 3294 818 3346 Petri
871 3292 1146 3363 principis
1203 3294 1612 3364 apostolornm,
1688 3298 1744 3346 et
1801 3292 1981 3346 sancti

289 3382 620 3452 Leodegarii
673 3382 934 3451 martyris
1011 3386 1067 3433 et
1152 3380 1421 3451 episcopi,
1491 3380 1696 3434 detulit
1769 3380 1982 3433 obtuti-

290 3471 396 3524 bus
456 3469 664 3524 nostris
721 3469 1030 3523 auctoritas
1087 3469 1522 3523 immunitatum
1601 3469 1800 3522 domui
1887 3469 1983 3522 Ot-

290 3558 443 3611 tonis
503 3558 736 3611 secundi
788 3559 1174 3611 Romanorum
1214 3557 1597 3626 imperatoris,
1664 3557 1722 3609 in
1779 3555 1987 3626 quibus

293 3647 690 3699 continebatur
721 3647 998 3698 insertum
1034 3645 1280 3714 qualiter
1334 3645 1523 3714 ipsum
1576 3645 1987 3698 monasterium

294 3751 424 3787 cum
483 3735 652 3786 rebus
707 3738 764 3786 et
839 3734 1169 3786 hominibus
1217 3734 1323 3786 sibi
1376 3733 1528 3801 juste
1576 3733 1863 3802 subjectis,
1915 3734 1987 3786 ob

296 3836 552 3874 amorem
613 3820 731 3880 Dei.
787 3821 1262 3890 tranquillitatem
1308 3821 1548 3872 fratrum
1581 3819 1794 3873 ibidem
1853 3836 1989 3873 con-

297 3909 642 3970 sistentium,
677 3907 779 3960 sub
814 3908 1148 3977 plenissima
1176 3907 1502 3960 defensione
1549 3923 1750 3960 eorum
1790 3913 1846 3960 et
1879 3908 1986 3961 im-

300 3996 592 4050 munitatis
621 3995 860 4049 tuitione
894 3995 1238 4062 haberetur;
1266 4001 1321 4047 et
1354 4011 1458 4065 pro
1488 3996 1572 4048 rei
1598 3996 1772 4049 totius
1802 3996 1987 4050 firmi-

296 4091 410 4138 tate
465 4083 800 4136 charissima
856 4088 1050 4135 nostra
1101 4083 1431 4136 contectalis
1499 4083 1988 4153 Cunigunda,Ar-

299 4171 552 4242 gentina
582 4171 822 4224 civitatis
871 4171 1217 4224 Verenhario
1275 4170 1540 4240 episcopo
1594 4171 1822 4239 comite,
1886 4189 1990 4226 nos

300 4260 606 4330 postulavit
630 4264 691 4312 ut
727 4259 1123 4327 hujuscemodi
1155 4264 1366 4312 nostra
1405 4260 1990 4313 auctoritatisimmu-

300 4349 539 4402 nitatem
582 4364 718 4416 erga
760 4347 949 4416 ipsum
1007 4348 1440 4412 monasterium,
1499 4348 1572 4401 ob
1612 4349 1990 4401 reverentiam

301 4437 478 4506 ipsius
535 4437 711 4489 sancti
763 4436 891 4498 loci,
952 4436 1061 4489 hac
1102 4440 1299 4488 nostra
1355 4451 1762 4490 renovaremus
1821 4440 1993 4506 atque

303 4525 773 4577 contirmaremus
816 4524 1172 4578 auctoritate.
1211 4526 1320 4577 Nos
1350 4540 1484 4577 vero
1540 4525 1829 4593 petitioni,
1892 4539 1994 4594 pro

302 4613 402 4667 Dei
434 4629 626 4665 amore
683 4617 738 4665 et
786 4618 992 4665 nostra
1032 4612 1310 4666 mercedis
1357 4619 1690 4682 augmento,
1753 4611 1996 4665 libenter

305 4701 633 4762 annuimus,
667 4705 721 4752 et
739 4701 842 4752 hoc
871 4707 1221 4770 praceptum
1248 4701 1382 4754 inde
1403 4700 1990 4768 conscrihijussimus,

305 4805 409 4857 per
447 4788 598 4858 quod
632 4787 710 4839 eis
743 4788 935 4840 omnia
958 4789 1077 4840 loca
1099 4805 1248 4858 qua,
1282 4789 1369 4842 vel
1399 4792 1656 4856 tempore
1683 4787 1996 4841 Eberhardi

305 4883 360 4930 et
391 4875 721 4941 Luidefridi,
753 4876 947 4928 usibus
975 4893 1172 4930 eorum
1215 4892 1479 4930 concessa
1509 4881 1659 4940 sunt,
1714 4879 1768 4928 et
1823 4876 1995 4929 modo

305 4966 364 5018 in
397 4981 596 5018 eorum
627 4964 901 5017 vestitura
947 4970 1195 5029 tenetur,
1233 4965 1303 5017 ad
1343 4981 1511 5017 suum
1570 4963 1884 5033 peculiare;
1944 4968 1999 5017 et

307 5071 434 5124 qua
487 5053 696 5123 injuste
754 5052 1032 5106 abstracta
1073 5058 1406 5117 noscuntur,
1466 5057 1661 5104 nostra
1711 5051 1997 5120 imperiali

305 5142 638 5195 auctoritate
696 5140 888 5193 omnia
947 5141 1027 5193 eis
1087 5140 1451 5193 concedimus
1512 5156 1574 5192 ac
1629 5139 1994 5203 roboramus;

305 5231 500 5298 eisque
552 5229 702 5281 inter
759 5245 816 5281 se
848 5228 1098 5297 eligendi
1151 5227 1414 5280 abbatem
1448 5227 1547 5296 qui
1579 5225 1798 5279 eisdem
1828 5227 1998 5280 rebus

305 5317 546 5369 fratrum
578 5332 823 5385 praesse
857 5316 1054 5385 possit,
1111 5315 1572 5384 quandocunque
1620 5330 1849 5367 necesse
1902 5315 1994 5381 sit,

307 5403 552 5456 liberum
577 5404 940 5458 concedimus
970 5402 1292 5456 arbitrium.
1326 5403 1563 5472 Insuper
1595 5403 1767 5455 etiam
1815 5403 1996 5472 impe-

307 5491 434 5544 riali
467 5497 686 5560 sceptro
718 5493 1002 5545 sancimus
1033 5497 1095 5544 ut
1143 5491 1334 5543 nullus
1393 5507 1607 5556 comes,
1664 5495 1762 5544 aut
1801 5492 1993 5560 judex,

306 5596 406 5632 seu
431 5579 697 5648 qualibet
728 5586 1053 5649 prapotens
1088 5594 1354 5648 persona,
1405 5580 1732 5633 mansiones
1781 5579 1842 5633 in
1883 5580 1996 5634 illis

2090 3123 2253 3171 erant
2289 3118 2439 3170 inter
2471 3117 2943 3171 Wormatiensem
2993 3117 3323 3186 episcopum
3369 3124 3426 3171 et
3468 3119 3792 3173 Lauresha-

2091 3221 2344 3260 mensem
2373 3204 2656 3271 abbatem,
2704 3209 2760 3259 et
2783 3205 2935 3259 inter
2971 3205 3216 3259 familias
3245 3211 3623 3276 utrarumque
3686 3207 3790 3259 Ec-

2092 3293 2421 3359 clesiarnm;
2453 3309 2582 3364 qua
2609 3293 2725 3362 jam
2759 3293 2820 3347 in
2839 3297 3060 3346 tantum
3086 3293 3470 3358 invaluerunt,
3502 3299 3568 3348 ut
3610 3293 3788 3347 etiam

2094 3381 2537 3436 innumerabilia
2570 3381 2720 3434 inter
2771 3397 2828 3434 se
2858 3380 3063 3434 ﬁerent
3110 3381 3440 3447 homicidia,
3472 3387 3528 3434 et
3556 3382 3616 3435 in
3677 3383 3794 3436 hoc

2094 3470 2406 3524 maximum
2433 3470 2842 3523 detrimentum
2874 3474 3115 3538 utraque
3170 3474 3464 3539 pateretur
3520 3470 3788 3525 Ecclesia.

2097 3559 2456 3628 Quapropter
2480 3574 2608 3610 cum
2641 3557 2880 3611 consilio
2911 3573 3173 3611 meorum
3228 3557 3486 3612 ﬁdelium
3535 3558 3589 3611 id
3637 3558 3794 3612 ordi-

2097 3663 2235 3700 nare
2257 3646 2542 3716 disposui;
2567 3646 2627 3699 in
2655 3645 2858 3716 primis
2891 3646 3156 3716 pracepi,
3193 3651 3251 3699 et
3275 3646 3344 3699 ad
3376 3646 3480 3699 hoc
3507 3662 3792 3716 peragen-

2098 3734 2232 3789 dum
2267 3750 2422 3786 meos
2451 3733 2682 3786 nuntios
2709 3733 2859 3794 misi,
2892 3737 2954 3787 ut
2979 3733 3165 3787 omnis
3187 3733 3485 3804 injustitia,
3516 3750 3642 3803 qua
3667 3732 3792 3802 jam

2100 3839 2202 3892 per
2248 3822 2429 3874 multa
2482 3827 2742 3891 tempora
2807 3837 2876 3874 ex
2937 3827 3182 3892 utraque
3239 3827 3398 3892 parte
3474 3821 3795 3876 incorrecta

2099 3912 2512 3978 permanserat,
2560 3909 2632 3962 ab
2670 3908 2952 3962 advocatis
2975 3909 3208 3962 illorum
3234 3909 3506 3979 utrinque
3543 3909 3796 3979 pleniter

2097 3997 2509 4067 corrigeretur;
2564 4001 2621 4049 et
2645 3996 2713 4049 de
2745 3997 2877 4050 hinc
2933 3997 3273 4066 provideant
3321 4013 3391 4050 ne
3449 3997 3585 4051 talia
3638 3999 3793 4067 apud

2100 4087 2230 4140 illos
2287 4086 2365 4137 sic
2420 4085 2836 4138 inveterescant
2895 4089 2972 4152 et,
3060 4085 3106 4138 si
3151 4085 3345 4156 aliqua
3429 4101 3576 4138 nova
3650 4102 3794 4139 con-

2100 4173 2304 4238 tentio,
2335 4174 2482 4239 quod
2512 4171 2684 4226 absit!
2718 4173 2868 4227 inter
2896 4173 3025 4227 illos
3059 4178 3401 4240 remaneret,
3454 4174 3604 4228 istud
3659 4190 3790 4227 con-

2102 4262 2263 4316 stitui
2317 4262 2657 4315 decretum:
2704 4261 2752 4314 si
2805 4261 2932 4332 quis
2983 4278 3048 4316 ex
3106 4262 3322 4316 familia
3389 4262 3569 4315 sancti
3639 4262 3792 4316 Petri

2102 4349 2527 4403 Wormatiensis
2554 4350 2804 4420 aliquem
2841 4366 2906 4403 ex
2934 4349 3154 4404 familia
3209 4349 3387 4403 sancti
3435 4351 3667 4420 Nazary,
3704 4351 3790 4404 vel

2105 4437 2441 4492 econtrario
2471 4437 2680 4508 aliquis
2729 4454 2792 4491 ex
2827 4437 3043 4492 familia
3089 4439 3270 4492 sancti
3330 4439 3545 4508 Nazary
3593 4454 3792 4508 quem-

2104 4543 2277 4597 quam
2349 4541 2644 4579 servorum
2728 4526 2905 4579 sancti
2955 4526 3106 4580 Petri
3135 4526 3493 4597 insequatur,
3553 4530 3611 4580 et
3652 4543 3792 4580 ausu

2106 4613 2413 4668 temerario
2447 4619 2501 4666 et
2522 4618 2743 4668 armata
2768 4630 2946 4667 manu
2993 4614 3244 4684 aliquem
3289 4614 3360 4668 ad
3417 4613 3788 4668 occidendum

2105 4704 2192 4757 vel
2223 4703 2288 4755 ad
2324 4702 2769 4771 depradandum
2799 4703 2921 4772 ejus
2947 4707 3186 4769 curtem,
3237 4702 3352 4755 sive
3401 4703 3522 4772 ejus
3561 4701 3790 4756 domum

2106 4791 2427 4859 infregerit,
2482 4796 2538 4844 et
2567 4807 2698 4844 eum
2740 4790 3188 4861 impugnaverit,
3251 4795 3307 4844 et
3349 4791 3394 4842 si
3419 4791 3515 4843 ille
3546 4790 3810 4860 effugerit

2107 4879 2195 4932 vel
2225 4894 2456 4948 quoquo
2487 4878 2655 4931 modo
2686 4878 2756 4931 ab
2784 4878 2906 4948 ejus
2928 4878 3334 4948 impugnatore
3366 4893 3425 4931 se
3448 4878 3794 4945 liberaverit;

2108 4965 2211 5032 illi,
2269 4965 2368 5036 qui
2397 4966 2569 5034 hujus
2600 4965 2852 5019 audacia
2874 4971 2930 5020 et
2958 4967 3270 5020 invasionis
3315 4967 3427 5020 dux
3455 4971 3512 5019 et
3536 4966 3795 5036 princeps

2109 5053 2302 5121 fuerit,
2333 5053 2607 5106 tollantur
2663 5053 2971 5108 coriarium
3002 5059 3057 5107 et
3094 5053 3304 5125 capilli,
3369 5058 3425 5107 et
3455 5053 3684 5124 insuper
3737 5055 3792 5109 in

2109 5145 2353 5210 utraque
2382 5140 2614 5193 maxilla
2643 5140 2795 5193 ferro
2847 5141 2917 5194 ad
2962 5142 3070 5195 hoc
3123 5142 3269 5195 facto
3318 5141 3489 5194 etiam
3536 5142 3793 5196 candenti

2109 5233 2356 5282 cratetur
2389 5233 2446 5281 et
2498 5229 2895 5295 comburatur;
2954 5229 3162 5299 reliqui
3195 5230 3318 5298 ejus
3365 5246 3634 5299 sequaces
3670 5236 3792 5284 cute

2109 5315 2396 5386 etcapillis
2428 5315 2742 5385 priventnr.
2790 5315 2846 5370 Si
2897 5321 3086 5370 autem
3135 5317 3214 5370 ibi
3258 5316 3551 5383 occiderit,
3603 5333 3790 5371 omnes

2109 5403 2207 5473 qui
2236 5404 2628 5473 hujuscemodi
2669 5403 2962 5457 homicidii
2990 5405 3076 5457 vel
3131 5404 3440 5458 iuvasionis
3494 5405 3790 5474 participes

2108 5496 2258 5558 sunt,
2302 5496 2427 5545 cute
2484 5496 2539 5544 et
2587 5491 2804 5561 capillis
2861 5493 3120 5561 perditis,
3182 5493 3506 5564 supradicta
3562 5493 3786 5548 combu-

2108 5580 2292 5632 stione
2318 5579 2638 5647 signentur,
2665 5595 2728 5633 ac
2770 5581 3148 5651 weregeldum
3197 5581 3366 5636 occisi
3406 5580 3640 5635 domino
3687 5597 3782 5636 suo
