3944 6340
140 400 244 452 377

1420 397 1820 455 DIPLOMATA
1858 400 2411 456 ECCLESIASTICA.

3551 405 3659 457 3'78

137 524 343 574 auctor
364 520 665 575 homicidii
698 521 1002 590 persolvat,
1029 522 1084 574 et
1114 536 1245 574 cum
1293 521 1567 590 proximis
1598 522 1851 592 ejusdem
1888 527 1927 577 A
1968 523 2069 576 rici
2149 523 2383 576 secundi
2450 521 2741 592 regnantis
2822 539 2927 587 xxx,
3002 522 3232 592 imperii
3308 528 3497 579 autem
3583 542 3657 578 1x.

140 610 441 663 interfecti
471 614 798 680 componat,
825 614 930 663 etc.

216 698 555 751 Guntherus
637 696 1027 763 cancellarius,
1097 696 1216 750 vice
1272 698 1539 752 Aribonis
1594 699 1855 752 archica-

144 786 365 855 pellani
400 786 726 856 recognovi.

216 875 363 927 Data
419 891 473 927 1v
550 874 813 928 Decemb.
873 873 999 928 Jud.
1058 890 1130 940 vr,
1205 890 1357 928 anno
1413 874 1721 929 Dominicas
1770 876 1856 929 In-

149 978 307 1016 carn.
348 965 508 1017 1023.

216 1055 431 1105 Actum
455 1050 705 1117 Triburi,
737 1050 895 1122 regia
931 1049 1085 1114 villa,
1110 1051 1370 1106 feliciter.
1407 1053 1610 1106 Amen.

877 1156 1134 1209 CXXXIV.

322 1246 379 1300 S.
416 1246 677 1299 Henricus
719 1245 975 1298 Ecclesia
1002 1244 1400 1298 Paderbonensi
1414 1245 1689 1313 pradium

804 1317 984 1371 Steim'
1022 1315 1208 1368 donat.

796 1406 983 1471 (Anno
1039 1403 1219 1473 1023.)

410 1491 559 1561 [Cod.
594 1492 840 1560 diplom.,
889 1493 1031 1545 Hist.
1064 1492 1343 1561 Westph.,
1379 1508 1441 1563 p.
1491 1489 1608 1563 87.]

223 1581 286 1635 C.
327 1580 394 1633 In
424 1579 657 1632 nomine
692 1585 899 1632 sancta
931 1584 987 1632 et
1012 1579 1318 1633 individua;
1353 1580 1664 1644 Trinitatis,
1700 1581 1855 1635 HEN-

153 1685 317 1723 ωερε
368 1668 560 1721 divina
608 1668 830 1722 favente
879 1668 1185 1721 clementia
1235 1670 1625 1723 Romanorum
1674 1668 1858 1739 impe-

153 1762 321 1811 rator
344 1760 651 1827 Augustus.

226 1846 289 1901 Si
362 1845 710 1909 venerabilia
792 1845 1157 1899 ecclesiarum
1212 1846 1313 1899 Dei
1391 1846 1513 1900 loca
1561 1846 1745 1901 ditare
1797 1863 1859 1900 ac

156 1934 473 1990 sublimare
514 1934 925 1999 studuerimus,
981 1934 1143 1988 nobis
1193 1935 1250 1987 id
1297 1934 1619 2006 animaeque
1653 1941 1862 1990 nostrae

158 2023 422 2077 remedio
488 2027 909 2092 parentumque
970 2026 1298 2076 nostrorum
1366 2039 1471 2076 nec
1529 2040 1639 2076 non
1698 2024 1860 2093 regni

159 2112 348 2165 nostri
399 2111 574 2165 statui
626 2111 995 2180 profuturum
1052 2128 1172 2164 esse
1222 2111 1460 2164 minime
1512 2112 1859 2168 dubitamus.

163 2201 528 2270 Quapropter
556 2200 777 2253 noverit
798 2199 1057 2252 omnium
1090 2199 1300 2253 Christi
1350 2200 1607 2253 ﬁdelium
1639 2205 1862 2253 nostro-

162 2304 415 2359 rumque
468 2288 809 2341 universitas
840 2288 1088 2358 qualiter
1118 2304 1242 2353 nos,
1278 2287 1648 2357 inspicientes
1682 2288 1861 2341 inter-

163 2381 401 2430 ventum
479 2375 859 2429 dilectissimsa
918 2375 1177 2447 conjugis
1252 2381 1462 2429 nostrae
1512 2376 1866 2446 Cunigundte

163 2463 551 2535 imperatricis
600 2466 889 2533 Augustm,
922 2464 1145 2517 assidue
1178 2464 1465 2517 monentis
1490 2470 1661 2534 atque
1690 2466 1868 2518 inces-

165 2552 428 2606 sabiliter
458 2552 621 2605 nobis
665 2552 721 2605 in
754 2552 1090 2605 memoriam
1137 2551 1459 2605 reducentis
1514 2553 1664 2622 quod
1700 2553 1867 2606 Mein-

164 2657 380 2693 wercus
457 2640 987 2693 Paderbrunnensis
1045 2640 1296 2693 ecclesiae
1353 2640 1694 2694 venerabilis
1743 2641 1864 2711 epi-

165 2746 374 2799 scopus
446 2729 578 2798 plus
633 2729 850 2781 caeteris
900 2728 1165 2781 ﬁdelibus
1224 2728 1431 2781 nostris
1486 2728 1545 2781 in
1599 2729 1868 2784 servitute

165 2825 362 2871 nostra
384 2817 515 2886 jugi
546 2816 845 2870 devotione
879 2816 1122 2883 sudavit,
1150 2816 1337 2869 eidem
1370 2816 1870 2871 Paderbrunnensi

167 2906 442 2972 ecclesias,
498 2906 557 2958 in
616 2906 890 2958 honorem
954 2909 1159 2957 sanctas
1214 2905 1313 2958 Dei
1343 2905 1634 2975 genitricis
1682 2906 1869 2959 Mariae

167 2994 469 3064 sanctique
532 2993 742 3046 Kiliani
798 2993 1048 3046 martiris
1076 3009 1182 3047 nec
1218 3009 1337 3046 non
1376 2993 1619 3063 preciosi
1647 2993 1871 3047 confes-

168 3082 313 3136 soris
346 3082 563 3135 Liborii
618 3081 911 3149 dedicatae,
962 3081 1053 3134 cui
1102 3080 1255 3135 idem
1294 3080 1460 3134 nobis
1501 3081 1738 3135 dilectus
1768 3098 1868 3135 an-
1906 3067 1944 3120 C

170 3172 331 3224 tistes
389 3186 635 3240 przeesse
669 3170 907 3236 videtur,
965 3170 1252 3240 quoddam
1280 3169 1564 3239 praedium
1613 3175 1871 3224 nostrum

170 3258 353 3313 Steini
388 3259 625 3323 dictum,
668 3258 840 3310 situm
874 3258 930 3310 in
958 3274 1106 3327 pago
1138 3258 1470 3323 Westfalon,
1513 3258 1572 3311 in
1599 3258 1873 3313 comitatu

171 3362 307 3400 vero
341 3345 653 3399 Bernhardi
689 3347 936 3413 comitis,
970 3362 1100 3399 cum
1133 3344 1399 3399 omnibus
1432 3347 1686 3416 ejusdem
1726 3363 1874 3417 prse-

173 3434 255 3488 dii
314 3434 701 3505 pertinentiis,
760 3435 924 3487 terris
987 3434 1250 3487 videlicet
1296 3434 1461 3487 cultis
1514 3440 1570 3489 et
1624 3436 1873 3502 incultis,

175 3523 495 3588 curtiﬁciis,
531 3524 699 3592 areis,
724 3523 1005 3591 aediﬁciis,
1040 3522 1342 3593 mancipiis
1370 3523 1667 3594 utriusque
1688 3541 1872 3591 sexus,

174 3612 381 3682 pratis,
444 3612 687 3682 pascuis,
772 3612 945 3676 silvis,
1009 3611 1421 3677 venationibus,
1473 3612 1637 3681 aquis
1695 3629 1878 3682 aqua-

176 3716 427 3770 rumque
465 3700 815 3764 decursibus,
876 3699 1306 3768 piscationibus,
1364 3701 1731 3766 molendinis,
1777 3701 1879 3754 viis

177 3794 234 3841 et
292 3788 483 3854 inviis,
540 3786 782 3841 exitibus
837 3795 893 3840 et
923 3788 1219 3855 reditibus,
1255 3789 1507 3858 quaesitis
1557 3791 1641 3843 vel
1692 3790 1878 3860 inqui-

174 3876 393 3941 rendis,
451 3876 783 3946 czeterisque
842 3876 1129 3939 omnibus,
1187 3892 1315 3947 quas
1359 3878 1879 3949 quomodocuuque

178 3963 294 4017 dici
325 3963 441 4015 sive
474 3963 640 4015 scribi
674 3968 771 4015 aut
822 3961 1107 4015 nominari
1140 3970 1400 4033 possunt,
1436 3965 1777 4019 utilitatibus
1808 3966 1879 4019 ad

179 4050 375 4120 ipsum
434 4048 717 4117 praedium
776 4048 1217 4117 pertinentibus,
1270 4066 1376 4119 per
1439 4052 1585 4105 hanc
1627 4057 1879 4105 nostram

180 4137 541 4207 imperialem
611 4137 880 4207 paginam
926 4137 1290 4191 concedimus
1352 4144 1524 4208 atque
1581 4140 1880 4209 largimur,

182 4232 240 4281 et
256 4227 326 4279 de
357 4232 553 4279 nostro
576 4226 705 4295 jure
734 4242 797 4278 ac
828 4226 1081 4279 dominio
1112 4227 1169 4279 in
1200 4227 1321 4296 ejus
1346 4227 1441 4297 jus
1472 4232 1528 4281 et
1559 4228 1882 4281 dominium

183 4314 427 4367 omnino
456 4314 937 4380 trausfundimus;
983 4331 1049 4367 ea
1092 4315 1349 4368 videlicet
1380 4317 1602 4370 ratione
1634 4322 1696 4370 ut
1726 4334 1879 4386 praa—
1908 4341 1951 4393 Ι)

184 4402 375 4456 dictus
434 4403 500 4456 Μ.
550 4401 846 4472 episcopus
894 4402 1118 4472 sibique
1191 4403 1457 4472 posthinc
1522 4404 1882 4457 succedentes

184 4491 429 4545 liberam
478 4491 726 4544 habeant
772 4491 841 4544 de
889 4491 1089 4544 eodem
1148 4491 1369 4560 praedio
1422 4491 1658 4561 ejusque
1716 4492 1885 4560 perti-

188 4578 403 4633 nentiis
447 4583 786 4648 potestatem
827 4579 1106 4649 quidquid
1156 4578 1237 4631 eis
1294 4579 1574 4648 placuerit
1600 4579 1669 4632 ad
1717 4596 1884 4633 usum

187 4667 442 4722 ecclesiae
497 4667 759 4733 faciendi,
824 4668 1083 4721 omnium
1131 4668 1433 4721 hominum
1489 4667 1654 4737 regni
1706 4667 1886 4721 nostri

187 4756 640 4811 contradictione
666 4764 902 4810 remota.
926 4758 991 4811 Et
1022 4762 1086 4810 ut
1106 4757 1226 4809 haec
1258 4762 1467 4809 nostrae
1513 4755 1885 4826 ingenuitatis

184 4844 496 4900 auctoritas
579 4846 796 4899 stabilis
868 4852 925 4900 et
1001 4846 1334 4899 inconvulsa
1400 4845 1561 4897 omni
1625 4845 1886 4915 posthinc

184 4940 519 5005 permaneat
547 4938 825 5004 tempore,
862 4934 971 4988 hoc
1027 4934 1324 5003 imperiale
1374 4938 1722 5003 praeceptum
1752 4933 1885 4988 inde

183 5023 574 5093 conscriptum
606 5040 776 5076 manu
811 5023 1044 5094 propria
1099 5024 1519 5089 conﬁrmantes,
1569 5022 1740 5093 sigilli
1784 5040 1883 5077 no-

182 5111 287 5165 stri
319 5111 697 5180 impressione
720 5113 999 5183 jussimus
1028 5112 1314 5183 insigniri.

256 5201 481 5266 Signum
553 5201 738 5253 domni
798 5203 1019 5255 Henrici
1094 5203 1455 5257 Romanorum
1533 5202 1887 5254 invictissimi

182 5288 262 5354 (L.
296 5287 384 5356 Μ.)
410 5289 754 5356 imperatoris
776 5290 1032 5357 Augusti.
1462 5342 1465 5345 γ

256 5376 601 5430 Guntherius
665 5377 1036 5432 cancellarius
1109 5377 1229 5431 vice
1299 5376 1568 5429 Aribonis
1626 5375 1880 5429 archica-

180 5465 397 5536 pellani
429 5466 780 5535 recognovit.

258 5555 395 5608 Data
421 5573 514 5609 xu:
571 5555 699 5608 Kal.
761 5555 946 5621 Febr.,
998 5555 1308 5610 indictione
1353 5571 1426 5622 v1,
1488 5570 1637 5608 anno
1692 5554 1882 5609 Domi-

184 5644 325 5697 nicae
409 5643 815 5699 incarnationis
896 5648 1052 5711 1023,
1161 5660 1312 5698 anno
1409 5642 1608 5697 domui
1696 5642 1877 5696 Hein—

2033 616 2232 665 Actum
2272 611 2727 665 Poderbrunnon
2766 611 3027 664 feliciter.
3054 616 3254 665 Amen.

2695 700 2929 753 CXXXV.

2142 791 2198 844 S.
2234 790 2454 843 Henrici
2478 788 2833 858 privilegium
2876 804 2980 857 pro
3011 788 3193 842 eadem
3221 789 3480 844 Ecclesia.

2578 876 2762 943 (Anno
2805 876 3051 942 eodem.)

2590 964 2788 1037 [Ibid.,
2832 981 2886 1035 p.
2921 964 3037 1037 83.]

2038 1053 2096 1107 C.
2122 1053 2183 1106 In
2206 1052 2442 1106 nomine
2484 1058 2689 1105 sancta:
2713 1060 2766 1106 et
2806 1053 3116 1107 individuus
3160 1054 3472 1123 Trinitatis,
3498 1058 3659 1109 Ham-

1967 1157 2117 1195 mccs
2161 1141 2354 1195 divina
2410 1142 2632 1195 favente
2673 1142 2977 1195 clementia
3029 1143 3422 1197 Romanorum
3476 1144 3661 1216 impe-

1968 1234 2123 1281 rator
2144 1231 2452 1298 Augustus.

2038 1317 2320 1381 Quoniam
2353 1317 2560 1371 divina:
2612 1318 2960 1388 dignationis
2990 1320 3293 1373 clementia
3347 1320 3415 1373 ad
3458 1337 3662 1390 regen-

1968 1405 2103 1459 dum
2154 1406 2327 1459 totius
2376 1406 2458 1459 rei
2518 1406 2759 1475 publicae
2810 1412 3021 1460 statum
3080 1424 3181 1461 nos
3228 1410 3487 1477 provexit
3546 1425 3662 1461 sua:

1967 1493 2261 1547 immensae
2296 1494 2521 1563 pietatis
2556 1494 3002 1564 magniﬁcentia,
3059 1501 3186 1548 ante
3237 1496 3429 1548 omnia
3455 1496 3523 1549 ad
3554 1496 3663 1549 hoc

1968 1582 2226 1635 laborare
2259 1583 2531 1636 debemus
2561 1587 2640 1649 ut,
2674 1583 2772 1652 qui
2805 1599 3013 1636 corona
3053 1583 3264 1636 terreni
3292 1584 3517 1654 imperii
3545 1583 3665 1653 glo-

1970 1670 2206 1735 riamur,
2233 1671 2331 1723 illa
2356 1670 2755 1723 inestimabilis
2787 1670 2981 1740 gaudii
3005 1672 3186 1741 gloria
3206 1689 3320 1724 non
3352 1672 3660 1741 privemur.

1972 1758 2130 1822 Quod
2163 1758 2476 1812 certissime
2523 1776 2685 1829 posse
2717 1760 2842 1812 ﬁeri
2898 1760 3171 1825 creditur,
3229 1759 3273 1811 si
3326 1759 3449 1811 loca
3496 1758 3667 1811 eccle—
3751 1804 3767 1821 ,

1972 1847 2211 1901 siasticis
2243 1847 2529 1917 obsequiis
2559 1863 2591 1900 a
2621 1847 2945 1901 christianis
2966 1848 3102 1900 viris
3144 1848 3437 1918 deputata,
3470 1851 3667 1900 nostra

1971 1940 2306 1989 auctoritate
2344 1938 2775 2001 conﬁrmentur,
2811 1941 2866 1989 et
2895 1936 3353 1999 corroborentur,
3388 1940 3468 1999 ut,
3506 1935 3664 1988 omni

1972 2023 2237 2077 exteriori
2294 2023 2692 2095 inquietudine
2742 2031 2982 2090 remota,
3035 2025 3237 2078 divinis
3293 2023 3556 2077 laudibus
3605 2022 3664 2074 in

1973 2111 2053 2165 eis
2085 2112 2391 2181 mancipati
2428 2112 2488 2163 in
2518 2125 2656 2180 pace
2691 2116 2745 2163 et
2784 2113 2971 2182 quiete
3006 2111 3239 2164 domino
3272 2111 3480 2164 servire
3511 2110 3663 2165 dele-

1972 2204 2216 2267 ctentur,
2268 2204 2339 2263 et,
2391 2199 2491 2270 qui
2521 2198 2670 2253 curis
2700 2206 2753 2254 et
2787 2200 3029 2270 negotiis
3075 2200 3440 2253 saecularibus
3465 2215 3664 2269 grava-

1972 2303 2124 2356 mur,
2157 2304 2357 2341 eorum
2390 2287 2488 2358 qui
2511 2287 2569 2340 in
2600 2288 2722 2357 lege
2757 2289 2876 2358 ejus
2898 2289 2989 2342 die
3021 2304 3083 2341 ac
3114 2294 3276 2341 nocte
3318 2287 3668 2341 meditantur

1972 2375 2241 2445 precibus
2263 2382 2675 2446 apeccatorum
2707 2384 3034 2430 nostrorum
3067 2376 3304 2432 nexibus
3336 2376 3666 2430 liberemur.

1974 2464 2333 2534 QuaprOpter
2361 2465 2621 2518 omnium
2671 2466 2929 2519 ﬁdelium
2974 2466 3181 2520 Christi
3229 2472 3669 2534 nostrorumque

1977 2553 2199 2605 noverit
2229 2552 2569 2606 universitas
2628 2554 2875 2624 qualiter
2928 2554 3167 2607 dilectus
3225 2553 3389 2607 nobis
3436 2568 3668 2605 venera-

1976 2638 2219 2710 bilisque
2257 2696 2263 2702 _
2304 2641 2700 2710 Meginwcrcus
2776 2641 3328 2694 Potherbrunuensis
3409 2640 3670 2693 Ecclesiae

1979 2728 2231 2793 antistes,
2312 2729 2710 2783 celsitudinem
2783 2733 3036 2782 nostram
3118 2730 3279 2793 adiit,
3337 2728 3672 2797 suppliciter

1980 2832 2219 2870 exorans
2284 2821 2347 2869 ut
2406 2818 2836 2883 monasterium,
2871 2817 2930 2870 in
2980 2817 3318 2870 occidentali
3348 2822 3509 2887 parte
3562 2818 3670 2869 Po-

1980 2905 2453 2958 therbrunnensis
2484 2905 2743 2959 suburbii
2782 2906 2849 2958 ab
2896 2922 2962 2959 eo
3005 2906 3063 2958 in
3095 2906 3308 2959 honore
3334 2910 3539 2958 sanctas
3573 2904 3673 2958 Dei

1983 2994 2273 3063 genitricis
2327 3000 2382 3047 et
2439 2999 2729 3064 perpetuae
2778 2994 3025 3063 Virginis
3076 2994 3261 3048 Marize
3297 2994 3673 3065 omniumque

1984 3085 2307 3135 sanctorum
2368 3081 2688 3147 fundatum,
2760 3087 2954 3135 nostra
3008 3082 3293 3152 imperiali
3342 3082 3675 3135 auctoritate

1982 3170 2437 3235 conﬁrmaretur,
2469 3176 2749 3241 quatenus
2786 3170 2986 3224 fratres
3025 3170 3203 3240 ipsius
3234 3171 3584 3237 monasterii,
3618 3172 3679 3223 in

1983 3256 2173 3309 divino
2207 3257 2435 3310 servitio
2457 3257 2673 3327 jugiter
2702 3258 3081 3327 permansnri,
3132 3258 3200 3311 ab
3232 3258 3387 3310 omni
3420 3257 3678 3310 smculari

1984 3344 2254 3397 violentia
2286 3350 2340 3397 et
2370 3345 2628 3397 molestia
2667 3345 2871 3397 remoti
2928 3351 2986 3398 et
3018 3345 3243 3408 muniti,
3298 3350 3454 3397 tanto
3503 3361 3675 3413 expe-

1984 3433 2156 3487 ditius
2196 3433 2345 3485 viam
2397 3432 2796 3485 mandatorum
2830 3433 2928 3486 Dei
2975 3438 3289 3496 currerent,
3341 3438 3553 3502 quanto
3599 3432 3680 3485 eis

1984 3526 2227 3573 terrenae
2292 3520 2778 3573 incommoditatis
2832 3519 3244 3589 impedimenta
3289 3521 3446 3572 nulla
3492 3519 3678 3573 obsta-

1987 3614 2131 3663 rent.
2167 3609 2340 3677 Cujus
2386 3608 2683 3661 laudabilis
2733 3608 2908 3662 studii
2956 3608 3273 3662 intentione
3313 3609 3680 3678 congauden-

1986 3702 2092 3760 tes,
2126 3703 2180 3749 et
2210 3713 2312 3766 per
2342 3697 2727 3750 interventum
2776 3697 3153 3750 dilectissimus
3182 3697 3442 3767 conjugis
3475 3704 3681 3752 nostrae

1989 3787 2341 3855 Cunigundaa
2374 3786 2633 3839 videlicet
2672 3786 3050 3855 imperatricis
3080 3790 3370 3855 Augusta,
3406 3786 3685 3839 aliorum-

1990 3890 2101 3944 que
2150 3876 2408 3940 ﬁdelium
2469 3883 2797 3929 nostrorum
2840 3875 3010 3945 justis
3040 3874 3410 3944 petitionibus
3438 3875 3684 3941 gratuito

1989 3964 2381 4029 assentientes,
2458 3963 2745 4032 imperiali
2817 3963 3152 4017 auctoritate
3212 3963 3565 4016 decrevimus
3627 3968 3689 4016 ut

1990 4052 2183 4105 omnia
2213 4070 2243 4104 a
2274 4051 2439 4104 nobis
2469 4053 2553 4104 vel
2590 4052 2659 4104 ab
2693 4051 2817 4120 ipso
2853 4050 3163 4104 venerabili
3189 4051 3457 4120 episcopo
3488 4052 3557 4104 de
3588 4068 3688 4104 sua

1992 4140 2347 4206 haereditate,
2381 4141 2464 4192 vel
2496 4140 2726 4193 aliunde
2757 4156 2859 4209 per
2890 4139 3397 4191 commutationem
3431 4145 3529 4192 aut
3558 4156 3689 4209 pre-

1991 4228 2221 4294 cariam,
2258 4229 2342 4280 vel
2376 4229 2445 4280 ab
2487 4228 2597 4279 illis
2638 4227 2734 4281 Dei
2762 4227 3072 4285 cultoribus
3115 4227 3300 4280 eidem
3345 4227 3689 4279 monasterio

1992 4316 2213 4380 collata,
2266 4315 2526 4368 videlicet
2562 4316 2621 4367 in
2672 4315 2995 4379 territoriis,
3046 4314 3210 4380 villis,
3264 4314 3429 4378 areis,
3482 4314 3690 4383 {curtis,

1992 4404 2267 4469 aediﬁciis,
2319 4403 2617 4473 mancipiis
2639 4403 2938 4473 utriusque
2994 4418 3179 4468 sexus,
3216 4401 3396 4463 lterris
3444 4403 3613 4455 cultis
3636 4407 3693 4455 et

1997 4491 2244 4557 incultis,
2280 4492 2475 4561 pratis,
2506 4492 2745 4559 pascuis,
2801 4491 3033 4560 campis,
3093 4490 3254 4561 aquis
3298 4506 3693 4561 aquarumque

1998 4579 2346 4643 decursibus,
2396 4579 2581 4645 molis,
2629 4580 2990 4646 molendinis,
3032 4579 3464 4649 piscationibus,
3520 4579 3691 4646 silvis,

1995 4668 2415 4735 venationibus,
2472 4667 2715 4720 exitibus
2781 4673 2837 4721 et
2896 4668 3195 4735 reditibus,
3236 4669 3342 4721 viis
3401 4673 3455 4721 et
3502 4668 3691 4735 inviis,

1997 4758 2249 4827 quaesitis
2282 4762 2336 4809 et
2364 4755 2743 4826 inquirendis,
2809 4772 2939 4810 eum
2973 4756 3131 4809 omni
3162 4756 3408 4810 utilitate
3437 4761 3493 4809 et
3547 4756 3693 4809 inte-

1996 4846 2201 4917 gritate
2221 4862 2347 4916 quas
2379 4846 2495 4898 ullo
2521 4845 2688 4898 modo
2712 4860 2782 4898 ex
2812 4846 2892 4898 eis
2916 4846 3218 4915 provenire
3248 4846 3482 4915 poterit,
3514 4844 3693 4914 ipsius

1997 4935 2331 4989 monasterii
2390 4934 2561 4988 abbas
2626 4950 2755 4987 cum
2803 4934 2919 4987 suis
2978 4934 3248 4988 fratribus
3313 4933 3693 5004 proprietario

1990 5024 2120 5093 jure
2170 5023 2504 5093 potestative
2558 5023 2767 5076 habeat
2797 5028 2966 5092 atque
2998 5022 3307 5092 possideat,
3343 5028 3546 5075 etcum
3580 5021 3694 5091 epi-

1995 5113 2147 5184 scopi
2182 5112 2409 5165 licentia
2440 5111 2719 5182 quidquid
2743 5110 2852 5163 illis
2879 5110 3160 5181 placuerit
3208 5112 3279 5163 ad
3326 5125 3692 5163 communem

1994 5217 2163 5255 usum
2196 5200 2456 5255 Ecclesiae
2486 5200 2672 5253 faciat.
2729 5201 2967 5269 Insuper
3019 5199 3190 5252 etiam
3225 5199 3468 5252 ﬁrmiter
3507 5203 3561 5251 et
3588 5203 3694 5251 sta-

1995 5288 2107 5341 bile
2141 5288 2564 5358 perpetuojure
2592 5287 2877 5339 sancimus
2908 5292 2971 5339 ut
2998 5285 3188 5338 nullus
3222 5286 3332 5339 dux
3357 5290 3454 5338 aut
3480 5301 3689 5353 comes,

1996 5382 2092 5430 aut
2124 5378 2311 5446 aliqua
2341 5392 2585 5445 persona
2642 5391 2813 5445 parva
2845 5376 2927 5427 vel
2978 5391 3206 5443 magna,
3245 5374 3563 5443 quemlibet
3601 5374 3694 5428 ab-

1993 5464 2191 5518 batum
2224 5464 2403 5534 ipsius
2462 5463 2791 5517 monasterii
2844 5479 2972 5516 cum
3032 5462 3147 5515 suis
3202 5462 3473 5515 fratribus
3521 5479 3693 5533 super

1995 5553 2208 5606 eisdem
2240 5553 2403 5605 bonis
2435 5552 2775 5622 inquietare,
2811 5552 3111 5604 molestare
3149 5556 3245 5603 aut
3276 5551 3562 5618 divestire,
3598 5558 3696 5606 aut

1995 5642 2184 5711 aliqua
2208 5640 2514 5710 judiciaria
2538 5645 2813 5710 potestate
2854 5657 2910 5693 se
2944 5640 3322 5693 intromittere
3356 5645 3685 5709 praesumat,
