3944 6304
327 262 428 316 363

1628 268 1682 320 S.
1727 268 2017 324 HENRICI
2053 268 2529 327 IMPERATORIS

3725 280 3831 332 364
3866 326 3871 331 .

323 382 454 436 beat
489 399 604 453 quo
648 398 802 437 nunc
858 383 985 453 ipse
1031 384 1222 440 habet.
1272 388 1684 442 Constituimus
1730 390 1906 460 igitur
1950 396 2016 445 ut
2046 394 2093 445 Α
2130 397 2254 451 loco
2293 397 2392 467 qui
2421 396 2757 450 nominatur
2798 398 3049 451 Pentano
3100 413 3233 451 cum
3273 397 3389 451 suis
3435 399 3830 469 pertinentiis,

321 472 714 541 supradictum
777 474 1192 526 monasterium
1256 475 1402 529 nulli
1461 477 1779 531 marchioni
1807 519 1821 545 ,
1872 479 2017 532 nulli

322 558 538 624 comiti,
566 560 710 613 nulli
730 559 1182 631 archiepiscopo,
1228 563 1372 616 nulli
1415 564 1704 634 episcopo,
1756 566 2017 637 nullique

321 646 601 717 singulari
630 663 889 715 personae
922 647 1226 717 subjaceat,
1261 648 1372 703 nisi
1416 650 1489 704 sit
1524 650 1587 704 in
1625 652 1912 722 imperiali
1962 660 2018 709 et

320 734 503 804 regali
547 739 842 804 potestate.
881 736 1153 789 Volumus
1198 736 1394 807 itaque
1444 743 1500 793 et
1547 739 1911 810 disponimus
1951 747 2018 796 ut

322 824 488 877 liceat
520 825 582 877 D.
619 823 935 877 Romualdo
971 824 1204 893 suisque
1244 827 1685 894 successoribus,
1722 832 1779 883 et
1824 830 2014 883 abbati

319 911 500 982 ipsius
545 911 879 965 monasterii
945 912 1179 982 suisque
1230 915 1672 982 successoribus,
1736 917 2014 971 advocare

320 1012 722 1067 quemcunque
752 997 1085 1067 episcopum
1131 999 1202 1053 ad
1236 1001 1499 1055 ecclesias
1527 1005 1935 1058 consecrandus
1960 1008 2016 1058 et

320 1086 389 1139 ad
464 1102 696 1139 omnem
763 1087 1247 1142 consecrationem
1330 1090 1669 1145 faciendam.
1741 1094 2013 1147 Volumus

320 1174 491 1227 etiam
520 1178 584 1227 ut
610 1190 714 1244 per
743 1173 1047 1228 circuitum
1091 1176 1423 1230 monasterii
1473 1185 1530 1232 et
1572 1179 1749 1232 eremi
1780 1181 2016 1235 ecclesia

318 1262 606 1332 possideat
635 1262 705 1315 ab
745 1263 964 1315 oriente
1002 1278 1037 1315 a
1082 1263 1202 1316 rivo
1250 1265 1320 1318 de
1367 1266 1514 1333 lacu,
1564 1266 1632 1320 ab
1664 1267 1951 1322 occidente
1982 1286 2015 1323 a

310 1350 452 1421 jugo
495 1350 748 1420 Alpium,
807 1367 839 1404 a
895 1352 1282 1421 septentrione
1312 1369 1344 1405 a
1375 1353 1621 1421 Ceresio,
1672 1371 1705 1407 a
1750 1357 2009 1424 meridie,

317 1439 525 1493 collina
562 1439 632 1493 de
666 1438 940 1495 Gimellis.
986 1439 1398 1494 Inviolabiliter
1443 1442 1622 1512 igitur
1655 1442 1921 1513 jubemus
1952 1451 2015 1499 ut

316 1543 435 1580 non
464 1527 598 1591 dux,
631 1542 767 1580 non
792 1526 1067 1593 marchio,
1118 1544 1234 1581 non
1274 1545 1483 1591 comes,
1519 1546 1637 1583 non
1687 1531 2015 1600 qualiscun-

317 1631 429 1685 que
458 1630 665 1684 magna
690 1615 779 1668 vel
800 1631 975 1684 parva
1001 1631 1242 1684 persona
1275 1617 1384 1671 hoc
1413 1623 1674 1672 nostrum
1712 1619 2011 1688 imperiale

317 1707 669 1772 praeceptum
718 1702 929 1755 violare
974 1708 1278 1771 pertentet.
1331 1704 1389 1758 Si
1416 1721 1569 1771 vero,
1618 1707 1773 1776 quod
1818 1706 2004 1760 absit!

317 1790 523 1859 aliquis
550 1789 693 1843 illud
721 1788 1035 1859 infringere
1068 1792 1389 1857 tentaverit,
1434 1792 1577 1847 sciat
1619 1810 1678 1846 se
1729 1794 2010 1863 composi-

315 1882 511 1932 turum
541 1878 812 1931 ducentas
847 1878 1021 1932 libras
1050 1878 1177 1932 auri
1206 1880 1341 1933 cotti
1371 1897 1383 1933 :
1419 1881 1787 1935 medietatem
1821 1882 2007 1951 nobis,

315 1969 374 2018 et
418 1964 783 2018 medietatem
831 1965 981 2017 dicto
1026 1966 1393 2020 monasterio.
1443 1968 1506 2021 Et
1551 1973 1613 2021 ut
1664 1968 1773 2022 hoc
1824 1970 2008 2023 verius

316 2052 599 2119 credatur,
645 2056 703 2105 et
750 2052 1151 2107 inconvulsum
1205 2061 1487 2123 servetur,
1546 2074 1721 2111 manu
1773 2060 2011 2130 propria

314 2140 751 2206 subscribentes,
802 2147 996 2195 nostro
1046 2141 1235 2212 sigillo
1284 2144 1527 2199 inferius
1569 2146 1838 2217 insigniri
1868 2165 2009 2218 prae-

316 2243 592 2297 cepimus.

385 2318 539 2385 Sign.
588 2320 644 2370 D.
698 2319 920 2371 Henrici
956 2319 1299 2386 imperatoris
1338 2322 1691 2375 invictissimi
1740 2324 2004 2392 Augusti.

387 2405 427 2458 Τ
433 2404 771 2460 heodoricus
802 2406 1173 2459 cancellarius
1198 2409 1526 2477 recognovi.

386 2494 590 2547 Datum
621 2509 772 2547 anno
819 2494 979 2548 Dom.
1014 2495 1236 2549 Incarn.
1273 2498 1429 2564 1022,
1479 2498 1674 2553 Indict.
1723 2516 1803 2568 x.,
1854 2518 2004 2556 anno

313 2597 447 2637 vero
476 2582 540 2635 D.
574 2580 802 2637 Henrici
837 2582 906 2648 Il,
939 2584 1233 2653 regnantis
1273 2588 1361 2651 21,
1401 2585 1739 2656 imperantis
1786 2605 1917 2643 vero
1949 2594 2000 2644 8.

382 2673 584 2726 Actum
612 2669 794 2741 pridie
818 2670 937 2724 Kal.
959 2662 1221 2725 Januarii
1238 2674 1484 2728 Ravenaa
1509 2675 1769 2731 feliciter.
1795 2681 1999 2734 Amen.

1052 2776 1242 2831 CXXV.

313 2867 370 2921 S.
428 2866 649 2920 Henrici
707 2865 1057 2940 privilegium
1112 2881 1212 2933 pro
1267 2871 1590 2924 monasterio
1647 2870 1704 2925 S.
1765 2871 1997 2940 Sophim.

964 2937 1349 2992 Beneventano.

953 3044 1138 3109 (Anno
1174 3043 1353 3112 1022.)

657 3127 933 3201 [Ughelli,
964 3130 1130 3183 Italia
1167 3145 1347 3198 sacra,
1380 3132 1517 3198 VIII,
1553 3134 1663 3204 76.]

384 3234 447 3287 In
495 3233 729 3288 nomine
759 3234 978 3289 Sanctae
1025 3234 1451 3307 individuaeque
1484 3238 1796 3309 Trinitatis,
1852 3244 2004 3297 [luu-

317 3337 475 3377 mcus
514 3322 709 3376 divina
764 3323 983 3377 favente
1043 3324 1346 3379 clementia
1393 3326 1782 3383 Romanorum
1830 3312 2007 3401 impe-

311 3416 466 3465 rator
495 3427 720 3482 semper
738 3414 1045 3482 Augustus.

382 3500 438 3555 Si
467 3504 624 3554 tanto
672 3505 997 3555 sanctorum
1048 3500 1148 3556 Dei
1191 3502 1440 3556 ecclesiis
1490 3504 1751 3560 omnium
1789 3507 2003 3563 adnixu

310 3588 647 3657 institimus,
679 3589 747 3642 ad
790 3588 968 3642 nostri
1018 3589 1247 3660 imperii
1278 3591 1600 3660 profectum
1646 3595 1842 3649 venire
1882 3613 2002 3651 non

311 3676 647 3730 difﬁdimus.
701 3676 974 3738 Quocirca
1016 3677 1274 3731 omnium
1322 3678 1575 3733 ﬁdelium
1637 3687 1843 3737 sanctae
1904 3684 2003 3739 Dei

306 3764 565 3819 Ecclesiae
606 3768 1046 3834 nostrorumque
1096 3766 1273 3819 solers
1320 3771 1592 3835 agnoscet
1654 3769 2000 3825 universitas

306 3852 679 3924 prmsentium
729 3856 785 3905 et
829 3852 1176 3919 futurorum,
1232 3855 1537 3909 Henricum
1592 3858 1996 3928 venerabilem,

306 3941 629 3998 Parmensis
674 3941 930 3995 Ecclesiae
977 3942 1337 4012 episcopum,
1388 3944 1655 3998 culminis
1700 3948 1876 4000 nostri
1910 3965 2000 4003 su-

307 4029 648 4085 blimitatem
678 4028 903 4094 adiisse,
932 4029 1136 4083 obnixe
1182 4032 1524 4099 postulando
1556 4037 1857 4103 quatenus,
1892 4052 1995 4105 pro

307 4118 406 4173 Dei
452 4133 644 4171 amore
688 4117 1119 4188 facinorumque
1161 4124 1491 4173 nostrorum
1537 4122 1839 4189 solutione,
1884 4140 1994 4178 coe-

2127 491 2185 541 et
2214 502 2343 540 cum
2365 487 2581 556 capella
2611 485 2671 538 in
2698 486 2913 539 honore
2943 485 3122 539 sancti
3168 485 3455 540 Benedicti
3482 504 3495 553 ;
3537 488 3650 541 alia
3692 505 3828 542 vero

2126 576 2185 630 in
2211 576 2427 629 honore
2469 574 2649 628 sancti
2676 574 2870 627 Vitalis
2900 589 3031 628 cum
3064 574 3332 628 omnibus
3380 576 3496 628 suis
3534 576 3830 647 pertinen-

2126 664 2222 719 tiis
2254 684 2268 730 ;
2300 664 2478 717 altera
2505 678 2639 715 vero
2685 661 2745 716 in
2783 661 3005 715 honore
3051 664 3231 717 sancti
3269 664 3556 717 Michaelis
3586 666 3828 718 archan-

2125 753 2259 823 geli,
2290 768 2417 822 quae
2446 751 2653 804 dicitur
2684 751 2753 804 ad
2785 751 3049 805 Holibola
3078 768 3210 805 cum
3240 753 3511 805 omnibus
3542 754 3659 806 suis
3690 769 3825 823 per-

2123 840 2400 906 tinentiis,
2456 844 2513 892 et
2570 839 2629 892 in
2679 839 2922 893 Pallaria
2980 841 3197 910 capella
3249 857 3385 907 una,
3444 858 3573 911 quae
3627 849 3713 894 est
3766 842 3828 895 in

2122 928 2339 982 honore
2369 933 2577 981 sanctae
2622 928 2845 995 Marize;
2885 929 2982 982 sed
3024 934 3080 982 et
3125 929 3424 983 ecclesiam
3462 930 3641 983 sancti
3688 932 3827 983 Bar-

2121 1016 2413 1071 tholomaei
2444 1016 2503 1069 in
2532 1016 2741 1070 collina
2768 1034 2781 1084 ;
2815 1021 2873 1071 et
2901 1021 3119 1071 curtem
3149 1018 3219 1071 de
3263 1018 3516 1072 Nuriano
3558 1018 3618 1071 in
3647 1020 3825 1072 Petra

2122 1104 2375 1158 furmina
2416 1121 2546 1158 cum
2592 1105 2755 1172 casis,
2806 1122 2869 1158 ac
2912 1106 3099 1172 silvis;
3154 1111 3210 1160 et
3255 1112 3475 1160 curtem
3517 1108 3584 1160 de
3616 1106 3827 1176 Lapiso

2121 1193 2555 1259 hasreditatem;
2606 1198 2661 1247 et
2691 1193 2985 1247 ecclesiam
3035 1194 3090 1249 S.
3143 1195 3338 1248 Felicis
3380 1195 3450 1248 de
3501 1196 3716 1261 Burto;
3763 1196 3825 1249 in

2122 1281 2385 1335 Cortiano
2433 1282 2706 1352 capellam
2757 1281 2818 1335 in
2857 1284 3077 1336 honore
3132 1283 3313 1337 sancti
3352 1284 3539 1350 Petri;
3584 1284 3645 1337 in
3686 1285 3824 1338 Cer-

2122 1373 2246 1423 reto
2286 1371 2561 1440 capellam
2605 1370 2664 1423 in
2698 1371 2916 1424 honore
2946 1371 3008 1426 S.
3062 1372 3321 1425 Martiaui
3355 1388 3485 1425 cum
3528 1372 3823 1443 pertinen-

2122 1458 2218 1511 tiis
2273 1458 2430 1523 suis;
2489 1460 2767 1529 capellam
2831 1460 2890 1513 in
2942 1460 3156 1513 honore
3206 1461 3386 1515 sancti
3438 1461 3691 1515 Silvestri
3753 1462 3825 1515 de

2123 1546 2364 1600 Corneto
2410 1548 2471 1601 in
2519 1548 2791 1601 comitatu
2843 1550 3113 1618 Capuano
3158 1550 3219 1602 in
3265 1550 3390 1603 loco
3420 1550 3644 1604 Juliano
3686 1564 3825 1602 cum

2122 1636 2339 1703 capella
2368 1635 2428 1689 in
2461 1637 2676 1690 honore
2722 1642 2932 1691 sanctas
2978 1638 3165 1691 Marias
3208 1638 3270 1691 in
3316 1638 3513 1692 Bivine
3552 1639 3614 1692 in
3665 1638 3825 1692 Bele-

2122 1729 2209 1777 tro
2253 1724 2529 1791 ﬂumine;
2574 1724 2632 1777 in
2679 1724 2905 1779 civitate
2949 1726 3226 1795 capellam
3276 1726 3336 1782 in
3380 1727 3597 1781 honore
3640 1727 3825 1780 sancti

2123 1812 2397 1878 Martini;
2440 1812 2589 1866 infra
2643 1813 2929 1867 civitatem
2998 1816 3362 1869 Asculensem
3422 1815 3709 1881 ecclesias,
3767 1819 3825 1869 et

2118 1900 2256 1954 foris
2292 1918 2539 1956 omnem
2573 1902 3006 1970 hmreditatem;
3056 1904 3116 1957 in
3163 1904 3374 1958 ﬁnibus
3423 1903 3602 1957 Cauni
3634 1903 3819 1957 eccle-

2119 1988 2263 2043 siam
2307 1991 2483 2044 sancti
2539 1991 2795 2058 Juliani;
2840 1990 2899 2045 in
2959 1991 3234 2046 comitatu
3289 1992 3557 2045 Franensi
3602 1995 3823 2045 cortem

2121 2077 2189 2131 de
2212 2080 2429 2133 Pazano
2459 2096 2587 2133 cum
2620 2080 2843 2133 olivetis
2874 2079 2990 2133 suis
3018 2097 3031 2146 ;
3077 2080 3139 2134 in
3188 2080 3461 2135 comitatu
3510 2081 3819 2150 Sipontino

2120 2167 2461 2237 piscariam;
2511 2168 2571 2221 in
2616 2169 2893 2222 comitatu
2942 2169 3235 2224 Lesinensi
3284 2169 3587 2240 piscariam
3632 2189 3647 2237 ;
3690 2186 3817 2223 cur-

2116 2260 2231 2309 tem
2266 2257 2663 2310 Delaniensem
2697 2274 2710 2324 ;
2740 2262 2958 2311 curtem
2994 2258 3063 2311 de
3095 2260 3330 2313 Calaza:
3374 2259 3429 2312 S.
3466 2259 3647 2312 Roseo
3688 2274 3822 2313 cum

2117 2344 2297 2411 Sessa,
2330 2349 2384 2398 et
2414 2345 2715 2399 territoriis
2750 2346 2904 2413 suis;
2946 2347 3005 2401 in
3062 2346 3272 2400 ﬁnibus
3307 2348 3512 2417 Capuae
3564 2348 3632 2401 ad
3683 2364 3821 2400 san-

2116 2440 2271 2487 ctum
2317 2435 2556 2488 Paulum
2604 2439 2659 2488 et
2701 2439 2960 2489 sanctum
3006 2436 3359 2506 Stephanum
3411 2452 3539 2490 cum
3585 2435 3822 2489 territo-

2115 2523 2215 2576 riis
2245 2522 2361 2577 suis
2396 2539 2408 2589 ;
2450 2523 2509 2576 in
2536 2540 2737 2594 campo
2779 2525 3031 2591 Marrini,
3066 2524 3125 2577 is
3168 2524 3380 2579 ﬁnibus
3418 2524 3820 2578 Tremonensi-

2113 2610 2219 2665 bus
2254 2613 2322 2665 ad
2372 2610 2425 2665 S.
2476 2612 2810 2682 Adjutorem
2859 2630 2994 2683 erga
3038 2613 3256 2667 ﬂumen
3308 2614 3653 2668 Vulturnum
3684 2629 3821 2668 cum

2114 2700 2415 2754 territoriis
2446 2701 2580 2754 suis.

2184 2789 2291 2843 Sed
2323 2788 2518 2857 etiam,
2552 2789 2697 2843 sicut
2717 2806 2890 2861 supra
2918 2790 3146 2861 legitur,
3182 2791 3588 2845 conﬁrmamus
3619 2790 3813 2845 eidem

2114 2878 2457 2931 monasterio
2490 2878 2784 2932 ecclesiam
2814 2880 2992 2932 sancti
3024 2880 3211 2949 Magni
3249 2881 3307 2933 in
3339 2882 3567 2934 castello
3609 2880 3822 2951 Magno

2116 2981 2245 3019 cum
2299 2966 2660 3037 pertinentiis
2713 2967 2874 3035 suis;
2925 2968 3222 3022 ecclesiam
3269 2968 3448 3022 sancti
3503 2971 3711 3039 Angeli
3754 2970 3821 3022 in

2117 3055 2394 3108 altissimo
2443 3072 2615 3125 super
2660 3056 2880 3110 ﬂumen
2922 3057 3222 3111 Bisernum
3270 3057 3329 3110 in
3364 3058 3576 3111 ﬁnibus
3622 3060 3818 3127 campi

2115 3143 2337 3197 Morani
2386 3160 2515 3197 cum
2574 3144 2773 3198 eadem
2819 3146 3116 3200 ecclesia:
3174 3162 3279 3200 nec
3335 3162 3451 3199 non
3512 3146 3819 3200 ecclesiam

2117 3231 2174 3286 S.
2200 3231 2435 3285 Joannis
2464 3248 2593 3284 cum
2635 3232 2903 3286 omnibus
2930 3234 3101 3287 rebus
3132 3235 3250 3286 suis
3284 3234 3345 3286 in
3386 3250 3513 3287 casa
3541 3234 3816 3303 Pollucis,

2114 3319 2524 3385 haereditatem,
2562 3336 2691 3389 quas
2747 3324 2831 3373 est
2859 3320 2919 3373 in
2950 3320 3310 3390 longitudine
3363 3321 3476 3374 duo
3518 3322 3815 3389 milliaria,

2112 3409 2410 3462 latitudine
2442 3408 2688 3461 milliare
2729 3424 2907 3462 unum
2942 3428 2957 3474 ;
3008 3414 3066 3462 et
3096 3410 3391 3463 ecclesiam
3444 3410 3623 3462 sancti
3658 3412 3820 3465 Petri

2111 3496 2171 3549 in
2202 3497 2412 3551 ﬁnibus
2446 3498 2513 3551 de
2539 3499 2777 3550 Laureto
2806 3513 2935 3550 cum
2969 3498 3236 3551 omnibus
3268 3498 3630 3568 pertinentiis
3657 3499 3777 3551 suis
3804 3517 3819 3567 ;

2111 3590 2369 3639 sanctum
2391 3586 2675 3655 Angelum
2707 3585 2767 3637 in
2800 3585 3159 3651 Palumbara,
3195 3602 3327 3639 cum
3359 3587 3626 3641 omnibus
3678 3604 3816 3657 per-

2109 3673 2367 3728 tinentiis
2398 3673 2548 3739 suis;
2599 3679 2861 3727 sanctum
2892 3674 3223 3728 Michaelem
3270 3676 3339 3728 de
3378 3675 3621 3739 Sessola,
3679 3693 3815 3730 cum

2110 3762 2375 3816 omnibus
2400 3762 2760 3831 pertinentiis
2797 3762 2913 3815 suis
2946 3778 2959 3829 ;
2998 3767 3249 3815 sanctam
3295 3763 3530 3816 Crucem
3562 3762 3720 3815 intus
3751 3762 3816 3816 in

2109 3850 2334 3904 civitate
2365 3850 2759 3920 Neapolitana,
2796 3866 2927 3903 cum
2960 3850 3227 3904 omnibus
3254 3850 3371 3903 suis
3411 3850 3815 3920 pertinentiis;

2106 3938 2169 3992 in
2198 3955 2398 4009 campo
2428 3937 2749 3993 Sinarcumi
2779 3942 2992 3991 terram
3046 3938 3315 3992 milliaria
3358 3939 3466 3992 tria
3511 3939 3572 3991 in
3618 3938 3815 4009 longi-

2106 4026 2325 4092 tudine,
2361 4032 2418 4079 et
2448 4042 2629 4079 unum
2647 4025 2707 4079 in
2737 4026 3041 4081 latitudine
3070 4043 3083 4093 ;
3110 4027 3409 4081 ecclesiam
3440 4027 3494 4081 S.
3517 4024 3819 4080 Trinitatis

2097 4115 2257 4185 juxta
2288 4115 2526 4168 ﬂuvium
2567 4114 2883 4176 Bisernum,
2917 4131 3048 4168 cum
3091 4115 3354 4168 omnibus
3375 4114 3491 4168 suis
3519 4114 3818 4184 pertinen-

304 4207 480 4262 nobio
528 4206 587 4260 in
620 4207 841 4261 honore
900 4207 954 4261 S.
1019 4207 1243 4277 Sophize
1301 4208 1551 4262 ecclesias
1608 4210 1886 4280 dedicato,
1933 4212 1991 4267 in
2026 4233 2069 4286 D
2109 4204 2237 4270 tiis;
2272 4208 2327 4257 et
2356 4203 2652 4257 ecclesiam
2682 4203 2863 4258 sancti
2894 4203 3163 4257 Marciani
3195 4204 3255 4257 in
3291 4204 3520 4257 castello
3556 4203 3813 4270 Mosano,

303 4295 529 4350 civitate
570 4311 698 4366 quas
747 4294 953 4348 dicitur
998 4295 1385 4349 Beneventum
1417 4302 1757 4358 constructo,
1792 4299 1853 4352 in
1884 4316 1999 4370 quo

303 4383 607 4455 Gregorius
636 4382 974 4437 venerabilis
1004 4383 1179 4437 abbas
1214 4400 1460 4454 praeesse
1517 4385 1761 4452 videtur,
1800 4388 2001 4442 conﬁr-

303 4488 461 4527 mare
517 4488 583 4525 ac
635 4470 870 4525 omnino
945 4472 1319 4526 corroborare
1378 4473 1752 4543 dignaremur
1807 4476 2000 4529 omnia

305 4576 435 4631 quas
467 4560 537 4613 ab
563 4558 1013 4613 antecessoribus
1061 4560 1269 4614 nostris
1321 4578 1383 4615 ac
1415 4561 1747 4616 hominibus
1777 4563 1999 4617 casteris

305 4647 616 4702 Dominum
657 4647 976 4701 colentibus
1020 4647 1207 4701 eidem
1257 4649 1519 4703 coenobio
1562 4666 1828 4704 concessa
1866 4657 1997 4708 sunt

303 4741 473 4807 atque
520 4734 674 4789 idem
722 4735 1132 4788 monasterium
1175 4737 1377 4799 tenuit,
1428 4754 1491 4790 ex
1532 4754 1646 4808 quo
1691 4738 1997 4795 fundatum

302 4829 407 4891 est,
456 4829 571 4878 tam
620 4838 723 4894 per
780 4827 1067 4893 praecepta
1109 4825 1591 4893 praedecessorum
1648 4832 1995 4895 nostrorum,

301 4913 400 4968 sed
445 4912 618 4967 etiam
664 4928 769 4983 per
822 4911 1160 4982 precariam,
1210 4916 1265 4966 et
1302 4913 1710 4981 absolutiones,
1747 4920 1803 4970 et
1832 4917 1997 4970 obla-

298 5003 505 5069 tiones,
539 5006 594 5055 et
630 5017 734 5073 per
775 5000 1193 5067 investituram,
1243 5018 1339 5054 seu
1374 5002 1543 5055 etiam
1574 5019 1679 5073 per
1724 5021 1995 5074 quaecun-

299 5107 411 5162 que
480 5090 861 5143 instrumenta
934 5089 1282 5151 chartarum,
1362 5089 1477 5143 sive
1544 5089 1994 5163 uniuscujusque

300 5178 623 5249 scriptionis
653 5177 905 5232 titulum.
955 5177 1066 5230 Nos
1116 5192 1348 5247 quoque
1402 5181 1566 5247 grata
1615 5182 1808 5232 mente
1853 5180 1995 5249 peti-

297 5266 518 5321 tionem
548 5266 969 5321 considerantes
1000 5264 1192 5319 animo
1220 5264 1494 5319 inclinato
1527 5266 1789 5335 precibus
1814 5266 1992 5337 ipsius

297 5371 401 5424 per
429 5356 537 5409 hoc
586 5360 843 5409 nostrum
884 5358 1255 5424 praaceptum,
1299 5358 1471 5423 prout
1505 5353 1655 5424 juste
1700 5359 1800 5408 aut
1835 5355 1994 5425 lega-

299 5442 426 5495 liter
454 5460 775 5513 possumus,
822 5444 1230 5497 conﬁrmamus
1280 5446 1379 5495 aut
1418 5442 1755 5496 roboramus
1792 5458 1991 5498 omnes

300 5543 388 5582 res
443 5533 501 5583 et
557 5530 931 5601 proprietates
985 5529 1181 5601 lipsius
1239 5528 1592 5596 monasterii,
1665 5528 1876 5585 scilicet
1928 5529 1989 5585 in

2111 4307 2239 4346 cum
2271 4292 2535 4345 omnibus
2567 4292 2682 4345 suis
2711 4291 3071 4361 pertinentiis
3105 4307 3117 4357 ;
3152 4297 3206 4345 et
3237 4291 3527 4345 ecclesiam
3550 4290 3603 4345 S.
3636 4292 3813 4345 Joan-

2112 4381 2200 4435 nis
2232 4380 2292 4433 in
2325 4385 2520 4434 monte
2549 4380 2837 4447 Tabenna,
2873 4397 3003 4433 cum
3039 4379 3306 4433 omnibus
3355 4380 3471 4433 suis
3514 4379 3816 4449 pertinen-

2108 4469 2205 4523 tiis
2234 4485 2247 4534 ;
2280 4486 2385 4522 nec
2415 4485 2529 4522 non
2560 4468 2855 4522 ecclesiam
2877 4469 3057 4522 sancti
3088 4469 3512 4535 Bartholomaei,
3545 4485 3673 4539 quas
3722 4476 3817 4524 est

2102 4556 2268 4628 juxta
2320 4556 2616 4611 ecclesiam
2660 4557 2836 4610 sancti
2882 4556 3135 4625 Joannis,
3196 4573 3325 4610 cum
3376 4557 3640 4610 omnibus
3688 4558 3813 4611 suis

2107 4646 2505 4717 pertinentiis;
2559 4650 2615 4699 et
2660 4646 2861 4699 cellam
2899 4644 3077 4699 sancti
3132 4645 3353 4714 Angeli.
3396 4647 3559 4715 juxta
3599 4645 3813 4700 urbem

2106 4736 2495 4802 Trianensem,
2529 4751 2660 4789 cum
2700 4734 2966 4788 omnibus
3004 4734 3367 4805 pertinentiis
3396 4736 3512 4787 suis
3545 4753 3560 4802 ;
3610 4738 3665 4788 et
3691 4736 3813 4789 cel-

2104 4824 2219 4877 lam
2250 4824 2303 4878 S.
2337 4825 2597 4895 Gregorii
2625 4825 2683 4877 in
2722 4824 2994 4877 comitatu
3038 4823 3312 4893 Frigenti,
3358 4839 3485 4876 cum
3536 4823 3813 4877 omnibus

2104 4913 2496 4982 pertinentiis;
2530 4918 2587 4966 et
2614 4912 2909 4966 ecclesiam
2940 4912 2992 4966 S.
3034 4912 3166 4965 Bitti
3214 4913 3274 4965 in
3305 4912 3581 4967 comitatu
3611 4913 3815 4967 Vultu-

2104 5000 2251 5054 rario
2287 5017 2299 5067 ;
2330 5005 2384 5054 et
2414 5001 2709 5054 ecclesiam
2740 5000 2799 5054 S.
2857 5000 3133 5069 Stephani
3177 5000 3607 5071 protomartyris
3646 5000 3813 5055 intus

2102 5089 2163 5143 in
2194 5090 2416 5144 civitate
2446 5089 2668 5156 Cuceri,
2698 5104 2828 5142 cum
2860 5089 3128 5142 omnibus
3153 5089 3514 5158 pertinentiis
3546 5088 3700 5155 suis;
3750 5096 3813 5145 et

2102 5178 2408 5233 Ecclesiam
2432 5178 2485 5232 S.
2521 5177 2721 5231 Donati
2751 5176 2811 5229 in
2844 5177 3029 5229 Leone
3071 5178 3399 5243 cubantem,
3450 5194 3580 5231 cum
3626 5178 3812 5231 omni-

2101 5265 2208 5319 bus
2261 5267 2373 5319 suis
2412 5264 2775 5335 pertinentiis
2818 5269 2873 5317 et
2902 5264 3197 5319 ecclesiam
3228 5266 3279 5319 S.
3318 5265 3510 5319 Crucis
3551 5265 3613 5319 in
3661 5266 3810 5321 Nola

2101 5370 2229 5408 cum
2264 5354 2530 5407 omnibus
2561 5353 2677 5407 suis
2707 5353 3088 5423 pertinentiis,
3129 5352 3389 5407 videlicet
3429 5369 3559 5407 cum
3606 5354 3805 5407 omni-

2099 5442 2204 5497 bus
2233 5443 2292 5496 in
2322 5442 2613 5512 integrum
2656 5440 2842 5507 terris,
2893 5441 3149 5496 aediﬁciis
3193 5441 3296 5495 sub
3330 5458 3388 5495 se
3433 5441 3802 5512 habentibus,

2097 5531 2300 5599 vineis,
2346 5529 2545 5601 pratis,
2593 5530 2831 5602 campis,
2868 5531 3053 5604 aquis,
3096 5546 3492 5603 aquarumque
3543 5531 3804 5588 decursi-
