3944 6350
116 345 216 397 365

1376 344 1768 402 DIPLOMATA
1805 346 2353 405 ECCLESIASTICA.

3511 366 3613 419 366

113 460 237 525 bus,
265 458 656 553 _molendinis,
705 457 1140 553 piscatio-nibus,
1181 458 1359 553 casis,
1427 460 1809 553 dominicatis,
1850 467 1897 518 A
1927 481 2050 520 ram
2076 467 2422 537 habuerunt,
2453 468 2734 525 libertatis
2757 471 2927 526 debet
2954 473 3128 544 potiri
3164 475 3406 549 insigne.
3435 483 3617 553 Igitur

115 548 378 615 castellis,
412 547 580 616 villis,
644 552 701 602 et
751 548 1005 618 capellis,
1047 547 1225 602 servis
1278 553 1333 603 et
1363 550 1602 619 ancillis,
1650 567 1812 605 mon-

112 636 285 703 tibus,
343 642 401 691 et
447 636 813 707 planitiebus,
883 636 1117 703 hasulis,
1176 636 1480 705 frascariis,
1543 639 1708 692 cultis
1760 644 1816 694 et

114 725 361 793 incultis,
418 726 586 780 rebus
637 725 948 779 mobilibus
1005 730 1057 779 et
1095 726 1511 794 immobilibus,
1572 727 1814 782 aldionis

116 818 172 867 et
221 815 498 881 aldiebus,
575 814 909 869 commeatis
956 831 1274 886 eorumque
1341 815 1812 886 supellectilibus,

120 918 244 956 cum
278 903 541 957 omnibus
572 903 906 974 adjacentiis
955 904 1024 957 ad
1058 904 1203 957 hanc
1252 903 1425 958 etiam
1456 904 1815 975 nominatam

120 992 414 1045 ecclesiam
469 992 526 1045 S.
576 991 805 1063 Sophia:
833 1008 966 1045 vere
996 997 1053 1045 et
1108 991 1367 1062 legitime
1393 992 1816 1062 pertinentibus

121 1080 204 1131 vel
260 1078 687 1149 aspicientibus,
744 1079 988 1150 integre,
1038 1083 1157 1133 tam
1213 1079 1366 1133 intra
1412 1080 1672 1134 Italicum
1725 1096 1816 1135 re-

122 1183 296 1237 gnum
317 1183 491 1238 quam
522 1168 694 1222 etiam
732 1167 793 1221 in
833 1167 1052 1237 Apulize
1083 1167 1364 1238 partibus.
1414 1169 1818 1239 Praecipientes

122 1257 309 1327 itaque
363 1256 635 1326 jubemus
689 1261 751 1309 ut
788 1257 980 1310 nullus
1029 1256 1297 1323 marchio,
1358 1257 1494 1324 dux,
1526 1258 1814 1328 princeps,

123 1344 601 1415 archiepiscopus,
658 1344 979 1415 episcopus,
1041 1362 1249 1412 comes,
1310 1361 1409 1399 seu
1463 1347 1615 1400 ullus
1642 1347 1818 1400 homo

122 1448 365 1503 magnus
397 1432 512 1486 sive
564 1449 772 1503 parvus
799 1432 868 1486 de
923 1434 1192 1487 omnibus
1244 1449 1373 1504 quas
1426 1434 1720 1503 pertinent
1748 1432 1819 1486 ad

122 1520 417 1590 praefatum
450 1519 867 1573 monasterium
916 1525 969 1573 et
1017 1520 1310 1590 pertinere
1354 1519 1644 1587 videntur,
1702 1524 1817 1573 tam

120 1624 209 1662 res
241 1624 416 1679 quam
469 1608 720 1676 familiae,
773 1624 832 1663 se
879 1607 1289 1678 intromittere,
1322 1608 1670 1663 calumniare
1721 1612 1820 1661 aut

121 1697 429 1751 molestare
468 1702 779 1769 praesumat
799 1698 924 1767 jam
983 1697 1197 1752 dictum
1246 1697 1584 1769 Gregorium
1640 1697 1817 1751 abba-

122 1790 239 1839 tem
282 1790 384 1839 aut
440 1801 571 1839 suos
626 1800 995 1838 successores.
1048 1785 1105 1839 Si
1149 1784 1276 1856 quis
1314 1800 1448 1839 vero
1506 1785 1614 1839 hoc
1663 1800 1818 1855 prse-

122 1880 353 1943 ceptum
383 1873 445 1926 in
473 1874 665 1944 aliquo
697 1872 1009 1940 violaverit,
1052 1872 1194 1928 sciat
1248 1890 1305 1927 se
1363 1872 1820 1944 compositurum

123 1963 250 2017 auri
272 1963 448 2017 libras
494 1967 872 2018 centum......
909 1978 977 2016 ex
1006 1978 1144 2016 auro
1190 1962 1521 2033 purissimo,
1552 1961 1821 2015 medieta-

125 2056 241 2106 tcm
273 2067 514 2105 camerae
554 2056 785 2120 nostrae,
817 2053 872 2104 et
901 2050 1269 2104 medietatem
1325 2050 1598 2120 praedicto
1628 2048 1822 2104 abbati

125 2144 224 2193 aut
244 2138 458 2192 nostris
474 2138 703 2208 suisque
724 2137 1160 2192 successoribus.
1186 2136 1347 2201 Quod
1369 2141 1432 2191 ut
1452 2141 1671 2191 certum
1700 2150 1821 2190 esse

124 2228 409 2293 videatur,
443 2230 500 2280 et
558 2225 627 2280 ab
665 2225 927 2280 omnibus
962 2226 1317 2294 observetur,
1374 2226 1521 2279 hanc
1549 2225 1823 2296 paginam

124 2333 306 2372 manu
332 2315 564 2387 propria
583 2316 1015 2370 corroborantes
1045 2315 1284 2385 sigillari
1314 2315 1713 2386 praecepimus.

195 2405 586 2460 Theodoricus
616 2404 986 2459 cancellarius
1050 2404 1171 2458 vice
1227 2404 1456 2459 Ethardi
1484 2421 1648 2475 papae
1690 2405 1823 2458 Bre-

123 2494 339 2565 giensis
404 2493 663 2547 Ecclesia:
716 2491 966 2563 episcopi
1010 2495 1065 2545 et
1124 2491 1561 2561 archicapellani
1607 2490 1820 2545 notavi.

126 2585 333 2637 Datum
359 2599 428 2635 v1.
464 2583 543 2636 Id.
580 2583 762 2647 Mart,
796 2597 947 2635 anno
998 2582 1155 2647 1022,
1188 2581 1310 2635 Ind.
1352 2596 1444 2650 xv,
1477 2596 1628 2633 anno
1660 2579 1823 2650 regni

127 2671 364 2727 Domini
395 2670 622 2725 Henrici
654 2673 737 2735 12,
774 2669 1004 2740 imperii
1030 2685 1161 2723 vero
1186 2671 1237 2724 9.

196 2764 409 2815 Actum
442 2758 749 2814 Beneventi
778 2758 1040 2813 feliciter.

871 2864 1089 2920 CXXVI.

126 2956 409 3011 Scrittura
437 2953 498 3007 di
554 2954 762 3020 Arrige
804 2957 960 3006 samo
1007 2951 1268 3004 indiritta
1292 2966 1327 3003 α
1352 2965 1504 3019 papa
1542 2949 1829 3005 Benedetto

417 3041 451 3078 a
479 3026 669 3090 favore
689 3023 832 3077 delia
855 3023 1019 3076 badia
1044 3022 1103 3075 di
1130 3022 1543 3077 Monte-Casino.

787 3115 971 3179 (Anno
996 3109 1177 3181 1022.)

128 3203 335 3277 [Tosti,
389 3202 571 3257 Storia
611 3201 752 3255 delia
808 3201 973 3254 badia
1020 3200 1080 3253 di
1107 3199 1537 3264 Monte-Casino,
1590 3198 1634 3265 Ι,
1682 3198 1831 3267 253.]

201 3292 271 3345 In
302 3289 536 3344 nomine
574 3291 783 3343 sanctae
832 3293 887 3342 et
944 3287 1254 3342 individua}
1293 3285 1604 3354 Trinitatis,
1640 3287 1835 3340 HENRI-

124 3396 225 3434 cus
276 3378 466 3432 divina
516 3378 741 3431 favente
797 3375 1100 3431 clementia
1150 3375 1468 3445 imperator
1522 3377 1833 3444 Augustus,

124 3469 450 3522 Baxamcro
503 3464 657 3519 urbis
700 3465 899 3519 Romae
936 3463 1295 3517 sanctissimo
1354 3478 1544 3533 papae,
1598 3464 1836 3532 ejusque

126 3554 556 3611 successoribus
613 3552 885 3607 canonice
942 3552 1004 3607 in
1062 3550 1437 3622 apostolicam
1480 3551 1673 3604 sedem
1701 3550 1837 3603 sub-

130 3644 445 3700 stituendis
472 3643 533 3697 in
561 3646 927 3713 perpetuum.

200 3732 291 3786 Ad
323 3731 566 3786 Romani
584 3730 815 3801 imperii
844 3744 1040 3783 curam
1067 3727 1271 3782 attinet
1293 3744 1394 3799 per
1422 3731 1607 3781 totum
1639 3725 1839 3780 orbem

134 3821 537 3875 Romanorum
577 3817 899 3872 constitutis
942 3816 1191 3870 ecclesiis
1243 3814 1529 3886 imperiali
1561 3818 1840 3885 potestate

129 3907 488 3963 defensionis
520 3906 731 3961 auxilia
778 3905 1126 3971 ministrare,
1155 3908 1219 3958 ut
1271 3904 1394 3974 ejus
1444 3902 1737 3973 juvamine
1771 3902 1841 3956 ab

130 3995 447 4050 hominum
481 3994 800 4049 inﬁdelium
832 4010 930 4048 seu
979 4008 1289 4063 pravorum
1330 3996 1561 4046 tueatur
1598 3991 1839 4060 impetu.

133 4084 393 4140 Proinde
450 4084 744 4139 Casinensi
791 4082 1049 4136 Ecclesiae
1101 4080 1481 4152 providentes,
1544 4079 1845 4133 Benedicta

133 4172 295 4227 sedis
328 4171 657 4242 apostolicae
703 4170 980 4241 pontifex,
1011 4185 1143 4240 quae
1169 4168 1473 4239 specialius
1527 4168 1598 4221 ad
1645 4168 1848 4221 Roma-

139 4277 291 4315 num
352 4264 569 4331 spectat
606 4259 934 4329 imperium,
997 4263 1053 4311 et
1099 4257 1584 4328 praedecessorum
1613 4261 1843 4310 nostro-
1884 4298 1929 4353 D

138 4366 283 4404 rum
314 4364 542 4402 camera
581 4348 651 4401 ab
707 4347 831 4418 ipso
863 4363 981 4400 sua;
1019 4344 1456 4400 constructionis
1484 4345 1720 4399 exordio
1751 4361 1849 4399 ex—

141 4438 315 4506 stitit,
354 4452 599 4508 quazque
632 4436 701 4490 ab
750 4435 1011 4489 omnium
1042 4433 1377 4489 mortalium
1403 4433 1705 4487 dominatu
1736 4432 1850 4486 im-

142 4527 344 4582 munis
375 4524 692 4595 permansit
722 4530 779 4578 et
826 4524 1042 4590 libera;
1078 4523 1340 4577 eamdem
1396 4522 1703 4576 Ecclesiam
1762 4521 1849 4575 di-

144 4619 414 4670 taverant
483 4613 773 4683 imperiali
848 4612 1276 4679 muniﬁcentia;
1344 4610 1677 4681 paternitati
1736 4615 1851 4664 tuae

143 4703 629 4758 commendamus
681 4717 754 4755 ne
812 4718 927 4771 qua
990 4701 1045 4755 vi
1099 4700 1510 4771 cujuscumque
1558 4699 1852 4770 potestatis

143 4792 439 4864 quidlibet
463 4791 743 4861 injustun:
762 4790 1035 4860 patiatur,
1067 4789 1222 4842 salvo
1255 4805 1321 4843 eo
1352 4788 1506 4859 quod
1534 4787 1856 4859 specialiter

144 4885 206 4934 et
238 4878 611 4950 singulariter
662 4894 782 4948 prin
813 4878 1034 4932 caeteris
1086 4877 1213 4931 aliis
1246 4876 1505 4931 Ecclesiis
1536 4876 1607 4930 ad
1648 4878 1855 4931 Roma-

143 4984 298 5024 num
345 4967 656 5039 imperium
706 4971 961 5037 spectare
1002 4966 1243 5021 videtur.
1302 4966 1445 5020 Nam
1494 4981 1624 5018 cum
1674 4965 1858 5019 omnis

148 5056 406 5113 Ecclesia
451 5056 522 5109 ab
582 5055 741 5109 omni
790 5054 1165 5109 conditionali
1208 5070 1307 5107 seu
1368 5054 1560 5108 servili
1609 5070 1759 5108 nexu
1790 5055 1862 5109 sit

148 5147 358 5210 libera,
394 5144 694 5214 specialius
741 5148 936 5198 autem
964 5149 1094 5214 post
1123 5142 1275 5197 sedis
1299 5144 1572 5196 Romanae
1612 5142 1862 5213 dignita-

150 5250 274 5290 tem
328 5234 511 5287 libera
563 5233 880 5287 Casinensis
954 5231 1222 5297 Ecclesia,
1282 5246 1411 5301 quae
1476 5233 1701 5300 patrem
1757 5228 1862 5279 Be-

150 5323 458 5379 nedictum
529 5320 675 5391 legis
730 5319 1059 5375 monasticae
1126 5318 1516 5389 principatum
1584 5319 1757 5381 tenet,
1810 5318 1867 5367 et

151 5410 438 5483 quoniam
496 5424 694 5462 omnes
752 5407 934 5462 nostri
988 5408 1437 5478 praedecessores
1468 5405 1866 5474 imperatores,

153 5498 430 5553 videlicet
482 5496 741 5566 Pipinus,
795 5496 1049 5563 Carolus,
1133 5493 1470 5557 Ludovicus,
1543 5490 1865 5557 Lotharius,

157 5588 295 5643 Otto
352 5601 417 5641 ac
469 5583 681 5656 reliqui
728 5583 1102 5655 imperatores
1132 5597 1297 5637 suam
1327 5579 1633 5653 specialem
1673 5594 1868 5633 came-

1849 1740 1890 1793 B

1920 554 2224 622 praefatum
2256 554 2584 609 caanobium
2613 558 2947 627 paternitati
2981 564 3092 616 tuae
3124 568 3610 637 commendamus,

1919 644 1985 694 ut
2012 640 2166 695 illius
2198 649 2599 715 cooperatores
2646 646 2950 715 exsistatis,
3009 655 3065 703 et
3086 652 3173 720 {ab
3232 656 3498 711 omnibus
3528 658 3617 712 in-

1919 727 2316 784 festationibus
2348 732 2691 802 defendatis,
2740 750 2856 788 non
2902 741 2963 790 ut
3020 741 3431 809 exterminetis,
3465 747 3618 801 salvo

1921 832 1987 870 eo
2013 816 2167 888 quod
2192 819 2263 873 ad
2292 824 2550 874 nostrum
2581 821 2892 892 imperium
2946 832 3179 896 spectat.
3244 830 3619 888 Concedimus

1922 906 2094 959 etiam
2143 907 2249 961 tibi
2276 906 2502 979 tuisque
2541 911 2961 966 successoribus
3000 918 3489 974 consecrationem
3519 922 3619 976 ab-

1920 991 2070 1047 batis
2117 993 2460 1059 Casinensis,
2511 1002 2567 1051 et
2616 998 2685 1052 de
2715 1000 2971 1069 ejusdem
3027 1003 3135 1057 loci
3192 1006 3529 1077 redditibus,
3561 1010 3622 1064 in

1922 1082 2113 1135 eundo
2136 1086 2190 1136 et
2222 1083 2513 1139 redeundo
2537 1087 2949 1155 Beneventum,
2999 1095 3060 1144 ut
3098 1109 3279 1147 unum
3313 1097 3620 1165 prandium

1923 1170 2249 1239 apostolica
2310 1171 2458 1225 sedis
2515 1174 2774 1243 pontiﬁci
2816 1184 3143 1247 praeparent
3197 1183 3618 1253 constituimus,

1923 1259 2257 1329 nullamque
2289 1260 2461 1313 aliam
2512 1266 2854 1332 potestatem
2888 1267 2973 1319 vel
3004 1267 3329 1324 dominium
3360 1272 3429 1327 de
3461 1273 3620 1328 Casi-

1924 1347 2090 1400 nensi
2112 1348 2368 1402 coenobio
2391 1349 2713 1405 Romanum
2744 1353 3076 1422 pontiﬁcem
3101 1356 3312 1413 habere
3336 1361 3618 1430 volumUs,

1926 1435 2027 1489 sed
2074 1435 2217 1489 sicut
2247 1452 2472 1507 semper
2503 1438 2870 1508 singulariter
2900 1447 2955 1496 et
3009 1446 3331 1514 specialiter
3378 1449 3480 1503 sub
3513 1450 3621 1505 im-

1926 1523 2207 1592 peratoris
2233 1523 2363 1593 jura
2395 1541 2426 1577 a
2467 1541 2583 1577 suae
2613 1527 3050 1582 constructionis
3111 1533 3322 1586 mansit
3367 1536 3619 1605 exordio,

1926 1611 2005 1664 ita
2033 1611 2193 1665 illam
2245 1612 2575 1681 perenniter
2623 1629 2858 1669 manere
2896 1616 3175 1671 volumus.
3228 1619 3483 1676 Obeunte
3517 1641 3624 1677 au-

1928 1702 2047 1751 tem
2115 1697 2406 1753 Casinensi
2462 1698 2685 1767 abbate,
2736 1700 2901 1770 juxta
2978 1707 3238 1757 tenorem
3299 1706 3510 1774 regula:
3568 1710 3626 1759 et

1929 1789 2258 1840 sanctorum
2288 1788 2575 1840 canonum
2623 1794 3000 1859 praeceptum,
3042 1790 3215 1844 abbas
3258 1792 3387 1846 vitae
3418 1792 3623 1846 merito

1929 1879 1987 1930 et
2015 1875 2273 1929 doctrina
2329 1874 2579 1928 scientiae
2613 1892 2679 1929 ex
2727 1877 2995 1931 omnibus
3026 1879 3289 1948 eligatur,
3336 1885 3393 1933 et
3428 1882 3624 1934 catho-

1928 1963 2055 2027 lice,
2087 1980 2202 2017 non
2243 1962 2549 2017 simoniace
2580 1963 2899 2032 ordinetur,
2964 1982 3210 2036 moxque
3241 1967 3409 2020 nobis
3456 1967 3623 2020 inno-

1928 2055 2123 2118 tescat,
2175 2051 2399 2122 ipsique
2452 2067 2554 2121 per
2610 2052 2974 2121 pragmaticae
3023 2053 3332 2107 sanctionis
3375 2055 3625 2108 edictum

1931 2156 2227 2195 assensum
2257 2140 2568 2211 praebeant,
2604 2139 2797 2210 sicque
2845 2140 3080 2195 demum
3128 2142 3383 2196 Romano
3430 2143 3625 2212 ponti-

1930 2228 2024 2283 ﬁci
2052 2227 2265 2299 absque
2294 2228 2451 2281 omni
2482 2227 2785 2281 venalitate
2817 2230 3236 2283 consecrandus
3269 2231 3622 2285 exhibeatur.

1932 2317 2097 2381 Quod
2118 2316 2361 2369 sialiter
2420 2321 2607 2369 actum
2674 2315 2868 2381 fuerit,
2933 2317 3277 2387 prohibeant
3322 2335 3629 2388 pravorum

1930 2407 2121 2459 valere
2161 2419 2523 2471 consensum,
2559 2409 2615 2457 et
2642 2403 2702 2457 in
2750 2405 3008 2473 ejusdem
3040 2406 3148 2458 loci
3178 2406 3460 2475 regimine
3514 2407 3631 2461 im-

1931 2498 2182 2564 perator,
2219 2492 2320 2563 qui
2348 2509 2453 2562 pro
2500 2497 2755 2562 tempore
2784 2493 2977 2557 fuerit,
3007 2510 3137 2546 cum
3168 2494 3438 2548 fratribus
3472 2496 3629 2565 ejus-

1932 2583 2064 2637 dem
2129 2580 2373 2634 coenobii
2448 2581 2687 2650 dignum
2740 2581 3015 2650 prmﬁciat
3084 2581 3347 2635 abbatem
3401 2582 3630 2652 qualem

1934 2671 2233 2724 meliorem
2264 2674 2320 2723 et
2367 2669 2687 2739 digniorem
2718 2669 3088 2740 Romanoque
3127 2669 3372 2739 imperio
3404 2671 3631 2724 ﬁdelem

1933 2758 2236 2825 invenerit,
2278 2759 2495 2827 absque
2540 2757 2845 2828 cujuslibet
2892 2757 3289 2827 inquietudine
3320 2775 3382 2812 ac
3413 2764 3634 2813 contra-

1936 2848 2204 2903 dictione.
2253 2848 2311 2901 Si
2360 2852 2553 2901 autem
2594 2846 2883 2917 quispiam
2932 2847 3065 2900 huic
3102 2852 3313 2901 nostrae
3363 2848 3634 2901 constitu-

1934 2936 2084 2991 tioni
2137 2936 2347 2989 violare
2394 2935 2847 3006 praesumpserit,
2902 2934 3042 2988 sciat
3086 2952 3144 2989 se
3180 2936 3636 3006 compositurum

1891 3023 2067 3080 tauri
2121 3023 2415 3095 purissimi
2479 3024 2650 3077 libras
2726 3023 2902 3089 mille,
2964 3024 3333 3078 medietatem
3394 3040 3636 3079 camera

1941 3118 2171 3179 nostras,
2196 3117 2253 3166 et
2282 3112 2646 3166 medietatem
2697 3111 2973 3182 praedicto
3017 3113 3382 3183 monasterio,
3416 3118 3472 3167 et
3515 3114 3638 3168 haec

1943 3201 2234 3257 concessio
2269 3200 2438 3254 ﬁrma
2474 3205 2810 3271 permaneat
2852 3216 3097 3270 semper.
3132 3201 3290 3264 Quod
3319 3201 3402 3270 [ut
3451 3202 3638 3255 verius

1944 3290 2225 3355 credatur,
2276 3305 2455 3342 manu
2510 3294 2705 3342 nostra
2758 3288 3051 3354 roborare,
3102 3293 3157 3342 et
3211 3289 3412 3342 annuli
3457 3289 3641 3343 nostri

1943 3376 2323 3448 impressione
2355 3377 2551 3430 subter
2581 3376 2740 3429 illam
2774 3376 3053 3445 insignire
3084 3376 3455 3430 decrevimus.

2015 3463 2244 3529 Signum
2287 3462 2473 3515 domm}
2523 3464 2747 3516 Henrici
2791 3464 3125 3516 serenissimi
3152 3465 3514 3518 Romanorum
3542 3464 3639 3517 im-

1942 3551 2211 3621 peratoris
2243 3550 2508 3616 Augusti.

2017 3640 2133 3709 Ego
2184 3638 2516 3693 Chonradus
2555 3637 2666 3691 dux
2725 3637 2923 3692 domni
2958 3638 3318 3708 imperatoris
3347 3638 3639 3693 consobri-

1947 3743 2057 3780 nus
2118 3725 2447 3796 subscripsi.
2523 3754 2595 3765 --
2658 3726 3041 3780 Theodoricus
3098 3727 3466 3781 cancellarius
3522 3727 3642 3781 vice

1949 3813 2156 3868 Edonis
2206 3812 2692 3884 Papendegrensis
2750 3814 3000 3885 episcopi
3046 3819 3102 3868 et
3161 3814 3643 3869 archicancellarii

1950 3902 2297 3973 recognovit.
2338 3905 2504 3956 Anno
2545 3902 2613 3955 ab
2662 3902 3056 3956 incarnatione
3110 3903 3341 3957 Domini
3380 3906 3530 3969 1022,
3563 3903 3646 3957 in-

1953 3990 2201 4045 dictione
2249 3991 2471 4061 quinta,
2526 4006 2673 4043 anno
2711 4006 2839 4043 vero
2880 3990 3077 4044 domni
3115 3991 3342 4045 Henrici
3373 3992 3649 4045 excellen-

1952 4077 2160 4131 tissimi
2188 4094 2251 4131 ac
2276 4077 2636 4133 invictissimi
2688 4079 3075 4133 Romanorum
3126 4080 3490 4149 imperatoris
3540 4096 3647 4133 au-

1954 4165 2125 4237 gusti,
2148 4165 2314 4235 regni
2343 4168 2433 4233 22,
2466 4166 2805 4235 imperantis
2826 4173 3017 4220 autem
3049 4184 3219 4222 nono.

2027 4258 2229 4310 Actum
2251 4253 2314 4307 in
2341 4259 2538 4308 monte
2566 4253 2766 4309 Casino
2788 4255 3043 4309 feliciter.
3074 4260 3275 4309 Amen.

2679 4360 2922 4414 CXXVII.

1957 4452 2015 4507 S.
2092 4450 2355 4503 Henricus
2434 4449 2509 4501 II
2561 4450 2690 4517 imp.
2752 4450 3003 4502 Ecclesia
3071 4448 3452 4515 Bambergensi
3489 4448 3657 4501 donat

2021 4519 2295 4591 praedium
2370 4518 2711 4591 Hormunzei
2750 4521 2807 4572 in
2880 4518 3248 4572 archidiwcesi
3334 4520 3653 4587 Trevirensi,

2031 4589 2176 4660 Quod
2207 4605 2241 4643 a
2273 4592 2519 4661 Poppone
2550 4589 2958 4659 archiepiscopo
2989 4594 3285 4658 acceperat.

2456 4677 2640 4748 (Anno
2690 4680 2849 4745 1022,
2902 4681 2956 4731 11
3004 4679 3162 4744 Νου.)

2145 4765 2525 4839 [Hontheims,
2565 4768 2709 4821 Hist.
2765 4769 2971 4820 Trevir.
3006 4766 3230 4836 diplom.
3255 4766 3297 4834 Ι,
3331 4765 3483 4837 357.]

2034 4875 2100 4928 In
2130 4872 2362 4927 nomine
2415 4876 2623 4926 sancta:
2654 4876 2710 4925 et
2757 4870 3067 4925 individua:
3111 4871 3420 4935 Trinitatis,
3448 4872 3663 4941 [Hamu-

1966 4979 2062 5017 cus
2096 4961 2193 5016 Dei
2222 4961 2447 5015 favente
2474 4960 2778 5015 clementia
2811 4961 2973 5014 Rom.
3018 4959 3333 5029 imperator
3357 4962 3661 5029 Augustus.

2039 5050 2339 5118 Quoniam,
2410 5048 2813 5119 temporalium
2867 5047 3175 5101 amissione
3214 5047 3520 5113 bonorum,
3545 5047 3667 5101 sine
3729 5110 3739 5118 ,

1970 5140 2085 5195 ﬁne
2115 5136 2475 5192 manentium
2528 5137 2802 5191 debemus
2844 5150 3073 5204 sperare
3113 5135 3666 5203 remunerationem,

1971 5234 2174 5283 notum
2206 5226 2281 5280 sit
2324 5225 2590 5279 omnibus
2639 5223 2902 5277 ﬁdelibus
2930 5221 3138 5276 nostris
3186 5223 3431 5292 qualiter
3461 5227 3515 5275 et
3542 5238 3668 5290 nos,

1974 5332 2081 5387 pro
2134 5313 2388 5368 remedio
2446 5311 2652 5367 animas
2701 5316 2910 5365 nostras
2940 5315 3387 5380 nostrorumque
3417 5314 3671 5363 anteces-

1977 5419 2195 5468 sorum,
2252 5418 2358 5456 nec
2408 5418 2525 5455 non
2582 5417 2685 5471 pro
2738 5401 2920 5454 salute
2985 5398 3369 5453 dilectissimus
3417 5398 3676 5468 conjugis

1977 5496 2187 5546 nostrae
2235 5490 2295 5544 C.
2340 5490 2555 5544 scilicet
2598 5488 2978 5559 imperatricis
3028 5490 3321 5557 Augustas,
3375 5488 3486 5540 tale
3524 5502 3676 5557 prae-

1979 5578 2143 5636 dium
2178 5578 2346 5649 quale
2376 5578 2575 5648 Poppo
2621 5576 2968 5634 Trevirensis
3006 5575 3467 5647 archiepiscopus
3513 5575 3680 5629 nobis
