3944 6328
3751 281 3846 333 368

347 302 446 355 367
1649 292 1704 342 8.
1747 286 2027 342 HENBICI

2222 285 2544 340 ERATORIS

343 425 517 491 dedit,
554 422 701 492 (178)
722 421 782 473 in
805 421 1128 473 Hormunze
1159 417 1349 480 situm,
1384 417 1444 469 in
1477 431 1764 484 pago......
1788 412 1848 466 in
1868 410 2039 465 comi-
2070 412 2115 464 Α
2154 409 2375 463 abbatis
2444 407 2629 461 adhuc
2679 406 2742 459 in
2809 420 2977 458 carne
3055 403 3295 459 viventis
3348 417 3850 474 successorumque

340 519 604 569 tatu......
658 507 901 569 comitis,
951 522 1081 560 cum
1112 505 1276 570 areis,
1328 503 1603 567 aediﬁciis,
1677 501 1849 570 agris,
1878 500 2036 552 vine-
2147 498 2321 562 illius,
2356 497 2478 549 sine
2509 493 2882 548 beneﬁciario
2925 509 3031 546 usu
3063 492 3363 558 consistat;
3413 493 3692 562 nullaque
3721 506 3848 560 per-

342 602 435 669 tis,
469 599 664 670 pratis,
698 595 939 666 pascuis,
986 593 1164 658 silvis,
1224 591 1385 662 aquis
1413 603 1810 660 aquarumque
1840 588 2037 640 decur-

345 689 524 756 sibus,
573 683 1006 756 piscationibus,
1062 681 1169 734 viis
1214 683 1268 732 et
1314 678 1502 744 inviis,
1546 676 1790 730 exitibus
1812 680 1865 728 et
1895 672 2042 727 redi-

344 777 519 842 tibus,
570 772 870 843 mancipiis
928 770 1228 839 utriusque
1258 783 1447 834 sexus,
1481 765 1734 836 quaesitis
1763 770 1819 818 et
1849 762 2040 833 inqui-

343 863 560 930 rendis,
592 876 835 931 cumque
879 857 1148 910 omnibus
1180 855 1542 919 utensilibus,
1593 869 1722 923 quae
1755 853 1841 905 vel
1873 849 2043 903 scribi

341 953 431 1005 vel
461 948 749 1004 nominari
796 951 1057 1016 possunt,
1087 945 1158 998 ad
1192 945 1369 996 altare
1424 943 1479 996 S.
1533 941 1686 994 Petri
1751 939 2040 1009 apostolo-

342 1056 474 1094 rum
527 1036 818 1106 principis,
875 1035 936 1086 in
986 1048 1154 1086 usum
1212 1029 1466 1100 episcopi
1516 1029 1900 1097 episcopalem
1955 1042 2041 1078 se—

342 1127 473 1180 dem
530 1120 1015 1192 Babenbergensis
1078 1119 1341 1172 Ecclesiae
1416 1116 1779 1186 possidentis,
1846 1129 2044 1184 perpe-

342 1214 576 1268 tuaiiter
630 1210 958 1265 habendum
1019 1207 1319 1274 donamus,
1357 1211 1413 1259 et
1468 1205 1538 1258 de
1576 1208 1774 1257 nostro
1817 1203 1948 1273 jure
1983 1202 2044 1254 in

345 1302 468 1371 ejus
505 1301 599 1369 jus
632 1299 869 1352 omnino
902 1293 1379 1350 transfundimus.
1415 1294 1574 1347 Unde
1605 1292 1802 1346 eadem
1852 1291 2044 1360 impe-

340 1388 471 1442 riali
497 1391 796 1458 potestate,
831 1402 945 1455 qua
994 1384 1185 1437 caeteri
1217 1387 1349 1436 ante
1407 1397 1510 1434 nos
1557 1396 1718 1450 reges
1748 1380 1833 1433 vel
1867 1379 2046 1448 impe-

341 1482 561 1530 ratores
589 1475 885 1543 hucusque
914 1475 1046 1524 sunt
1076 1470 1182 1534 usi,
1216 1469 1585 1539 praecipimus
1615 1484 1687 1521 ne
1726 1467 1856 1538 quis
1897 1467 2045 1520 hanc

340 1563 710 1618 traditionem
767 1564 1019 1614 nostram
1077 1559 1283 1612 audeat
1313 1558 1543 1610 violare.
1580 1558 1645 1610 Et
1673 1561 1740 1609 ut
1765 1557 1888 1609 haec
1941 1570 2039 1608 no-

341 1657 457 1706 stra
515 1650 821 1704 auctoritas
873 1646 1093 1701 stabilis
1122 1652 1180 1700 et
1238 1645 1566 1698 inconvulsa
1606 1648 1856 1709 maneat,
1898 1643 2045 1696 hanc

341 1739 616 1811 paginam
642 1737 773 1790 inde
825 1733 1124 1800 conscribi,
1168 1749 1346 1787 manu
1402 1733 1635 1802 propria
1684 1731 2040 1797 roborantes,

342 1827 507 1896 signo
530 1836 727 1878 nostro
750 1822 1039 1894 imperiali
1055 1821 1334 1891 jussimus
1373 1818 1669 1890 insigniri.

414 1915 552 1968 Data
582 1914 682 1967 Ill.
719 1912 846 1964 idus
903 1908 1239 1964 Novembris
1283 1907 1486 1963 indict.
1525 1909 1588 1961 V.
1645 1910 1809 1960 Anno
1857 1905 2044 1960 Domi-

340 2002 484 2056 nica
523 1999 934 2054 incarnationis
987 1998 1121 2050 1024
1165 1998 1370 2065 (potius
1412 1997 1594 2062 1022).
1653 1998 1814 2048 Anno
1845 1993 2043 2048 domni

342 2092 409 2145 Η.
449 2089 682 2144 secundi
707 2086 999 2158 regnantis
1037 2099 1154 2150 xxx,
1189 2083 1422 2154 imperii
1441 2099 1574 2138 vero
1597 2099 1726 2153 ⁸νιιι.
1764 2095 1776 2111 ·

410 2179 614 2230 Actum
643 2179 914 2246 Augustae
933 2172 1191 2227 feliciter.
1225 2174 1426 2225 Amen.

1058 2261 1322 2314 CXXVIII.

340 2352 404 2405 S.
469 2351 746 2405 Henricus
789 2351 843 2404 Il
872 2351 1004 2417 imp.
1037 2349 1359 2402 monasterio
1412 2347 1796 2415 Epternacensi
1845 2345 2041 2415 con/ir-

945 2424 1059 2473 mat
1077 2421 1171 2487 jus
1199 2423 1436 2471 monetae.

855 2509 1036 2576 (Auno
1075 2508 1205 2561 1023
1245 2509 1306 2560 18
1339 2506 1539 2574 junii.)

525 2595 871 2666 [Hontheim,
929 2598 1073 2649 Hist.
1113 2597 1318 2648 Trevir.
1371 2595 1596 2662 diplom.
1633 2594 1674 2658 Ι,
1706 2591 1857 2663 858.]

409 2687 476 2740 In
508 2684 743 2738 nomine
800 2689 1008 2736 sancta:
1039 2686 1094 2736 et
1122 2681 1435 2736 individua;
1487 2680 1800 2745 Trinitatis,
1833 2683 2042 2736 Hamu-

340 2791 436 2830 cus
476 2773 670 2829 divina
716 2773 941 2826 favente
974 2771 1276 2826 clementia
1307 2772 1701 2824 Romanorum
1729 2769 2044 2839 imperator

343 2865 652 2932 Augustus.

2148 590 2315 640 sonat
2346 599 2552 652 magna
2581 582 2694 634 sive
2716 597 2910 651 parva,
2947 579 3242 646 clericalis,
3276 583 3374 632 aut
3405 579 3650 644 laicalis,
3675 594 3852 648 super

2149 689 2277 727 eam
2306 671 2511 724 dehinc
2556 669 2810 739 aliquam
2864 671 3206 738 potestatem
3258 666 3486 732 habeat,
3536 666 3651 719 nisi
3698 666 3850 734 ejus-

2150 760 2280 814 dem
2313 757 2569 812 Ecclesiaa
2602 757 2773 810 abbas
2821 757 3026 826 suique
3074 771 3449 820 successores,
3503 761 3559 809 et
3581 753 3851 808 monachi

2149 849 2231 901 ibi
2276 849 2388 901 Deo
2437 851 2495 899 et
2536 850 2730 898 sancto
2760 844 3125 898 Willibrordo
3160 843 3444 911 servituri,
3476 843 3544 896 ad
3589 841 3852 896 Ecclesia:

2151 939 2575 998 ornamentum,
2607 937 2664 986 et
2684 932 3006 1004 prabendaz
3030 948 3148 984 sua:
3175 937 3580 1000 augmentum;
3611 947 3680 985 ea
3704 930 3854 983 vide-

2150 1022 2283 1076 licet
2342 1021 2562 1074 ratione
2603 1024 2666 1073 ut
2712 1036 2806 1073 eos
2863 1035 2968 1089 pro
3008 1022 3200 1072 nostra
3245 1017 3426 1071 salute
3486 1022 3544 1071 et
3597 1016 3852 1070 remedio

2152 1111 2473 1164 animarum
2519 1112 2825 1179 parentum
2885 1111 3212 1160 nostrorum
3266 1107 3644 1176 omniumque
3707 1105 3850 1159 ﬁde-

2150 1199 2291 1253 lium
2343 1198 2740 1252 defunctorum
2792 1197 2970 1251 Deum
3001 1195 3249 1265 amplius
3293 1195 3532 1248 delectet
3593 1210 3852 1248 exorare.

2222 1289 2287 1341 Et
2339 1291 2400 1340 ut
2451 1286 2570 1338 haec
2602 1289 2814 1339 nostrae
2845 1283 3300 1338 confirmationis
3331 1288 3682 1354 praeceptum
3714 1282 3854 1336 inde

2151 1375 2540 1445 conscriptum
2628 1374 2730 1444 (hic
2809 1371 3022 1440 aliquid
3090 1372 3364 1441 omissum)
3431 1371 3607 1442 sigilli
3673 1371 3856 1425 nostri

2152 1464 2532 1534 impressione
2586 1461 2801 1534 signari
2836 1461 3128 1530 jussimus,
3181 1477 3472 1532 manuque
3503 1460 3761 1531 propria,
3795 1464 3859 1513 ut

2152 1553 2301 1607 infra
2321 1553 2564 1619 videtur,
2599 1549 3115 1605 corroboravimus.

2225 1635 2451 1700 Signum
2527 1633 2736 1686 domini
2788 1633 3031 1686 Heinrici
3076 1632 3452 1699 {Romanorum
3507 1629 3862 1683 invictissimi

2073 1680 2115 1734 Β
2153 1680 2497 1773 ἱηῷἑῖααιονίε
2528 1705 2768 1770 augusti.

2225 1782 2571 1838 Guntherius
2616 1780 3009 1836 cancellariius
3047 1780 3169 1834 vice
3209 1778 3478 1834 Aribonis
3502 1778 3856 1849 archicapel-

2152 1872 2270 1925 lani
2299 1871 2648 1942 recognovit.

2225 1961 2366 2014 Data
2385 1976 2474 2013 xxv
2490 1959 2730 2012 Kalend.
2753 1958 2906 2025 Julii,
2929 1957 3128 2012 indict.
3151 1975 3224 2020 vi,
3248 1973 3400 2011 anno
3427 1956 3742 2012 Dominicze
3765 1956 3854 2010 in-

2151 2047 2499 2103 carnationis
2513 2051 2669 2102 1023.
2683 2049 2847 2101 Anno
2867 2046 3089 2100 domini
3105 2045 3358 2102 Heinrici
3371 2045 3606 2102 secundi
3617 2061 3866 2117 regnan-

2150 2135 2222 2189 tis
2252 2153 2383 2203 xxu,
2407 2135 2637 2206 imperii
2660 2151 2794 2188 vero
2824 2151 2876 2188 x.

2219 2227 2420 2279 Actum
2454 2224 2616 2278 Nuiss
2647 2222 3137 2305 feliciter;_i_\_rn‘e'n.

2152 2364 2215 2419 S.
2264 2367 2525 2419 Henricus
2553 2366 2635 2420 ΙΙ.
2671 2366 2804 2432 imp.
2856 2293 3239 2418 Issenses
3286 2364 3354 2417 ab
3403 2363 3597 2418 abbate
3642 2367 3706 2420 S.
3745 2365 3865 2419 Ma-

2221 2438 2423 2489 mimini
2481 2437 2541 2489 in
2598 2436 2906 2502 beneﬁcium
2956 2437 3177 2503 accipit,
3234 2449 3365 2502 quos
3416 2437 3620 2488 Επιοηί
3670 2437 3867 2489 comiti

2217 2508 2488 2575 palatino,
2549 2508 2874 2559 etHeinrico
2925 2504 3070 2572 duci,
3126 2520 3218 2558 nec
3268 2521 3373 2559 non
3404 2505 3629 2559 Ott/iani
3673 2509 3866 2560 comiti

2225 2578 2582 2644 bene/iciavit.

2615 2647 2797 2716 (Anno
2836 2648 2991 2709 1023,
3028 2649 3092 2700 10
3123 2645 3384 2716 Decemb.)

2813 2716 2948 2788 [Ubi
2969 2715 3188 2788 supra]

2226 2788 2291 2841 In
2321 2786 2555 2841 nomine
2601 2786 2897 2840 sanctas—et
2937 2786 3247 2840 individua:
3289 2786 3603 2855 Trinitatis,
3634 2789 3868 2841 Hamm-

2153 2884 2249 2922 cus
2289 2868 2479 2922 divina
2504 2867 2724 2920 favente
2746 2867 3052 2921 clementia
3098 2867 3488 2921 Romanorum
3533 2868 3863 2939 imperator

410 2950 640 3003 Noverit
684 2948 944 3001 omnium
1003 2945 1212 3001 Christi
1287 2949 1729 3014 nostrorumque
1783 2943 2039 2998 fidelium
2080 2957 2120 3012 (ς
2152 2950 2462 3016 Augustus.

334 3037 678 3092 universitas
709 3036 952 3107 qualiter
979 3051 1102 3096 nos,
1139 3050 1240 3104 pro
1269 3035 1528 3088 remedio
1579 3034 1786 3086 animae
1828 3037 2038 3086 nostra:

339 3129 755 3198 parentumque
812 3127 1163 3189 nostrorum,
1237 3138 1342 3176 nec
1413 3138 1530 3175 non
1586 3135 1690 3190 per
1759 3121 2040 3175 interven-

346 3219 469 3268 tum
502 3214 647 3284 (l79)
669 3212 896 3267 Henrici
919 3211 1252 3266 Boariorum
1274 3211 1431 3264 ducis
1449 3209 1665 3279 inclyti,
1692 3209 2034 3262 monasterio

345 3302 662 3372 Epternach
700 3301 867 3366 dicto,
921 3304 1208 3352 monetam
1242 3315 1272 3352 a
1300 3298 1524 3352 seniore
1563 3303 1770 3367 nepote
1797 3302 1852 3350 et
1881 3303 2036 3350 ante-

341 3406 560 3444 cessore
629 3395 848 3454 nostro,
895 3389 1062 3441 tertio
1131 3386 1396 3440 videlicet
1443 3386 1646 3440 Ottone
1690 3385 2034 3456 imperatore

338 3481 610 3548 Augusto,
636 3493 984 3542 concessam,
1020 3476 1079 3530 in
1110 3493 1220 3546 qua
1252 3474 1476 3529 nummi
1508 3473 1854 3544 probabiles,
1891 3476 2036 3530 sicut

337 3566 398 3620 in
436 3566 563 3619 aliis
587 3566 726 3618 locis
752 3565 924 3634 regia:
969 3564 1239 3634 potestati
1292 3562 1554 3628 subditis,
1610 3563 2030 3633 percutiantur,

337 3654 409 3707 ad
460 3669 627 3706 usum
688 3653 944 3706 Ecclesia:
993 3656 1049 3704 et
1101 3651 1512 3705 monachorum
1575 3651 1688 3704 Deo
1722 3655 2029 3721 sanctoque

335 3741 692 3802 Willibrordo
752 3739 1060 3793 confessori
1119 3739 1210 3792 die
1288 3744 1568 3808 nocteque
1636 3738 2030 3807 servientium,

333 3844 437 3899 per
466 3829 612 3881 hanc
642 3834 897 3881 nostram
939 3826 1295 3896 imperialem
1340 3827 1612 3896 paginam
1646 3827 2028 3893 concedimus,

332 3931 674 3970 renovamus
705 3921 874 3986 atque
903 3916 1338 3980 conﬁrmamus;
1372 3921 1427 3968 et
1473 3919 1535 3966 ut
1564 3914 1764 3966 eadem
1799 3921 2031 3968 moneta

333 4004 602 4074 deinceps
642 4003 744 4057 sub
800 4008 1077 4073 perpetuo
1123 4003 1252 4072 jure
1287 4001 1546 4055 Ecclesiae
1576 4001 1937 4072 supradictae,
1972 4008 2025 4057 et

403 4127 549 4197 (178)
581 4128 644 4181 In
675 4129 976 4180 Hormunze
1006 4128 1190 4179 situm.
1243 4125 1400 4178 Modo
1462 4125 1663 4190 Ormiz,
1715 4141 1812 4178 seu
1847 4129 2027 4197 Urmiz

2219 3035 2484 3098 Quamvis
2523 3035 2593 3087 ab
2635 3034 3029 3088 ecclesiasticis
3079 3033 3537 3088 institutionibus
3568 3043 3622 3091 et
3664 3053 3698 3090 a
3745 3052 3854 3106 ra-

2144 3123 2324 3176 ternis
2375 3122 2720 3192 prmjudiciis
2769 3122 2913 3176 nulli
2955 3121 3030 3175 sit
3087 3122 3308 3175 licitum
3363 3122 3608 3187 deviare,
3661 3125 3856 3178 nostri

2145 3214 2338 3264 tamen
2365 3210 2511 3279 juris
2535 3214 2616 3264 est
2636 3226 2755 3279 prae
2803 3209 3025 3264 caeteris
3051 3210 3107 3264 id
3149 3212 3332 3264 solum
3364 3217 3420 3264 et
3459 3211 3724 3280 speciale,
3764 3218 3853 3278 ut,

2142 3299 2298 3352 unde
2328 3298 2524 3352 ﬁdeles
2549 3299 2731 3351 nostri
2756 3298 2902 3351 infra
2930 3315 3174 3369 regnum
3206 3304 3460 3352 nostrum
3488 3301 3858 3370 lgravantur,

2143 3391 2243 3440 aut
2273 3387 2423 3440 unde
2441 3387 2702 3440 Ecclesiae
2732 3387 3259 3441 Deidetrimentum
3290 3387 3471 3458 magis
3501 3404 3673 3457 quam
3695 3405 3860 3443 com-

2143 3475 2380 3528 modum
2431 3476 2751 3545 patiuntur,
2785 3475 2846 3528 in
2881 3475 3086 3528 melius
3118 3477 3425 3530 debeamus
3464 3482 3854 3533 commutare.

2141 3563 2353 3616 Idcirco
2377 3563 2634 3616 ﬁdelium
2665 3569 3021 3629 nostrorum,
3078 3567 3195 3617 tam
3249 3564 3618 3634 praesentium
3668 3582 3856 3635 quam

2141 3652 2486 3715 futurorum,
2522 3651 2768 3706 solertiae
2793 3657 2991 3706 notum
3011 3652 3139 3705 ﬁeri
3169 3653 3437 3721 cupimus
3458 3652 3712 3722 qualiter
3738 3670 3851 3706 nos

2140 3755 2208 3792 ex
2239 3740 2464 3793 abbatia
2522 3740 2578 3794 S.
2630 3740 2865 3795 Joannis
2922 3739 3289 3810 evangelistaa
3338 3745 3394 3793 et
3433 3740 3488 3794 S.
3526 3739 3848 3803 Maximini,

2140 3843 2264 3896 qua:
2295 3828 2353 3880 in
2388 3827 2660 3882 suburbio
2686 3827 3049 3882 Trevirorum
3073 3829 3183 3881 sita
3212 3833 3315 3895 est,
3345 3827 3440 3881 ubi
3471 3828 3717 3882 Haricho
3741 3829 3848 3882 ab-

2140 3915 2240 3967 bas
2263 3931 2504 3983 praeesse
2528 3916 2771 3982 videtur,
2790 3917 3064 3986 quasdam
3087 3917 3232 3987 (180)
3253 3921 3438 3970 curtes
3459 3917 3846 3985 etterritoria,

2135 4003 2297 4056 villas
2324 4010 2381 4056 et
2402 4003 2808 4072 possessiones,
2830 4005 3042 4058 scilicet
3064 4005 3108 4075 (l
3123 4004 3210 4074 81)
3227 4021 3325 4058 sex
3339 4003 3519 4058 millia
3543 4011 3850 4060 sexcentos

2136 4142 2324 4196 neque
2367 4127 2504 4180 alibi
2563 4127 2618 4180 in
2646 4127 3088 4182 instructissimo
3147 4128 3202 4182 S.
3259 4127 3549 4182 Maximini
3599 4129 3846 4185 archivo

329 4197 556 4288 dicitur,
587 4199 655 4277 ad
687 4199 980 4288 sinistrum
1014 4197 1196 4251 Rheni
1229 4197 1410 4288 littus,
1465 4197 1652 4288 medip
1704 4197 1823 4275 fere
1873 4196 2024 4250 inter
2051 4235 2093 4288 Β
2135 4196 2334 4276 talium
2395 4199 2821 4288 possessionum
2857 4200 2957 4288 Ivel
3007 4199 3248 4288 minima
3297 4199 3504 4252 notitia
3546 4201 3846 4288 supersit;

327 4269 742 4322 Coniluentiam
775 4273 829 4321 et
858 4270 1257 4321 Andernacum
1290 4267 1517 4332 itinere,
1567 4266 1739 4319 situm
1766 4266 1825 4318 in
1873 4283 2020 4336 pago

325 4338 657 4408 Meginensi.
693 4339 872 4393 Hodie
898 4339 1084 4391 adhuc
1127 4338 1367 4390 Ecclesia
1407 4338 1474 4390 de
1508 4338 1695 4390 Urmiz
1735 4353 1864 4390 cum
1927 4339 2021 4391 de-

322 4407 483 4462 cimis
514 4415 570 4462 et
603 4414 907 4476 personatu
949 4409 1078 4478 jure
1111 4408 1354 4462 dominii
1381 4407 1580 4461 directi
1622 4409 1690 4460 ad
1740 4409 2020 4477 praeposi-

321 4483 508 4532 turam
534 4480 870 4532 cathedralis
887 4480 1134 4531 ecclesias
1158 4478 1590 4548 Bambergensis
1611 4480 1875 4546 pertinet,
1893 4495 2020 4548 quae

321 4549 536 4602 nobiles
564 4549 863 4602 aScheben
895 4551 963 4602 de
986 4550 1278 4602 Cronfeldt
1307 4566 1438 4602 suos
1460 4551 1538 4602 ibi
1567 4550 1804 4602 vasallos
1827 4550 2015 4603 habet.

387 4621 532 4684 (179)
592 4621 808 4672 Henrici
857 4622 1174 4672 Boiarorum
1231 4620 1403 4673 ducis.
1463 4620 1731 4689 Sigefridi
1792 4620 2018 4673 comitis

318 4688 830 4758 Luxemburgensis
889 4689 1039 4742 ﬁlius
1099 4694 1233 4742 natu
1289 4689 1490 4758 major,
1535 4688 1774 4758 primus
1830 4705 2017 4743 comes

313 4757 648 4812 Arlunensis
697 4775 800 4811 nec
858 4775 967 4810 non
1027 4775 1214 4812 comes
1293 4757 1594 4826 Ardennaé,
1652 4760 2010 4814 abbatiarum

313 4828 366 4900 S_.
395 4828 682 4900 Maximini
713 4835 766 4880 et
813 4828 1240 4900 Epternacensis
1292 4830 1613 4894 advocatus,
1659 4847 1830 4900 quem
1862 4832 2012 4884 Hen-

312 4898 460 4952 ricus
512 4900 566 4953 S.
605 4899 743 4970 imp.
797 4899 924 4967 (qui
979 4899 1102 4965 ejus
1132 4915 1387 4951 sororem
1439 4898 1847 4970 Cuneguhdam
1877 4918 2010 4954 uxo—

309 4985 431 5022 rem
465 4968 721 5038 duxerat)
754 4985 902 5020 anno
937 4970 1069 5021 1002
1101 4971 1301 5021 ducem
1329 4971 1572 5023 Bavariae
1604 4968 1756 5024 fecit.

379 5040 522 5112 (180)
589 5041 795 5112 συνίζεεᾷ
829 5044 878 5090 et
947 5042 1243 5112 territoria,
1299 5041 1456 5112 villas
1519 5045 1568 5112 et
1628 5043 2004 5112 possessiones.

304 5109 598 5177 Tolnerus,
642 5110 740 5180 qui
783 5110 891 5162 hoc
941 5109 1192 5177 diploma
1239 5126 1302 5162 ex
1339 5111 1574 5179 Zyllesio
1629 5111 1826 5170 edidit,
1886 5118 2002 5164 not.

302 5197 356 5234 α.
407 5189 619 5242 censet,
660 5179 779 5233 "hic
859 5179 1103 5248 intelligi
1183 5185 1363 5232 castra
1436 5181 1695 5247 Cocheim,
1782 5182 2004 5246 Clotten,

301 5253 520 5320 aliaque
577 5251 650 5304 ad
679 5251 952 5305 Mosellam
998 5251 1129 5303 loca.
1189 5250 1316 5312 Sed,
1351 5265 1479 5303 cum
1529 5251 1646 5304 hmo
1703 5267 2000 5320 nunquam

298 5322 472 5375 fuisse
503 5322 646 5392 juris
668 5323 719 5375 S.
771 5320 1060 5374 Maximini
1104 5320 1365 5392 velinde
1413 5326 1683 5390 appareat
1732 5322 1884 5391 quod
1941 5322 2001 5376 in

297 5396 456 5463 tanta
510 5393 798 5463 regiarum
880 5397 935 5444 et
1015 5391 1401 5463 imperialium
1473 5392 1994 5461 conﬁrmationum,

296 5462 468 5514 etiam
510 5479 540 5514 a
571 5461 736 5516 nobis
768 5463 1069 5528 editarum,
1117 5462 1299 5530 copia,
1325 5461 1385 5513 in
1416 5463 1624 5530 quibus
1660 5463 1997 5516 notabiliora

294 5534 622 5603 monasterii
661 5534 878 5603 praedia
917 5539 974 5587 et
1029 5533 1432 5602 acquisitiones
1489 5533 1736 5586 maxima
1784 5534 1992 5587 sollici-

291 5602 492 5656 tudine
540 5602 898 5671 enarrantur,
932 5603 1276 5658 altissimum
1307 5603 1376 5658 de
1417 5604 1486 5657 iis
1541 5603 1612 5658 sit
1668 5603 1988 5672 silentium;

2135 4267 2214 4320 sic
2244 4284 2348 4339 ego
2372 4269 2587 4337 prazdia
2613 4270 2704 4322 hic
2734 4269 3042 4337 intellecta,
3094 4270 3289 4321 malim
3346 4275 3504 4322 trans
3543 4267 3844 4339 Rhenum,

2134 4343 2190 4409 et
2222 4338 2368 4390 circa
2408 4355 2538 4391 eum
2571 4340 2707 4406 sita;
2765 4340 2834 4394 de
2891 4341 3100 4409 quibus
3140 4355 3327 4392 sermo
3385 4345 3470 4394 est
3516 4339 3574 4392 in
3620 4338 3844 4396 chartis

2133 4407 2353 4461 Ottonis
2387 4409 2454 4462 M.
2489 4410 2558 4462 de
2607 4409 2772 4463 annis
2820 4407 2942 4472 945,
2989 4415 3045 4463 et
3091 4413 3213 4469 966,
3248 4411 3470 4463 Ottonis
3500 4411 3549 4464 II
3578 4411 3649 4464 de
3679 4428 3847 4468 anno

2132 4481 2257 4542 973,
2291 4495 2393 4531 nec
2427 4496 2536 4532 non
2571 4480 2792 4534 Ottonis
2823 4483 2896 4535 IlI
2934 4482 3001 4534 de
3025 4497 3172 4534 anno
3205 4483 3327 4534 992.

2201 4552 2357 4621 (181)
2377 4550 2482 4604 Sea:
2537 4553 2714 4606 millia
2755 4556 3026 4606 sexcentos
3089 4553 3496 4621 quinquaginta
3523 4567 3620 4605 sem
3663 4568 3837 4608 man-

2127 4633 2236 4674 sos.
2299 4620 2555 4673 Diximus
2611 4637 2784 4692 supra
2843 4622 2913 4675 ad
2982 4620 3238 4675 chartam
3296 4622 3681 4691 Megingaudi,
3758 4625 3841 4680 de

2127 4706 2278 4743 anno
2307 4693 2431 4752 929,
2485 4697 2600 4745 not.
2653 4693 2704 4759 b,
2760 4709 2823 4746 ex
2873 4692 3117 4748 Caesario
3163 4693 3502 4756 Prumiensi,
3555 4709 3839 4751 mansum

2124 4760 2494 4834 ingenualem
2525 4779 2644 4815 esse
2684 4779 2778 4816 CLX
2819 4764 3119 4834 jugerum.
3160 4764 3384 4817 Mansus
3427 4763 3633 4818 deinde
3666 4764 3840 4820 inve-

2124 4830 2284 4884 nitur
2349 4833 2496 4902 apud
2554 4830 2837 4887 eumdem'
2870 4830 3177 4888 Caesarium
3226 4835 3444 4887 habens
3494 4835 3839 4892 bunnuaria

2122 4917 2214 4965 xu,
2258 4903 2504 4955 bonniers
2559 4904 2756 4957 dicunt
2793 4903 2953 4959 Galli.
2990 4906 3056 4957 In
3103 4922 3170 4958 eo
3198 4904 3579 4958 communiter
3608 4921 3833 4961 conve-

2121 4972 2289 5044 niunt
2322 4989 2538 5036 omnes,
2573 4990 2774 5027 manso
2823 4982 3047 5029 tantum
3083 4975 3269 5028 inesse
3305 4980 3494 5043 terrae,
3534 4982 3828 5044 quantum

2111 5040 2254 5111 jugo
2283 5059 2394 5116 uno
2419 5043 2591 5116 boum
2612 5061 2816 5116 annuo
2848 5046 3030 5114 spatio
3070 5047 3250 5114 possit
3297 5040 3487 5113 verti,’
3520 5040 3837 5116 quantum-

2117 5127 2228 5181 que
2283 5114 2384 5166 uni
2441 5114 2675 5168 familiae
2724 5116 2950 5169 rusticae
2988 5117 3208 5170 alenda:
3257 5117 3391 5169 satis
3444 5114 3553 5169 sit:
3608 5118 3835 5172 Volunt.

2115 5188 2305 5236 autem
2334 5185 2415 5265 rei
2445 5186 2726 5264 georgica:
2775 5187 2966 5265 periti,
3009 5187 3430 5265 jugum_unum
3453 5187 3629 5240 boum
3652 5189 3824 5265 sufﬁ-

2112 5268 2239 5305 cere
2279 5255 2587 5328 quotannis
2609 5255 2913 5328 sexagintar
2947 5255 3196 5327 quatuor
3217 5257 3518 5328 jugeribus
3549 5260 3826 5327 arandis;

2112 5340 2283 5393 quam
2325 5326 2601 5399 rationem
2636 5327 2788 5399 siin
2835 5326 2999 5399 mille
3045 5326 3340 5382 sexcentos
3391 5326 3828 5399 quinquaginta

2109 5410 2201 5468 sex
2243 5412 2503 5468 mansos,
2557 5396 2974 5468 Maximinianis
3025 5399 3342 5468 ademptos,
3400 5396 3816 5467 subducamus,

2101 5465 2308 5535 jugera
2360 5466 2699 5540 quadragies
2754 5469 2929 5540 octies
2981 5468 3138 5540 mille
3170 5465 3466 5539 nongenta
3516 5465 3820 5540 octoginta

2105 5543 2354 5611 quatuor
2387 5537 2688 5608 efﬁcimus,
2738 5539 2823 5594 vix
2872 5539 3206 5596 credibilem
3256 5537 3547 5595 terrarum
3581 5537 3818 5611 quanti-

2103 5610 2298 5661 tatem.
