3944 6306
118 373 223 424 369

1388 370 1787 429 DlPLOMATA
1827 376 2377 433 ECCLESIASTICA.

3534 387 3635 438 370

121 488 551 559 quinquaginta
585 503 681 540 sex
706 501 953 552 mansos,
992 488 1055 539 ut
1081 485 1231 540 veris
1260 488 1585 556 computari
1616 491 1825 561 potuit,
1855 497 1900 549 A
1940 496 2143 563 sheim,
2192 497 2585 566 Weldiustein,
2671 499 2947 567 Albucha,
2999 462 3446 572 Gosolvesheim,
3500 505 3630 558 Bin-

115 594 147 629 a
181 577 428 646 praefato
454 575 656 630 abbate
688 574 748 627 in
772 574 1115 627 beneficium
1137 575 1479 645 accepimus,
1504 581 1558 630 et
1575 578 1664 631 his
1692 580 1825 634 ﬁde-

114 668 271 720 libus
300 666 533 731 nostris,
584 664 785 718 Ezzoni
814 663 1080 717 videlicet
1132 663 1391 717 Palatino
1422 666 1617 720 comiti
1647 668 1819 738 (182),

113 759 170 807 et
194 753 463 808 Heinrico
486 752 615 806 duci
644 752 809 821 (183),
830 767 933 804 nec
954 766 1070 803 non
1089 751 1325 804 Otthoni
1349 752 1541 807 comiti
1562 755 1732 824 (184),
1756 772 1822 810 ea

112 840 450 895 conditione
478 840 906 905 beneﬁciamus,
937 844 1021 905 ut,
1057 839 1191 909 quia
1212 841 1483 909 praelatus
1508 842 1681 895 abbas
1705 844 1818 913 jam

114 929 279 983 senio
311 930 605 983 confectus
636 929 930 981 commode
959 927 1124 980 nobis
1155 928 1311 981 domi
1344 930 1680 1001 militiaeque
1710 948 1821 984 ser-

112 1018 236 1071 vire
270 1034 386 1071 non
419 1022 661 1087 poterat,
697 1017 837 1087 ipse,
870 1020 925 1070 et
950 1017 1229 1082 baeredes,
1254 1018 1355 1088 qui
1384 1018 1505 1071 haec
1544 1018 1820 1073 beneﬁcia

112 1107 355 1172 habent,
416 1122 521 1177 pro
577 1106 779 1159 eodem
839 1105 1042 1159 abbate
1106 1105 1339 1176 suisque
1400 1107 1817 1160 successoribus

111 1195 336 1248 curiam
397 1195 649 1264 regalem
709 1198 911 1263 petant
970 1198 1027 1247 et
1088 1194 1147 1247 in
1193 1194 1618 1264 expeditionem
1663 1201 1812 1263 eant,

109 1283 286 1336 abbas
342 1299 477 1335 vero
522 1283 727 1353 suique
772 1298 1127 1335 successores
1185 1299 1218 1335 a
1274 1284 1432 1335 curia
1473 1284 1629 1352 regia
1661 1289 1715 1337 et
1745 1285 1815 1339 ab

110 1372 272 1425 omni
305 1371 670 1441 expeditione
716 1370 953 1424 omnino
994 1370 1109 1423 sint
1139 1369 1303 1423 liberi
1350 1370 1460 1423 nisi
1490 1370 1550 1424 in
1582 1372 1814 1438 Mogon-

110 1460 426 1526 tinensem,
461 1459 579 1511 sive
638 1459 965 1520 Metensem,
1004 1464 1103 1511 aut
1162 1458 1561 1512 Coloniensem
1610 1460 1813 1513 civita-

110 1553 228 1600 tem
263 1547 335 1600 ad
365 1546 631 1617 generale
664 1546 971 1600 concilium
998 1546 1115 1599 sive
1172 1546 1547 1617 colloquium,
1620 1548 1812 1618 aliqua

110 1637 453 1689 necessitate
509 1639 763 1704 cogente,
832 1634 1048 1688 fuerint
1086 1634 1330 1688 invitati.
1371 1637 1433 1688 Et
1463 1651 1534 1688 ne
1602 1636 1811 1688 animas

108 1729 328 1779 nostra;
360 1724 770 1777 detrimentum
796 1723 932 1777 inde
954 1723 1260 1792 patiamur,
1295 1724 1341 1776 si
1368 1740 1434 1777 ea
1465 1740 1593 1793 quae
1611 1740 1643 1777 a
1673 1723 1808 1777 ﬁde-

114 1813 268 1866 libus
302 1813 509 1867 Christi
549 1812 736 1865 eidem
792 1811 1175 1865 sacratissimo
1231 1813 1354 1864 loco
1411 1813 1617 1866 tradita
1675 1818 1809 1866 sunt

108 1908 211 1955 aut
242 1903 469 1967 collata,
502 1917 606 1954 nos
634 1900 845 1969 injuste
885 1900 1109 1953 auferre
1138 1899 1456 1967 videamur,
1513 1900 1807 1954 servitium

108 1993 261 2061 (185)
305 1990 456 2061 quod
488 1989 653 2043 nobis
684 1993 739 2043 et
779 1989 1121 2059 quibusdam
1151 1989 1665 2058 praedecessoribus
1696 2006 1807 2043 no-

106 2081 241 2133 stris
271 2079 333 2133 in
362 2080 611 2133 secundo
636 2092 858 2148 semper
884 2094 1032 2131 anno
1082 2078 1151 2131 de
1182 2078 1377 2130 eadem
1437 2077 1668 2132 ahbatia
1695 2083 1806 2131 tra-

106 2170 301 2223 ditum
324 2173 429 2234 est,
456 2184 561 2238 pro
602 2167 807 2220 timore
836 2167 933 2220 Dei
964 2171 1020 2220 et
1069 2167 1438 2219 veneratione
1483 2167 1536 2221 S.
1571 2169 1806 2222 Joannis

107 2275 171 2312 ac
202 2258 259 2312 S.
297 2256 605 2321 Maximini,
634 2259 691 2309 et
719 2256 793 2309 ob
838 2254 1224 2309 interventum
1256 2254 1522 2308 Aribonis
1566 2256 1808 2326 Mogun-

110 2346 381 2401 tiacensis
448 2361 510 2398 ac
576 2342 839 2414 Piligrini
926 2342 1302 2410 Coloniensis,
1382 2348 1437 2396 et
1521 2345 1808 2413 Popponis

114 2434 469 2489 Trevirensis
541 2431 953 2486 venerabilium
1006 2430 1590 2501 archiepiSCOporum,
1646 2432 1807 2485 alio-

111 2539 365 2595 rumque
395 2522 652 2577 ﬁdelium
706 2526 1056 2581 nostrorum,
1108 2521 1222 2573 Deo
1274 2525 1580 2590 sanctoque
1634 2522 1805 2574 Joan-

109 2613 192 2678 ni,
255 2616 314 2664 et
395 2610 559 2664 beato
616 2608 920 2663 Maximino
981 2608 1311 2678 cunctisque
1360 2624 1462 2679 per
1518 2625 1613 2661 eos
1662 2610 1807 2663 inibi

108 2698 417 2754 abbatibus
471 2698 533 2750 in
574 2701 921 2766 perpetuum
974 2696 1332 2765 indulgendo
1385 2695 1712 2765 ignovimus
1753 2702 1809 2751 et

110 2785 463 2860 ignoscendo
542 2785 908 2838 indulsimus.
982 2785 1047 2837 Et
1103 2800 1174 2836 ne
1236 2783 1365 2854 quis
1412 2798 1806 2838 successorum

110 2882 443 2931 nostrorum
477 2889 676 2943 regum
707 2873 795 2925 vel
844 2873 1259 2942 imperatorum
1299 2872 1451 2925 idem
1509 2872 1808 2926 servitium

109 2967 171 3020 in
222 2963 541 3034 periculum
591 2961 797 3014 animae
845 2967 1055 3014 nostra:
1116 2977 1179 3013 ac
1218 2977 1337 3013 sua).
1385 2960 1519 3014 inde
1570 2960 1808 3014 ulterius

109 3054 319 3123 exigat,
350 3051 461 3104 nisi
499 3051 695 3103 eadem
744 3049 914 3115 bona,
972 3064 1101 3119 quae
1132 3064 1237 3101 nos
1267 3064 1384 3101 non
1442 3053 1558 3101 tam
1606 3048 1665 3100 in
1720 3063 1815 3103 no-

111 3147 295 3195 strum
336 3155 504 3211 quam
557 3138 615 3191 in
663 3155 859 3191 eorum
892 3137 1206 3202 servitium,
1249 3136 1381 3189 inde
1413 3136 1802 3203 distraximus,

111 3246 179 3284 ex
213 3230 440 3298 integro
465 3227 666 3281 reddat
697 3232 795 3279 aut
823 3226 1107 3293 restituat,
1131 3230 1327 3278 nostra
1392 3225 1662 3294 inperiali
1700 3241 1803 3277 au-

112 3318 379 3372 ctoritate
424 3315 816 3368 constituendo
875 3313 1264 3384 praecipimus,
1320 3318 1375 3367 et
1419 3312 1805 3382 praecipiendo

109 3404 541 3459 confirmamus.
601 3403 873 3456 Jubemus
948 3402 1124 3455 etiam
1189 3407 1359 3472 atque
1413 3401 1807 3455 interdicimus

109 3493 353 3564 praefato
405 3492 596 3545 abbati
629 3490 860 3561 suisque
892 3490 1311 3544 successoribus
1340 3490 1399 3543 in
1440 3496 1805 3560 perpetuum,

111 3598 185 3637 ne
219 3582 289 3635 de
320 3580 555 3650 reliquis
589 3580 865 3645 curtibus,
899 3579 1150 3633 ecclesiis
1200 3596 1265 3632 ac
1328 3579 1806 3648 possessionibus,

114 3687 245 3741 qua:
299 3668 369 3722 ad
416 3669 763 3738 peculiarem
813 3668 1181 3739 praebendam
1252 3667 1494 3721 fratrum
1562 3668 1677 3720 Deo
1729 3667 1809 3721 ibi

116 3756 523 3812 famulantium
592 3774 624 3809 a
691 3756 902 3810 nostris
974 3755 1494 3826 prmdecessoribus
1578 3755 1810 3825 regibus

115 3854 168 3901 et
238 3845 703 3915 imperatoribus,
806 3844 1126 3915 Dagoberto
1217 3843 1501 3909 videlicet,
1536 3843 1806 3914 Pippino,

116 3936 344 4000 Carolo,
440 3934 745 4000 Ludovico,
804 3933 1084 4000 Arnolfo;
1133 3932 1270 3985 item
1351 3933 1581 3997 Karolo,
1639 3932 1811 3985 Zien-

113 4023 359 4088 tiboldo,
414 4038 519 4075 nec
590 4038 707 4075 non
757 4038 789 4075 a
845 4022 1028 4075 tribus
1099 4021 1424 4085 Ottonibus,
1504 4021 1563 4073 in
1616 4025 1813 4074 nostra

120 4127 303 4181 usque
336 4115 617 4179 tempora,
678 4114 732 4163 et
762 4126 866 4180 per
894 4127 999 4163 nos
1048 4110 1220 4163 etiam
1268 4110 1529 4179 delegata
1576 4114 1710 4161 sunt
1758 4114 1815 4161 et

119 4215 390 4255 concessa
422 4199 592 4252 alicui
621 4198 690 4252 de
721 4198 1054 4267 majoribus,
1090 4199 1204 4251 sive
1234 4198 1429 4252 liberis
1461 4197 1809 4263 hominibus,

124 4294 222 4343 aut
261 4288 497 4340 alterius
530 4287 786 4340 Ecclesiae
818 4286 905 4339 vel
938 4286 1138 4340 aliena:
1180 4285 1413 4339 familia:
1462 4284 1814 4355 quibuslibet

1932 584 2379 654 gin,Holzhusa,
2440 588 2645 657 Apula,
2707 588 2985 654 Alsontia,
3054 590 3477 661 Sceringesfelt,
3520 595 3631 646 Ha-

1930 672 2276 741 kinesbeim,
2340 676 2704 742 Bukiuheim,
2752 677 3026 737 Siemera,
3078 680 3435 744 Mannendal,
3494 682 3629 735 Kar-

1930 761 2107 828 heim,
2146 763 2637 829 Folemaresbach,
2690 766 3179 833 Proverstervoth,
3230 768 3465 833 Gracha,
3522 769 3626 821 De-

1931 848 2097 916 cima,
2140 850 2308 903 Vallis
2360 867 2487 903 cum
2541 852 2656 905 suis
2714 853 3153 921 pertinentibus,
3224 855 3624 924 Rateresdorff,

1931 938 2280 1005 Bikeudorff,
2346 939 2667 1003 Meisbrath,
2735 942 2950 1007 Ebeno,
3010 943 3429 1008 Arnolfesbere,
3492 943 3623 997 Lie-

1927 1027 2112 1092 znich,
2171 1026 2487 1093 Okisheim,
2576 1029 2921 1094 Rivenacha,
3012 1030 3233 1097 Loavia,
3303 1031 3624 1103 Windingis

1927 1115 2294 1183 Lukesingis;
2337 1115 2481 1168 etin
2540 1132 2689 1186 pago
2742 1118 3099 1187 Sallingowe,
3155 1119 3389 1185 Dinche,
3458 1120 3620 1174 Juol-

1924 1202 2079 1268 kurt,
2143 1203 2426 1273 Bisangis;
2488 1210 2545 1258 et
2602 1205 2660 1258 in
2720 1206 2943 1259 civitate
3007 1208 3237 1259 Meteusi
3286 1212 3341 1260 et
3405 1208 3619 1261 circum

1922 1290 2092 1357 circa,
2149 1291 2369 1352 domos,
2424 1292 2637 1358 vineas,
2669 1309 2833 1361 agros
2903 1299 2960 1346 et
3015 1295 3264 1359 areolas;
3321 1299 3377 1347 et
3426 1294 3484 1347 in
3531 1295 3619 1348 his

1921 1376 2077 1441 locis,
2163 1377 2567 1438 Diedeuhowu,
2622 1380 2846 1445 Wilare,
2922 1381 3169 1443 Besiaco,
3233 1382 3617 1435 Luzelenkiri-

1921 1465 2043 1529 cha,
2113 1466 2359 1540 Tavena,
2408 1467 2798 1537 Druhdilingis
2840 1472 2897 1521 et
2953 1469 3363 1539 Murmiringa;
3414 1471 3611 1524 Merol-

1921 1553 2134 1618 divilla,
2192 1554 2713 1621 Wimareskiricha,
2801 1556 3011 1622 Straza,
3074 1558 3283 1624 Curfta,
3339 1558 3613 1627 Seranna,

1919 1641 2243 1708 Markidith,
2278 1642 2535 1709 Krische,
2597 1643 2819 1707 Billich,
2887 1644 3315 1715 Curmiringun,
3349 1648 3614 1700 Brunna-

1921 1730 2044 1796 cha,
2081 1729 2437 1795 Hauiwileri;
2497 1730 2735 1799 insuper
2788 1731 2960 1784 etiam
3019 1732 3079 1784 in
3126 1749 3274 1802 pago
3335 1736 3615 1789 Drachere

1919 1818 2063 1889 (f86)
2096 1818 2253 1871 locus
2292 1818 2391 1889 qui
2423 1824 2656 1872 vocatur
2686 1820 3215 1885 Gunthereshusun,
3262 1838 3364 1875 nec
3405 1839 3521 1875 non
3554 1824 3613 1876 in

1914 1923 2064 1977 pago
2095 1906 2353 1960 Einriche
2388 1908 2543 1959 locus
2567 1908 2733 1974 alius,
2794 1908 3070 1962 vocabulo
3135 1909 3421 1975 Prichina,
3480 1926 3610 1963 cum

1916 1994 2183 2048 omnibus
2206 1994 2272 2047 ad
2290 1994 2511 2063 sejuste
2530 2000 2587 2048 et
2615 1995 2879 2064 legaliter
2905 1995 3325 2065 pertinentibus
3350 1998 3436 2050 vel
3470 1996 3613 2067 aspi-

1916 2082 2193 2137 cientibus
2228 2082 2412 2135 rebus.
2445 2084 2552 2136 Has
2582 2082 2722 2136 duas
2752 2087 2937 2135 curtes
2995 2098 3068 2135 an
3117 2082 3371 2151 saginem
3432 2085 3607 2151 (187),

1916 2176 1973 2225 et
2019 2171 2089 2224 ad
2135 2170 2451 2236 t'emoralia,
2514 2172 2789 2223 mantelas
2820 2171 3012 2235 etiam,
3064 2175 3119 2223 et
3166 2172 3443 2224 mensalia
3492 2173 3609 2225 fra-

1914 2263 2090 2324 trum,
2120 2274 2223 2310 nec
2269 2258 2488 2311 nonad
2538 2258 2905 2312 infirmorum
2955 2276 3149 2312 curam
3196 2265 3252 2313 et
3309 2259 3607 2325 debilium,

1915 2352 1973 2400 et
2011 2347 2081 2400 ad
2108 2346 2529 2416 susceptionem
2572 2347 2887 2417 hospitum,
2952 2364 3053 2401 nec
3098 2364 3212 2400 non
3261 2349 3330 2401 ad
3381 2364 3606 2401 recrea-

1913 2435 2132 2488 tionem
2182 2451 2502 2505 pauperum
2544 2440 2598 2488 et
2643 2437 3106 2505 peregrinorum,
3158 2436 3302 2489 sicut
3355 2440 3606 2489 anteces-

1915 2539 2070 2575 sores
2104 2524 2287 2575 nostri
2318 2524 2758 2591 constituerunt,
2779 2524 2857 2576 ita
2905 2529 2961 2576 et
2999 2540 3101 2577 nos
3131 2524 3456 2593 specialiter
3475 2540 3608 2576 con-

1914 2611 2204 2664 stituimus
2239 2615 2407 2680 atque
2458 2611 2894 2676 conﬁrmamus;
2937 2616 2993 2664 et
3021 2616 3083 2664 ut
3126 2628 3189 2664 ex
3247 2611 3333 2664 his
3370 2612 3509 2664 locis
3554 2616 3610 2664 et

1916 2698 2163 2753 ecclesiis
2214 2700 2404 2751 nullus
2453 2699 2643 2763 abbas,
2705 2698 2863 2751 nulla
2902 2698 3012 2751 alia
3062 2716 3325 2768 persona,
3400 2714 3609 2768 magna

1914 2788 2030 2840 sive
2061 2803 2253 2856 parva,
2288 2787 2456 2839 alicui
2488 2787 2683 2847 libero,
2726 2792 2783 2839 et
2830 2788 3015 2839 alieno
3056 2787 3300 2853 homini,
3351 2793 3413 2839 ut
3441 2792 3611 2840 antea

1914 2876 2182 2942 diximus,
2241 2874 2458 2944 aliquid
2499 2875 2862 2939 beneﬁciare,
2915 2876 3004 2928 vel
3057 2892 3089 2928 a
3147 2876 3453 2944 praebenda
3501 2876 3610 2928 fra-

1915 2969 2068 3017 trum
2091 2979 2323 3033 quoquo
2351 2963 2521 3015 modo
2553 2962 2881 3016 abalienare
2919 2968 3248 3031 prmsumat,
3280 2962 3608 3017 ﬁrmissime

1844 3063 1885 3117 (ς,
1920 3050 2330 3123 praecepimus;
2374 3051 2471 3103 sed
2524 3051 2689 3104 liceat
2718 3052 2849 3104 inde
2878 3051 3070 3105 abbati
3104 3051 3334 3121 suisque
3385 3067 3610 3105 succes-

1918 3142 2142 3195 soribus
2171 3140 2479 3195 luminaria
2503 3139 2752 3193 ecclesiae
2782 3145 3121 3204 restaurare,
3174 3139 3416 3193 zediticia
3444 3155 3609 3193 recu-

1916 3246 2140 3301 perare,
2202 3234 2276 3294 et,
2338 3245 2466 3299 qua)
2516 3230 2832 3281 necessaria
2887 3229 3287 3281 tantummodo
3340 3227 3609 3281 fratribus

1919 3324 2073 3383 sunt,
2131 3333 2460 3387 procurare.
2515 3317 2591 3369 De
2649 3315 2899 3369 ecclesiis
2945 3332 3075 3368 vero
3131 3321 3187 3368 et
3240 3315 3308 3368 de
3342 3315 3609 3369 omnibus

1918 3424 2022 3479 per
2077 3412 2257 3459 totam
2318 3404 2603 3458 abbatiam
2662 3404 2846 3457 salicis
2902 3404 3401 3469 decimationibus,
3464 3404 3610 3457 nulli

1920 3495 2157 3549 omnino
2216 3493 2556 3546 beneﬁcium
2606 3492 2836 3561 aliquod
2922 3491 3155 3545 concedi
3199 3491 3606 3561 permittimus,

1920 3584 2014 3637 sed
2066 3582 2125 3635 in
2155 3598 2295 3635 usus
2325 3581 2639 3650 hospitum,
2672 3596 3015 3650 pauperum,
3072 3586 3127 3633 et
3171 3579 3608 3649 peregrinorum

1920 3668 2769 3742 perpetualiterfconstituimus
2826 3674 2997 3738 atque
3047 3668 3350 3721 sancimus.
3386 3667 3611 3721 Consti-

1920 3761 2135 3815 tuimus
2162 3764 2441 3827 praeterea
2462 3758 2588 3826 hoc,
2611 3764 2667 3812 et
2697 3759 2802 3811 hac
2832 3762 3027 3810 nostra
3082 3756 3369 3826 imperiali
3417 3761 3612 3809 aucto-

1921 3848 2087 3902 ritate
2119 3847 2435 3910 ﬁrmamus,
2469 3851 2549 3912 ut,
2583 3846 2630 3898 si
2662 3846 2790 3917 quis
2847 3847 3082 3899 fortasse
3110 3846 3343 3899 illorum
3384 3849 3482 3898 aut
3511 3844 3615 3898 ﬁlii

1921 3937 2169 3991 ﬁliorum
2238 3951 2497 4000 suorum,
2548 3935 2757 4003 quibus
2806 3934 2957 3987 bona
3014 3939 3070 3985 et
3121 3933 3506 4003 possessiones
3556 3932 3611 3986 S.

1925 4024 2215 4080 Maximini
2247 4023 2732 4087 beneficiavimus,
2768 4023 2889 4075 sine
2919 4021 3143 4074 haerede
3192 4020 3366 4073 fuerit
3422 4019 3619 4072 defun-

1923 4119 2068 4180 ctus;
2100 4112 2465 4177 beneﬁcium,
2492 4113 2577 4164 vel
2610 4110 2889 4180 quidquid
2918 4110 2987 4162 ab
3021 4109 3223 4162 eodem
3246 4108 3368 4161 loco
3408 4107 3618 4160 habere

1922 4201 2074 4254 visus
2098 4205 2202 4264 est,
2231 4200 2333 4253 sub
2362 4201 2454 4268 jus
2496 4204 2551 4252 et
2581 4197 2905 4251 dominium
2946 4196 3315 4265 prmfatorum
3395 4199 3617 4247 sancto-

1923 4306 2054 4342 rum
2081 4293 2135 4340 et
2166 4288 2384 4340 abbatis
2424 4304 2486 4340 ac
2515 4287 2755 4339 fratrum
2816 4285 2996 4353 ipsius
3036 4283 3370 4337 monasterii
3425 4283 3621 4336 redeat

126 4375 516 4439 servituribus,
598 4375 835 4445 quidam
909 4374 1273 4440 beneﬁciare,
1349 4374 1437 4427 vel
1489 4373 1559 4426 ab
1617 4388 1819 4426 eorum
1859 4360 1985 4431 Det
2031 4381 2300 4439 transeat,
2359 4380 2415 4427 et
2467 4375 2536 4427 ad
2577 4373 3037 4443 ampliﬁcandam
3096 4370 3618 4441 congregationem,

121 4466 253 4535 jure
285 4478 519 4533 quoquo
540 4462 732 4515 'modo
782 4462 1030 4516 alienare
1059 4466 1414 4533 praesumant
1445 4478 1459 4515 :
1490 4461 1597 4515 hoc
1644 4466 1729 4514 est
1758 4460 1819 4513 in

130 4553 216 4607 his
240 4551 399 4616 locis,
429 4551 759 4617 Suabheim,
782 4550 1190 4616 Hesinesheim,
1252 4550 1620 4615 Brizinheim,
1651 4550 1818 4602 Ever-

200 4655 347 4728 (182)
382 4658 583 4728 Ezzoni
652 4656 899 4728 videlicet
940 4657 1213 4713 Palatimo
1266 4658 1490 4728 comiti,
1523 4657 1821 4728 _Ezzonem

132 4725 233 4783 seu
259 4725 640 4791 Erenfridum,
673 4727 1024 4780 conditorem
1065 4732 1267 4796 postea
1314 4726 1557 4780 coenobii
1615 4725 1822 4779 Browi-

132 4796 390 4862 lerensis,
452 4798 762 4850 Hermanni
813 4798 1037 4850 comitis
1066 4796 1310 4851 Palatini
1363 4797 1545 4851 tilium
1592 4799 1827 4850 censent

134 4887 197 4924 ex
228 4868 514 4922 Mathilde.
549 4870 704 4934 Conf.
744 4868 959 4931 Tolner,
985 4867 1077 4923 cit.
1111 4884 1245 4937 pag.
1278 4870 1368 4929 22,
1404 4871 1521 4920 not.
1561 4882 1607 4920 ο.

205 4939 347 5009 (183)
388 4939 614 4992 Henrico
663 4938 814 4993 duci.
860 4938 1051 4992 Fuisse
1090 4936 1244 4991 hunc
1303 4939 1569 4991 Boiorum
1602 4936 1828 5009 Aducem

136 5007 433 5089 §igifridi”
457 5024 601 5061 com.
667 5010 732 5089 In
772 5009 1284 5089 Lucemburgensis
1360 5025 1429 5062 ex
1480 5007 1828 5089 ‘Hadevviche

138 5078 345 5143 ﬁlium,
392 5079 765 5147 Kunegundis
821 5078 1389 5149 Augustaz’fratrem,
1440 5082 1497 5133 et
1550 5078 1832 5132 Maximia-

139 5166 344 5205 norum
359 5151 690 5203 advocatum
716 5150 851 5202 satis
880 5156 1119 5203 constat.

211 5222 359 5290 (184)
394 5221 594 5290 Θειοπὶ
623 5222 827 5273 comiti.
864 5222 979 5275 Hoc
1027 5220 1258 5273 nomine
1291 5220 1567 5273 Tolnerus
1635 5218 1683 5290 Ι.Δ
1733 5218 1827 5290 cit.

145 5297 264 5345 not.
304 5288 343 5343 ε“
362 5289 629 5358 intelligit
662 5290 860 5344 Ezonis
916 5291 969 5344 S.
1026 5290 1311 5345 Erenfridi
1357 5290 1538 5344 Rheni
1596 5288 1835 5357 palatini

143 5362 344 5440 filium,
368 5360 681 5440 patrisque
700 5377 860 5440 anno
896 5363 1030 5440 10353
1062 5362 1121 5414 in
1164 5361 1487 5440 Palatinam
1545 5374 1832 5440 successi):

145 5448 285 5486 rem.
318 5429 425 5486 Alii
452 5431 673 5484 malunt
693 5432 962 5485 Ottonem
996 5433 1147 5485 hunc
1197 5448 1339 5499 esse,
1372 5429 1833 5485 Hammersteinii

146 5504 460 5557 Trevericas
519 5502 663 5554 arcis
720 5502 919 5556 Rheno
1002 5502 1288 5572 imposita:
1361 5502 1677 5572 dynastam,
1723 5500 1834 5572 qui

144 5573 296 5628 haud
341 5572 518 5626 multo
544 5578 674 5625 ante
697 5588 848 5626 nunc
874 5570 1113 5639 annum,
1139 5572 1510 5641 Irmingardae
1540 5570 1834 5639 cujusdam

143 5643 472 5698 concubinae
506 5643 799 5697 amoribus
827 5645 1098 5714 flagrans,
1146 5659 1277 5697 cum
1313 5643 1373 5695 in
1406 5641 1831 5711 Moguntiacen—

1930 4480 2033 4518 nec
2053 4479 2165 4516 non
2198 4463 2265 4517 ad
2300 4463 2487 4532 regale
2543 4461 2859 4525 servitium,
2919 4464 3197 4530 quantum
3257 4459 3431 4512 abbas
3486 4457 3620 4511 inde

1931 4554 2051 4606 sine
2091 4551 2434 4605 detrimento
2469 4550 2711 4603 aliarum
2748 4564 2941 4601 rerum
2974 4548 3226 4601 ecclesia:
3258 4548 3403 4601 bene
3450 4546 3623 4616 perﬁ-

1934 4673 2051 4711 sem
2086 4655 2577 4725 archiepiscopum
2597 4653 3080 4725 Erckenboldum,
3099 4652 3303 4705 vetitos
3331 4652 3626 4725 amplexus

1935 4727 2139 4781 acriter
2181 4721 2574 4794 castigantem,
2620 4740 2777 4776 arma
2836 4722 3167 4794 intulisset,
3202 4728 3354 4775 metu
3392 4721 3625 4794 deinde

1936 4795 2160 4852 Henrici
2192 4791 2375 4865 ,impﬁ,
2424 4800 2480 4847 et
2529 4794 2783 4847 reventia
2837 4792 3104 4865 Ariboniﬁs
3153 4791 3627 4865 Moguntiacensis

1936 4860 2370 4936 archiepiscopi
2408 4866 2560 4918 diras
2617 4863 3003 4936 imprecantis,
3057 4863 3355 4936 fraudibus
3389 4860 3627 4936 illicitis

1938 4933 2191 5007 abjecti‘s,
2263 4933 2452 4990 furere
2528 4935 2711 4989 desiit.
2747 4934 2872 4986 Vid.
2924 4933 3159 4987 Joannis
3197 4935 3320 4987 Rer.
3380 4934 3623 4997 Mogunt.

1937 5014 2077 5063 tom.
2100 5008 2292 5077 l,pag.
2327 5008 2449 5059 461.

2010 5070 2179 5147 (185)
2210 5070 2521 5133 δὲτσυὶεἱυγη.
2557 5077 2721 5129 Certa
2767 5073 3023 5147 pecunias
3065 5073 3373 5147 quantitas.
3424 5070 3629 5125 Confer

1940 5142 2376 5218 tamen'Spener
2402 5150 2517 5201 Jm'.
2552 5147 2706 5199 Publ.
2741 5142 2839 5199 lib.
2862 5162 2928 5218 in,
2952 5142 3252 5218 cap.-X_l,_§
3284 5146 3335 5209 6,
3358 5148 3472 5194 not.
3501 5157 3552 5218 (ξ

2014 5222 2151 5288 (186)
2199 5211 2270 5273 ’1η
2308 5234 2452 5287 pago
2501 5219 2783 5270 Drachere.
2856 5211 3035 5270 Haud
3077 5214 3316 5288 dubium
3371 5218 3456 5266 est
3508 5211 3629 5288 Tri-

1942 5284 2196 5345 choriam
2240 5284 2400 5343 illam
2446 5304 2566 5341 esse
2604 5292 2852 5340 veterem
2909 5300 3109 5355 agrum
3167 5284 3367 5337 Rheno
3406 5287 3631 5336 conter-

1945 5376 2189 5415 mmum.

2016 5431 2161 5501 (187)
2226 5428 2651 5501 ΑάμεαςῖὶγηεεηΪ
2701 5426 2987 5501 saginam,
3060 5423 3341 5501 sagimen,
3418 5427 3636 5501 veteres

1946 5496 2210 5555 dicebant
2233 5499 2607 5562 moderatam,
2640 5496 2932 5555 lautitiam,
2976 5510 3087 5564 qua
3112 5500 3332 5559 ascetze,
3358 5497 3636 5564 perpetuo

1946 5572 2031 5625 rei
2074 5570 2279 5624 divina:
2332 5569 2488 5620 cultu
2583 5567 2797 5620 viribus
2852 5563 3151 5630 attenuati,
3201 5565 3345 5617 fessa
3398 5563 3638 5617 subinde

1951 5656 2192 5709 corpora
2223 5643 2563 5692 recrearent.
