3944 6302
301 314 398 366 371
1601 313 1658 368 S.
1707 313 1991 370 HENRICI
2027 312 2496 370 IMPERATORIS

3700 316 3805 369 372

301 448 429 488 cere
458 432 899 506 possit,‘absque
956 435 1117 490 omni
1145 435 1597 491 contradictione
1627 440 1982 506 permaneat.
2016 438 2064 491 Α
2102 454 2218 506 cus,
2249 436 2444 492 divina
2466 435 2693 491 favente
2743 434 3069 503 clementia,
3106 435 3502 490 Romanorum
3540 434 3808 507 impera-

304 525 548 592 Insuper
588 522 758 576 etiam
811 523 1180 578 concedimus
1247 528 1417 596 atque
1487 524 1870 595 praecepimus
1931 529 1999 580 ut

300 612 455 666 idem
486 611 659 665 abbas
686 611 890 682 suique
946 629 1295 667 successores
1353 616 1700 682 potestatem
1750 612 2000 667 habeant

304 699 622 754 advocatias
655 715 855 753 omnes
885 700 1220 754 monasterii
1255 700 1362 767 sui,
1423 700 1514 754 cui
1546 701 1741 766 velint,
1798 700 1992 769 dandi,

295 787 688 859 justojudicio
721 788 976 843 tollendi.
1049 791 1114 842 Et
1155 793 1217 842 ut
1259 788 1516 842 advocati
1573 788 1726 858 (188)
1771 789 1995 843 nullum

303 879 434 946 post
462 891 520 928 se
549 891 759 946 ponere
794 876 1062 941 audeant,
1113 875 1214 946 qui
1271 880 1502 930 vocetur
1554 877 1994 947 proadvocatus,

302 964 645 1034 nullumque
675 963 948 1034 placitum
978 969 1188 1034 praeter
1217 964 1326 1017 tria
1349 965 1481 1035 jure
1510 965 1703 1020 dedita
1731 965 1792 1018 in
1823 966 1997 1020 abba-

303 1052 385 1106 tia
413 1056 605 1106 tenere
668 1056 1040 1122 praesumant,
1075 1069 1179 1107 nec
1225 1053 1495 1124 cuiquam
1546 1053 1775 1108 illorum
1831 1053 2001 1108 liceat

304 1141 496 1210 aliqua
524 1140 792 1194 violentia
822 1140 1120 1196 hominem
1152 1157 1409 1211 gravare,
1443 1145 1540 1196 aut
1569 1141 1623 1205 vi
1650 1141 1798 1212 (189)
1828 1157 1990 1212 para-

302 1229 538 1283 veredos
592 1245 811 1296 eorum,
872 1234 971 1283 aut
1023 1245 1232 1298 pecora
1270 1230 1492 1297 tollere,
1544 1231 1633 1284 vel
1680 1231 1998 1301 quidquam

305 1332 477 1387 super
537 1316 807 1370 ofﬁciales
854 1322 954 1370 aut
1017 1316 1314 1371 ministros
1397 1317 1514 1371 sive
1578 1317 1998 1372 mansionarios

305 1421 403 1458 seu
431 1405 628 1458 omnia
645 1406 780 1474 jura
806 1405 1026 1459 abbatis
1062 1407 1424 1460 constituere.
1461 1407 1527 1460 Et
1561 1411 1623 1460 ut
1667 1407 1778 1461 hoc
1809 1412 2001 1461 aucto-

305 1493 490 1546 ritatis
515 1499 725 1546 nostrae
775 1498 1128 1564 praeceptum
1159 1493 1294 1548 inde
1343 1493 1730 1564 conscriptum
1761 1494 1997 1548 ﬁrmum

309 1585 365 1634 et
393 1581 594 1635 stabile
624 1597 852 1652 semper
879 1587 1232 1652 permaneat,
1274 1598 1390 1636 non
1439 1583 1624 1636 solum
1655 1583 1766 1637 hoc
1822 1599 1998 1638 manu

309 1670 544 1739 propria
573 1668 951 1737 ﬁrmavimus,
983 1662 1038 1724 et
1063 1671 1234 1741 sigilli
1265 1671 1442 1725 nostri
1480 1671 1854 1742 impressione
1906 1672 1998 1725 in-

310 1758 830 1828 signirijussimus,
889 1775 1087 1813 verum
1131 1760 1322 1824 etiam,
1381 1765 1442 1814 ut
1496 1759 1738 1815 ﬁrmiori
1807 1765 1998 1815 aucto-

309 1847 478 1900 ritate
509 1848 767 1916 polleret,
803 1847 1114 1900 beatissimi
1149 1847 1329 1902 Patris
1359 1849 1542 1903 nostri
1601 1849 1802 1904 domni
1841 1849 1998 1904 vide-

309 1935 438 1988 licet
469 1934 776 2001 Benedicti,
809 1935 958 1989 sedis
989 1936 1317 2006 apostolicaa
1344 1937 1606 2007 praesulis
1635 1937 2000 2008 privilegium

307 2022 439 2076 inde
464 2023 872 2093 conscriptum,
905 2027 962 2076 et
989 2025 1300 2094 apostolica
1363 2027 1705 2080 auctoritate
1761 2027 1998 2080 robora-

309 2115 451 2174 tum,
481 2112 719 2182 praefato
773 2112 1028 2166 caanobio
1075 2113 1336 2167 obtinere
1384 2114 1750 2169 meruimus:
1804 2119 1885 2182 ut,
1930 2115 1998 2181 si,

311 2199 463 2269 quod
509 2198 678 2253 absit!
722 2200 928 2272 aliquis
985 2217 1374 2255 successorum
1427 2207 1760 2257 nostrorum
1797 2219 2001 2274 regum

309 2286 399 2340 vel
425 2287 858 2358 imperatorum,
890 2288 1173 2343 diabolica
1203 2289 1466 2344 aviditate
1487 2297 1808 2362 corruptus,
1841 2291 2005 2362 quid-

309 2391 485 2446 quam
507 2375 574 2430 de
596 2377 684 2431 his
725 2393 851 2447 quae
879 2377 1102 2447 praefati
1133 2394 1285 2448 saepe
1333 2379 1667 2432 monasterii
1731 2379 2004 2433 fratribus

309 2464 378 2516 ad
409 2465 664 2534 quietem
684 2465 914 2520 illorum
944 2466 1370 2531 constituimus,
1429 2467 1772 2521 imminuere
1813 2471 2001 2522 tenta-

309 2551 473 2616 verit,
519 2552 691 2606 abbas
721 2555 819 2625 qui
849 2559 984 2608 tunc
1023 2554 1104 2608 ibi
1143 2571 1392 2626 praeesse
1421 2555 1728 2622 videbitur,
1780 2573 1844 2611 ac
1894 2557 2004 2610 fra-

310 2644 424 2693 tres
455 2639 633 2694 libere
662 2642 1029 2712 apostolicam
1070 2643 1286 2710 sedem,
1323 2643 1415 2696 cui
1441 2643 1594 2697 idem
1622 2643 1778 2698 locus
1809 2660 2003 2698 sacra-

309 2727 561 2781 tissimus
599 2730 703 2783 sub
733 2729 981 2800 antiquis
1013 2731 1367 2801 temporibus
1421 2731 1779 2786 Constantini
1821 2732 2002 2803 impe-

309 2816 517 2869 ratoris
543 2821 597 2870 et
635 2818 864 2871 Helenae
896 2819 1095 2872 matris
1125 2819 1283 2873 illius
1328 2819 1583 2873 addictus
1622 2836 1744 2873 esse
1793 2821 2005 2891 digno-

309 2904 501 2970 scitur,
531 2905 874 2959 ﬁducialiter
900 2907 1211 2976 appellent,
1247 2911 1304 2960 et
1332 2907 1404 2960 ad
1437 2923 1564 2960 eam
1593 2907 1758 2978 quasi
1798 2907 1903 2961 ﬁlii
1934 2907 2006 2960 ad

2102 529 2193 579 tor
2221 528 2536 594 Augustus.

2176 613 2405 683 Regalis
2439 609 2793 666 excellentia:
2814 615 2869 665 et
2897 610 3210 682 imperialis
3231 611 3602 667 sublimitatis
3631 613 3810 668 bene-

2103 702 2412 756 volentiam
2459 701 2618 756 decet
2693 704 2754 754 ut
2807 700 3070 754 ecclesias
3125 716 3229 771 per
3285 696 3480 755 orbem
3520 705 3806 758 terrarum

2102 792 2277 860 longe
2304 791 2528 860 lateque
2551 789 2653 844 Dei
2681 789 2900 843 honore
2947 792 3299 843 constructas
3353 789 3519 843 donis
3552 791 3811 860 ingenti-

2103 879 2209 934 bus
2266 877 2594 947 ampliﬁcet,
2647 878 2897 932 maxime
2939 877 2990 932 S.
3051 877 3344 932 Benedicti
3399 895 3603 933 norma
3664 879 3810 934 insi-

2104 968 2290 1038 gnitas
2304 982 2408 1037 per
2432 966 2624 1020 omnia
2655 967 2908 1036 adjuvet,
2940 981 3004 1019 ac
3038 965 3234 1036 vigore
3289 967 3498 1037 regalis
3527 968 3810 1038 potentiae

2107 1073 2137 1110 a
2155 1054 2760 1126 pervasoribusimpiis
2782 1055 3096 1108 secundum
3110 1071 3278 1109 suum
3308 1072 3471 1126 posse
3506 1056 3808 1112 defendat.

2105 1149 2161 1198 et
2189 1145 2317 1198 ideo
2349 1143 2491 1196 scire
2529 1143 2659 1197 volo
2681 1147 2796 1196 tam
2825 1149 3140 1214 praesentes
3171 1152 3345 1214 quam
3369 1145 3592 1198 futuros
3622 1146 3812 1200 Eccle-

2105 1232 2203 1286 siae
2249 1231 2446 1285 ﬁdeles
2486 1231 2640 1302 quod
2683 1230 2919 1302 quidam
2948 1231 3292 1286 venerabilis
3357 1233 3812 1304 Mosomagensis

2104 1319 2356 1374 ecclesiae
2384 1320 2578 1389 abbas,
2638 1325 3001 1390 nuncupatus
3035 1322 3201 1386 Boso,
3252 1320 3393 1375 adiit
3437 1321 3808 1392 praesentiam

2104 1413 2312 1464 nostra:
2335 1408 2674 1476 serenitatis,
2722 1409 3023 1464 humiliter
3059 1426 3268 1480 rogans
3324 1415 3379 1464 et
3407 1417 3610 1480 petens
3666 1427 3810 1482 qua-

2104 1503 2273 1552 tenus
2316 1498 2532 1568 praadia
2562 1514 2690 1568 qua!
2722 1497 2780 1552 in
2813 1514 3014 1568 regno,
3075 1498 3176 1552 Dei
3234 1499 3566 1566 clementia,
3599 1505 3811 1553 nostrae

2103 1587 2404 1657 potestatis
2433 1585 2539 1640 sita
2586 1585 2889 1654 habentur,
2921 1589 2980 1640 et
3029 1603 3060 1639 a
3086 1585 3352 1640 ﬁdelibus
3375 1585 3476 1640 Dei
3515 1586 3637 1640 loco
3666 1603 3802 1640 san-

2109 1679 2212 1730 ctae
2237 1674 2424 1729 Maria:
2455 1673 2899 1744 Mosomagensis
2930 1673 3177 1729 ecclesiae
3207 1674 3446 1744 praefato
3503 1673 3660 1728 ﬁdeli
3705 1675 3807 1730 de-

2109 1763 2337 1819 votione
2383 1762 2593 1816 tradita
2651 1767 2985 1830 noscuntur,
3054 1763 3393 1817 auctoritate
3416 1763 3599 1817 nostri
3656 1780 3808 1835 prm-

2108 1853 2256 1924 cepti
2313 1851 2746 1922 prohiberemus
2822 1867 2893 1905 ne
2953 1850 3023 1905 ab
3072 1850 3403 1905 inﬁdelibus
3463 1851 3582 1918 Dei,
3651 1852 3810 1923 quod

2109 1940 2281 1996 absit!
2317 1939 2792 2003 distraherentur,
2821 1938 2910 1992 vel
2941 1939 3152 2008 injuste
3171 1939 3659 2009 opprimerentur.
3693 1941 3813 1993 Nos

2106 2045 2239 2082 vero
2269 2027 2752 2097 praedecessorum
2811 2031 3139 2081 nostrorum
3190 2026 3457 2082 videlicet
3511 2028 3812 2081 Romano-

2109 2133 2239 2170 rum
2295 2115 2710 2186 imperatorum
2751 2116 3144 2185 Augustorum
3202 2130 3424 2169 morem
3477 2120 3808 2185 sequentes,

2110 2205 2232 2275 ejus
2262 2201 2637 2274 petitionibus
2669 2217 2965 2256 assensum
3016 2201 3390 2272 praebuimus,
3425 2205 3482 2256 et
3528 2218 3633 2272 per
3662 2219 3813 2272 prm-

2109 2301 2338 2363 ceptum
2377 2294 2585 2345 nostrae
2626 2290 2980 2344 auctoritatis
3019 2291 3280 2361 quamvis
3335 2290 3691 2361 parvissima
3735 2292 3810 2346 ad

2109 2381 2410 2452 praefatum
2441 2382 2651 2433 sanctae
2679 2378 2867 2433 Mariae
2888 2379 3141 2433 ecclesiae
3172 2379 3364 2453 locum
3409 2379 3514 2433 Dei
3543 2397 3574 2433 a
3613 2379 3813 2434 ﬁdeli-

2108 2469 2215 2523 bus
2237 2468 2297 2521 in
2318 2468 2554 2521 nomine
2583 2467 2814 2521 Domini
2837 2467 2970 2521 data
3019 2468 3450 2535 conlirmamus,
3484 2472 3540 2522 et
3580 2474 3643 2522 ut
3672 2485 3816 2539 per-

2108 2556 2412 2628 petualiter
2440 2555 2634 2627 quiete
2665 2560 2721 2609 et
2747 2555 2962 2626 absque
3015 2556 3133 2610 ulla
3189 2556 3535 2627 repetitione
3566 2557 3812 2612 ecclesia

2112 2653 2321 2703 sanctae
2343 2648 2530 2703 Marias
2562 2652 2783 2701 teneret
2814 2648 3310 2703 corroboravimus
3342 2669 3354 2704 :
3397 2649 3662 2704 videlicet
3691 2654 3813 2704 tres

2112 2737 2372 2793 ecclesias
2403 2736 2461 2789 in
2492 2737 2708 2791 honore
2739 2735 2917 2790 sancti
2948 2735 3222 2807 Dionysii,
3254 2737 3430 2791 sancti
3458 2737 3684 2791 Martini
3752 2743 3812 2792 et

2112 2831 2320 2879 sanctas
2353 2825 2651 2879 Genovefa:
2678 2823 2740 2878 in
2771 2824 3031 2895 ejusdem
3090 2825 3423 2878 monasterii
3471 2825 3608 2880 villa
3637 2826 3804 2889 sitas,

2113 2930 2242 2967 cum
2265 2912 2430 2966 terris
2459 2916 2517 2966 et
2536 2912 2801 2966 omnibus
2840 2913 3188 2983 appendiciis
3218 2912 3355 2978 suis,
3419 2917 3475 2968 et
3525 2915 3806 2968 medieta-

310 2995 554 3047 matl‘em
574 2994 926 3064 confugiant,
955 3000 1017 3048 ut
1049 2996 1118 3048 ab
1147 3011 1234 3060 ea,
1267 2995 1433 3048 Sicuti
1465 2995 1706 3066 dignum
1735 2999 1840 3063 est,
1888 2996 1996 3049 flll-
2033 3003 2074 3058 C
2111 3007 2225 3056 tem
2250 3000 2484 3055 mercati
2516 3001 2775 3070 ejusdem
2821 3000 2950 3067 loci,
2981 3005 3032 3055 et
3065 3001 3387 3056 districtum
3428 3007 3486 3056 et
3541 3002 3805 3057 bannum

311 3080 428 3147 citi,
460 3086 558 3134 aut
588 3097 654 3135 ea
684 3097 812 3152 quin
839 3083 976 3137 inde
1019 3083 1360 3136 abstulimus
1387 3083 1538 3137 bona
1573 3100 1674 3136 sua
1701 3083 1999 3152 recipiant,

313 3173 411 3223 aut
439 3170 594 3240 quod
623 3186 728 3224 nos
753 3187 853 3240 pro
879 3171 1050 3224 tantis
1101 3170 1267 3224 bonis
1315 3175 1372 3224 et
1434 3170 1890 3240 possessionibus
1940 3172 1997 3228 S.

310 3258 545 3311 Joannis
576 3261 631 3311 et
651 3258 703 3312 S.
739 3258 1027 3312 Maximini
1057 3259 1194 3312 inde
1232 3259 1453 3313 abbatis
1485 3259 1552 3312 ad
1607 3259 2002 3330 quietudinem

311 3345 543 3399 illorum
595 3346 983 3400 ordinavimus
1032 3351 1204 3416 atque
1256 3346 1631 3414 ﬁrmavimus,
1689 3348 2005 3419 apostolica

315 3433 647 3489 auctoritate
677 3434 950 3500 roborati,
978 3434 1238 3489 obtinere
1270 3436 1636 3506 praevaleant.

381 3523 611 3590 Signum
687 3523 871 3576 damni
939 3525 1183 3578 Heinrici
1244 3525 1604 3578 Romanorum
1660 3525 2006 3579 invictissimi

311 3612 658 3679 imperatoris
687 3613 948 3678 Augusti.

383 3699 730 3754 Guntherius
777 3699 1148 3754 cancellarius
1199 3699 1317 3754 vice
1354 3698 1619 3754 Aribonis
1651 3699 2005 3771 archicapel-

313 3787 430 3840 lani
462 3786 792 3854 recognovi.

383 3875 525 3928 Data
555 3891 634 3928 1v.
666 3875 747 3928 Id.
782 3874 1068 3940 Decemb.,
1102 3874 1419 3930 indictione
1477 3893 1553 3943 vI,
1619 3893 1770 3932 anno
1809 3876 2002 3932 Domi-

312 3960 458 4015 nicas
535 3961 946 4015 incarnationis
1017 3964 1151 4016 1023
1233 3963 1384 4033 (190)
1467 3981 1614 4018 anno
1665 3965 1864 4019 domni
1915 3982 2004 4021 se-

313 4048 486 4102 cundi
515 4050 767 4104 Heinrici
796 4053 1092 4122 regnantis
1120 4069 1274 4108 xxm.
1307 4055 1536 4126 imperii
1593 4061 1787 4112 autem
1806 4075 1890 4119 Χ..

384 4141 586 4191 Actum
615 4138 676 4192 in
703 4139 982 4206 Triburia,
1015 4141 1174 4211 regia
1202 4143 1356 4212 villa,
1413 4145 1626 4214 palatio
1659 4145 1912 4216 publico,
1944 4147 2004 4200 in

317 4224 416 4278 Dei
443 4226 700 4283 nomine.
733 4230 934 4283 Amen.
969 4231 1168 4284 Amen.

1067 4369 1256 4439 cxxx.

313 4489 369 4545 S.
424 4491 647 4545 Henrici
691 4492 746 4546 II
788 4493 1132 4561 imperatoris
1183 4494 1425 4578 diploma
1449 4509 1550 4565 pro
1577 4494 1801 4549 abbatia
1828 4495 2002 4549 Mosa-

1027 4579 1293 4632 magensc.

964 4685 1150 4757 (Anno
1175 4689 1357 4754 1023.)

350 4824 515 4898 [Hist
573 4828 970 4896 ecclésisatique
1020 4833 1072 4883 et
1095 4831 1259 4954 ongis;
1286 4829 1386 4969 ]du
1437 4828 1644 4884 diocese
1681 4830 1747 4885 de
1797 4833 1964 4887 Laon.

990 4915 1121 4969 pag.
1268 4943 1278 4953 .

990 4915 1121 4969 pag.
1157 4915 1278 4954 ουκ.

380 5023 444 5076 In
474 5023 709 5076 nomine
739 5027 948 5078 sancta:
978 5027 1036 5077 et
1065 5023 1380 5078 individua;
1422 5023 1738 5092 Trinitatis,
1788 5027 2002 5081 Harun-

380 5127 522 5199 (188)
546 5129 817 5201 Advocati
846 5131 1057 5183 nullum
1079 5133 1203 5198 post
1249 5144 1304 5183 se
1337 5145 1533 5197 ponere
1588 5130 1846 5198 audeant,
1904 5135 2003 5201 qui

308 5204 522 5253 vocetur
599 5200 1022 5268 proadvocatus,
1100 5201 1414 5267 nullumque
1492 5201 1756 5269 placitum
1804 5200 2001 5270 praeter

310 5272 441 5334 tria,
491 5273 597 5323 etc.
650 5270 961 5322 Notabilem
1025 5270 1178 5322 hunc
1235 5271 1422 5323 locum
1497 5271 1720 5324 censuit
1805 5278 2002 5327 auctor

309 5338 574 5410 Chronici
605 5340 1016 5406 Gottwicensis,
1049 5356 1179 5410 pag.
1216 5342 1338 5406 235,
1373 5357 1542 5410 quem
1576 5341 1724 5395 vide.

381 5409 534 5483 _(l8_9)
583 5410 968 5483 Paravercdos.
1020 5409 1221 5483 Veredi
1273 5409 1538 5480 jumenta
1583 5417 1717 5466 sunt
1763 5428 1890 5483 quae
1930 5414 1998 5468 ad

309 5477 655 5533 celeritatem
694 5496 797 5549 per
819 5479 1116 5534 intervalla
1146 5477 1554 5551 disponuntur,
1590 5499 1619 5535 a
1673 5477 1867 5537 rhedis
1912 5500 2001 5538 ve-

308 5547 512 5600 hendis
545 5549 713 5601 dicta.
1292 5597 1294 5599 .

350 5549 512 5600 endis
545 5549 713 5603 dicta.

381 5597 526 5687 (ﬁlii—tl)
549 5597 716 5673 Zh‘n’é
752 5635 876 5674 vero
931 5622 1145 5674 Domini
1191 5597 1434 5676 Heinrici
1487 5626 1766 5688 regnantis
1796 5641 1994 5680 uxxm.

2111 3105 2309 3145 eorum
2349 3089 2654 3142 hominum
2685 3093 2740 3142 et
2769 3088 3115 3143 feminarum
3146 3090 3245 3160 qui
3273 3090 3332 3143 in
3354 3090 3552 3144 eadem
3582 3091 3719 3144 villa
3739 3093 3814 3146 ad

2110 3178 2292 3248 ipsius
2333 3176 2442 3231 loci
2473 3176 2885 3231 monasterium
2916 3177 3204 3248 pertinent
3244 3178 3314 3231 de
3346 3179 3551 3249 capite,
3579 3185 3637 3234 et
3666 3197 3813 3250 qua-

2111 3272 2242 3322 tuor
2271 3266 2432 3320 villas
2478 3281 2724 3336 quarum
2769 3266 2893 3319 haec
2918 3269 3052 3319 sunt
3080 3266 3316 3319 nomina
3345 3283 3358 3320 :
3420 3267 3816 3323 Breveliacum

2111 3372 2242 3410 cum
2302 3354 2560 3422 ecclesia,
2613 3353 2831 3408 Seciam
2921 3370 3052 3408 cum
3126 3355 3380 3423 ecclesia,
3429 3355 3619 3410 Odunt
3677 3373 3815 3411 cum

2113 3443 2369 3509 ecclesia,
2402 3443 2780 3497 Remiliacum
2812 3459 2942 3496 cum
2976 3441 3133 3496 silvis
3164 3446 3221 3496 et
3275 3444 3540 3498 omnibus
3587 3460 3818 3514 appen-

2113 3533 2276 3587 diciis
2307 3531 2544 3598 suis;in
2573 3530 2708 3584 villa
2761 3530 3004 3584 Allicurt
3048 3546 3315 3584 mansum
3369 3547 3499 3585 cum
3536 3532 3817 3586 omnibus

2111 3618 2463 3692 appendiciis
2511 3617 2647 3672 suis.
2718 3619 2783 3672 In
2840 3618 2973 3672 villa
3032 3619 3273 3673 Duziaco
3327 3620 3623 3674 ecclesiam
3674 3637 3815 3675 cum

2114 3709 2336 3763 duabus
2361 3706 2593 3778 capellis
2623 3710 2682 3761 et
2711 3705 2935 3760 duobus
2987 3707 3220 3762 mansis.
3248 3709 3312 3762 In
3370 3709 3594 3764 Titania
3621 3725 3814 3763 unum

2112 3812 2412 3862 mansum;
2458 3796 2520 3848 in
2553 3794 2685 3848 villa
2717 3795 3063 3849 Hercumbre
3119 3796 3415 3851 ecclesiam
3449 3813 3578 3850 cum
3619 3797 3816 3851 tribus

2113 3880 2372 3951 capellis;
2424 3879 2485 3933 in
2537 3885 2734 3932 monte
2781 3880 2834 3934 S.
2890 3881 3140 3952 Remigii
3190 3883 3507 3950 ecclesiam,
3568 3882 3629 3936 in
3665 3885 3816 3938 Her-

2113 3969 2406 4023 mannisve
2469 3967 2764 4022 ecclesiam
2816 3984 2944 4022 cum
2987 3970 3202 4040 capella
3233 3987 3376 4037 una;
3409 3971 3471 4024 in
3499 3971 3697 4025 villare
3724 3989 3820 4027 ec-

2113 4057 2343 4112 clesiam
2388 4073 2594 4123 unam;
2621 4056 2682 4110 in
2703 4056 2836 4110 villa
2884 4057 3097 4112 Sedens
3140 4063 3255 4112 tres
3311 4063 3500 4130 partes
3546 4061 3822 4116 Ecclesiae

2113 4162 2244 4200 cum
2273 4145 2480 4212 terris;
2523 4145 2582 4199 in
2614 4145 2998 4200 Butonicurte
3048 4147 3346 4202 ecclesiam
3381 4164 3512 4202 cum
3545 4148 3815 4219 {capella;

2115 4235 2178 4288 in
2204 4233 2419 4289 Rudini
2449 4237 2642 4288 monte
2687 4234 2990 4289 dimidiam
3045 4235 3373 4304 ecclesiam;
3437 4237 3499 4291 in
3555 4237 3819 4293 Amblini

2117 4327 2311 4376 monte
2343 4322 2637 4376 ecclesiam
2662 4339 2870 4389 unam;
2900 4323 2959 4377 in
2990 4324 3248 4378 Givunna
3303 4329 3553 4396 quatuor
3577 4341 3817 4382 mansos

2113 4415 2169 4464 et
2207 4409 2434 4464 tertiam
2484 4414 2708 4480 partem
2761 4411 3042 4478 ecclesiae;
3095 4413 3155 4467 in
3213 4413 3462 4468 Purione
3526 4415 3818 4485 superiori

2111 4499 2404 4552 ecclesiam
2435 4514 2639 4566 unam;
2683 4499 2745 4553 in
2793 4499 2986 4554 Evrini
3016 4505 3212 4555 monte
3260 4517 3526 4556 mansum
3579 4519 3814 4572 unum;

2109 4587 2170 4642 in
2202 4588 2335 4641 villa
2366 4582 2665 4642 Hannonia
2699 4588 2952 4643 alodium
2982 4606 3112 4644 cum
3146 4590 3496 4655 molendiuo,
3561 4591 3718 4645 silvis
3751 4599 3816 4648 et

2109 4675 2378 4730 omnibus
2407 4677 2758 4747 appendiciis
2783 4677 2922 4744 suis,
2956 4693 3128 4748 quem
3195 4679 3354 4733 dedit
3400 4679 3720 4751 Helgodus;
3743 4681 3812 4736 in

2113 4764 2356 4819 Bertoldi
2405 4765 2571 4834 jcurte
2628 4765 2882 4820 alodium
2958 4782 3087 4820 cum
3143 4767 3493 4834 molendiuo,
3546 4769 3700 4822 silvis
3751 4775 3815 4825 et

2109 4853 2379 4907 omnibus
2409 4853 2764 4924 appendiciis
2794 4855 2928 4921 suis,
2948 4871 3120 4926 quem
3161 4855 3320 4910 dedit
3347 4856 3666 4910 Amalricus
3694 4873 3811 4927 pro

2111 4940 2302 4995 anima
2327 4941 2513 4995 fratris
2535 4942 2762 5010 Olonis;
2827 4946 2882 4997 et
2933 4943 2993 4997 in
3051 4944 3172 4999 loco
3221 4943 3321 5014 qui
3369 4944 3578 4998 dicitur
3639 4946 3810 5013 Villa,

2111 5029 2383 5097 alodium,
2407 5046 2580 5100 quem
2603 5029 2760 5084 dedit
2780 5031 2902 5100 jam
2927 5032 3111 5086 dictus
3141 5032 3462 5086 Amalricus
3487 5050 3591 5104 pro
3620 5040 3812 5090 matre

2107 5133 2348 5207 Ponitur
2377 5151 2559 5207 annus
2614 5151 2790 5207 uxxm
2843 5135 2968 5189 loco
3010 5153 3184 5203 uxxn,
3228 5138 3384 5207 quod
3437 5139 3683 5191 occurrit
3730 5140 3810 5194 'in

2108 5205 2371 5274 pluribus
2414 5205 2540 5258 aliis
2600 5205 2810 5259 chartis
2843 5207 3038 5276 relatis
3092 5207 3150 5260 in
3195 5205 3396 5263 Chron.
3459 5209 3802 5276 Gottwicen.,

2108 5280 2242 5347 tom.
2281 5276 2323 5340 Ι,
2354 5292 2412 5345 p.
2445 5278 2567 5347 242.
2632 5275 2895 5329 Excusari
2941 5277 2998 5329 id
3051 5284 3259 5347 potest,
3312 5278 3553 5332 dicendo
3593 5295 3604 5332 :
3663 5275 3810 5335 anni

2111 5345 2636 5419 l022_superstites
2688 5361 2913 5419 menses
2983 5345 3086 5416 pro
3146 5348 3371 5419 integro
3428 5365 3599 5415 anno,
3656 5351 3808 5404 alios

2108 5416 2313 5470 deinde
2342 5432 2564 5470 menses
2584 5417 2888 5488 fanni71023
2921 5433 3150 5471 rursum
3181 5416 3294 5488 pro
3313 5425 3430 5474 toto
3463 5436 3615 5472 anno
3645 5436 3809 5475 com-

2106 5491 2336 5610 putatos
2397 5503 2548 5552 esse;
2580 5487 2754 5557 {quod
2792 5489 3030 5541 notariis
3084 5487 3195 5543 seu
3237 5490 3590 5544 cancellariis
3645 5491 3805 5547 haud

2133 5556 2279 5610 uisse
2321 5556 2657 5610 infrequens
2709 5573 2812 5610 nos
2855 5558 2974 5610 iam
3016 5560 3156 5610 alias
3185 5561 3478 5610 monuisse
3529 5562 3798 5610 memini-

2133 5556 2279 5610 ‘uisse
2321 5556 2657 5628 infrequens
2709 5573 2812 5611 nos
2849 5558 2974 5628 jam
3016 5560 3156 5613 alias
3185 5561 3478 5615 monuisse
3529 5562 3798 5616 memini-

2107 5641 2255 5680 mus.
