3944 6320
139 343 247 395 373

136 558 224 611 vis
254 562 314 611 et
344 557 614 611 omnibus
656 556 1012 626 appendiciis
1039 557 1176 623 suis,
1239 575 1411 629 quem
1465 560 1622 614 dedit
1680 560 1849 614 Wiri-

138 662 241 699 cus
276 646 549 711 clericus;
587 649 645 698 et
673 645 734 698 in
763 644 897 698 villa
927 661 1055 715 qua
1096 646 1302 699 dicitur
1337 649 1543 713 Nonas,
1577 649 1850 703 aliodium

140 750 280 787 cum
313 733 669 799 molendino,
699 732 854 787 silvis
884 737 940 787 et
971 734 1323 804 appendiciis
1371 735 1512 803 suis,
1545 753 1717 806 quem
1752 737 1847 791 de-

142 824 229 876 dit
296 823 591 877 Jozbertus
653 822 924 889 clericus;
984 822 1124 876 etin
1167 824 1534 878 Eomloncare
1596 825 1848 879 alodium

138 928 275 965 cum
308 910 683 978 molendinis,
716 910 893 964 vineis
923 915 979 965 et
1007 911 1279 965 omnibus
1310 913 1660 983 appendiciis
1711 913 1849 980 suis,

140 1015 323 1069 quem
355 997 511 1051 dedit
542 998 759 1064 Emma,
814 1013 958 1051 uxor
988 997 1275 1065 Dudonis;
1307 1006 1364 1052 et
1395 1000 1452 1052 in
1483 1000 1615 1052 villa
1669 999 1846 1067 Hairi,

140 1092 306 1139 curte
329 1086 585 1139 alodium
599 1101 728 1138 cum
743 1084 1226 1139 dimidia'ecclesia
1248 1090 1304 1139 et
1324 1086 1591 1139 omnibus
1636 1103 1850 1156 appen-

142 1174 312 1227 diciis
334 1174 473 1241 suis,
495 1189 668 1244 quem
692 1173 847 1227 dedit
867 1175 1065 1226 Hanno
1093 1173 1381 1243 filiusjam
1406 1174 1540 1229 dicti
1563 1176 1849 1241 Dudonis;

144 1262 203 1315 in
239 1262 446 1315 eadem
476 1262 610 1313 villa
641 1260 913 1328 alodium,
946 1276 1119 1331 quem
1148 1261 1306 1315 dedit
1337 1262 1489 1315 Dada
1527 1279 1657 1316 cum
1709 1280 1849 1333 qua-

146 1351 287 1404 dam
315 1356 479 1419 parte
511 1350 784 1417 ecclesia,
827 1350 888 1402 in
944 1349 1079 1402 villa
1109 1367 1237 1420 qua
1278 1350 1487 1404 dicitur
1538 1353 1660 1415 Bar,
1720 1368 1849 1405 cum

144 1438 423 1492 omnibus
452 1436 807 1507 appendiciis
839 1437 971 1490 suis.
1008 1439 1073 1491 Et
1112 1438 1171 1491 in
1202 1438 1337 1491 villa
1391 1439 1696 1508 Sommoya
1731 1440 1851 1493 alo-

144 1527 333 1590 dium,
370 1541 542 1595 quem
566 1524 717 1578 dedit
748 1524 1061 1578 Lieltherus
1095 1541 1198 1595 pro
1220 1525 1338 1578 tilio
1371 1542 1472 1578 suo
1532 1526 1848 1591 Heriberto,

142 1630 281 1666 cum
309 1612 575 1666 omnibus
625 1613 978 1683 appendiciis
1037 1613 1174 1667 suis.
1226 1614 1293 1667 Et
1322 1614 1382 1667 in
1439 1613 1850 1669 Gunhericurte

139 1702 409 1755 alodium
442 1717 572 1754 cum
603 1700 948 1755 molendinis
979 1706 1035 1755 et
1054 1701 1206 1754 silvis
1234 1705 1290 1755 et
1311 1702 1577 1756 omnibus
1633 1719 1848 1773 appen-

140 1789 313 1844 diciis
346 1791 483 1857 suis,
527 1806 697 1860 quem
748 1789 904 1845 dedit
959 1790 1264 1844 Fulcradus
1302 1796 1359 1844 et
1412 1791 1760 1857 Hamedeus;
1796 1796 1853 1845 et

146 1879 207 1931 in
264 1879 383 1948 jam
438 1878 584 1932 dicta
614 1878 748 1931 villa
772 1878 930 1932 Sccia
960 1894 1140 1931 unum
1170 1894 1457 1940 mansum,
1483 1895 1655 1949 quem
1688 1879 1847 1934 dedit

143 1968 467 2033 llilbertus;
500 1971 557 2020 et
605 1967 665 2020 in
697 1966 829 2020 villa
861 1967 1086 2020 Flaveio
1142 1967 1441 2021 ecclesiam
1498 1984 1673 2021 unam
1721 1984 1848 2022 cum

142 2056 355 2123 alodio,
385 2072 557 2127 quem
584 2055 744 2109 dedit
768 2056 1088 2109 Hamedeus
1118 2061 1173 2109 et
1195 2056 1383 2125 neptis
1410 2055 1535 2125 ejus
1566 2056 1851 2111 Molimdis

141 2161 278 2199 cum
310 2144 579 2197 omnibus
613 2143 970 2214 appendiciis
1002 2143 1147 2209 suis;
1183 2149 1240 2197 et
1291 2144 1351 2197 in
1375 2144 1510 2198 villa
1548 2161 1677 2215 qua
1708 2144 1849 2198 dici-

140 2241 239 2288 tur
282 2234 474 2301 Urgan
498 2248 678 2285 unum
714 2231 965 2285 fiscalem
998 2247 1284 2299 mansum,
1318 2247 1491 2303 quem
1522 2232 1681 2286 dedit
1733 2233 1849 2287 dux

142 2322 485 2377 Fredericus
514 2337 620 2391 pro
651 2320 843 2374 anima
883 2320 1127 2386 Ottonis,
1161 2337 1290 2374 cum
1338 2320 1604 2374 omnibus
1633 2338 1848 2392 appen-

146 2411 315 2465 diciis
364 2410 511 2477 suis;
545 2412 603 2463 et
652 2408 714 2463 in
781 2408 917 2463 villa
972 2413 1303 2478 nuncupata
1354 2409 1615 2464 Ouvelais
1668 2426 1851 2465 unum

148 2514 453 2562 mansum;
511 2501 567 2551 et
625 2497 683 2550 in
736 2495 872 2550 villa
927 2498 1234 2550 Enemente
1292 2513 1475 2550 unum
1556 2513 1847 2564 mansum;

146 2604 326 2658 super
381 2586 619 2639 ﬂuvium
663 2586 907 2639 Mosella
945 2584 1005 2638 in
1063 2585 1194 2637 villa
1250 2586 1563 2639 Rozerolax
1621 2602 1849 2639 mansos

144 2677 380 2739 decem;
415 2674 474 2727 in
519 2674 653 2727 villa
685 2690 812 2744 qua
842 2672 1052 2726 dicitur
1073 2672 1379 2727 Castellum
1408 2690 1637 2727 mansos
1683 2674 1845 2727 duos.

146 2767 390 2835 Insuper
411 2762 875 2816 confirmavimus
907 2761 1182 2832 pradicto
1232 2762 1578 2815 monasterio
1631 2762 1852 2832 pradia

145 2870 279 2924 qua
329 2851 665 2907 Godefridus
690 2867 880 2905 comes
940 2855 996 2903 ct
1024 2851 1232 2920 conjux
1272 2867 1373 2903 sua
1404 2850 1687 2906 Mathildis
1745 2867 1849 2922 pro

146 2942 346 2996 anima
368 2941 457 2994 sui
483 2940 670 2993 fratris
701 2939 1015 3006 constituit,
1052 2944 1109 2993 et
1138 2955 1243 3009 pro
1299 2938 1515 2993 anima
1542 2956 1660 2994 sua
1718 2957 1849 2993 suo-

1404 345 1792 402 DIPLOMATA
1834 347 2389 406 ECCLESIASTICA.

137 484 276 535 sua;
330 473 390 522 et
417 468 477 522 in
505 467 642 522 villa
680 466 884 521 Falisia
910 466 1165 523 alodium
1196 484 1325 523 cum
1352 470 1702 536 molendino,
1753 471 1847 526 sil-
1880 473 1927 526 Α

3552 355 3659 412 374

2699 478 2918 534 CXXXI.

1962 581 2018 635 S.
2049 581 2310 635 Henricus
2362 581 2620 635 Ecclesia
2676 582 3067 650 Pergamensis,
3106 587 3317 652 petente
3372 586 3659 644 Ambrosio

2341 655 2612 721 episcopo,
2640 655 2940 721 privilegia
2968 655 3272 722 conﬁrmat.

2598 742 2781 808 (Anno
2835 742 3018 810 1023.)
3222 728 3233 737 “

2317 827 2591 897 {Ughelli,
2613 829 2780 882 Italia
2825 844 3004 895 sacra,
3038 846 3110 895 iv,
3145 828 3299 902 441.]

2036 915 2094 967 in
2128 914 2362 969 nomine
2397 920 2607 969 sancta
2641 921 2699 970 et
2756 916 3066 971 individua
3123 919 3432 988 Trinitatis,
3489 923 3657 978 Ham-

1961 1017 2112 1056 mws
2142 1003 2333 1056 divina
2362 1003 2587 1058 favente
2618 1005 2921 1059 clementia
2951 1006 3345 1063 Romanorum
3407 1009 3657 1081 impera-

1959 1096 2053 1145 tor
2078 1094 2385 1162 Augustus.

2032 1180 2303 1234 Omnium
2336 1186 2544 1234 sancta
2578 1181 2675 1235 Dei
2705 1182 2971 1236 Ecclesia
3016 1188 3460 1257 nostrorumque
3514 1187 3655 1243 ﬁde-

1962 1269 2129 1335 lium,
2157 1269 2528 1340 prasentium
2561 1270 2827 1325 videlicet
2877 1288 2939 1324 ac
2969 1272 3315 1334 futurorum.
3377 1275 3655 1343 sagacitas

1961 1356 2183 1409 noverit
2235 1356 2626 1423 Ambrosium,
2682 1363 2889 1412 sancta
2945 1361 3339 1429 Pergamensis
3394 1363 3659 1417 Ecclesia

1959 1444 2341 1497 venerabilem
2374 1446 2727 1515 episcopum,
2752 1452 2962 1501 nostra
3015 1449 3286 1503 obtulisse
3340 1451 3659 1505 clementia

1960 1536 2242 1608 praecepta
2299 1538 2472 1602 atque
2526 1533 2892 1588 auctoritates
2935 1535 3325 1604 piissimorum
3372 1542 3657 1608 Augusto-

1961 1636 2089 1674 rum
2116 1621 2205 1673 vel
2226 1636 2425 1690 regum
2451 1637 2546 1673 seu
2598 1622 3081 1691 praedecessorum
3142 1627 3471 1678 nostrorum
3525 1642 3648 1679 om-

1960 1708 2142 1775 nium,
2168 1712 2456 1779 quotquot
2485 1725 2517 1761 a
2547 1712 2807 1778 tempore
2841 1709 2988 1763 diva
3019 1711 3313 1765 memoria
3335 1712 3521 1783 Magni
3554 1716 3655 1768 Ca-

1959 1791 2066 1844 roli
2100 1796 2486 1860 regnaverunt
2512 1807 2695 1862 usque
2726 1792 2796 1845 ad
2825 1808 3076 1862 prasens
3109 1798 3336 1865 tempus
3373 1801 3657 1865 nostrum,

1959 1879 2059 1950 qui
2089 1895 2287 1932 omnes
2326 1878 2708 1933 immunitatis
2767 1896 2885 1933 sua
2944 1897 3007 1934 ac
3054 1881 3412 1935 liberalitatis
3464 1885 3651 1937 muni-

1957 1968 2112 2021 mine
2143 1967 2439 2036 prafatam
2494 1967 2797 2022 Ecclesiam
2841 1970 3164 2023 exaltarunt
3212 1976 3269 2023 et
3306 1971 3653 2024 corrobora—

1956 2060 2122 2121 runt;
2150 2054 2454 2125 petiitque,
2486 2059 2551 2108 ut
2579 2056 2919 2109 eorumdem
2940 2056 3379 2111 auctoritatibus
3398 2064 3653 2112 nostram

1957 2143 2472 2213 superadderemus
2501 2144 2923 2197 auctoritatem.
2971 2145 3145 2215 Cujus
3175 2145 3491 2199 devotionis
3521 2162 3653 2216 pre-

1957 2232 2116 2286 cibus
2146 2231 2522 2285 libentissime
2579 2248 2871 2285 assensum
2918 2233 3258 2302 prabentes,
3314 2234 3419 2287 hos
3465 2235 3653 2304 apices

1956 2321 2190 2375 inscribi
2215 2320 2512 2391 jussimus,
2566 2336 2671 2390 per
2698 2336 2843 2391 quos
2875 2322 3234 2375 decernimus
3258 2326 3326 2375 ut
3368 2322 3651 2393 quidquid

1957 2409 2183 2480 antiqui
2215 2409 2610 2478 imperatores,
2662 2413 2717 2463 et
2770 2425 2934 2477 reges
2988 2410 3380 2479 imperatrices
3420 2427 3653 2481 quoque

1960 2504 2017 2551 et
2046 2498 2257 2567 regina
2282 2499 2697 2557 Romanorum,
2746 2498 3276 2567 Langobardorum,
3335 2514 3437 2552 seu
3477 2499 3649 2553 Fran-

1958 2601 2177 2649 corum,
2213 2601 2315 2637 nec
2346 2600 2460 2638 non
2488 2589 2545 2638 et
2569 2584 2778 2655 reliqui
2804 2587 2982 2638 Deum
3002 2585 3291 2651 timentes,
3316 2592 3651 2641 memorata

1959 2679 2163 2728 sancta
2232 2672 2626 2743 Pergamensis
2705 2673 2958 2726 ecclesia
3019 2674 3135 2726 suis
3216 2675 3516 2745 praceptis
3595 2681 3651 2729 et

1958 2762 2309 2816 testamentis
2340 2762 2726 2827 contulerunt,
2761 2766 2818 2814 et
2849 2762 3213 2831 postmodum
3257 2764 3657 2832 praecellentis-

1959 2851 2089 2904 simi
2121 2865 2283 2920 reges
2316 2854 2488 2919 atque
2514 2849 2755 2916 Augusti
2807 2866 2909 2903 sua
2962 2850 3294 2905 auctoritate
3344 2850 3656 2906 conﬁrma-

1958 2943 2185 3005 verunt,
2248 2938 2450 2991 stabile
2515 2942 2682 3008 atque
2764 2938 3164 2993 inconvulsum
3225 2940 3428 2994 nostris
3492 2942 3651 2995 futu-

146 3046 399 3101 rumque
429 3033 729 3099 parentum
762 3027 1015 3082 remedio
1046 3028 1322 3081 concessit
1351 3032 1408 3080 et
1446 3028 1703 3096 tradidit,
1736 3029 1848 3082 sci-
1881 3026 1920 3081 C
1958 3029 2152 3099 risque
2181 3026 2535 3096 temporibus
2564 3026 2622 3079 in
2654 3026 2832 3096 ipsius
2853 3027 2982 3097 jure
3031 3032 3087 3080 et
3114 3032 3392 3098 potestate
3443 3044 3653 3099 perpe-

145 3121 279 3174 licet
300 3120 361 3172 in
395 3117 527 3171 villa
555 3116 891 3185 Madringas,
919 3116 1175 3186 quinque
1233 3132 1459 3169 mansos
1488 3132 1616 3169 cum
1651 3132 1849 3170 menso

148 3207 565 3263 indominicato
596 3210 651 3258 et
676 3205 974 3259 dimidiam
1008 3204 1332 3270 ecclesiam;
1366 3203 1424 3256 in
1458 3204 1654 3258 Rotela
1694 3222 1851 3260 man-

150 3311 245 3347 sos
268 3299 489 3364 septem
512 3297 567 3345 et
600 3291 824 3345 tertiam
857 3296 1081 3362 partem
1133 3291 1473 3359 molendini,
1502 3308 1633 3345 cum
1682 3292 1850 3346 terris

150 3383 321 3437 cultis
344 3386 401 3435 et
436 3381 699 3447 incultis;
732 3381 875 3433 etin
929 3381 1232 3433 Bretenaco
1280 3396 1508 3433 mansos
1565 3381 1848 3434 sexdecim

148 3478 204 3527 et
228 3472 537 3541 quamdam
572 3474 792 3540 partem
824 3469 1097 3534 ecclesia,
1130 3485 1261 3523 cum
1293 3469 1559 3522 omnibus
1604 3470 1849 3540 pradic-

152 3567 344 3614 tarum
385 3559 774 3624 ecclesiarum,
839 3573 1187 3620 mansorum.
1239 3557 1609 3628 praediorum,
1672 3559 1851 3628 perti-

152 3648 377 3703 nenciis
400 3648 537 3711 suis,
585 3646 832 3718 pascuis,
861 3646 1097 3717 campis,
1137 3646 1336 3710 vineis,
1398 3646 1595 3717 pratis,
1640 3647 1849 3700 manci-

150 3738 287 3808 piis,
320 3736 494 3801 silvis,
528 3735 956 3806 piscationibus,
985 3734 1349 3801 molendinis,
1382 3734 1549 3788 terris
1588 3736 1753 3789 cultis
1794 3740 1852 3790 et

154 3823 406 3891 incultis,
436 3828 491 3877 et
520 3840 649 3877 cum
676 3822 942 3877 omnibus
973 3839 1102 3893 qua
1134 3822 1242 3877 dici
1272 3822 1359 3875 vel
1389 3822 1675 3876 nominari
1713 3840 1850 3893 pos-

154 3918 309 3978 sunt,
344 3928 472 3982 qua
504 3912 626 3982 jam
658 3910 807 3965 dicto
846 3911 1190 3965 monasterio
1229 3928 1382 3965 nunc
1406 3911 1716 3980 pertinent,
1751 3916 1852 3965 aut

152 4002 210 4055 in
231 4002 512 4066 futurum,
531 4000 1035 4071 aquibuscunque,
1056 4002 1170 4054 Deo
1186 4000 1409 4053 favente
1426 4000 1575 4069 [data
1606 4000 1851 4069 pertine-

153 4090 357 4159 bunt];
387 4089 589 4159 suique
619 4088 678 4141 in
706 4088 907 4142 eodem
942 4088 1295 4142 monasterio
1347 4103 1696 4140 successores
1729 4103 1851 4140 om-

156 4178 258 4232 nia
286 4177 617 4247 prascripta
656 4176 924 4243 habeant,
958 4180 1191 4230 teneant
1232 4179 1295 4229 ut
1350 4192 1545 4229 secure
1583 4177 1693 4229 Deo
1734 4192 1849 4229 ser-

154 4266 276 4319 vire
296 4266 542 4328 valeant,
566 4271 788 4319 remota
807 4264 1222 4335 inquietatione
1248 4263 1507 4317 omnium
1528 4263 1846 4318 hominum.
1882 4302 1926 4354 Β

156 4355 213 4409 Si
245 4353 375 4424 quis
408 4358 600 4406 tamen
624 4354 774 4423 quod
805 4354 978 4408 absit!
1008 4353 1183 4423 hujus
1223 4356 1431 4406 nostra
1472 4352 1853 4406 conﬁrmatio—

157 4443 246 4497 nis
276 4442 515 4495 violator
545 4442 818 4503 extiterit,
886 4440 1025 4495 sciat
1075 4458 1134 4494 se
1192 4440 1645 4510 compositurum
1698 4440 1854 4494 mille

157 4531 335 4585 libras
366 4531 512 4595 auri,
543 4530 911 4584 medietatem
942 4530 1175 4599 palatio,
1202 4534 1259 4583 et
1289 4529 1654 4582 medietatem
1711 4544 1855 4597 pra-

158 4620 297 4674 dicti
324 4618 656 4672 monasterii
686 4619 975 4672 fratribus.
1031 4618 1192 4682 Quod
1246 4621 1308 4670 ut
1334 4616 1524 4671 verius
1571 4616 1853 4682 credatur,

162 4724 339 4762 manu
366 4706 597 4777 propria
639 4704 1125 4771 conﬁrmavimus,
1172 4709 1483 4775 nostroque
1538 4704 1724 4775 sigillo
1780 4703 1853 4756 si-

160 4796 349 4867 gillari
373 4795 673 4865 jussimus.

232 4886 463 4952 Signum
483 4884 719 4937 Henrici
758 4886 1118 4939 Romanorum
1160 4883 1508 4936 invictissimi
1564 4883 1855 4950 imperato-

160 4977 239 5028 ris
266 4974 527 5039 Augusti.

235 5060 583 5116 Guntherius
623 5059 996 5113 cancellarius
1042 5058 1165 5113 vice
1218 5057 1482 5113 Aribonis
1512 5056 1862 5130 archicap_e1-

166 5150 283 5205 lani
312 5148 661 5218 recognovit.

239 5240 379 5292 Data
407 5236 721 5290 indictione
765 5252 839 5303 v1,
890 5251 1046 5289 anno
1084 5233 1393 5288 Dominica
1452 5232 1862 5286 incarnationis

168 5326 471 5381 millesimo
496 5324 767 5377 vicesimo
798 5324 989 5378 tertio.
1015 5326 1176 5377 Anno
1205 5338 1338 5376 vero
1397 5321 1592 5374 domui
1639 5321 1863 5374 Henrici

171 5417 218 5471 II
262 5414 553 5484 regnantis
610 5412 878 5466 vicesimo
935 5412 1206 5477 secundo,
1269 5410 1605 5480 imperantis
1670 5414 1863 5463 autem

173 5503 499 5559 undecimo.

239 5594 446 5646 Actum
478 5589 675 5645 Evodii
701 5589 959 5645 feliciter.
991 5592 1195 5644 Amen.
1229 5588 1369 5642 Fiat.

1957 3114 2188 3169 tualiter
2212 3119 2460 3167 maneat.
2506 3114 2568 3167 Et
2597 3116 2789 3167 nullus
2819 3130 3028 3178 comes,
3061 3116 3146 3169 vel
3175 3116 3415 3186 publica
3472 3117 3654 3187 partis

1952 3204 2129 3274 judex
2162 3208 2217 3256 et
2247 3203 2548 3273 gastaldio,
2578 3204 2663 3256 vel
2690 3202 2801 3256 alia
2840 3203 3115 3273 qualibet
3138 3221 3382 3275 persona
3414 3206 3475 3258 in
3524 3222 3654 3260 mo-

1956 3292 2242 3357 nasteriis,
2302 3290 2671 3344 xenodochiis
2727 3291 2812 3344 vel
2863 3292 3107 3344 ecclesiis
3192 3292 3648 3362 baptismalibus,

1958 3386 2058 3434 aut
2083 3379 2489 3444 cardinalibus,
2525 3394 2625 3433 seu
2652 3380 2914 3448 oraculis,
2940 3381 3025 3432 vel
3057 3381 3278 3434 cunctis
3332 3382 3650 3451 possessio-

1957 3468 2125 3522 nibus
2157 3483 2317 3537 quas,
2344 3470 2402 3519 ut
2433 3466 2818 3536 pradiximus,
2851 3483 2884 3519 a
2913 3471 3170 3538 tempore
3221 3468 3405 3538 Magni
3466 3468 3653 3523 Caroli

1956 3572 2137 3627 usque
2162 3554 2221 3608 in
2247 3570 2497 3625 prasens
2521 3554 2902 3624 undecunque
2933 3555 3081 3608 infra
3118 3571 3362 3625 regnum
3392 3556 3650 3610 Italicum

1958 3645 2263 3715 sapedicta
2292 3642 2687 3713 Pergamensis
2721 3642 2955 3697 ecclesia
3000 3643 3209 3697 habere
3274 3644 3651 3715 dignoscitur,

1957 3736 2043 3788 vel
2067 3751 2207 3805 quas
2238 3732 2507 3802 deinceps
2540 3731 2685 3785 inibi
2716 3732 2911 3786 divina
2927 3732 3110 3804 pietas
3142 3736 3513 3803 augmentare
3553 3749 3651 3787 vo—

1958 3823 2151 3889 luerit,
2209 3837 2378 3875 nemo
2440 3820 2754 3891 superioris
2813 3825 2911 3874 aut
2972 3820 3261 3875 inferioris
3326 3821 3655 3893 reipublicae

1957 3915 2295 3983 procurator
2326 3910 2395 3963 ad
2427 3925 2625 3963 causas
2647 3909 2953 3979 judiciario
2984 3926 3144 3964 more
3176 3911 3488 3966 audiendas
3516 3927 3657 3965 con-

1958 4004 2192 4053 ventum
2224 3998 2428 4064 facere,
2461 3998 2548 4051 vel
2577 3998 2737 4051 freda
2768 3997 3018 4068 exigere,
3050 4003 3147 4053 aut
3179 3999 3655 4053 mansionaticum

1958 4088 2047 4141 vel
2076 4091 2301 4157 paratas
2331 4085 2643 4156 requirere,
2670 4086 3004 4155 parafredos
3024 4091 3122 4139 aut
3146 4086 3510 4157 fidejussores
3542 4087 3659 4140 vio-

1958 4176 2142 4228 lenter
2175 4175 2397 4239 tollere,
2431 4174 2664 4227 clericos
2696 4174 2953 4242 ejusdem
2985 4174 3236 4227 ecclesia
3274 4174 3334 4227 in
3393 4174 3657 4243 personis

1968 4264 2053 4315 vel
2085 4262 2350 4316 domibus
2383 4261 2500 4314 suis
2531 4262 2761 4327 ladere,
2781 4261 2869 4314 vel
2901 4261 3164 4315 homines
3203 4266 3319 4315 tam
3349 4262 3654 4332 ingenuos,

1966 4350 2298 4417 libellarios,
2358 4365 2647 4419 quamque
2702 4365 2893 4402 servos
2943 4348 3001 4402 in
3060 4349 3515 4419 possessionibus
3568 4350 3658 4403 vel

1964 4438 2359 4491 mansionibus
2386 4438 2566 4507 ipsius
2602 4436 2853 4490 ecclesia
2911 4442 3357 4504 commanentes,
3404 4442 3657 4509 potesta-

1964 4526 2076 4580 tive
2107 4525 2470 4594 distringere,
2505 4540 2609 4577 nec
2641 4525 2785 4577 ullas
2814 4523 3070 4594 publicas
3102 4525 3537 4592 redhibitiones,
3570 4526 3660 4579 vel

1963 4613 2190 4668 illicitas
2244 4611 2582 4679 occasiones,
2655 4611 2771 4665 sive
2842 4612 3109 4682 angarias
3189 4613 3660 4685 superimponere

1966 4704 2194 4770 audeat,
2226 4700 2310 4754 vel
2346 4700 2557 4754 inferre
2587 4704 2922 4770 prasumat,
2975 4705 3258 4771 quatenus
3313 4717 3418 4771 pro
3467 4704 3663 4754 nostra

1964 4791 2360 4845 incolumitate
2389 4792 2654 4859 statuque
2693 4788 2856 4857 regni
2884 4788 3062 4842 nostri
3095 4790 3437 4843 altissimum
3468 4788 3661 4863 Domi-

1968 4893 2106 4932 num
2128 4875 2347 4947 jugiter
2393 4875 2583 4945 quiete
2614 4876 2839 4929 valeant
2868 4892 3123 4930 exorare.
3159 4878 3399 4947 Insuper
3448 4875 3660 4945 praci-

1965 4967 2157 5037 pimus
2189 4971 2360 5035 atque
2390 4964 2689 5017 statuimus
2746 4968 2828 5025 ut,
2872 4965 3255 5035 undecunque
3313 4981 3345 5017 a
3400 4968 3663 5033 tempore

1966 5054 2191 5127 praefati
2223 5051 2411 5123 Magni
2471 5050 2657 5105 Caroli
2714 5052 2956 5121 legalem
3002 5052 3396 5104 investituram
3452 5050 3663 5104 habere

1971 5142 2329 5215 dignoscitur
2352 5142 2473 5209 jam
2505 5140 2654 5194 dicta
2686 5139 2941 5207 ecclesia,
2969 5140 3189 5192 nullam
3246 5137 3663 5192 deminoratio-

1971 5248 2105 5286 nem
2136 5230 2407 5302 quislibet
2432 5228 2616 5282 facere
2639 5231 2972 5297 prasumat,
3002 5226 3111 5280 nisi
3161 5227 3322 5297 prius
3379 5231 3511 5281 ante
3560 5242 3662 5280 no—

1974 5322 2071 5375 stri
2103 5318 2469 5390 praesentiam
2500 5316 2803 5389 judiciario
2834 5331 2995 5369 more
3019 5315 3355 5368 difiiniatur.
3389 5315 3664 5369 Jubemus

1975 5413 2253 5479 praeterea
2301 5411 2469 5477 atque
2536 5405 2821 5458 sancimus
2877 5408 2942 5457 ut
2993 5403 3286 5457 universas
3346 5406 3665 5457 commuta-

1978 5497 2181 5562 tiones,
2214 5510 2356 5565 quas
2382 5510 2513 5547 cum
2545 5498 2707 5562 parte
2731 5491 2932 5563 palatii
2961 5492 3164 5557 nostri,
3198 5507 3298 5545 seu
3340 5507 3472 5545 cum
3528 5490 3668 5545 reli-

1981 5584 2109 5655 quis
2192 5582 2514 5652 episcopiis,
2568 5580 3235 5646 abbatiis,comitatibus,
3302 5578 3668 5633 xenodochiis
