3944 6334
248 355 348 406 375

1547 350 1600 403 S.
1647 347 1932 403 HENRICI
1971 345 2444 402 IMPERATORIS

3642 350 3754 402 376

247 474 510 547 publicis,
547 473 946 543 Pergamensis
995 473 1241 526 Ecclesia
1271 489 1302 525 a
1362 477 1619 542 tempore
1667 470 1948 542 pralibati
1979 473 2021 525 A
2062 470 2198 523 locis
2219 470 2430 524 habere
2480 473 2579 523 aut
2631 471 2860 538 paratas
2912 467 3212 539 exquirere
3268 473 3597 540 prasumat,
3650 470 3759 524 sed

253 564 445 633 magni
475 563 843 633 imperatoris
872 562 1057 616 Caroli
1095 577 1275 631 usque
1302 560 1360 613 in
1393 576 1646 629 prasens
1687 559 1948 629 legaliter

252 654 428 706 factas
452 651 677 716 habeat,
704 649 1033 702 inconvulsa
1064 648 1181 717 (sic)
1213 648 1475 714 retineat,
1509 647 1944 717 perpetualiter-

254 757 366 811 que
396 738 684 809 possideat
716 739 931 808 absque
955 738 1071 790 ulla
1092 737 1152 789 in
1168 742 1459 804 posterum
1480 735 1944 801 contradictione,

255 845 354 883 seu
377 828 602 898 publica
626 826 966 895 repetitione
1010 826 1160 878 salvo
1187 824 1577 894 inviolatoque
1603 824 1734 894 jure
1773 823 1950 893 ipsius

254 917 523 970 ecclesia.
580 915 916 984 Quicunque
977 918 1165 966 autem
1225 912 1397 980 hujus
1439 911 1619 964 nostri
1675 910 1952 981 praecepti

257 1003 954 1075 pravaricatorinventus
1003 1000 1196 1066 fuerit,
1257 1017 1320 1053 ac
1377 999 1787 1069 comprobatus
1843 999 1953 1051 im-

258 1091 551 1146 munitatis
591 1107 817 1160 poenam
872 1089 1053 1142 eidem
1113 1087 1364 1141 ecclesia
1410 1087 1469 1140 in
1509 1088 1746 1156 triginta
1794 1085 1953 1140 libris

259 1182 384 1234 auri
412 1182 662 1235 futuram
691 1179 1056 1233 concedimus
1088 1178 1411 1249 persolvere
1437 1178 1668 1231 simibet
1697 1181 1951 1246 cogatur.

261 1271 324 1322 Et
382 1274 440 1321 ut
497 1270 617 1321 hac
649 1272 855 1320 nostra
913 1265 1366 1318 confirmationis
1423 1280 1524 1317 seu
1573 1262 1955 1317 concessionis

259 1363 431 1426 atque
467 1355 847 1409 immunitatis
874 1355 1083 1408 futuris
1112 1353 1468 1422 temporibus
1495 1352 1778 1406 illibatum
1806 1351 1954 1405 obti-

261 1449 391 1497 neat
421 1444 616 1510 robur,
660 1459 834 1495 manu
889 1441 1122 1512 propria
1176 1442 1492 1507 ﬁrmantes,
1514 1440 1703 1511 sigillo
1759 1445 1956 1493 nostro

261 1532 498 1602 sigillari
521 1531 820 1602 jussimus.

990 1637 1231 1692 CXXXII.

2059 559 2140 611 eis
2170 559 2339 611 liceat
2369 559 2564 628 quieto
2593 558 2794 612 ordine
2833 557 3062 627 degere,
3120 558 3464 629 regulariter
3508 558 3763 613 Domino

2059 646 2326 711 militari;
2362 646 2652 699 ieloneum
2693 646 3157 716 videlicet,juxta
3203 647 3466 717 antiquas
3505 652 3764 700 anteces-

2061 751 2252 788 sorum
2304 738 2633 787 nostrorum
2687 733 3099 800 concessiones,
3165 734 3232 787 ab
3267 734 3347 787 eis
3400 735 3488 788 vel
3557 751 3768 788 eorum

2061 823 2392 877 hominibus
2429 839 2532 892 per
2559 837 2760 876 omnes
2819 821 2986 892 regni
3029 822 3214 876 nostri
3260 822 3425 890 ﬁnes,
3473 840 3661 893 neque
3704 824 3772 876 in

2059 912 2220 976 urbe,
2257 926 2442 981 neque
2469 910 2530 962 in
2567 911 2678 976 via,
2725 925 2913 980 neque
2981 910 3054 963 ad
3107 915 3333 980 pontes,
3395 927 3490 964 sex
3550 911 3770 982 aliqua

2063 1001 2345 1054 strictura
2377 999 2710 1053 nullomodo
2765 998 3116 1068 accipiantur
3167 1000 3256 1053 vel
3297 1005 3649 1070 quarantur.
3698 1001 3770 1054 Et

2063 1093 2125 1142 ut
2185 1088 2290 1141 hoc
2334 1092 2544 1140 nostra
2600 1087 3054 1141 confirmationis
3113 1094 3464 1158 praceptum
3523 1088 3769 1142 ﬁrmum

2065 1176 2377 1247 stabileque
2410 1180 2764 1246 permaneat,
2799 1191 2972 1228 manu
3025 1179 3219 1228 nostra
3265 1175 3405 1229 illud
3465 1176 3769 1230 subterfir-

2065 1265 2366 1330 mavimus,
2400 1263 2689 1334 sigillique
2717 1263 2897 1317 nostri
2931 1263 3308 1334 impressione
3341 1264 3557 1334 ingniri
3613 1280 3772 1336 pra—

2066 1353 2341 1422 cepimus.

2139 1442 2372 1506 Signum
2403 1439 2587 1492 domni
2614 1440 2835 1493 Henrici
2858 1440 3222 1493 Romanorum
3276 1439 3624 1493 invictissimi
3664 1441 3776 1492 im-

2065 1531 2336 1599 peratoris
2365 1530 2621 1596 Augusti.

2141 1617 2490 1671 Guntherius
2554 1614 2945 1682 caucellarius,
3007 1614 3129 1669 vice
3196 1613 3464 1668 Aribonis
3511 1613 3773 1668 archica-

264 1747 596 1812 Praceptum
643 1744 696 1797 S.
749 1744 969 1795 Henrici
1020 1743 1364 1810 imperatoris
1396 1738 1962 1812 Degenharioabbati
1994 1752 2035 1805 Β
2069 1703 2681 1812 Ρθξξδῗίνιτθθτῗξξοξξξ

336 1811 669 1868 Morbaccnsi
717 1828 1037 1866 concessum.
1102 1841 1166 1853 --
1215 1813 1534 1866 Monasterii
1585 1811 1882 1879 privilegia
1911 1814 1963 1864 et

331 1886 426 1953 jus
457 1885 690 1950 eligendi
717 1883 930 1937 abbatis
962 1882 1265 1952 conﬁrmat.

906 1973 1091 2038 (Anno
1147 1969 1327 2039 1023.)

271 2063 508 2131 [Martem
539 2101 553 2126 ,
587 2060 842 2115 Thesaur.
868 2059 1078 2131 Anecd.
1128 2059 1169 2125 Ι,
1203 2059 1326 2131 143,
1375 2073 1442 2111 ea:
1499 2058 1776 2111 chartario
1819 2057 1962 2109 Mor-

989 2129 1245 2198 bacensi.]

342 2238 406 2291 In
429 2235 664 2289 nomine
685 2240 894 2288 sancta
918 2240 974 2287 et
994 2233 1304 2287 individua
1325 2232 1638 2298 Trinitatis,
1662 2231 1967 2299 Henricus,

273 2325 463 2378 divina
547 2325 766 2376 favente
823 2323 1147 2389 clementia,
1205 2322 1595 2376 Romanorum
1654 2321 1970 2390 imperator

275 2417 582 2482 Augustus.

347 2501 404 2554 Si
426 2502 547 2554 loca
586 2500 790 2554 divinis
848 2499 1091 2554 cultibus
1141 2499 1468 2568 mancipata
1525 2502 1764 2567 propter
1818 2513 1972 2550 amo-

281 2605 401 2642 rem
465 2589 564 2641 Dei
613 2589 882 2654 ditamus,
945 2593 1002 2642 et
1050 2588 1109 2641 in
1161 2587 1376 2641 eisdem
1432 2587 1568 2640 locis
1626 2585 1732 2638 sibi
1781 2585 1968 2639 famu-

278 2677 522 2731 lantibus
551 2677 824 2730 beneficia
847 2681 1172 2747 opportuna
1203 2675 1503 2744 largimur,
1534 2674 1838 2744 praemium
1861 2690 1970 2727 no-

276 2765 364 2818 bis
394 2765 544 2834 apud
579 2765 757 2817 Deum
782 2771 1009 2818 aterna
1039 2763 1518 2817 remunerationis
1547 2762 1786 2832 rependi
1837 2778 1970 2815 con-

281 2853 530 2907 ﬁdimus.
576 2853 818 2906 Proinde
849 2853 1109 2905 omnium
1145 2852 1400 2906 ﬁdelium
1441 2856 1790 2918 nostrorum,
1853 2855 1969 2903 tam

281 2941 654 3012 prasentium
693 2958 866 3010 quam
922 2945 977 2994 et
1006 2941 1354 3006 futurorum,
1404 2939 1626 2993 noverit
1690 2938 1973 2993 industria

2147 1796 2280 1848 Data
2313 1809 2384 1847 vn
2416 1793 2539 1846 Kal.
2591 1793 2849 1847 Octobris
2880 1791 3084 1846 indict.
3149 1809 3224 1858 v1,
3266 1807 3416 1846 anno
3457 1791 3777 1847 Dominica

2074 1881 2488 1935 incarnationis
2552 1884 2708 1948 l023,
2749 1897 2900 1934 anno
2956 1897 3089 1934 vero
3147 1880 3348 1934 domui
3404 1880 3638 1936 Henrici
3688 1897 3778 1934 se-

2074 1969 2266 2035 cundi,
2302 1969 2590 2038 regnantis
2619 1971 2709 2034 22,
2751 1967 2979 2039 imperii
3011 1971 3199 2021 autem
3229 1972 3312 2022 11.

2146 2059 2350 2111 Actum
2384 2044 2612 2111 Basilea
2642 2057 2899 2111 feliciter.
2921 2059 3124 2110 Amen.

2786 2163 3059 2218 CXXXIII.

2078 2271 2134 2326 S.
2190 2270 2424 2323 Henr-ici
2470 2270 2602 2337 imp.
2662 2274 2987 2338 praeceptum
3030 2284 3129 2339 per
3183 2270 3328 2338 quod
3345 2271 3506 2336 gravi
3539 2269 3778 2324 dissidio

2147 2343 2291 2393 inter
2357 2340 2799 2394 Wormatiensem
2856 2341 3150 2394 Ecclesium
3227 2345 3278 2395 et
3345 2343 3781 2396 Lauriteimense

2148 2411 2440 2464 canobium
2468 2411 2687 2465 suborto
2715 2413 2873 2479 ﬁnem
2903 2413 3151 2479 imponit.

2718 2499 2906 2565 (Anno
2957 2497 3136 2568 1023.)

2276 2586 2606 2655 [Schannat,
2637 2586 3005 2654 Episcopatus
3035 2587 3323 2652 Wormat.,
3355 2587 3427 2655 ΙΙ,
3461 2587 3574 2657 43.]

2150 2675 2215 2728 In
2245 2673 2479 2727 nomine
2533 2678 2740 2727 sancta
2789 2678 2846 2726 et
2904 2673 3211 2728 individua
3263 2675 3576 2742 Trinitatis,
3628 2677 3784 2731 Hex-

2081 2780 2254 2831 mcus,
2292 2765 2487 2817 divina
2511 2764 2734 2817 favente
2765 2763 3068 2817 clementia
3120 2763 3436 2834 imperator
3466 2768 3781 2835 Augustus.

2153 2853 2358 2906 Notum
2393 2852 2463 2905 sit
2492 2856 2546 2904 et
2577 2852 2823 2921 qualiter
2865 2851 3090 2905 assidua
3139 2852 3518 2922 proclamatio
3557 2860 3783 2908 nostras

2082 2956 2247 2993 aures
2276 2940 2651 3010 inquietabat,
2686 2939 2758 2993 ob
2783 2939 3124 2993 inveteratas
3164 2945 3222 2994 et
3255 2940 3585 3012 frequentes
3643 2959 3780 2996 con-

284 3028 418 3098 quia
457 3028 541 3080 vir
590 3027 932 3079 venerabilis
975 3026 1385 3095 Degenhardus
1443 3027 1614 3079 abbas
1669 3041 1737 3078 ex
1785 3041 1977 3078 mona-
2009 3027 2049 3081 C
2087 3028 2372 3082 tentiones
2401 3033 2457 3081 et
2487 3029 2558 3081 ob
2583 3027 2947 3081 immarcidas
3007 3027 3337 3082 inimicitias
3376 3046 3504 3099 qua
3545 3046 3778 3101 semper

285 3117 454 3168 sterio
513 3115 794 3180 Morbacb,
855 3114 1010 3184 quod
1058 3119 1141 3166 est
1194 3119 1584 3167 constructum
1635 3115 1690 3166 in
1758 3114 1975 3168 honore

283 3209 488 3257 sancta
548 3203 648 3257 Dei
717 3202 1009 3271 genitricis
1074 3217 1415 3272 semperque
1476 3201 1709 3271 virginis
1764 3201 1975 3267 Maria,

284 3293 579 3362 sanctique
664 3291 814 3343 Petri
869 3289 1144 3359 principis
1200 3291 1611 3360 apostolorum,
1686 3295 1743 3344 et
1799 3289 1979 3343 sancti

287 3379 618 3449 Leodegarii
671 3377 932 3447 martyris
1011 3383 1065 3429 et
1151 3377 1419 3448 episcopi,
1489 3377 1694 3430 detulit
1767 3377 1979 3430 obtuti-

287 3467 393 3520 bus
454 3467 662 3520 nostris
720 3465 1028 3519 auctoritas
1085 3465 1519 3519 immunitatum
1599 3465 1798 3519 domui
1884 3465 1981 3518 Ot-

288 3555 442 3608 tonis
501 3555 735 3607 secundi
787 3554 1173 3607 Romanorum
1212 3553 1594 3622 imperatoris,
1661 3554 1720 3606 in
1776 3553 1984 3623 quibus

291 3643 689 3696 continebatur
719 3642 996 3694 insertum
1032 3641 1278 3711 qualiter
1332 3641 1520 3711 ipsum
1574 3642 1983 3696 monasterium

291 3747 421 3784 cum
481 3731 650 3782 rebus
705 3734 761 3782 et
837 3730 1166 3782 hominibus
1214 3730 1321 3783 sibi
1373 3729 1525 3798 juste
1573 3731 1860 3799 subjectis,
1911 3731 1984 3784 ob

293 3833 549 3871 amorem
610 3817 728 3877 Dei.
784 3818 1260 3887 tranquillitatem
1305 3817 1544 3870 fratrum
1578 3817 1790 3871 ibidem
1849 3835 1986 3871 con-

293 3905 639 3968 sistentium,
674 3904 776 3957 sub
810 3905 1145 3974 plenissima
1172 3905 1499 3958 defensione
1545 3922 1746 3958 eorum
1787 3911 1843 3959 et
1876 3906 1984 3959 im-

297 3993 588 4046 munitatis
619 3993 857 4046 tuitione
890 3993 1234 4059 haberetur;
1262 3998 1318 4045 et
1350 4009 1454 4062 pro
1484 3994 1568 4046 rei
1594 3994 1769 4047 totius
1798 3994 1984 4047 ﬁrmi-

293 4089 406 4134 tate
462 4080 796 4133 charissima
852 4085 1046 4132 nostra
1097 4081 1427 4133 contectalis
1495 4081 1986 4152 Cunigunda,Ar-

296 4168 548 4238 gentina
579 4168 818 4221 civitatis
866 4168 1213 4221 Verenhario
1271 4168 1536 4238 episcopo
1591 4169 1820 4236 comite,
1883 4185 1987 4222 nos

296 4257 602 4327 postulavit
625 4261 686 4309 ut
722 4256 1120 4324 hujuscemodi
1151 4261 1362 4309 nostra
1402 4257 1752 4311 auctoritatis
1776 4257 1986 4310 immu-

296 4345 535 4399 nitatem
578 4361 714 4412 erga
757 4344 945 4413 ipsum
1004 4346 1437 4410 monasterium,
1496 4346 1569 4398 ob
1609 4346 1986 4398 reverentiam

297 4433 474 4502 ipsius
531 4433 707 4486 sancti
758 4433 887 4494 loci,
948 4433 1056 4487 hac
1098 4438 1296 4486 nostra
1352 4449 1760 4486 renovaremus
1818 4437 1990 4502 atque

299 4521 768 4574 conﬁrmaremus
811 4521 1168 4574 auctoritate.
1207 4523 1316 4575 Nos
1346 4537 1481 4574 vero
1538 4521 1826 4590 petitioni,
1887 4537 1990 4590 pro

299 4609 397 4663 Dei
430 4625 621 4662 amore
678 4614 734 4662 et
781 4615 988 4662 nostra
1027 4609 1306 4663 mercedis
1353 4615 1687 4679 augmento,
1749 4608 1992 4662 libenter

301 4697 628 4760 annuimus,
661 4702 716 4749 et
734 4697 837 4750 hoc
865 4705 1218 4767 praceptum
1245 4698 1378 4751 inde
1399 4697 1987 4766 conscribijussimus,

300 4801 404 4854 per
443 4785 592 4854 quod
627 4785 704 4837 eis
737 4786 931 4838 omnia
954 4786 1073 4838 loca
1095 4802 1245 4855 qua,
1278 4786 1366 4838 vel
1395 4789 1653 4853 tempore
1680 4785 1992 4838 Eberhardi

301 4879 357 4927 et
387 4873 715 4939 Luidefridi,
748 4874 942 4927 usibus
970 4891 1169 4927 eorum
1210 4889 1475 4927 concessa
1506 4878 1655 4938 sunt,
1710 4877 1764 4926 et
1819 4874 1991 4927 modo

301 4963 360 5015 in
393 4978 590 5015 eorum
622 4962 896 5015 vestitura
941 4968 1191 5026 tenetur,
1229 4963 1298 5014 ad
1338 4979 1508 5014 suum
1567 4961 1881 5031 peculiare;
1939 4966 1994 5015 et

303 5067 430 5121 qua
483 5050 691 5120 injuste
749 5051 1028 5104 abstracta
1070 5056 1402 5114 noscuntur,
1462 5055 1657 5102 nostra
1707 5049 1993 5118 imperiali

301 5139 634 5192 auctoritate
691 5139 882 5191 omnia
942 5139 1022 5191 eis
1082 5137 1447 5190 concedimus
1507 5154 1571 5190 ac
1625 5137 1990 5202 roboramus;

302 5227 495 5295 eisque
547 5226 697 5278 inter
755 5243 811 5278 se
843 5225 1094 5294 eligendi
1147 5225 1409 5277 abbatem
1444 5223 1542 5294 qui
1573 5224 1793 5277 eisdem
1823 5225 1994 5278 rebus

301 5314 542 5365 fratrum
573 5329 818 5381 praesse
852 5313 1049 5382 possit,
1107 5312 1567 5382 quandocumque
1615 5329 1844 5365 necesse
1898 5313 1989 5378 sit,

302 5400 546 5452 liberum
573 5401 936 5453 concedimus
965 5399 1287 5452 arbitrium.
1321 5401 1558 5470 Insuper
1590 5402 1762 5455 etiam
1809 5401 1991 5471 impe-

302 5487 428 5540 riali
461 5493 682 5556 sceptro
713 5488 997 5541 sancimus
1029 5494 1090 5541 ut
1138 5488 1330 5541 nullus
1389 5505 1601 5554 comes,
1658 5494 1756 5542 aut
1797 5491 1988 5560 judex,

301 5592 400 5628 seu
426 5576 692 5644 qualibet
723 5581 1048 5646 prapotens
1084 5591 1350 5644 persona,
1400 5578 1727 5631 mansiones
1776 5578 1838 5632 in
1877 5579 1991 5632 illis

2087 3121 2250 3169 erant
2287 3116 2437 3168 inter
2469 3116 2941 3169 Wormatiensem
2990 3117 3321 3186 episcopum
3367 3123 3424 3170 et
3465 3118 3785 3172 Lauresha-

2088 3219 2342 3258 mensem
2369 3203 2653 3270 abbatem,
2701 3208 2757 3258 et
2781 3203 2932 3258 inter
2969 3204 3214 3258 familias
3242 3210 3621 3275 utrarumque
3684 3207 3784 3259 Ec-

2089 3292 2419 3357 clesiarum;
2450 3309 2579 3362 qua
2606 3292 2722 3360 jam
2756 3292 2816 3346 in
2836 3296 3056 3346 tantum
3084 3292 3467 3358 invaluerunt,
3500 3299 3566 3346 ut
3609 3294 3784 3347 etiam

2092 3379 2534 3434 innumerabilia
2568 3381 2717 3433 inter
2768 3396 2826 3433 se
2855 3380 3060 3433 ﬁerent
3107 3380 3438 3446 homicidia,
3470 3386 3525 3434 et
3553 3381 3614 3434 in
3676 3382 3789 3435 hoc

2092 3469 2403 3522 maximum
2431 3468 2838 3522 detrimentum
2871 3473 3112 3538 utraque
3167 3473 3462 3539 pateretur
3517 3469 3784 3524 Ecclesia.

2094 3557 2453 3626 Quapropter
2477 3572 2606 3609 cum
2638 3556 2876 3610 consilio
2908 3572 3170 3611 meorum
3225 3557 3484 3612 ﬁdelium
3532 3557 3586 3611 id
3635 3557 3790 3612 ordi-

2094 3661 2232 3698 nare
2254 3644 2504 3714 disposui
2525 3662 2538 3703 ;
2563 3645 2622 3698 in
2652 3643 2856 3714 primis
2887 3646 3152 3715 pracepi,
3190 3651 3247 3699 et
3271 3646 3340 3699 ad
3372 3646 3477 3699 hoc
3505 3663 3790 3717 peragen-

2095 3733 2230 3786 dum
2264 3749 2418 3784 meos
2448 3733 2678 3784 nuntios
2706 3732 2855 3792 misi,
2889 3737 2950 3786 ut
2975 3733 3162 3786 omnis
3183 3733 3482 3802 injustitia,
3512 3750 3640 3803 qua
3665 3732 3790 3802 jam

2097 3837 2198 3891 per
2244 3819 2425 3873 multa
2479 3825 2740 3889 tempora
2804 3836 2872 3872 ex
2935 3826 3179 3890 utraque
3235 3827 3395 3890 parte
3471 3821 3794 3876 incorrecta

2096 3910 2509 3976 permanserat,
2557 3907 2629 3959 ab
2666 3907 2949 3960 advocatis
2971 3907 3204 3960 illorum
3230 3908 3502 3978 utrinque
3540 3909 3795 3978 pleniter

2093 3994 2506 4064 corrigeretur;
2561 3999 2618 4046 et
2642 3993 2710 4046 de
2742 3995 2874 4048 hinc
2929 3995 3270 4064 provideant
3316 4013 3388 4050 ne
3445 3997 3582 4049 talia
3634 3999 3792 4066 apud

2097 4084 2227 4136 illos
2283 4083 2362 4134 sic
2416 4082 2833 4136 inveterescant
2892 4087 2968 4150 et,
3057 4084 3103 4137 si
3147 4085 3341 4155 aliqua
3426 4101 3572 4138 nova
3647 4102 3794 4138 con-

2097 4170 2300 4236 tentio,
2332 4171 2479 4236 quod
2509 4169 2680 4224 absit!
2714 4171 2865 4225 inter
2893 4171 3021 4226 illos
3055 4177 3398 4240 remaneret,
3450 4173 3601 4226 istud
3656 4189 3790 4226 con-

2099 4259 2259 4313 stitui
2313 4259 2654 4312 decretum:
2702 4259 2749 4312 si
2801 4260 2929 4330 quis
2980 4277 3044 4314 ex
3103 4261 3317 4314 familia
3384 4261 3565 4314 sancti
3636 4261 3794 4315 Petri

2098 4347 2524 4400 Wormatiensis
2550 4348 2800 4417 aliquem
2838 4364 2902 4401 ex
2931 4349 3150 4402 familia
3205 4348 3383 4402 sancti
3431 4351 3666 4419 Nazary,
3703 4351 3791 4403 vel

2101 4435 2438 4489 econtrario
2468 4435 2676 4505 aliquis
2726 4452 2789 4489 ex
2823 4436 3040 4489 familia
3084 4437 3266 4490 sancti
3327 4438 3540 4508 Nazary
3589 4453 3794 4507 quem-

2100 4540 2274 4594 quam
2345 4539 2641 4577 servorum
2724 4524 2901 4577 sancti
2951 4524 3102 4578 Petri
3131 4525 3489 4595 insequatur,
3548 4530 3606 4579 et
3649 4542 3795 4580 ausu

2102 4611 2409 4667 temerario
2443 4617 2497 4664 et
2518 4617 2740 4665 armata
2765 4628 2942 4665 manu
2989 4612 3240 4682 aliquem
3285 4612 3355 4666 ad
3413 4612 3792 4668 occidendum

2102 4702 2189 4754 vel
2219 4701 2286 4753 ad
2320 4700 2765 4770 depradandum
2795 4701 2917 4770 ejus
2943 4705 3182 4767 curtem,
3233 4701 3348 4753 sive
3396 4703 3517 4771 ejus
3557 4700 3792 4757 domum

2102 4789 2422 4857 infregerit,
2478 4793 2534 4842 et
2563 4805 2694 4842 eum
2735 4787 3184 4859 impugnaverit,
3247 4793 3303 4842 et
3345 4790 3390 4841 si
3415 4789 3510 4842 ille
3542 4789 3812 4860 effugerit

2103 4877 2191 4929 vel
2221 4892 2451 4946 quoquo
2483 4876 2650 4929 modo
2682 4876 2751 4929 ab
2780 4877 2901 4946 ejus
2923 4876 3330 4946 impugnatore
3361 4892 3420 4930 se
3444 4877 3798 4946 liberaverit;

2104 4963 2207 5030 illi,
2265 4963 2365 5033 qui
2394 4963 2564 5032 hujus
2595 4964 2847 5018 audacia
2869 4969 2925 5018 et
2953 4965 3265 5018 invasionis
3311 4965 3423 5019 dux
3451 4971 3507 5018 et
3531 4965 3799 5036 princeps

2105 5051 2298 5118 fuerit,
2330 5051 2603 5104 tollantur
2659 5051 2966 5105 coriarium
2997 5056 3052 5105 et
3089 5052 3299 5123 capilli,
3365 5057 3420 5106 et
3450 5052 3684 5123 insuper
3738 5054 3797 5109 in

2104 5142 2348 5208 utraque
2379 5138 2610 5191 maxilla
2640 5137 2790 5191 ferro
2841 5139 2910 5192 ad
2957 5140 3065 5193 hoc
3118 5140 3265 5194 facto
3313 5140 3484 5194 etiam
3531 5141 3798 5196 candenti

2105 5231 2352 5279 cratetur
2385 5231 2442 5278 et
2494 5227 2890 5294 comburatur;
2948 5228 3156 5298 reliqui
3190 5229 3313 5298 ejus
3361 5245 3630 5298 sequaces
3668 5235 3797 5284 cute

2105 5313 2392 5384 etcapillis
2423 5313 2736 5384 priventnr.
2785 5314 2841 5368 Si
2891 5320 3080 5368 autem
3131 5315 3208 5369 ibi
3253 5315 3546 5383 occiderit,
3599 5332 3795 5371 omnes

2105 5403 2202 5472 qui
2231 5401 2623 5472 hujuscemodi
2665 5401 2956 5456 homicidii
2986 5404 3071 5456 vel
3126 5403 3435 5457 invasionis
3489 5404 3794 5474 participes

2103 5495 2254 5557 sunt,
2297 5494 2423 5543 cute
2479 5494 2535 5542 et
2581 5489 2799 5558 capillis
2856 5491 3115 5559 perditis,
3177 5493 3501 5562 supradicta
3557 5493 3790 5547 combu-

2103 5579 2287 5631 stione
2313 5577 2632 5645 signentur,
2659 5594 2722 5630 ac
2765 5580 3143 5648 weregeldum
3192 5580 3361 5634 occisi
3401 5579 3636 5635 domino
3686 5596 3785 5636 suo
