3944 6336
146 402 250 453 377

1415 397 1815 455 DIPLOMATA
1854 401 2406 456 ECCLESIASTICA.

3546 405 3654 457 378

144 524 345 576 auctor
366 520 661 575 homicidii
693 521 999 591 persolvat,
1025 523 1081 574 et
1110 536 1241 574 cum
1288 521 1563 590 proximis
1594 523 1847 593 ejusdem
1884 527 1923 578 Α
1963 523 2064 576 rici
2145 522 2378 577 secundi
2446 522 2737 592 regnantis
2818 539 2923 588 xxr,
2998 523 3227 592 imperii
3303 528 3492 578 autem
3578 541 3653 578 ix.

145 611 437 664 interfecti
468 614 794 680 componat,
821 614 926 662 etc.

218 699 550 753 Guntherus
632 696 1024 764 cancellarius,
1094 696 1211 751 vice
1268 698 1535 752 Aribonis
1590 699 1851 752 archica-

148 787 365 856 pellani
398 786 722 857 recognovi.

219 876 362 928 Data
417 892 469 928 iv
546 875 809 929 Decemb.
868 873 995 928 Jud.
1055 890 1126 941 vr,
1201 890 1353 928 anno
1409 874 1717 929 Dominica:
1765 876 1853 929 In-

151 979 307 1017 carn.
347 965 504 1018 {023.

218 1055 427 1105 Actum
450 1053 491 1105 Τ
497 1051 699 1117 riburi,
732 1050 891 1122 regia
928 1050 1081 1114 villa,
1107 1050 1366 1106 feliciter.
1403 1053 1607 1106 Amen.

872 1156 1130 1210 CXXXIV.

319 1246 377 1301 S.
412 1246 672 1300 Henricus
714 1245 971 1299 Ecclesia:
998 1245 1397 1299 Paderbonensi
1411 1245 1685 1314 praedium

800 1318 980 1371 Steini
1018 1315 1204 1369 donat.

792 1406 980 1472 (Anno
1036 1403 1215 1473 1023.)

405 1490 555 1561 [ϐοά.
589 1492 836 1560 diplom.,
886 1494 1027 1545 Hist.
1060 1492 1339 1561 Westph.,
1374 1509 1437 1563 p.
1488 1489 1604 1563 87.]

223 1581 285 1635 C.
323 1580 390 1633 In
418 1579 653 1633 nomine
688 1584 895 1633 sanctae
927 1584 982 1632 et
1008 1579 1314 1633 individua:
1349 1580 1660 1644 Trinitatis,
1696 1581 1851 1635 HEN-

150 1685 311 1723 RICUS
365 1668 556 1722 divina
603 1668 826 1723 favente
876 1668 1181 1722 clementia
1232 1670 1621 1723 Romanorum
1669 1669 1854 1739 impe-

152 1762 316 1812 rator
340 1760 647 1827 Augustus.

225 1846 286 1901 Si
359 1845 705 1909 venerabilia
787 1845 1153 1900 ecclesiarum
1208 1846 1310 1900 Dei
1386 1847 1509 1900 loca
1558 1846 1741 1901 ditare
1793 1863 1856 1900 ac

154 1935 471 1990 sublimare
510 1934 921 2000 studuerimus,
977 1934 1139 1988 nobis
1188 1935 1246 1987 id
1294 1934 1615 2006 animaeque
1649 1940 1858 1990 nostrae

156 2023 418 2077 remedio
485 2028 905 2092 parentumque
966 2027 1294 2076 nostrorum
1363 2039 1467 2077 nec
1526 2040 1635 2076 non
1694 2024 1856 2094 regni

157 2112 343 2166 nostri
395 2111 570 2165 statui
623 2112 991 2181 profuturum
1048 2128 1168 2163 esse
1218 2111 1457 2164 minime
1508 2112 1855 2168 dubitamus.

160 2201 525 2270 Quapropter
551 2200 774 2253 noverit
794 2199 1053 2252 omnium
1086 2199 1295 2253 Christi
1346 2200 1603 2253 ﬁdelium
1635 2206 1858 2254 nostro-

159 2304 411 2359 rumque
465 2288 805 2342 universitas
836 2288 1084 2358 qualiter
1114 2304 1239 2353 nos,
1273 2288 1645 2357 inspieientes
1679 2288 1857 2341 inter-

160 2382 397 2430 ventum
476 2376 855 2429 dilectissimze
913 2375 1174 2447 conjugis
1248 2382 1458 2429 nostrae
1508 2376 1862 2447 Cunigundaa

160 2463 548 2535 imperatricis
596 2466 885 2533 Augustae,
918 2464 1142 2517 assidue
1173 2464 1461 2517 monentis
1487 2470 1657 2535 atque
1687 2466 1865 2519 inces-

162 2552 426 2607 sabiliter
456 2552 617 2605 nobis
660 2553 717 2605 in
749 2552 1087 2605 memoriam
1133 2552 1456 2605 reducentis
1510 2554 1660 2622 quod
1696 2554 1864 2607 Mein-

160 2657 378 2693 wercus
454 2640 984 2694 Paderbrunnensis
1042 2640 1292 2693 ecclesiae
1349 2640 1690 2693 venerabilis
1739 2640 1861 2711 epi-

163 2746 373 2800 scopus
444 2729 574 2798 plus
629 2729 846 2781 caeteris
898 2728 1162 2782 ﬁdelibus
1220 2728 1427 2781 nostris
1482 2728 1542 2781 in
1595 2728 1864 2783 servitute

163 2825 361 2872 nostra
382 2817 510 2886 jugi
541 2817 841 2871 devotione
875 2816 1118 2883 sudavit,
1146 2815 1333 2869 eidem
1366 2816 1866 2871 Paderbrunncnsi

164 2906 440 2972 ecclesiae,
494 2906 553 2958 in
613 2906 887 2958 honorem
950 2909 1156 2957 sanetae
1210 2905 1309 2958 Dei
1338 2905 1631 2975 genitricis
1679 2905 1865 2959 Mariae

164 2994 466 3064 sanctique
527 2994 738 3046 Kiliani
794 2992 1044 3046 martiris
1073 3009 1179 3046 nec
1215 3008 1333 3046 non
1372 2993 1615 3063 preciosi
1642 2993 1868 3047 confes-

166 3083 312 3136 soris
344 3082 559 3135 Liborii
614 3081 907 3149 dedicatze,
958 3081 1050 3134 cui
1098 3080 1251 3134 idem
1290 3080 1456 3134 nobis
1497 3081 1734 3135 dilectus
1765 3098 1865 3135 an-
1902 3067 1941 3120 (ἶ

168 3173 329 3224 tistes
386 3186 631 3241 praeesse
665 3170 903 3236 videtur,
962 3170 1249 3239 quoddam
1277 3169 1561 3239 praedium
1609 3175 1867 3223 nostrum

167 3259 351 3314 Steini
385 3258 620 3324 dictum,
664 3258 836 3311 situm
868 3259 926 3310 in
954 3274 1102 3327 pago
1136 3258 1467 3324 Westfalon,
1509 3258 1569 3311 in
1596 3258 1871 3313 comitatu

169 3363 304 3400 vero
338 3345 648 3400 Bernhardi
685 3346 933 3413 comitis,
966 3362 1096 3399 cum
1129 3344 1395 3398 omnibus
1428 3347 1682 3415 ejusdem
1724 3363 1870 3417 prai-

171 3435 254 3489 dii
312 3435 697 3505 pertinentiis,
756 3435 921 3487 terris
984 3434 1247 3488 videlicet
1293 3435 1457 3488 cultis
1510 3440 1567 3489 et
1620 3436 1869 3502 incultis,

174 3524 491 3590 curtiticiis,
527 3524 695 3592 areis,
720 3524 1001 3591 aediﬁciis,
1036 3523 1338 3593 mancipiis
1366 3523 1664 3594 utriusque
1684 3541 1868 3592 sexus,

173 3613 377 3683 pratis,
441 3612 684 3683 pascuis,
768 3612 941 3677 silvis,
1005 3611 1418 3677 venationibus,
1470 3612 1633 3681 aquis
1692 3629 1874 3683 aqua-

174 3717 423 3771 rumque
462 3700 811 3766 decursibus,
873 3700 1302 3769 piscationibus,
1360 3700 1728 3766 molendinis,
1773 3700 1875 3754 viis

174 3795 231 3842 et
288 3788 478 3856 inviis,
536 3787 779 3841 exitibus
834 3794 890 3841 et
920 3788 1215 3855 reditibus,
1251 3789 1504 3859 quaesitis
1553 3791 1637 3843 vel
1689 3790 1875 3861 inqui-

173 3878 389 3942 rendis,
447 3876 779 3947 caeterisque
839 3876 1126 3940 omnibus,
1184 3893 1311 3947 quas
1356 3878 1876 3949 quomodocumque

177 3964 290 4017 dici
321 3964 437 4016 sive
471 3964 636 4017 scribi
670 3969 768 4016 aut
820 3962 1104 4016 nominari
1136 3970 1397 4034 possunt,
1433 3965 1774 4019 utilitatibus
1805 3966 1875 4019 ad

176 4051 371 4121 ipsum
430 4049 713 4119 praedium
774 4049 1213 4118 pertinentibus,
1267 4067 1373 4119 per
1436 4051 1583 4104 hanc
1624 4058 1876 4106 nostram

178 4138 538 4208 imperialem
607 4138 876 4207 paginam
923 4138 1286 4191 concedimus
1349 4144 1521 4209 atque
1580 4140 1877 4209 largimur,

179 4233 235 4282 et
251 4228 321 4281 de
352 4232 550 4280 nostro
573 4227 703 4295 jure
731 4242 794 4279 ac
825 4226 1078 4280 dominio
1110 4226 1164 4279 in
1197 4227 1318 4296 ejus
1343 4226 1438 4296 jus
1469 4233 1525 4280 et
1555 4228 1879 4282 dominium

180 4315 423 4369 omnino
454 4315 934 4380 transfundimus;
980 4331 1046 4368 ea
1089 4315 1347 4368 videlicet
1377 4316 1599 4369 ratione
1632 4322 1693 4370 ut
1723 4334 1877 4386 prae—

181 4404 370 4459 dictus
429 4404 497 4457 Μ.
548 4401 843 4472 episcopus
891 4402 1115 4473 sibique
1187 4402 1453 4472 posthinc
1519 4403 1879 4457 succedentes

181 4492 426 4546 liberam
476 4491 723 4544 habeant
770 4491 837 4544 de
886 4491 1086 4544 eodem
1145 4491 1366 4560 praedio
1419 4491 1655 4561 ejusque
1712 4492 1882 4560 perti-

183 4579 399 4634 nentiis
444 4583 783 4649 potestatem
824 4579 1103 4649 quidquid
1153 4579 1235 4632 eis
1291 4579 1572 4649 placuerit
1597 4580 1665 4633 ad
1714 4596 1881 4633 usum

184 4668 439 4723 ecclesiae
494 4668 756 4733 faciendi,
821 4668 1079 4721 omnium
1127 4668 1431 4721 hominum
1486 4666 1651 4736 regni
1702 4668 1882 4720 nostri

184 4756 637 4812 contradictione
663 4764 899 4810 remota.
924 4758 987 4811 Et
1019 4762 1083 4810 ut
1104 4757 1223 4810 haec
1255 4761 1463 4809 nostrae
1510 4755 1882 4825 ingenuitatis

182 4845 494 4900 auctoritas
576 4846 793 4899 stabilis
865 4853 922 4900 et
999 4840 1330 4899 inconvuls‘a
1398 4844 1557 4897 omni
1622 4844 1883 4914 posthinc

180 4940 517 5006 permaneat
545 4940 822 5004 tempore,
859 4934 968 4988 hoc
1024 4934 1321 5004 imperiale
1370 4938 1719 5003 praeceptum
1749 4932 1882 4988 inde

180 5024 572 5093 conscriptum
603 5040 773 5077 manu
807 5023 1041 5095 propria
1096 5024 1516 5089 conﬁrmantes,
1567 5022 1737 5093 sigilli
1780 5039 1880 5076 no-

178 5111 284 5165 stri
315 5111 695 5181 impressione
717 5113 997 5183 jussimus
1025 5112 1310 5183 insigniri.

251 5202 479 5267 Signum
551 5201 735 5254 domni
794 5203 1016 5255 Henrici
1091 5203 1451 5257 Romanorum
1530 5201 1884 5254 invictissimi

178 5289 257 5355 (L.
293 5288 380 5357 Μ.)
408 5290 751 5356 imperatoris
772 5291 1030 5357 Augusti.

250 5377 598 5431 Guntherius
662 5377 1033 5432 cancellarius
1106 5377 1227 5431 vice
1296 5375 1565 5430 Aribonis
1623 5375 1878 5429 archica-

176 5465 394 5537 pellani
426 5466 777 5534 recognovit.

252 5556 391 5609 Data
417 5573 510 5610 x1x
568 5554 697 5609 Kal.
756 5555 944 5621 Febr.,
996 5555 1306 5609 indictione
1350 5571 1423 5622 vi,
1486 5570 1634 5608 anno
1688 5554 1879 5609 Domi-

176 5645 321 5698 nicze
405 5644 812 5699 incarnationis
893 5648 1049 5711 1023,
1158 5660 1309 5698 anno
1406 5642 1605 5697 domui
1694 5641 1875 5696 Hein-

2029 616 2228 666 Actum
2268 611 2722 665 Poderbrunnon
2762 610 3023 664 feliciter.
3050 616 3250 665 Amen.

2691 700 2924 753 CXXXV.

2138 790 2194 844 S.
2229 790 2449 843 Henrici
2473 788 2828 858 privilegium
2872 803 2975 856 pro
3006 788 3189 842 eadem
3217 789 3476 843 Ecclesia.

2574 875 2757 943 (Anno
2800 876 3047 943 eodem.)

2585 963 2784 1037 [lbid.,
2827 981 2882 1035 p.
2917 964 3032 1037 83.]

2035 1054 2092 1107 C.
2118 1054 2179 1106 In
2203 1052 2437 1105 nomine
2479 1058 2684 1105 sanctas
2708 1059 2761 1107 et
2802 1053 3113 1107 individum
3156 1054 3467 1123 Trinitatis,
3493 1058 3655 1109 Hem-

1962 1158 2113 1195 ωερε
2158 1141 2350 1195 divina
2404 1141 2628 1195 favente
2669 1141 2973 1195 clementia
3025 1142 3417 1197 Romanorum
3472 1145 3657 1215 impe-

1965 1234 2119 1282 rator
2140 1232 2447 1298 Augustus.

2034 1317 2315 1381 Quoniam
2349 1318 2555 1370 divinae
2608 1318 2955 1387 dignationis
2986 1319 3290 1373 clementia
3343 1320 3411 1373 ad
3454 1337 3658 1390 regen-

1963 1406 2098 1459 dum
2151 1406 2322 1459 totius
2371 1405 2453 1459 rei
2514 1406 2755 1475 publica:
2806 1411 3017 1460 statum
3076 1424 3177 1460 nos
3225 1410 3483 1477 provexit
3542 1424 3659 1461 sua:

1963 1493 2256 1547 immensae
2293 1494 2517 1563 pietatis
2552 1494 2999 1563 magniﬁcentia,
3055 1500 3183 1548 ante
3233 1496 3425 1548 omnia
3452 1496 3521 1549 ad
3552 1496 3660 1549 hoc

1964 1582 2222 1635 laborare
2255 1582 2527 1636 debemus
2557 1587 2636 1649 ut,
2670 1583 2768 1652 qui
2801 1599 3009 1635 corona
3048 1583 3261 1636 terreni
3289 1584 3514 1653 imperii
3542 1584 3661 1653 glo-

1966 1670 2202 1736 riamur,
2228 1670 2327 1723 illa
2352 1669 2751 1723 inestimabilis
2783 1671 2976 1741 gaudii
3000 1672 3182 1740 gloria
3202 1689 3316 1725 non
3348 1672 3656 1741 privemur.

1968 1758 2126 1822 Quod
2159 1758 2471 1812 certissime
2518 1775 2681 1829 posse
2712 1759 2837 1812 ﬁeri
2894 1760 3168 1825 creditur,
3225 1759 3269 1811 si
3322 1759 3445 1811 loca
3493 1758 3663 1811 eccle-
3748 1804 3763 1821 ,

1968 1847 2207 1901 siasticis
2239 1847 2525 1917 obsequiis
2555 1863 2587 1900 a
2617 1847 2941 1901 Christianis
2962 1848 3098 1900 viris
3140 1847 3434 1918 deputata,
3467 1851 3663 1900 nostra

1967 1939 2302 1989 auctoritate
2340 1937 2771 2001 conﬁrmentur,
2808 1941 2862 1989 et
2891 1937 3349 1997 corroborentur,
3386 1940 3464 1999 ut,
3502 1934 3661 1988 omni

1968 2023 2233 2078 exteriori
2291 2023 2688 2094 inquietudine
2737 2030 2978 2090 remota,
3031 2024 3234 2077 divinis
3288 2024 3552 2077 laudibus
3601 2022 3660 2075 in

1969 2111 2050 2165 eis
2080 2111 2387 2181 mancipati
2425 2112 2485 2164 in
2514 2126 2652 2180 pace
2687 2116 2741 2163 et
2780 2112 2968 2182 quiete
3003 2111 3235 2164 domino
3268 2111 3476 2164 servire
3508 2110 3659 2164 dele-

1967 2205 2211 2267 ctentur,
2263 2204 2335 2264 et,
2387 2199 2487 2269 qui
2517 2199 2666 2253 curis
2696 2206 2749 2253 et
2782 2200 3025 2271 negotiis
3071 2200 3436 2253 smcularibus
3461 2215 3660 2268 grava-

1967 2303 2120 2356 mur,
2153 2304 2353 2341 eorum
2386 2288 2485 2359 qui
2507 2288 2565 2340 in
2596 2288 2719 2357 lege
2752 2288 2873 2359 ejus
2894 2288 2985 2341 die
3017 2305 3078 2341 ac
3111 2293 3273 2341 nocte
3314 2288 3664 2341 meditantur

1968 2375 2237 2445 precibus
2259 2381 2671 2446 apeccatorum
2704 2382 3030 2430 nostrorum
3064 2376 3301 2431 nexibus
3332 2376 3662 2430 liberemur.

1971 2464 2328 2535 Quapropter
2358 2465 2617 2518 omnium
2666 2466 2924 2519 ﬁdelium
2970 2466 3177 2519 Christi
3226 2471 3665 2533 nostrorumque

1974 2553 2195 2605 noverit
2225 2552 2565 2606 universitas
2625 2554 2871 2624 qualiter
2924 2554 3164 2607 dilectus
3221 2553 3385 2607 nobis
3432 2568 3664 2604 venera-

1972 2639 2216 2710 bilisque
2252 2696 2259 2702 ,
2300 2641 2696 2710 Meginwercus
2773 2641 3324 2695 Potherbrunnensis
3404 2640 3666 2693 Ecclesiae

1975 2728 2227 2793 antistes,
2308 2729 2706 2782 celsitudinem
2779 2734 3033 2782 nostram
3114 2729 3275 2792 adiit,
3334 2728 3669 2797 suppliciter

1976 2832 2215 2870 exorans
2281 2821 2343 2869 ut
2402 2818 2833 2882 monasterium,
2866 2818 2927 2870 in
2977 2816 3315 2870 occidentali
3346 2822 3506 2887 parte
3558 2818 3667 2869 Po-

1976 2905 2449 2958 therbrunnensis
2479 2905 2739 2959 suburbii
2779 2906 2845 2958 ab
2892 2922 2958 2959 eo
3002 2907 3059 2957 in
3090 2906 3304 2958 honore
3330 2910 3535 2958 sanctae
3569 2904 3669 2958 Dei

1980 2993 2268 3063 genitricis
2323 3000 2379 3046 et
2435 2999 2725 3064 perpetuas
2774 2994 3022 3063 Virginis
3073 2994 3257 3048 Maria:
3294 2993 3670 3064 omniumque

1980 3086 2303 3134 sanctorum
2363 3081 2684 3147 fundatum,
2757 3088 2950 3135 nostra
3004 3082 3290 3152 imperiali
3338 3082 3671 3135 auctoritate

1978 3170 2433 3235 conﬁrmaretur,
2465 3176 2746 3241 quatenus
2784 3170 2983 3223 fratres
3021 3170 3199 3240 ipsius
3230 3170 3581 3236 monasterii,
3616 3171 3676 3222 in

1980 3256 2170 3309 divino
2203 3257 2431 3310 servitio
2454 3257 2669 3326 jngiter
2697 3257 3077 3327 permansnri,
3127 3257 3196 3310 ab
3228 3257 3384 3309 omni
3416 3257 3675 3309 saeculari

1981 3344 2251 3397 violentia
2282 3350 2336 3397 et
2365 3345 2625 3397 molestia
2664 3344 2867 3397 remoti
2925 3350 2983 3397 et
3014 3344 3240 3408 muniti,
3294 3350 3451 3397 tanto
3499 3360 3672 3413 expe-

1981 3432 2152 3487 ditius
2192 3433 2341 3485 viam
2393 3433 2792 3485 mandatorum
2826 3433 2925 3486 Dei
2971 3437 3285 3495 currerent,
3338 3436 3550 3501 quanto
3596 3431 3677 3484 eis

1981 3526 2223 3573 terrente
2289 3520 2774 3573 incommoditatis
2829 3519 3241 3589 impedimenta
3286 3520 3443 3571 nulla
3488 3519 3675 3572 obsta-

1982 3614 2127 3663 rent.
2164 3609 2336 3677 Cujus
2382 3608 2680 3661 laudabilis
2729 3608 2904 3661 studii
2952 3607 3270 3661 intentione
3310 3608 3676 3678 congauden-

1982 3702 2088 3760 tes,
2122 3703 2177 3750 et
2206 3713 2309 3766 per
2338 3696 2723 3750 interventum
2772 3696 3149 3750 dilectissimze
3179 3696 3438 3767 conjugis
3473 3703 3677 3751 nostrae

1985 3787 2338 3855 Cunigundas
2370 3786 2629 3839 videlicet
2668 3786 3047 3855 imperatricis
3078 3789 3367 3855 Augustae,
3402 3786 3681 3838 aliorum-

1986 3890 2097 3945 que
2148 3876 2404 3940 ﬁdetium
2466 3883 2793 3929 nostrorum
2837 3875 3006 3945 justis
3037 3874 3407 3944 petitionibus
3435 3874 3681 3941 gratuito

1986 3964 2378 4029 assentientes,
2455 3962 2742 4031 imperiali
2814 3963 3149 4016 auctoritate
3209 3962 3562 4015 decrevimus
3624 3968 3686 4015 ut

1987 4052 2180 4104 omnia
2210 4069 2239 4104 a
2271 4051 2435 4104 nobis
2464 4053 2550 4103 vel
2587 4052 2655 4104 ab
2691 4051 2813 4120 ipso
2850 4050 3159 4103 venerabili
3186 4051 3454 4120 episcopo
3484 4051 3553 4104 de
3584 4067 3685 4103 sua

1988 4140 2344 4207 haereditate,
2377 4140 2460 4192 vel
2493 4138 2724 4193 aliunde
2754 4155 2856 4208 per
2887 4138 3394 4191 commutationem
3428 4144 3525 4191 aut
3556 4155 3686 4208 pre-

1988 4228 2218 4293 cariam,
2255 4228 2339 4281 vel
2373 4228 2442 4280 ab
2484 4227 2594 4280 illis
2634 4227 2731 4281 Dei
2759 4227 3069 4285 cultoribus
3112 4226 3296 4279 eidem
3342 4226 3686 4279 monasterio

1988 4316 2209 4379 collata,
2263 4316 2522 4368 videlicet
2560 4316 2619 4367 in
2669 4314 2992 4379 territoriis,
3043 4314 3207 4380 villis,
3260 4313 3427 4377 areis,
3479 4314 3687 4382 feurtis,

1989 4404 2263 4469 uidiﬁciis,
2316 4403 2614 4473 mancipiis
2636 4403 2934 4472 utriusque
2991 4418 3176 4467 sexus,
3212 4401 3393 4463 [terris
3441 4402 3609 4454 cultis
3633 4406 3690 4455 et

1994 4491 2241 4557 incultis,
2277 4491 2471 4561 pratis,
2502 4491 2742 4559 pascuis,
2797 4490 3030 4560 campis,
3089 4489 3251 4560 aquis
3295 4506 3689 4560 aquarumque

1995 4579 2343 4644 decursibus,
2393 4579 2578 4644 molis,
2626 4580 2986 4644 molendinis,
3030 4579 3460 4649 piscationibus,
3518 4578 3688 4646 silvis,

1992 4668 2412 4733 venationibus,
2468 4667 2712 4720 exitibus
2778 4672 2834 4720 et
2894 4667 3192 4735 reditibus,
3233 4668 3339 4720 viis
3398 4673 3452 4721 et
3498 4667 3689 4735 inviis,

1994 4757 2246 4827 quaesitis
2278 4761 2333 4809 et
2361 4756 2740 4825 inquirendis,
2806 4772 2937 4809 eum
2970 4756 3127 4809 omni
3159 4755 3405 4809 utilitate
3434 4760 3490 4809 et
3544 4756 3690 4809 inte-

1992 4846 2198 4916 gritate
2217 4861 2345 4915 quas
2376 4846 2492 4897 ullo
2518 4845 2685 4898 modo
2709 4860 2780 4898 ex
2810 4845 2889 4897 eis
2913 4846 3214 4915 provenire
3244 4845 3480 4915 poterit,
3511 4844 3690 4913 ipsius

1994 4935 2328 4989 monasterii
2387 4934 2558 4987 abbas
2623 4950 2752 4987 cum
2801 4934 2917 4986 suis
2976 4934 3245 4987 fratribus
3310 4933 3690 5004 proprietario

1986 5024 2116 5093 jure
2167 5023 2501 5093 potestative
2554 5023 2764 5076 habeat
2794 5027 2964 5091 atque
2996 5021 3305 5091 possideat,
3340 5026 3395 5074 et
3416 5037 3544 5074 cum
3577 5021 3691 5090 epi-

1992 5112 2144 5184 scopi
2178 5112 2406 5165 licentia
2437 5111 2716 5182 quidquid
2740 5111 2850 5164 illis
2876 5109 3157 5180 placuerit
3206 5111 3276 5163 ad
3323 5124 3689 5163 communem

1991 5217 2160 5254 usum
2194 5201 2453 5255 Ecclesiae
2484 5200 2669 5253 faciat.
2726 5202 2964 5269 Insuper
3017 5199 3188 5252 etiam
3221 5198 3465 5252 ﬁrmiter
3504 5202 3558 5250 et
3585 5202 3691 5250 sta-

1992 5288 2105 5341 bile
2137 5288 2561 5357 perpetuojure
2589 5287 2874 5340 sancimus
2906 5292 2969 5339 ut
2996 5285 3186 5338 nullus
3218 5285 3330 5338 dux
3354 5290 3452 5338 aut
3477 5300 3687 5352 comes,

1993 5382 2089 5429 aut
2121 5377 2309 5447 aliqua
2338 5392 2581 5445 persona
2640 5392 2811 5446 parva
2842 5376 2925 5427 vel
2976 5390 3203 5443 magna,
3242 5372 3560 5443 quemlibet
3598 5372 3692 5427 ab-

1991 5464 2189 5517 batum
2221 5464 2400 5534 ipsius
2459 5463 2787 5517 monasterii
2841 5479 2969 5516 cum
3030 5462 3145 5514 suis
3199 5461 3471 5515 fratribus
3518 5477 3691 5531 super

1992 5553 2205 5606 eisdem
2237 5552 2401 5605 bonis
2431 5553 2773 5622 inquietare,
2808 5552 3109 5603 molestare.
3147 5556 3243 5603 aut
3273 5550 3559 5616 divestire,
3594 5556 3694 5604 aut

1992 5642 2182 5711 aliqua
2205 5641 2511 5710 judiciaria
2535 5645 2811 5710 potestate
2851 5657 2908 5693 se
2941 5640 3320 5692 intromittere
3352 5644 3682 5709 praesumat,
