3944 6306
274 349 376 402 379

1570 343 1627 400 S.
1672 345 1963 402 HENRlCl
2002 342 2479 401 IMPERATORIS

3672 342 3779 396 380

271 470 382 525 nisi
435 470 741 525 advocatus
782 469 1034 523 ecclesia
1090 469 1160 523 ab
1214 469 1418 522 abbate
1479 473 1535 522 et
1587 468 1854 522 fratribus
1903 468 1964 521 in
1994 469 2041 522 Α
2080 467 2277 522 eadem
2308 465 2659 538 proprietate
2689 463 2928 536 ejusque
2957 463 3320 536 pertinentiis
3367 465 3642 537 quidquid
3697 463 3780 518 eis

270 559 628 613 defensorem
661 559 871 611 electus
896 561 951 611 et
979 558 1050 610 ab
1073 557 1340 628 episcopo
1385 556 1755 621 constitutus;
1783 572 1848 609 eo
1877 555 1964 608 vi-

269 647 474 701 delicet
497 651 696 699 tenore
729 651 810 710 ut,
863 646 992 714 jure
1022 651 1318 699 contentus
1364 644 1633 709 ecclesia,
1663 660 1790 697 cum
1822 658 1970 713 pra-

271 739 436 806 cepto
463 739 521 788 et
541 735 775 788 consilio
808 735 1026 788 abbatis
1057 733 1249 786 omnia
1270 733 1437 786 faciat
1468 738 1638 802 atque
1680 733 1964 802 disponat.

271 823 328 877 Si
359 823 486 893 quis
520 829 708 876 autem
743 822 852 875 hoc
906 827 1116 874 nostra
1176 821 1490 890 imperialis
1522 821 1969 874 confirmationis

271 909 518 972 edictum
596 910 783 979 aliqua
859 908 1310 978 prasumptione
1395 908 1708 978 infringere
1790 912 1970 961 tenta-

271 998 434 1062 verit,
486 1002 713 1051 centum
773 996 1048 1049 librarum
1078 997 1389 1049 examinati
1430 995 1554 1049 auri
1608 996 1678 1049 ad
1709 1002 1967 1049 nostrum

273 1086 499 1155 pondus
529 1084 941 1154 compositione
973 1085 1270 1151 multetur,
1324 1090 1386 1137 ut
1418 1085 1841 1155 quinquaginta
1872 1100 1948 1138 no

273 1178 402 1226 stra
424 1189 663 1227 camera
704 1173 1007 1242 persolvat,
1029 1173 1462 1242 quinquaginta
1493 1173 1675 1226 eidem
1711 1173 1969 1226 Ecclesia

275 1278 449 1332 quam
499 1278 638 1314 ausu
672 1262 977 1314 temeraria
1015 1260 1339 1329 inquietare
1371 1247 1756 1330 prasumpSit.
1794 1262 1874 1326 Et,
1907 1264 1972 1314 ut

271 1351 394 1404 hac
453 1349 813 1402 confirmatio
845 1339 1033 1402 verius
1079 1350 1344 1402 credatur
1403 1349 1734 1419 stabilisque
1785 1354 1844 1402 et
1883 1349 1969 1402 in-

271 1437 534 1491 convulsa
567 1438 726 1491 omni
783 1442 1039 1507 tempore
1099 1438 1397 1499 habeatur,
1458 1438 1606 1490 hanc
1658 1437 1971 1506 imperialis

271 1527 440 1580 edicti
471 1526 740 1596 paginam
763 1526 896 1579 inde
932 1525 1234 1590 conscribi,
1273 1530 1328 1578 et
1357 1541 1531 1578 manu
1575 1525 1811 1596 propria
1832 1540 1968 1578 con-

271 1614 587 1680 ﬁrmantes,
622 1614 809 1684 sigillo
845 1619 1036 1666 nostro
1066 1613 1647 1683 insignirijussimus.

343 1703 570 1770 Signum
644 1701 828 1755 damni
874 1704 1092 1755 Henrici
1147 1702 1232 1770 (ι.
1315 1703 1408 1767 Μ.)
1466 1704 1821 1756 Romanorum
1879 1701 1968 1755 in-

269 1794 560 1846 victissimi
584 1793 929 1860 imperatoris
961 1793 1228 1860 Augusti.

342 1879 689 1934 Guntherils
737 1879 1107 1933 caucellarius
1139 1879 1258 1933 vice
1287 1879 1571 1950 fAribonis
1627 1879 1970 1950 archicapel-

275 1967 393 2022 lani
422 1967 774 2038 recognovit.

343 2057 546 2110 Datum
576 2073 728 2111 xviu.
768 2056 887 2109 Kal.
939 2055 1092 2122 Feb.,
1124 2055 1324 2110 indict.
1357 2072 1432 2117 νι,
1460 2056 1626 2110 'anno
1661 2054 1970 2109 Dominica

272 2145 681 2198 incarnationis
718 2146 871 2210 1023,
897 2160 1047 2197 anno
1077 2160 1212 2197 vero
1248 2144 1444 2197 domui
1477 2143 1704 2200 Henrici
1737 2143 1972 2197 secundi

271 2232 566 2303 regnantis
595 2249 709 2298 xxr,
733 2232 961 2303 imperii
987 2236 1176 2286 autem
1209 2233 1332 2302 ejus
1362 2249 1434 2286 Ix.

346 2322 553 2374 Actum
587 2321 1036 2374 Paderbrunnon
1057 2321 1312 2374 feliciter.
1342 2323 1542 2374 Amen.

991 2409 1251 2464 CXXXVI.

271 2497 327 2552 S.
365 2499 652 2552 Heinricus
696 2497 1123 2552 Paderbornensi
1167 2498 1417 2551 Ecclesiae
1460 2496 1671 2567 praedia
1724 2495 1968 2565 quadam

1007 2589 1232 2652 confert.

874 2674 1058 2742 (Anno
1117 2674 1366 2740 eodem.)

913 2761 1094 2825 uota,
1129 2778 1183 2831 p.
1222 2759 1337 2832 84.]

342 2848 400 2901 C.
429 2849 493 2902 In
519 2847 753 2902 nomine
785 2854 992 2902 sancta
1026 2853 1081 2900 et
1113 2849 1421 2902 individua
1453 2849 1765 2916 Trinitatis,
1801 2852 1969 2905 Hem-

273 2951 445 3000 mcus,
477 2935 669 2988 divina
698 2936 918 2989 favente
967 2937 1289 3004 clementia,
1341 2939 1732 2991 Romanorum
1799 2937 1970 3007 impe-

273 3028 429 3076 rator
460 3026 771 3093 Augustus.

347 3111 402 3164 Si
455 3111 805 3165 venerabilia
864 3111 1241 3166 Ecclesiarum
1318 3113 1418 3166 Dei
1475 3114 1597 3167 loca
1673 3115 1854 3169 ditare
1910 3133 1975 3170 ac

273 3199 582 3253 sublimare
640 3200 1046 3266 studuerimus,
1100 3201 1262 3254 nobis
1334 3201 1390 3255 id
1448 3202 1726 3273 regnique
1793 3205 1974 3258 nostri

273 3288 445 3341 statui
495 3287 858 3358 profuturum
917 3305 1036 3342 esse
1114 3289 1354 3343 minime
1422 3289 1769 3345 dubitamus.
1825 3293 1971 3356 Qua-

274 3381 514 3447 propter
540 3377 762 3430 noverit
801 3378 1059 3431 omnium
1098 3378 1307 3432 Christi
1339 3379 1590 3432 ﬁdelium
1615 3385 1971 3434 nostrorum-

273 3482 386 3536 que
441 3467 784 3520 universitas
834 3467 1081 3536 qualiter
1135 3484 1260 3530 nos,
1311 3484 1414 3537 pro
1469 3467 1724 3520 remedio
1768 3470 1972 3522 anima

272 3559 482 3608 nostra
531 3555 1030 3626 dilectissimaque
1073 3556 1332 3625 conjugis
1375 3561 1582 3608 nostra
1616 3557 1972 3625 Cunigunda

272 3642 534 3695 videlicet
582 3643 962 3712 imperatricis
1014 3647 1284 3713 Augustae
1334 3648 1507 3714 atque
1535 3649 1837 3713 parentum
1869 3661 1971 3698 no-

273 3732 544 3793 strorum,
576 3745 680 3782 nec
711 3745 826 3782 non
865 3746 967 3799 pro
1002 3729 1303 3782 animabus
1332 3730 1587 3784 ﬁdelium
1644 3736 1968 3785 nostrorum

273 3832 522 3886 quorum
573 3816 655 3870 ibi
706 3833 950 3886 corpora
981 3817 1362 3888 requiescunt,
1420 3818 1702 3888 Erphonis
1760 3820 1973 3873 scilicet

272 3903 494 3956 comitis
541 3909 712 3975 atque
763 3906 1030 3971 Cononis,
1093 3906 1437 3959 monasterio
1485 3911 1681 3960 nostro
1713 3907 1971 3977 Cofunga

275 3992 592 4058 nominato,
639 3993 696 4046 in
729 3995 1006 4048 honorem
1043 3994 1270 4048 Domini
1300 3994 1605 4049 Salvatoris
1646 4001 1969 4065 sanctaque

273 4081 396 4149 ejus
427 4081 745 4146 Genitricis,
770 4098 874 4135 nec
913 4099 1029 4135 non
1063 4082 1542 4136 victoriosissima
1582 4083 1764 4136 crucis
1797 4089 1967 4153 atque

273 4168 424 4222 beati
497 4171 650 4223 Petri
721 4172 1106 4241 apostolorum
1164 4171 1442 4241 principis
1499 4175 1845 4238 constructo,
1896 4172 1965 4225 ad

271 4271 439 4310 usum
501 4257 1019 4314 sanctimonialium
1086 4259 1302 4312 ibidem
1403 4260 1514 4311 Deo
1571 4259 1936 4313 servientium

273 4343 558 4411 quoddam
579 4345 924 4414 nostrijuris
951 4346 1230 4416 pradium
1257 4345 1697 4415 Hardinghuson
1727 4347 1960 4414 dictum,

271 4430 442 4483 situm
493 4431 550 4483 in
600 4448 747 4501 pago
792 4475 801 4485 .
849 4472 862 4484 .
908 4474 920 4486 .
968 4433 1071 4487 .in
1128 4433 1402 4486 comitatu
1450 4449 1582 4487 vero
1632 4476 1644 4487 .
1699 4478 1710 4489 .
1761 4477 1771 4487 .
1819 4479 1829 4489 .
1878 4453 1962 4489 co-

271 4517 449 4585 mitis,
480 4533 610 4571 cum
669 4520 936 4572 omnibus
993 4521 1248 4589 ejusdem
1323 4522 1518 4590 pradii
1580 4523 1963 4590 pertinentiis,

272 4604 440 4658 terris
489 4605 756 4659 videlicet
812 4608 978 4660 cultis
1033 4613 1087 4661 et
1132 4609 1378 4670 incultis,
1433 4611 1746 4676 curtiticiis,
1800 4613 1964 4678 areis,

272 4692 530 4746 adiﬁciis
581 4699 636 4746 et
655 4695 954 4764 mancipiis
979 4697 1277 4767 utriusque
1299 4714 1485 4759 sexus,
1508 4699 1705 4768 pratis,
1722 4700 1965 4769 pascuis,

271 4780 447 4846 silvis,
488 4782 910 4843 venationibus,
945 4785 1108 4853 aquis
1140 4801 1538 4855 aquarumque
1609 4787 1965 4853 decursibus,

269 4868 704 4942 piscatiOnibus,
754 4872 1120 4939 molendinis,
1154 4873 1256 4924 viis
1310 4879 1366 4926 et
1411 4873 1598 4940 inviis,
1633 4875 1876 4928 exitibus
1915 4881 1968 4930 et

269 4958 570 5022 reditibus,
628 4957 880 5028 quasitis
930 4961 1012 5011 vel
1066 4959 1448 5029 inquirendis,
1483 4963 1812 5033 caterisque
1844 4980 1967 5017 om-

270 5046 460 5110 nibus,
493 5061 621 5115 qua
653 5045 1197 5116 quomodocumque
1227 5047 1337 5100 dici
1359 5049 1472 5100 sive
1506 5049 1677 5101 scribi
1704 5056 1964 5118 possunt,

269 5133 610 5187 utilitatibus
659 5134 729 5186 ad
782 5134 966 5204 ipsum
1040 5135 1314 5204 pradium
1375 5136 1808 5205 pertinentibus,
1869 5155 1970 5209 per

270 5223 417 5275 hanc
441 5227 694 5275 nostram
728 5222 1087 5292 imperialem
1147 5223 1417 5293 paginam
1469 5225 1836 5278 concedimus
1884 5233 1964 5281 at-

269 5326 379 5379 que
407 5310 704 5380 largimur,
734 5315 790 5363 et
819 5311 885 5364 de
917 5315 1112 5364 nostro
1165 5311 1294 5380 jure
1343 5327 1407 5364 ac
1457 5312 1713 5366 dominio
1749 5313 1809 5366 in
1847 5315 1969 5382 ejus

263 5397 358 5466 jus
385 5402 440 5450 et
477 5399 796 5452 dominium
829 5399 1063 5452 omnino
1096 5399 1578 5467 transfundimus;
1622 5418 1688 5455 ea
1708 5401 1971 5455 videlicet

270 5484 491 5537 ratione
540 5491 604 5539 ut
659 5486 837 5556 ipsius
889 5488 1136 5540 ecclesia
1180 5488 1523 5542 venerabilis
1557 5489 1840 5543 abbatissa
1865 5491 1971 5544 Ota

270 5571 492 5642 sibique
549 5574 810 5641 posthinc
879 5577 1242 5630 succedentes
1310 5576 1548 5630 liberam
1607 5578 1853 5632 habeant
1898 5579 1966 5634 de

1949 4302 1961 4326 ’
1995 4299 2035 4352 D

2078 555 2360 626 placuerit
2405 555 2474 607 ad
2533 569 2702 606 usum
2775 553 3028 606 ecclesia
3113 553 3359 607 faciendi
3412 558 3779 624 potestatem,

2080 643 2337 697 omnium
2391 641 2691 695 hominum
2749 641 2915 710 regni
2972 641 3151 694 nostri
3196 642 3645 695 contradictione
3697 657 3782 695 re-

2080 737 2254 785 mota.
2300 733 2381 796 Et,
2441 735 2504 784 ut
2571 731 2692 784 hac
2752 734 2964 782 nostra
3018 729 3388 798 ingenuitatis
3471 729 3783 783 auctoritas

2081 818 2299 873 stabilis
2347 835 2408 871 ac
2467 817 2796 871 inconvulsa
2861 817 3019 870 omni
3093 817 3356 887 posthinc
3442 821 3783 888 permaneat

2079 913 2361 978 tempore,
2395 906 2811 975 hocimperiale
2841 912 3195 976 praceptum
3228 907 3360 960 inde
3391 907 3780 976 conscriptum

2081 1013 2253 1050 manu
2313 995 2547 1066 propria
2602 995 3020 1057 contirmantes,
3083 994 3257 1065 sigilli
3312 995 3489 1049 nostri
3534 995 3780 1066 impres-

2080 1086 2240 1139 sione
2262 1083 2538 1155 jussimus
2565 1083 2850 1154 insigniri.

2149 1174 2372 1239 Signum
2453 1171 2638 1225 damni
2711 1170 2952 1224 Heinrici
3005 1172 3366 1226 Romanorum
3427 1172 3784 1226 invictissimi

2081 1263 2164 1333 (L.
2199 1263 2293 1330 Μ.)
2315 1263 2661 1330 imperatoris
2693 1263 2954 1326 Augusti.

2151 1349 2496 1404 Guntherius
2551 1348 2923 1402 cancellarius
2977 1347 3098 1401 vice
3162 1346 3428 1401 Aribonis
3483 1347 3780 1418 archicap-

2077 1437 2297 1508 pellani
2320 1437 2673 1507 recognovit.

2152 1528 2357 1579 Datum
2415 1542 2505 1578 xix
2561 1525 2682 1579 Kal.
2745 1525 2931 1594 Febr.,
2982 1522 3182 1577 indict.
3231 1539 3307 1587 vi,
3336 1539 3486 1576 anno
3519 1523 3779 1577 Domini-

2081 1631 2158 1668 ca
2207 1614 2618 1667 incarnationis
2677 1615 2849 1678 1023;
2912 1628 3065 1666 anno
3123 1627 3255 1665 vero
3308 1611 3502 1664 domui
3551 1611 3783 1665 Henrici

2080 1700 2315 1754 secundi
2347 1701 2640 1769 regnantis
2669 1717 2780 1765 xxr,
2810 1700 3043 1770 imperii
3065 1705 3256 1753 autem
3286 1699 3408 1770 ejus
3429 1715 3502 1752 Ix.

2149 1791 2351 1844 Actum
2384 1789 2832 1843 Paderbrunnon
2855 1789 3114 1843 feliciter.
3145 1788 3350 1843 Amen.

2756 1877 3041 1932 CXXXVII.

2367 1967 2649 2020 Decretum
2679 1967 2734 2020 S.
2781 1968 3000 2020 Henrici
3026 1967 3082 2021 Π
3125 1966 3490 2035 imperatoris.

2594 2055 2782 2122 (Anno
2819 2055 2977 2119 1024,
3011 2057 3041 2107 9
3071 2052 3256 2124 Mart.)

2329 2140 2572 2211 [Drouk,
2608 2142 2732 2196 Cod.
2771 2141 2995 2210 diplom.
3041 2141 3232 2209 Fuld.,
3265 2157 3323 2210 p.
3376 2139 3525 2212 348.]

2150 2231 2213 2283 In
2265 2231 2501 2284 nomine
2551 2235 2759 2284 sancta
2805 2236 2861 2285 et
2901 2231 3214 2285 individua
3260 2229 3574 2295 Trinitatis,
3609 2231 3780 2284 Hem-

2079 2333 2231 2371 mcus
2274 2317 2467 2370 divina
2521 2318 2746 2372 favente
2785 2317 3090 2372 clementia
3139 2319 3530 2372 Romanorum
3594 2318 3782 2389 impe-

2080 2410 2233 2459 rator
2262 2408 2568 2476 Augustus.

2149 2494 2427 2549 Omnibus
2457 2495 2738 2562 fidelibus,
2773 2499 2890 2550 tam
2940 2495 3318 2566 prasentibus
3349 2511 3520 2566 quam
3547 2495 3778 2564 futuris,

2079 2589 2278 2637 notum
2316 2584 2454 2651 [fore
2512 2585 2775 2654 cupimus
2824 2585 3071 2655 qualiter
3129 2585 3352 2639 assidua
3404 2585 3782 2654 proclamatio

2079 2677 2300 2725 nostras
2339 2687 2504 2725 aures
2560 2671 2921 2742 inquietabat
2951 2672 3022 2724 ob
3055 2672 3390 2726 innumeras
3422 2680 3479 2726 et
3505 2672 3780 2742 frequen-

2077 2764 2162 2813 tes
2207 2760 2604 2813 contcntiones
2636 2777 2764 2830 qua
2797 2776 3022 2830 semper
3053 2766 3217 2814 erant
3249 2761 3400 2814 inter
3430 2761 3779 2816 Vuldensem

2079 2852 2134 2900 et
2174 2849 2610 2901 Herveldensem
2641 2848 2940 2914 familiam,
2973 2865 3099 2919 qua
3132 2849 3192 2901 in
3221 2853 3443 2901 tantum
3474 2848 3776 2901 convalue-

2078 2940 2213 2988 runt
2239 2941 2302 2988 ut
2331 2935 2502 2989 etiam
2533 2935 2976 2990 innumerabilia
3027 2937 3178 2990 inter
3203 2953 3260 2990 se
3313 2937 3519 2990 ﬁerent
3569 2935 3764 2990 homi-

2000 3027 2039 3080 C
2077 3023 2242 3092 cidia,
2268 3029 2325 3077 et
2370 3025 2504 3078 inde
2539 3025 2853 3078 maximum
2885 3025 3292 3078 detrimentum
3336 3029 3582 3095 utraque
3612 3029 3775 3094 pate-

2082 3117 2242 3165 retur
2275 3113 2537 3167 Ecclesia.
2592 3113 2951 3182 Quapropter
3001 3129 3073 3166 ne
3128 3112 3258 3166 talis
3319 3127 3384 3165 ac
3413 3116 3588 3166 tanta
3631 3127 3781 3183 pra-

2083 3200 2428 3270 sumptionis
2461 3201 2698 3256 audacia
2729 3201 2852 3254 sine
2880 3201 3055 3271 digna
3084 3201 3301 3254 ultione
3330 3201 3481 3254 inter
3501 3205 3782 3270 utrasque

2080 3289 2326 3342 familias
2345 3289 2561 3343 diutius
2600 3293 2944 3353 remaneret,
2985 3306 3112 3342 cum
3142 3306 3417 3343 consensu
3452 3293 3507 3342 et
3535 3289 3781 3342 consilio

2079 3383 2459 3448 utrorumque
2517 3377 2808 3441 abbatum,
2864 3377 3130 3430 Bichardi
3192 3376 3490 3431 Vuldensis
3556 3382 3614 3430 et
3672 3380 3780 3430 Ar-

2078 3467 2220 3519 nolti
2252 3466 2669 3532 Herveldensis,
2726 3466 3086 3536 aliorumque
3124 3465 3382 3520 ﬁdelium
3421 3469 3778 3532 nostrorum,

2078 3570 2180 3623 per
2205 3554 2375 3623 hujus
2417 3555 2692 3607 chartula
2723 3559 3074 3625 praeceptum
3103 3555 3216 3608 tale
3255 3554 3654 3608 constituimus
3685 3555 3784 3609 de-

2079 3647 2324 3696 cretum:
2358 3647 2422 3695 ut
2470 3642 2724 3712 primum
2775 3643 2961 3696 omnis
3011 3642 3296 3712 injustitia
3339 3658 3470 3713 qua
3495 3643 3616 3712 jam
3672 3657 3784 3712 per

2076 3733 2257 3784 multa
2303 3736 2558 3802 tempora
2604 3747 2669 3784 ex
2717 3735 2960 3802 utraque
2999 3736 3160 3800 parte
3209 3731 3526 3784 incorrecta
3556 3746 3784 3784 reman-

2077 3822 2244 3884 serat,
2297 3817 2368 3870 ab
2421 3818 2704 3871 advocatis
2737 3823 2793 3871 et
2849 3819 3171 3889 prapositis
3227 3819 3455 3872 illorum
3485 3818 3781 3888 utrimque

2075 3906 2320 3975 pleniter
2365 3905 2712 3975 corrigatur;
2749 3911 2805 3960 et
2837 3907 3126 3978 deinceps,
3196 3907 3242 3960 si
3275 3907 3402 3977 quis
3435 3923 3498 3960 ex
3555 3906 3782 3960 familia

2077 3994 2372 4064 utriusque
2399 3994 2648 4047 ecclesia
2691 3994 2940 4065 aliquem
2981 4010 3277 4048 servorum
3334 3995 3422 4049 vel
3449 3994 3629 4048 sancti
3672 3995 3781 4047 Bo-

2076 4081 2263 4134 nifacii
2297 4082 2382 4134 vel
2415 4082 2594 4135 sancti
2639 4083 2911 4149 Wigberti
2941 4083 3289 4153 insequitur,
3339 4089 3395 4136 et
3424 4098 3562 4136 ausu
3595 4087 3780 4137 teme-

2074 4169 2223 4223 rario
2265 4174 2326 4232 et.
2352 4175 2570 4223 armata
2602 4186 2776 4224 manu
2805 4171 2875 4223 ad
2917 4170 3291 4224 occidendum
3321 4171 3408 4224 vel
3442 4170 3507 4224 ad
3549 4170 3779 4239 depra-

2074 4259 2326 4314 dandum
2359 4259 2480 4328 ejus
2523 4263 2740 4312 curtem
2781 4259 2896 4312 sive
2943 4259 3182 4312 domum
3229 4259 3527 4328 infregerit
3557 4264 3614 4312 et
3639 4275 3777 4312 eum

2073 4347 2513 4416 impugnaverit,
2573 4351 2630 4400 et
2677 4347 2722 4400 si
2785 4347 2879 4400 ille
2931 4352 3027 4401 aut
3075 4347 3363 4416 aufugerit
3413 4351 3512 4400 aut
3541 4346 3588 4399 si
3629 4346 3780 4401 forte

2078 4435 2232 4487 domi
2291 4451 2404 4487 non
2463 4435 2636 4488 fuerit
2675 4435 2761 4487 vel
2814 4435 3222 4505 quoquomodo
3249 4435 3320 4488 ab
3343 4436 3465 4503 ejus
3495 4439 3780 4505 potestate

2077 4523 2191 4576 sive
2221 4523 2657 4592 impugnatione
2720 4539 2777 4577 se
2806 4523 3155 4589 liberaverit,
3187 4523 3272 4576 illi
3319 4521 3416 4594 qui
3466 4523 3638 4593 hujus
3673 4540 3779 4577 au-

2077 4611 2253 4664 dacia
2309 4616 2364 4664 et
2414 4610 2728 4664 invasionis
2777 4613 2886 4665 dux
2929 4615 2985 4665 et
3013 4612 3277 4681 princeps
3331 4610 3522 4676 fuerit,
3555 4611 3778 4665 tollan-

2077 4705 2170 4752 tur
2190 4699 2409 4752 corium
2439 4705 2494 4753 et
2551 4699 2763 4769 capilli,
2823 4705 2878 4752 et
2907 4700 3143 4770 insuper
3174 4701 3232 4753 in
3256 4704 3498 4770 utraque
3544 4701 3780 4754 maxilla

2074 4787 2129 4840 fe
2161 4803 2226 4840 ro
2265 4787 2332 4840 ad
2374 4788 2480 4840 hoc
2529 4787 2674 4840 facto
2723 4788 2892 4841 etiam
2945 4789 3209 4842 candenti
3240 4788 3384 4842 bene
3422 4792 3673 4842 cratetur
3723 4795 3784 4843 et

2076 4875 2465 4937 comburatur,
2518 4876 2726 4947 reliqui
2781 4878 2904 4944 eius
2951 4893 3222 4946 sequaces
3274 4881 3402 4930 cute
3461 4881 3519 4930 et
3556 4877 3784 4946 capillis

2074 4964 2393 5033 priventur.
2452 4965 2508 5019 Si
2558 4970 2751 5018 autem
2803 4965 2881 5018 ibi
2912 4965 3210 5030 occiditur,
3245 4981 3443 5018 omnes
3474 4964 3572 5035 qui
3605 4965 3782 5032 hujus

2075 5053 2367 5106 homicidii
2399 5070 2494 5105 seu
2537 5053 2849 5106 invasionis
2903 5054 3207 5124 participes
3253 5059 3386 5108 sunt
3435 5053 3778 5123 supradicta

2077 5156 2259 5210 poena
2300 5141 2649 5210 subjaceant.
2684 5142 2749 5194 Et
2782 5142 2826 5194 si
2860 5157 2924 5194 ex
2960 5158 3073 5195 una
3117 5142 3337 5195 familia
3383 5147 3516 5195 sunt
3545 5141 3641 5196 ille
3675 5144 3782 5212 qui

2079 5228 2354 5282 occiditur
2401 5235 2458 5282 et
2520 5229 2604 5282 illi
2665 5229 2766 5298 qui
2810 5229 3094 5292 occidunt,
3149 5245 3348 5282 omnes
3408 5229 3782 5297 singulariter

2076 5317 2459 5386 weregeldum
2498 5316 2667 5370 occisi
2698 5320 2753 5369 et
2781 5333 2950 5370 omne
3010 5317 3288 5384 debitum,
3331 5317 3474 5370 sicut
3505 5318 3781 5371 hactenus

2077 5404 2351 5470 fecerunt,
2383 5404 2632 5474 propria
2682 5404 2941 5458 Ecclesia
2974 5404 3314 5475 persolvant.
3360 5405 3418 5458 Si
3459 5409 3647 5458 autem
3680 5405 3782 5459 ille

2077 5493 2176 5562 qui
2237 5492 2516 5546 occiditur
2549 5509 2613 5546 ex
2644 5507 2760 5544 una
2807 5493 3024 5546 familia
3055 5497 3142 5546 est
3169 5497 3226 5546 et
3255 5492 3341 5546 illi
3371 5492 3471 5563 qui
3511 5492 3785 5548 occidunt

2077 5596 2144 5635 ex
2166 5581 2299 5647 alia,
2351 5585 2550 5635 auctor
2597 5581 2897 5635 homicidii
2927 5582 3079 5636 solus
3125 5597 3231 5652 pro
3287 5581 3556 5636 omnibus
3609 5597 3785 5635 were-
