3944 6318
144 361 243 413 381
1411 355 1477 411 D1
1489 353 1804 411 PLOMATA
1843 352 2387 410 ECCLESIASTICA.

3547 353 3649 407 382

144 478 384 548 geldum
427 477 735 548 persolvat.
774 478 839 531 Et
893 475 955 531 in
1007 491 1373 548 quocumque
1432 477 1555 532 loco
1621 482 1719 531 aut
1778 494 1845 531 ex
1883 478 1927 530 A
1958 476 2289 530 comitatum
2334 475 2697 530 Stoddenstat
2752 474 2925 528 situm
2980 474 3040 528 in
3100 490 3249 545 pago
3320 476 3649 546 Moyngowe

144 583 266 621 una
324 571 427 621 aut
480 583 547 619 ex
590 565 701 619 alia
731 566 947 619 familia
1005 564 1209 636 aliquis
1241 565 1538 631 occiditur,
1599 564 1707 619 nisi
1757 566 1851 618 ille

148 656 253 726 qui
302 655 680 709 homicidium
729 655 863 709 facit
911 654 1240 724 probabiles
1271 658 1442 707 testes
1491 654 1697 708 habeat
1752 658 1851 708 aut

146 759 256 814 per
296 744 515 797 ferrum
559 742 810 796 candens
854 742 963 795 hoc
1018 742 1262 812 probare
1319 742 1522 809 valeat,
1575 744 1730 813 quod
1779 743 1850 796 ob

143 831 320 885 aliam
368 846 599 885 causam
632 846 744 884 non
794 830 1021 884 fecisset
1049 830 1158 883 nisi
1198 831 1352 901 quod
1412 831 1481 884 de
1537 830 1851 900 impugna-

143 920 301 973 tioue
360 920 541 991 ipsius
629 919 794 972 aliter
849 918 1009 971 vivus
1075 918 1329 987 effugere
1400 934 1517 972 non
1570 918 1852 989 potuisset

146 1008 490 1078 supradictae
535 1024 718 1077 pcenae
749 1007 1059 1075 subjaceat.
1117 1006 1176 1059 Si
1215 1010 1406 1059 autem
1438 1005 1545 1059 hoc
1604 1006 1848 1075 probare

144 1101 354 1167 potest,
387 1095 529 1149 nihil
555 1095 805 1165 patiatur
824 1095 935 1148 nisi
957 1094 1109 1164 quod
1134 1095 1407 1147 hactenus
1449 1094 1574 1164 ipsa
1609 1095 1851 1148 Ecclesia

147 1202 253 1255 pro
274 1186 399 1255 lege
430 1184 646 1238 habuit.
679 1183 833 1237 Istud
866 1182 1234 1235 constitutum
1268 1182 1572 1236 advocatus
1600 1182 1662 1236 in
1690 1183 1851 1253 cujus

150 1272 526 1327 advocatione
557 1272 665 1325 hoc
695 1271 968 1337 evenerit,
1011 1286 1141 1324 cum
1183 1270 1421 1324 scientia
1467 1276 1849 1342 utrorumque

151 1363 451 1423 abbatum,
486 1361 545 1414 in
574 1361 879 1431 praesentia
930 1359 1271 1413 nuntiorum
1328 1359 1556 1413 illorum
1608 1360 1852 1414 fideliter

152 1450 485 1520 adimpleat.
512 1450 570 1503 Si
611 1464 745 1502 vero
777 1449 1100 1513 advocatus,
1167 1452 1267 1505 aut
1318 1449 1580 1501 mercede
1634 1450 1849 1503 condu-

151 1543 278 1591 ctus
309 1542 410 1591 aut
443 1537 827 1590 misericordia
862 1541 1069 1603 motus,
1125 1536 1321 1606 aliqua
1384 1536 1691 1590 calliditate
1745 1537 1852 1590 hoc

148 1627 450 1681 decretum
481 1630 732 1679 avertere
762 1625 1029 1691 voluerit,
1072 1626 1257 1695 gratia
1314 1629 1507 1678 nostra
1564 1630 1620 1678 et
1675 1624 1850 1678 advo-

150 1715 378 1769 catione
409 1720 615 1781 careat,
646 1713 756 1767 nisi
815 1730 989 1783 supra
1046 1730 1229 1767 sacras
1272 1712 1547 1784 reliquias
1599 1714 1708 1766 hoc
1757 1714 1852 1767 ad-

149 1804 385 1857 ﬁrmare
438 1803 644 1857 audeat
696 1802 848 1872 quod
931 1802 1282 1855 homicidam
1348 1819 1446 1855 seu
1529 1802 1852 1856 invasorem

151 1907 443 1963 nusquam
474 1891 777 1961 adquirere
804 1890 1005 1961 possit,
1036 1895 1091 1943 et
1118 1895 1308 1944 tamen
1342 1907 1516 1961 quam
1583 1891 1855 1945 citissime

148 1981 365 2051 poterit
409 1979 695 2050 adquirat.
750 1980 815 2033 Et
870 1979 916 2031 si
968 1979 1088 2049 ipse
1142 1978 1203 2031 in
1258 1979 1420 2048 cujus
1488 1979 1854 2035 advocatione

149 2071 261 2124 hoc
280 2068 535 2123 evenerit
568 2084 730 2121 reum
760 2068 1063 2138 adquirere
1094 2083 1209 2120 non
1274 2067 1486 2137 poterit
1512 2068 1600 2121 vel
1649 2069 1855 2123 nolue-

151 2157 248 2224 rit,
280 2157 481 2211 ﬁdeles
511 2156 744 2209 alterius
779 2154 1016 2221 abbatis,
1050 2154 1095 2208 si
1140 2155 1382 2225 possint,
1432 2155 1743 2226 adquirant
1800 2161 1854 2211 et

151 2246 223 2300 ad
264 2244 598 2315 praedictam
655 2260 907 2313 poenam,
980 2244 1360 2313 praesentibus
1413 2245 1633 2297 nuntiis
1693 2249 1853 2299 utro-

151 2349 402 2404 rumque
433 2333 723 2399 abbatum,
747 2333 1193 2403 adpraasentent.
1226 2333 1303 2386 De
1350 2333 1678 2387 camerariis
1708 2350 1843 2387 vero

154 2428 211 2477 et
240 2420 530 2494 pincernis
557 2421 795 2493 aliisque
826 2420 1121 2475 honoratis
1172 2424 1549 2492 utrorumque
1581 2422 1854 2476 abbatum

153 2509 527 2566 servitoribus
560 2510 665 2563 hoc
684 2508 1113 2573 constituimus,
1133 2513 1214 2576 ut,
1242 2509 1287 2561 si
1318 2508 1456 2578 quid
1488 2510 1599 2562 tale
1647 2509 1855 2578 aliquis

154 2601 391 2654 illorum
413 2598 609 2652 fecerit
637 2597 922 2668 praedictae
984 2613 1171 2666 poenae
1206 2596 1495 2665 subjaceat
1540 2598 1854 2650 secundum

155 2688 464 2755 arbitrium
511 2686 732 2741 abbatis
788 2687 873 2739 vel
922 2703 955 2739 x
996 2685 1155 2739 libris
1207 2684 1573 2738 denariorum
1614 2686 1855 2739 redima-

154 2784 270 2832 tur.
304 2778 371 2831 Et
401 2777 507 2829 hoc
528 2777 651 2829 voIo
692 2775 1049 2845 firmiterque
1099 2773 1371 2843 praecipio
1423 2778 1485 2827 ut
1524 2790 1646 2827 rem
1680 2776 1854 2828 semel

152 2865 299 2919 bene
331 2880 394 2917 ac
424 2866 575 2916 recte
633 2862 939 2916 difﬁnitam
996 2862 1189 2914 nullus
1240 2861 1447 2913 iterare
1497 2862 1708 2915 audeat
1763 2862 1852 2915 vel

154 2968 456 3007 renovare.
492 2951 551 3005 Si
583 2956 773 3004 autem
804 2949 1064 3021 praedicti
1122 2950 1353 3003 abbates
1399 2950 1507 3002 hoc
1560 2950 1852 3003 decretum

156 3043 455 3097 adnullare
486 3040 744 3109 cupiunt,
779 3040 923 3093 mihi
958 3039 1045 3093 vel
1076 3055 1205 3092 meo
1241 3039 1553 3092 successori
1610 3056 1648 3092 II
1679 3040 1854 3093 libras
1887 3024 1927 3078 δ

157 3131 283 3187 auri
310 3135 558 3200 uterque
582 3129 887 3199 persolvat,
961 3132 1229 3181 conatum
1278 3132 1471 3181 tamen
1510 3144 1678 3181 suum
1735 3145 1854 3182 non

154 3220 476 3291 perficiant.
512 3219 595 3285 Et,
626 3222 685 3271 ut
715 3218 836 3270 haec
894 3216 1221 3270 constitutio
1263 3217 1478 3271 stabilis
1533 3221 1588 3270 et
1639 3217 1851 3286 {incon-

156 3311 319 3363 vulsa
343 3311 699 3379 permaneat,
730 3304 902 3375 sigilli
922 3305 1101 3359 nostri
1124 3304 1501 3376 impressione
1521 3306 1668 3359 hanc
1692 3306 1853 3360 char-

157 3403 274 3453 tam
298 3396 568 3466 insigniri
596 3396 893 3465 jussimus.

229 3487 460 3554 Signum
517 3484 701 3537 domni
752 3484 1001 3537 Heinrici
1062 3485 1423 3538 Romanorum
1510 3484 1858 3536 invictissimi

160 3574 511 3644 imperatoris
543 3571 650 3642 (Μ)
675 3571 999 3641 Augusti(S)

234 3660 527 3717 Odalricus
557 3659 926 3714 cancellarius
981 3658 1101 3713 vice
1157 3659 1425 3735 Aribonis
1498 3658 1854 3729 archicapel-

161 3751 280 3806 lani
304 3749 637 3819 recognovit

237 3840 376 3893 Data
435 3842 519 3890 est
600 3853 750 3890 anno
825 3835 1137 3890 Dominicae
1210 3836 1624 3890 incarnationis
1698 3838 1851 3903 1021,

160 3931 438 3998 regnante
464 3924 767 3980 Heinricho
798 3925 1145 4001 imperatore
1199 3926 1453 3995 Augusto
1485 3942 1669 3979 annos
1716 3943 1851 3995 xxu,

161 4016 395 4086 imperii
422 4032 555 4069 vero
598 4015 720 4084 ejus
749 4030 899 4067 anno
930 4030 1004 4079 χι,
1046 4012 1358 4068 indictione
1404 4030 1495 4068 vn.

232 4107 375 4161 Data
407 4103 467 4157 in
495 4121 570 4157 vn
595 4103 724 4158 Idus
768 4102 971 4157 Martii.

229 4196 434 4248 Actum
479 4191 719 4247 feliciter
757 4190 1103 4245 Babenberc.

861 4279 1151 4333 CXXXVIII

411 4371 534 4423 738.
581 4368 831 4423 Traditio
854 4367 1192 4421 HeinriciII
1240 4367 1605 4435 imperatoris.

659 4457 843 4527 (Anno
871 4456 1025 4523 1024,
1068 4456 1135 4509 26
1161 4454 1359 4524 Junii.)

566 4542 842 4615 [Dronke,
874 4544 969 4597 ubi
996 4558 1185 4612 supra,
1213 4559 1270 4612 p.
1320 4543 1467 4612 349.]

231 4633 296 4687 In
363 4631 595 4685 nomine
631 4636 839 4685 sanctae
870 4636 925 4685 et
950 4631 1261 4685 individuus
1291 4631 1601 4697 Trinitatis,
1631 4632 1858 4685 'Hemm-

162 4738 277 4788 cus,
339 4720 534 4775 divina
562 4720 785 4773 favente
836 4720 1033 4791 gratia:
1081 4720 1403 4783 clementia,
1464 4722 1856 4774 Romanorum

163 4810 482 4880 imperator
504 4811 816 4877 Augustus.

232 4897 514 4962 Quoniam
547 4903 807 4950 nostrum
863 4900 946 4950 est
995 4896 1064 4949 de
1121 4896 1286 4949 bOnis
1358 4895 1523 4950 nobis
1590 4896 1860 4950 divinitus

163 4986 385 5041 collatis
465 4986 750 5056 praecipue
820 4990 1043 5038 sanctas
1096 4985 1278 5038 ditare
1337 4985 1625 5053 ecclesias,
1673 4985 1860 5040 eidem

164 5074 455 5130 devotioni
487 5074 617 5127 licet
644 5090 928 5144 perpauca
951 5090 1210 5141 munera,
1245 5074 1343 5143 pia
1391 5078 1603 5139 tamen,
1664 5080 1861 5129 nostro

163 5168 371 5234 praesto
403 5169 490 5216 est
528 5164 788 5217 voluntas
820 5164 880 5216 in
907 5163 1149 5216 Domino
1183 5162 1282 5232 qui
1311 5162 1409 5215 dat
1466 5161 1703 5231 praemia
1753 5178 1859 5231 pro

164 5252 313 5306 bona
340 5252 653 5305 voluntate.
709 5251 1072 5321 Quapropter
1117 5251 1325 5304 Christi
1385 5250 1682 5319 [fidelium]
1754 5267 1859 5304 no-

165 5342 380 5411 strique
410 5340 637 5394 noverit
664 5340 1005 5413 universitas
1038 5340 1286 5410 qualiter
1307 5355 1428 5402 nos,
1472 5355 1576 5408 pro
1605 5338 1860 5391 remedio

166 5430 372 5483 anima:
393 5433 629 5493 nostrae,
652 5445 755 5498 per
774 5429 1160 5482 interventum
1180 5444 1243 5481 ac
1272 5427 1610 5497 petitionem
1643 5427 1861 5480 dilectae

166 5516 424 5587 conjugis
479 5520 692 5569 nostrae
723 5515 1082 5586 Cunigundze
1136 5514 1514 5585 imperatricis
1567 5518 1858 5580 Augustzr,

165 5620 385 5658 necnon
416 5608 475 5658 et
504 5603 687 5658 ﬁdelis
737 5603 915 5657 nostri
946 5602 1214 5657 Richardi
1262 5602 1560 5657 Fuldensis
1617 5600 1856 5668 abbatis,

1960 565 2151 619 Fuldae
2196 565 2267 618 ad
2310 565 2485 617 altare
2530 562 2708 616 sancti
2768 562 3045 616 Bonifacii
3100 563 3200 616 tali
3252 564 3383 633 jure
3432 563 3646 633 talique

1958 652 2365 707 constitutione
2392 652 2547 723 quali
2577 656 2634 705 et
2660 651 2849 717 debet,
2897 655 2952 704 et
2995 668 3025 704 a
3058 651 3341 721 principio
3372 651 3441 704 ab
3473 652 3653 704 omni-

1960 742 2065 795 bus
2103 742 2210 794 sibi
2250 741 2475 811 placitis
2522 741 2775 809 preelatis
2834 740 3126 810 hucusque
3188 745 3273 793 est
3331 739 3557 792 habitus
3591 740 3651 793 in

1958 835 2237 901 potestate
2280 820 2542 899 praedicti
2588 828 2830 894 abbatis,
2893 828 3013 881 sine
3059 827 3299 898 alicujus
3361 828 3652 881 contradi-

1958 921 2144 974 ctione
2169 919 2538 985 donavimus;
2565 935 2632 971 ea
2659 918 2927 972 videlicet
2958 919 3177 972 ratione
3214 923 3279 973 ut
3308 918 3416 989 ipsi
3448 918 3652 990 suique

1959 1025 2327 1074 successores,
2352 1008 2498 1061 sicut
2523 1009 2592 1062 de
2621 1008 2841 1061 caeteris
2887 1009 3143 1078 ejusdem
3177 1009 3418 1063 abbatiae
3487 1008 3654 1061 bonis

1959 1098 2166 1152 dehinc
2218 1098 2462 1151 liberum
2550 1097 2796 1150 habeant
2863 1098 3162 1150 arbitrium
3222 1097 3650 1167 quoquomodo,

1957 1187 2201 1256 desuper
2230 1186 2605 1256 precipiendi
2661 1202 2758 1239 seu
2814 1186 3111 1255 quodlibet
3166 1186 3306 1239 utile
3362 1186 3654 1256 praedictae

1960 1276 2209 1330 ecclesia:
2241 1277 2370 1329 inde
2418 1275 2681 1328 faciendi.
2720 1276 2839 1329 Hoc
2893 1280 3117 1328 tantum
3173 1279 3407 1327 caveant
3473 1273 3655 1326 abba-

1958 1369 2042 1419 tes
2101 1364 2322 1435 praefati
2382 1364 2734 1431 monasterii,

1959 1452 2385 1506 consuetudinis
2446 1452 2560 1504 suis
2626 1452 2985 1521 temporibus
3043 1456 3311 1515 cassetur,
3372 1450 3459 1502 vel
3518 1464 3655 1501 cura

1959 1543 2282 1595 animarum
2323 1540 2430 1594 sibi
2496 1541 2933 1594 commissarum
2980 1538 3356 1609 periclitetur,
3410 1538 3498 1589 vel
3556 1535 3655 1589 ali-

1959 1636 2152 1685 menta
2202 1632 2311 1683 Deo
2368 1629 2581 1682 ibidem
2657 1627 3024 1681 servientium
3082 1628 3391 1689 rarescant,
3424 1625 3494 1677 ob
3547 1624 3656 1676 hoc

2784 1364 2881 1430 {ne
2935 1365 3021 1417 vel
3071 1363 3272 1433 religio
3326 1361 3653 1416 monasticae

1892 1754 1931 1806 Β
1964 1720 2211 1774 maxime
2243 1718 2395 1788 quod
2420 1719 2532 1771 Deo
2584 1717 2789 1770 collata
2827 1715 3171 1786 patrimonia
3218 1719 3275 1768 et
3320 1711 3654 1767 decimatio-

1966 1825 2065 1862 nes
2094 1809 2462 1861 ecclesiarum
2493 1806 2768 1859 laicorum
2818 1805 3083 1858 manibus
3140 1802 3349 1856 tradita
3377 1802 3654 1872 polluun-

1962 1900 2078 1964 tur,
2132 1895 2327 1965 illique
2379 1896 2491 1947 Deo
2546 1892 2856 1961 culpabiles
2918 1889 3290 1944 inveniuntur
3366 1888 3467 1959 qui
3546 1902 3652 1957 pro

1963 1986 2145 2039 nihilo
2174 1985 2387 2038 habent
2418 1983 2573 2053 quod
2615 1986 2846 2051 peccata
2874 1980 3174 2033 hominum
3206 1994 3379 2048 super
3408 1993 3465 2029 se
3524 1993 3657 2029 onc-

1962 2079 2255 2128 raverunt.
2290 2073 2378 2126 Illi
2413 2072 2566 2125 enim
2600 2071 2699 2141 qui
2743 2075 2974 2123 terrena
3024 2066 3371 2138 patrimonia
3433 2067 3546 2118 Deo
3601 2068 3657 2117 et

1963 2164 2170 2218 sanctis
2201 2162 2524 2227 conferunt,
2554 2161 2622 2214 de
2648 2159 2891 2230 peccatis
2941 2158 3057 2210 suis
3089 2159 3512 2209 exonerantur:
3571 2153 3656 2206 illi

1962 2269 2094 2307 vero
2128 2252 2229 2322 qui
2251 2250 2567 2304 oblationes
2588 2249 2845 2302 ﬁdelium
2875 2246 3177 2316 recipiunt,
3211 2250 3266 2298 et
3294 2260 3361 2297 ea
3389 2259 3517 2314 quae
3541 2244 3654 2296 Deo

1962 2342 2244 2395 debentur
2269 2344 2324 2393 et
2352 2339 2420 2392 ad
2456 2338 2558 2391 Dei
2615 2336 2910 2390 servitium
2977 2335 3281 2388 traduntur
3330 2346 3528 2384 rursus
3584 2329 3657 2381 ad

1963 2432 2294 2486 saecularem
2326 2444 2600 2499 pompam
2623 2432 2678 2480 et
2707 2426 3033 2497 superbiam
3084 2422 3456 2477 exercendam
3515 2434 3656 2471 con—

1963 2521 2190 2581 cedunt,
2215 2517 2505 2586 {oneraria
2533 2520 2761 2587 peccata
2814 2530 2987 2584 super
3026 2529 3083 2566 se
3124 2511 3433 2580 duplicant.
3497 2507 3656 2561 Unde

1961 2608 2311 2662 consulimus
2359 2611 2415 2659 et
2459 2604 2826 2675 praecipimus
2866 2608 2930 2655 ut
2959 2604 3161 2654 modus
3197 2599 3283 2653 his
3322 2600 3571 2668 ponatur
3602 2599 3657 2648 et

1962 2698 2259 2752 terminus.
2318 2699 2471 2750 lnter
2534 2696 2656 2747 haec
2730 2698 2923 2745 tamen
2984 2706 3163 2743 unum
3228 2688 3481 2742 medium
3549 2690 3651 2738 est.

1963 2788 2197 2857 Oportet
2263 2790 2327 2838 ut
2383 2785 2445 2837 in
2499 2782 2749 2837 ecclesiis
2822 2781 3013 2833 multm
3094 2778 3207 2831 sint
3259 2777 3551 2830 facultates
3602 2779 3659 2827 et

1963 2876 2207 2929 maxime
2230 2874 2291 2926 in
2324 2872 2610 2936 Fuldensi,
2642 2870 2799 2939 quia,
2829 2869 2917 2921 cui
2940 2869 3069 2938 plus
3100 2864 3499 2929 committitur,
3528 2864 3657 2933 plus

1966 2965 2035 3018 ab
2092 2981 2158 3017 eo
2216 2963 2479 3032 exigitur.
2534 2961 2707 3014 Multa
2740 2959 2913 3024 ﬁenim
2976 2956 3144 3010 debet
3175 2955 3310 3008 dare
3339 2952 3569 3006 servitia
3601 2956 3657 3005 et

1965 3054 2241 3107 Romanae
2273 3056 2326 3104 et
2360 3048 2541 3119 regali
2564 3048 2739 3101 curiae
2761 3051 2998 3117 propter
3022 3044 3173 3115 quod
3205 3042 3477 3112 scriptum
3524 3044 3608 3094 est
3641 3056 3654 3093 :

1966 3142 2188 3196 Reddite
2215 3156 2333 3209 quae
2360 3143 2486 3193 sunt
2535 3138 2763 3192 Caesaris
2823 3136 3042 3199 Caesari,
3099 3138 3149 3187 et
3202 3147 3320 3200 qua
3367 3134 3495 3184 sunt
3552 3129 3658 3181 Dei

1964 3234 2083 3284 Deo.
2121 3230 2485 3297 QuaprOpter
2516 3226 2820 3279 consulant
2851 3222 2955 3275 sibi
2986 3226 3043 3274 et
3099 3219 3455 3291 praeveniant
3493 3233 3655 3269 scan-

1963 3319 2091 3372 dala
2122 3322 2431 3386 antequam
2457 3316 2616 3379 ﬁant,
2673 3312 3037 3379 habeantque
3098 3323 3291 3361 secum
3347 3320 3477 3375 qua:
3541 3306 3653 3357 Deo

1962 3407 2301 3468 offeruntur,
2337 3419 2438 3456 nec
2470 3402 2741 3471 abjiciant
2772 3400 3090 3461 incassum;
3123 3396 3259 3467 quia
3313 3393 3423 3446 cito
3466 3392 3659 3444 veniet

1962 3502 2189 3565 tempus
2218 3491 2448 3563 quando
2480 3489 2729 3543 mundus
2762 3486 2964 3556 recipit
2993 3484 3145 3555 quod
3212 3484 3327 3536 Deo
3382 3480 3559 3545 dedit,
3602 3485 3658 3532 et

1963 3582 2310 3639 monasteria
2329 3580 2592 3651 quzejam
2633 3582 2765 3630 sunt
2795 3577 2852 3629 in
2880 3572 3231 3628 abundantia
3263 3570 3451 3641 prima
3486 3572 3659 3621 erunt

1960 3676 2021 3729 in
2051 3673 2272 3743 rapina,
2327 3675 2395 3723 ut
2448 3668 2547 3722 ﬁat
2609 3666 2763 3736 quod
2810 3666 3066 3718 Salvator
3124 3661 3205 3715 ait
3257 3676 3269 3713 :
3331 3656 3658 3713 Abundante

1960 3764 2273 3831 iniquitate,
2312 3760 2625 3825 refrigescet
2654 3756 2894 3808 Charitas
2924 3754 3231 3805 multorum.
3290 3744 3660 3816 Praecipimus

1963 3868 2100 3923 ergo
2128 3849 2233 3903 sub
2288 3846 2640 3901 districtione
2673 3842 2851 3896 divini
2893 3840 3096 3911 judicii
3148 3843 3211 3891 ut
3270 3850 3470 3891 omnes
3537 3837 3657 3885 tra—

1965 3942 2210 3995 ditiones
2294 3951 2498 4005 regum
2583 3936 2640 3987 et
2685 3932 2911 3985 decreta
2981 3927 3424 3998 apostolicorum
3488 3926 3658 3991 atque

1965 4029 2284 4084 oblationes
2322 4024 2581 4078 ﬁdelium
2626 4022 2731 4074 sub
2789 4024 2908 4073 tuta
2966 4016 3224 4070 custodia
3263 4016 3572 4067 teneantur
3605 4012 3659 4061 et

1964 4118 2209 4173 ﬁdeliter
2236 4115 2628 4169 observentur.
2667 4113 2751 4175 Et,
2812 4112 2875 4161 ut
2907 4108 3028 4159 haec
3060 4101 3381 4158 traditionis
3410 4104 3466 4152 et
3509 4112 3659 4168 prae-

1964 4205 2245 4277 ceptionis
2277 4201 2581 4257 auctoritas
2605 4198 2823 4251 stabilis
2850 4201 2905 4248 et
2948 4193 3278 4247 inconvulsa
3304 4187 3462 4242 omni
3508 4192 3655 4239 tem-

1890 4303 1931 4356 D
1968 4274 2108 4367 pore
2157 4294 2509 4364 permaneat,
2552 4290 2698 4341 hanc
2727 4286 2998 4356 paginam
3047 4277 3324 4334 conscribi
3353 4281 3409 4330 et
3472 4274 3658 4343 sigillo

1968 4388 2161 4441 nostro
2195 4398 2318 4435 eam
2342 4379 2617 4448 jussimus
2658 4373 2945 4443 insigniri.

2040 4474 2265 4539 Signum
2330 4469 2514 4521 domni
2588 4465 2831 4518 Heinrici
2885 4458 3233 4515 invictissimi
3287 4456 3658 4509 Romanorum

1967 4562 2207 4627 Augusti
2228 4557 2591 4626 imperatoris.

2042 4651 2247 4703 Datum
2280 4662 2330 4698 v1
2357 4645 2491 4709 .Iul.,
2524 4641 2723 4696 indict.
2754 4657 2824 4693 v1.

2037 4740 2244 4791 Actum
2276 4733 2545 4789 Goslarize
2576 4730 2832 4784 feliciter.
2874 4730 3073 4781 Amen.

2697 4818 2935 4871 CXXXIX

1973 4916 2028 4970 S.
2084 4913 2345 4967 Henricus
2375 4910 2622 4964 Ecclesiae
2670 4906 3019 4960 Novariensis
3068 4901 3361 4971 privilegia
3434 4902 3484 4951 et
3534 4908 3661 4965 pos-

2394 4982 2652 5034 sessiones
2678 4980 2956 5042 conﬁrmat
2977 4978 3025 5027 et
3056 4978 3236 5038 auget.

2614 5068 2798 5135 (Anno
2836 5061 3023 5131 1024.)

2078 5160 2264 5230 [Apud
2299 5156 2632 5219 Baronium,
2662 5153 2868 5206 Annal.
2908 5151 3093 5203 ercles.
3136 5147 3204 5199 ad
3232 5162 3327 5198 an.
3366 5142 3552 5214 1014.]

2041 5250 2104 5302 In
2137 5248 2372 5301 nomine
2406 5249 2610 5298 sanctae
2642 5248 2698 5296 et
2728 5239 3036 5294 individua:
3081 5232 3394 5291 Trinitatis,
3428 5233 3660 5285 Hermu-

1972 5353 2084 5402 cus,
2109 5336 2301 5389 divina
2338 5335 2639 5388 ordinante
2670 5327 2994 5391 clementia,
3032 5327 3424 5379 Romanorum
3474 5320 3658 5388 impe-

1973 5430 2130 5477 rator
2160 5426 2466 5493 Augustus.

2044 5513 2189 5565 Dum
2214 5511 2468 5595 ﬁdelium
2498 5506 2870 5580 petitionibus
2902 5507 3108 5557 nostrae
3140 5498 3456 5570 imperialis
3492 5495 3661 5551 celsi-

1970 5599 2185 5655 tudinis
2215 5586 2507 5653 assensum
2555 5594 2993 5667 pracbuerimus,
3040 5607 3137 5645 eos
3186 5592 3380 5643 nostro
3433 5584 3661 5639 servitio
