3944 6328
273 389 375 441 383

1335 387 1391 441 5.
1437 385 1725 441 HENRICI
1765 382 2266 440 IMPERATORIS.
2308 413 2376 421 —
2424 381 2694 439 CONCIO.

3667 387 3769 440 385»

269 511 650 582 promptiores
689 526 754 564 ac
803 509 1123 564 devotiores
1171 525 1290 562 esse
1349 509 1585 562 minime
1634 508 1963 562 dubitamus
1992 509 2037 559 A
2078 522 2206 559 rum
2235 505 2588 572 decursibus,
2624 503 2987 572 molendinis,
3041 505 3475 576 piscationibus,
3509 508 3677 562 cultis
3715 513 3770 561 et

271 601 629 670 Quapropter
685 603 1020 652 cunctorum
1062 598 1324 651 Ecclesiae
1365 597 1656 651 catholica
1704 595 1962 650 ﬁdelium

272 693 736 758 nostrorumque,
775 691 887 739 tam
941 686 1310 756 praesentium
1373 701 1545 754 quam
1613 685 1960 746 futurorum,

273 775 502 828 solertia
555 779 924 844 recognoscat
993 777 1246 837 Petrum,
1309 773 1688 826 venerabilem
1753 772 1961 835 virum,

273 868 480 916 sanctae
515 863 875 917 Novariensis
905 863 1168 915 Ecclesia:
1186 862 1536 932 episcopum,
1587 867 1966 931 nostrumque

273 951 524 1018 ﬁdelem,
560 951 658 1020 qui
693 938 905 1004 nostra:
947 950 1238 1003 tidelitatis
1269 966 1438 1002 causa
1461 951 1639 1002 multa
1673 948 1964 1012 sustinuit,

275 1040 484 1093 famem
518 1039 799 1103 videlicet,
846 1037 1020 1103 sitim,
1081 1043 1249 1091 aestus
1281 1041 1335 1090 et
1387 1038 1586 1106 frigus,
1639 1041 1694 1090 et
1735 1037 1969 1106 insuper

275 1133 331 1180 et
357 1127 631 1198 glaciosas
661 1143 829 1196 rupes
857 1127 1140 1196 collesque
1171 1127 1305 1179 satis
1339 1142 1589 1196 asperos,
1643 1126 1812 1178 nudis
1859 1141 1968 1195 pe-

277 1216 463 1281 dibus,
523 1215 1000 1286 persequentibus
1039 1215 1290 1268 iuimicis
1329 1214 1602 1283 fugiendo
1647 1213 1962 1283 superavit;

277 1305 376 1376 qui
407 1304 578 1357 etiam
628 1321 778 1357 nunc
831 1303 1268 1373 praesentialiter
1324 1303 1505 1355 multa
1547 1303 1773 1367 damna,
1827 1303 1966 1354 llar-

274 1393 440 1446 duico
480 1392 808 1446 devastante
841 1391 1092 1461 recepit:
1139 1408 1271 1444 nam
1303 1391 1578 1461 :ecclesiaa
1628 1391 1786 1444 illius
1833 1395 1968 1442 sunt

275 1481 639 1551 depraedatte,
685 1485 867 1533 castra
905 1480 1180 1550 disrupta,
1243 1481 1446 1534 domus
1494 1495 1723 1545 eversas,
1781 1478 1964 1530 vineae

274 1569 488 1636 incisae,
525 1569 755 1622 arbores
819 1568 1199 1634 decorticatae,
1242 1567 1480 1637 insuper
1525 1568 1718 1637 plebes
1786 1567 1966 1637 ipsius

277 1661 334 1712 et
363 1662 548 1712 curtes
581 1658 650 1710 ab
682 1657 967 1712 Harduico
997 1673 1101 1727 pro
1157 1656 1432 1710 beneﬁcio
1487 1656 1717 1726 suisque
1773 1655 1962 1708 inimi-

273 1743 353 1798 cis
375 1745 523 1798 dates
562 1748 712 1810 sunt;
771 1748 1023 1797 nostram
1054 1743 1414 1813 imperialem
1464 1742 1645 1796 adisse
1685 1741 1964 1796 excellen-

276 1834 436 1898 tiam,
475 1839 777 1904 quatenus,
820 1849 925 1902 pro
947 1833 1034 1886 sui
1082 1832 1293 1886 laboris
1356 1831 1884 1901 recompensatione
1911 1837 1967 1885 et

278 1937 516 1976 suorum
548 1922 953 1975 damnatorum
981 1920 1419 1987 restauratione,
1454 1919 1760 1991 quemdam
1792 1919 1965 1973 comi-

275 2011 544 2077 tatulum,
576 2009 672 2078 qui
702 2009 758 2062 in
790 2009 934 2062 valle
957 2011 1178 2063 Auxula
1237 2009 1383 2062 infra
1431 2008 1610 2078 ipsius
1668 2007 1967 2079 episcopa-

275 2103 366 2152 tus
395 2097 724 2168 parochiam
758 2098 1016 2166 adjacere
1044 2097 1418 2168 dignoscitur,
1449 2097 1737 2166 praedictae
1789 2098 1963 2150 eccle-

277 2187 374 2240 siae
409 2185 762 2254 Novariensi,
802 2202 929 2238 cum
966 2185 1234 2238 omnibus
1293 2185 1681 2239 functionibus
1735 2202 1863 2256 quae
1897 2184 1965 2238 de

275 2276 401 2346 ipso
430 2275 762 2329 comitatulo
795 2275 1034 2344 publicae
1065 2275 1212 2344 parti
1277 2273 1584 2344 pertinent,
1635 2273 1968 2326 concedere-

277 2379 424 2417 mus.
459 2364 570 2418 Nec
600 2380 714 2418 non
746 2363 917 2416 etiam
951 2363 1285 2434 deprecatus
1307 2367 1391 2416 est
1423 2379 1522 2415 nos
1552 2366 1615 2415 ut
1655 2363 1965 2432 quamdam

275 2451 526 2521 plebem,
560 2466 733 2520 quam
775 2450 914 2504 olim
942 2451 1093 2503 malo
1126 2449 1326 2502 ordine
1383 2453 1437 2502 et
1476 2449 1689 2518 injusta
1748 2448 1966 2501 ratione

279 2556 381 2593 sua
427 2539 677 2609 perdidit
709 2539 961 2606 ecclesia,
991 2555 1121 2609 quae
1149 2537 1255 2590 sita
1286 2541 1367 2590 est
1421 2538 1478 2590 in
1513 2537 1647 2590 villa
1699 2552 1827 2606 qua:
1873 2552 1968 2588 no-

276 2628 530 2681 minatur
557 2628 807 2693 Trecate,
841 2643 952 2680 non
994 2628 1134 2679 adeo
1165 2627 1362 2697 procul
1400 2643 1429 2678 a
1463 2625 1711 2690 civitate,
1747 2629 1966 2679 curtem

275 2732 522 2787 quoque,
583 2731 710 2784 quae
765 2715 1080 2770 Gravanola
1136 2715 1366 2781 dicitur,
1433 2714 1725 2784 quondam
1785 2713 1967 2783 ipsius

277 2802 530 2874 episc0pi
557 2804 965 2868 continentem,
1001 2804 1093 2857 sed
1128 2819 1279 2856 nunc
1323 2803 1532 2872 injuste
1562 2818 1796 2873 pervasa
1845 2818 1966 2856 esse

278 2891 654 2959 dignoscitur,
697 2909 812 2945 suae
846 2892 1103 2945 Ecclesim
1136 2891 1591 2944 restitueremus.

348 2981 545 3047 Itaque
589 2978 827 3046 dignum
882 2985 967 3032 est
998 2984 1058 3032 ut
1111 2978 1198 3030 sui
1246 2978 1459 3032 laboris
1511 2979 1967 3048 praenominatus

2075 595 2323 660 incultis,
2389 595 2583 649 divisis
2633 599 2690 649 et
2739 594 3017 661 indivisis,
3052 594 3337 660 terminis,
3393 597 3771 650 concessioni-

2072 684 2197 749 bus,
2229 684 2500 754 piscariis,
2540 684 2899 754 compariciis
2952 684 3194 754 aliisque
3226 686 3508 738 universis
3575 685 3769 738 redhi-

2071 771 2408 838 bitionibus,
2442 789 2570 825 cum
2604 773 2780 826 servis
2816 777 2872 826 et
2911 771 3151 838 ancillis,
3208 777 3263 826 et
3326 773 3672 841 aldianibus,
3715 777 3770 826 et

2074 860 2318 914 aldianis
2347 861 2880 931 utriusque'sexus,
2937 876 3068 913 cum
3126 861 3414 928 omnibus,
3483 877 3611 932 quae
3659 861 3771 915 dici

2075 953 2172 1002 aut
2201 948 2391 1002 vocari
2412 953 2667 1018 possunt,
2713 949 2778 1002 ad
2835 949 2955 1018 jam
2989 948 3201 1002 dictam
3233 949 3458 1017 plebem
3508 950 3596 1002 vel
3639 965 3768 1002 cur-

2075 1042 2190 1089 tem
2213 1035 2654 1106 pertinentibus,
2687 1036 2773 1090 vel
2830 1035 3282 1106 respicientibus.
3342 1039 3450 1090 Nec
3527 1053 3639 1090 non
3714 1043 3772 1090 et

2073 1129 2304 1194 portum
2334 1124 2402 1178 de
2434 1125 2712 1194 Bestagno
2745 1123 3101 1194 eidemplebi
3131 1123 3536 1194 pertinentem,
3595 1141 3768 1195 quem

2073 1212 2519 1282 gloriosissimus
2544 1213 2860 1267 avunculus
2916 1217 3108 1266 noster
3159 1212 3288 1265 Otto
3346 1214 3530 1282 major
3573 1229 3772 1282 supra-

2073 1302 2238 1355 dicta:
2281 1303 2398 1356 sedi
2454 1318 2558 1372 per
2609 1307 2959 1372 praeceptum
3005 1300 3313 1369 concessit;
3347 1303 3420 1353 ita
3462 1307 3526 1355 ut
3577 1301 3771 1354 nullus

2075 1391 2344 1456 marchio,
2398 1407 2608 1458 comes,
2653 1391 2990 1458 vicecomes,
3050 1389 3407 1444 schuldasius
3460 1390 3604 1461 ejus,
3665 1407 3767 1444 seu

2075 1480 2348 1550 quaelibet
2406 1496 2614 1550 magna
2679 1495 2968 1550 parvaque
3025 1495 3273 1548 persona
3336 1479 3599 1532 homines
3639 1480 3762 1550 jam

2075 1567 2210 1620 dicti
2241 1566 2564 1632 comitatus,
2624 1582 2726 1620 seu
2791 1565 2993 1636 plebis,
3033 1566 3119 1619 vel
3168 1567 3342 1619 curtis
3401 1566 3607 1619 audeat
3660 1565 3770 1619 dis-

2074 1657 2347 1726 tringere,
2378 1660 2476 1709 aut
2499 1657 2651 1710 intra
2708 1656 2899 1726 ipsum
2936 1655 3268 1709 comitatum
3301 1655 3514 1726 aliquid
3560 1671 3772 1726 praesu-

2076 1750 2193 1799 mat
2216 1745 2461 1815 exigere,
2500 1745 2583 1800 vel
2605 1750 2831 1816 paratos
2859 1745 3064 1810 facere,
3099 1761 3202 1798 nec
3251 1745 3398 1798 ullas
3428 1744 3768 1798 redhibitio-

2080 1851 2177 1888 nes
2209 1835 2525 1905 acquirere,
2561 1836 2658 1888 sed
2688 1835 2850 1888 liceat
2880 1838 3198 1887 memorato
3253 1833 3484 1904 praesuli
3532 1833 3770 1904 suisque

2077 1922 2496 1976 successoribus
2565 1922 2686 1993 jam
2759 1939 2909 1993 saepe
2965 1921 3180 1975 dictum
3243 1921 3579 1975 comitatum
3636 1937 3769 1975 cum

2076 2011 2402 2082 supradicta
2439 2009 2603 2080 plebe
2633 2013 2718 2063 vel
2751 2015 2909 2063 curte
2948 2015 3164 2075 tenere,
3207 2013 3263 2062 et
3313 2024 3512 2062 omnes
3575 2008 3770 2061 homi-

2076 2116 2176 2152 nes
2209 2099 2384 2170 ipsius
2416 2099 2738 2166 comitatus,
2793 2099 2908 2152 sive
2961 2098 3137 2168 ipsius
3193 2097 3374 2168 plebis
3430 2114 3530 2152 seu
3570 2097 3767 2162 curtis,

2076 2205 2178 2259 per
2202 2205 2260 2242 se
2281 2189 2364 2241 vel
2387 2204 2554 2241 suum
2601 2189 2850 2257 legatum
2901 2186 3268 2256 distringere,
3339 2185 3485 2239 sicut
3529 2202 3631 2256 per
3665 2201 3771 2238 nos

2074 2279 2159 2331 vel
2188 2283 2445 2330 nostrum
2495 2276 2730 2329 missum
2786 2274 3168 2346 distringendi
3213 2280 3419 2340 essent,
3487 2278 3544 2328 et
3572 2273 3771 2327 omnia

2074 2382 2202 2437 qua:
2234 2366 2302 2419 de
2330 2364 2451 2434 ipso
2477 2364 2750 2418 comitatu
2782 2364 2851 2417 ad
2887 2363 3175 2434 publicam
3199 2369 3420 2432 partem
3455 2362 3765 2433 pertinent,

2075 2456 2164 2508 vel
2192 2453 2323 2508 inde
2354 2453 2503 2524 exigi
2555 2458 2810 2522 possunt,
2872 2457 2930 2505 et
2990 2456 3363 2522 praetexatam
3412 2451 3640 2521 plebem
3697 2451 3769 2504 de

2074 2543 2324 2609 Trecate,
2359 2546 2530 2611 atque
2587 2545 2805 2595 curtem
2837 2541 2917 2601 de,
2953 2541 3269 2594 Gravalona
3315 2556 3444 2593 cum
3499 2539 3770 2593 omnibus

2077 2631 2194 2683 suis
2256 2629 2610 2699 appendiciis
2692 2630 2780 2682 vel
2839 2628 3222 2698 'pertinentiis
3284 2629 3512 2694 habeat,
3570 2632 3765 2681 teneat

2076 2717 2432 2788 ﬁrmiterque
2492 2716 2796 2787 possideat,
2854 2722 2971 2770 tam
3021 2716 3141 2786 ipse
3195 2733 3368 2787 quam
3413 2732 3768 2770 successores

2074 2806 2250 2871 illius,
2309 2806 2405 2876 qui
2465 2805 2642 2873 illam,
2676 2807 2788 2859 Deo
2820 2804 3040 2858 favente
3071 2809 3126 2858 et
3178 2805 3529 2876 disponente,
3588 2805 3770 2875 ipsius

2077 2895 2223 2947 sedis
2283 2894 2610 2948 cathedram
2707 2894 3028 2962 suscepturi
3105 2900 3254 2958 sunt,
3345 2894 3502 2948 omni
3570 2899 3769 2947 nostra

2077 2987 2520 3054 nostrorumque
2562 2998 2920 3036 sucessorum
2989 2998 3187 3052 regum
3241 2987 3294 3036 et
3343 2983 3767 3052 imperatorum

276 3067 487 3136 praesul
523 3067 959 3120 retributionem
989 3083 1020 3118 a
1061 3066 1222 3119 nobis
1251 3065 1540 3136 suscipiat.
1577 3068 1661 3129 Et,
1696 3067 1966 3136 quoniam
1999 3068 2038 3122 C
2077 3077 2133 3126 et
2161 3072 2320 3125 omni
2359 3073 2658 3126 hominum
2718 3071 3167 3126 contradictione
3221 3073 3310 3126 vel
3376 3071 3764 3125 diminutione
3827 3069 3830 3072 ’

271 3154 490 3224 justum
525 3159 610 3207 est
638 3159 698 3207 ut
732 3170 902 3224 supra
943 3155 1239 3208 nominata
1271 3156 1430 3225 plebs
1485 3161 1655 3225 atque
1685 3171 1812 3208 curs
1846 3157 1965 3225 jam

279 3241 428 3294 dicta
466 3257 567 3294 suo
598 3242 929 3295 restituatur
986 3243 1364 3312 episcopatui;
1418 3246 1474 3296 et
1529 3247 1590 3296 ut
1645 3243 1739 3296 alii
1789 3245 1968 3298 nostri

279 3327 493 3392 ﬁdeles,
527 3326 635 3380 hoc
655 3334 1080 3396 cognoscentes,
1132 3333 1343 3382 nostra
1399 3328 1662 3382 tidelitati
1720 3331 1967 3400 amplius

281 3414 642 3468 stabiliantur
683 3415 842 3484 :ejus
873 3416 1134 3485 precibus
1190 3421 1527 3481 annuentes,
1567 3417 1686 3486 jam
1750 3417 1965 3472 dictum

280 3503 681 3556 comitatulum
713 3520 745 3556 a
782 3508 975 3556 nostro
1003 3504 1132 3574 jure
1165 3503 1222 3558 in
1264 3504 1384 3574 ejus
1426 3504 1679 3558 ecclesiae
1727 3511 1969 3575 potesta-

280 3595 396 3645 tem
433 3591 668 3643 omnino
706 3591 1159 3644 transfundimus
1213 3597 1265 3646 et
1293 3593 1700 3662 perdonamus,
1737 3601 1793 3648 et
1821 3613 1964 3665 prie-

280 3679 454 3732 fetam
486 3678 712 3748 plebem
737 3686 906 3749 atque
939 3685 1155 3733 curtem
1187 3697 1290 3750 per
1319 3682 1424 3734 hoc
1464 3687 1670 3735 nostrae
1722 3685 1966 3738 auctori-

280 3765 414 3820 tatis
445 3771 797 3836 praeceptum
820 3768 941 3836 jam
974 3769 1313 3837 supradictae
1357 3770 1685 3823 Novariensi
1719 3771 1968 3827 ecclesiae

279 3853 574 3909 reddimus
605 3859 661 3908 et
689 3856 1072 3923 concedimus,
1107 3873 1236 3910 cum
1269 3858 1426 3910 omni
1488 3858 1744 3912 districtu
1796 3866 1852 3914 et
1883 3868 1967 3916 te-

281 3942 488 4005 loneis,
519 3943 948 4012 piscationibus,
982 3961 1109 4015 quae
1135 3945 1191 3998 in
1225 3945 1461 3999 ﬂumine
1519 3947 1687 4012 Toxo,
1748 3946 1808 4001 in
1861 3949 1969 4004 illis

283 4031 496 4085 scilicet
520 4033 656 4085 locis
683 4033 782 4086 ubi
826 4033 948 4102 ipsa
1002 4033 1246 4087 Ecclesia
1295 4051 1363 4088 ex
1423 4039 1661 4106 utraque
1716 4037 1971 4092 ﬂuminis

282 4124 655 4190 tenetparte;
688 4127 744 4174 et
763 4138 893 4175 cum
925 4121 1345 4189 venationibus,
1380 4141 1476 4177 seu
1509 4125 1773 4178 omnibus
1800 4127 1972 4180 rebus

284 4225 413 4280 quae
440 4209 508 4263 ad
543 4210 832 4280 publicam
864 4216 1086 4280 partem
1113 4228 1178 4265 ex
1208 4213 1411 4266 eodem
1456 4213 1787 4267 comitatulo
1820 4215 1971 4285 exigi

282 4303 540 4368 possunt,
573 4315 701 4352 cum
738 4299 985 4368 capellis,
1023 4299 1209 4363 domo,
1246 4301 1454 4368 curtili,
1489 4302 1845 4371 massaritiis,
1876 4321 1967 4357 ca-

281 4385 376 4452 sis,
433 4387 828 4454 sediminibus,
887 4389 1124 4458 campis,
1185 4391 1362 4458 pratis
1444 4391 1646 4455 vineis,
1717 4391 1964 4461 pascuis,

285 4473 460 4540 silvis,
521 4476 806 4543 stallariis,
868 4477 1129 4541 salicetis,
1180 4479 1500 4548 paludibus,
1545 4479 1728 4550 aquis,
1784 4495 1970 4551 aqua-

2077 3165 2312 3214 remota.
2345 3159 2402 3214 Si
2433 3161 2560 3230 quis
2590 3160 2769 3231 igitur
2821 3161 2925 3214 hoc
2955 3165 3166 3214 nostra:
3197 3159 3578 3214 concessionis
3618 3175 3766 3230 prae-

2077 3256 2305 3320 ceptum
2337 3249 2550 3303 nefarie
2581 3266 2722 3302 ausu
2778 3249 3084 3304 temerario
3133 3249 3345 3302 violare
3381 3265 3764 3320 praesumpse-

2077 3339 2171 3403 rit,
2225 3343 2455 3392 centum
2483 3337 2653 3391 libras
2705 3338 2830 3392 auri
2867 3338 3070 3408 optimi
3117 3353 3457 3408 componere
3503 3342 3766 3406 cogatur,

2079 3429 2444 3482 medietatem
2473 3427 2687 3497 palatio
2726 3432 2942 3493 nostro,
2977 3432 3033 3480 et
3062 3427 3427 3480 medietatem
3455 3425 3769 3478 Novarien-

2078 3515 2126 3569 si
2161 3514 2429 3580 ecclesiae,
2487 3514 2725 3584 ejusque
2783 3514 3010 3580 rectori,
3068 3514 3165 3584 qui
3197 3530 3300 3584 pro
3331 3519 3591 3584 tempore
3622 3512 3768 3566 inibi

2077 3603 2399 3658 habebitur.
2433 3603 2498 3655 Et
2557 3603 2662 3656 hoc
2717 3607 2777 3656 ut
2821 3602 3008 3655 verius
3065 3602 3344 3665 credatur,
3399 3601 3766 3670 diligentius-

2078 3709 2188 3762 que
2219 3692 2288 3745 ab
2345 3691 2610 3744 omnibus
2661 3691 3012 3758 observetur,
3066 3707 3235 3744 manu
3284 3690 3512 3760 propria
3575 3689 3776 3742 subter

2078 3780 2501 3846 conﬁrmantes,
2533 3778 2824 3850 sigillique
2855 3779 3031 3833 nostri
3063 3778 3441 3848 impressione
3492 3777 3776 3848 jussimus

2076 3866 2365 3938 insigniri.

2150 3957 2376 4023 Signum
2416 3957 2632 4008 Domini

2079 4045 2422 4112 imperatoris
2453 4045 2714 4110 Augusti.

2154 4130 2358 4182 Datum
2392 4144 2542 4182 anno
2569 4128 2979 4183 incarnationis
3030 4128 3343 4182 Dominicas
3394 4129 3548 4194 1024,
3599 4127 3785 4182 indic-

2080 4218 2238 4271 tione
2265 4217 2623 4281 duodecima,
2665 4234 2813 4271 anno
2870 4234 3001 4271 vero
3052 4217 3215 4288 regni
3265 4217 3487 4271 domini
3547 4217 3782 4272 Henrici

2084 4306 2449 4376 imperatoris
2479 4306 2723 4377 Augusti
2751 4311 2831 4369 l3,
2868 4306 3098 4377 imperii
3129 4323 3281 4360 anno
3312 4305 3522 4377 primo.

2151 4397 2356 4449 Actum
2385 4396 2722 4450 Trucutanaa
2751 4395 3011 4450 faciliter.
3037 4397 3241 4450 Amen.

2721 3957 2958 4022 Henrici,
3038 3956 3366 4008 serenissimi
3431 3955 3780 4008 invictissimi

1405 4791 1931 4887 SANCTI
2044 4794 2661 4890 HENRICI

1847 4965 2221 5031 CONCIO

533 5099 736 5156 Habita
764 5103 822 5156 in
848 5105 1070 5158 concilio
1096 5103 1563 5172 Francfordimsi,
1593 5120 1695 5173 pro
1723 5108 2102 5161 constitutione
2134 5109 2473 5177 episcopatus
2503 5110 2912 5178 Bambergensis
2941 5126 3082 5166 anno
3115 5112 3250 5166 1006
3275 5111 3534 5167 celebrato

1647 5228 1867 5299 (Mansi,
1900 5231 2054 5286 Conc.
2095 5232 2225 5299 XIX,
2267 5232 2413 5304 289.)

356 5441 606 5505 Domini,
661 5447 718 5497 et
741 5445 931 5497 Patres
963 5459 995 5495 a
1029 5459 1155 5498 mea
1196 5444 1476 5515 parvitate
1509 5446 1620 5501 huc
1658 5449 1817 5503 asciti
1849 5467 1979 5504 con-

291 5528 541 5596 venistis,
589 5535 646 5584 et
675 5532 1050 5600 quamobrem
1075 5549 1172 5586 vos
1206 5534 1490 5597 ascierim,
1523 5537 1800 5606 aperiam,
1850 5555 1980 5609 pre-

290 5633 503 5686 corque
523 5619 782 5673 omnium
813 5621 1172 5676 clementiam
1248 5629 1309 5677 ut.
1344 5623 1424 5677 'in
1475 5625 1562 5678 his
1613 5643 1742 5696 qua:
1793 5627 1985 5683 divina

2091 5453 2274 5521 gratia
2303 5453 2468 5520 mihi,
2499 5458 2564 5508 ut
2606 5469 2796 5523 spero,
2855 5455 3195 5531 insipiravit,
3255 5471 3359 5525 pro
3415 5455 3538 5524 ejus
3593 5472 3801 5512 amore

2092 5541 2344 5595 faveatis.
2385 5543 2546 5608 Nam,
2583 5543 2718 5612 quia
2774 5543 2833 5597 in
2892 5545 3085 5598 sobole
3164 5543 3425 5598 habenda
3455 5543 3612 5596 nulla
3653 5546 3804 5600 mihi

2096 5646 2223 5700 spes
2256 5636 2536 5699 superest,
2574 5631 2858 5686 Christum
2913 5633 3203 5686 haeredem
3263 5632 3432 5702 elegi,
3495 5631 3804 5704 episcopa-
