3944 6298
183 257 291 309 385

893 254 1300 311 THANGMARI
1340 255 1586 313 PRESB.
1630 256 2092 313 HILDESHEIM.
2127 287 2195 296 —-
2236 260 2387 314 VlTA
2430 263 2485 315 S.
2531 262 2979 317 BERNWARDI.

3590 268 3692 319 386

182 381 311 429 tum
345 375 404 429 in
437 376 807 442 Bavemberh,
841 391 970 430 cum
1003 377 1231 431 licentia
1262 378 1515 449 episcopi
1550 379 1663 433 mei
1700 380 1883 434 facere
1921 398 1962 449 Α
2001 381 2220 435 M0veat
2245 382 2418 436 corda
2448 383 2710 439 omnium
2742 387 3111 455 praesentium
3138 388 3292 458 quod
3326 394 3701 461 augmentum

180 465 466 518 hactenus
491 465 812 535 concupivi,
849 470 903 519 et
932 466 1102 520 hodie
1132 468 1407 536 perﬁcere
1439 468 1632 522 statui.
1667 470 1749 523 0b
1783 470 1891 523 hoc

183 553 613 607 serenissimam
656 554 928 623 pietatem
967 559 1214 608 vestram
1249 556 1575 626 interpello,
1626 573 1717 623 ne,
1765 558 1889 626 ejus

184 642 449 696 absentia
503 642 602 711 qui
658 643 811 711 apud
868 659 959 696 me
1009 644 1188 697 voluit
1234 645 1493 699 obtinere
1544 646 1696 716 quod
1746 646 1889 698 milii

182 747 305 784 non
336 730 497 784 licuit
521 731 851 797 concedere,
889 732 1250 802 prepositum
1294 749 1490 787 meum
1534 735 1718 787 valeat
1771 734 1887 787 im-

182 820 394 889 pediri.
435 821 569 872 Ecce
602 820 857 884 baculus,
900 819 963 873 in
1002 837 1116 891 quo
1164 826 1379 875 mutuae
1436 822 1890 875 conﬁrmationis

182 910 420 977 signum
449 908 725 972 clarescit,
762 908 916 979 quod
948 925 1065 962 non
1121 914 1358 980 propter
1416 910 1741 977 Dominum,
1792 911 1888 965 sed

183 996 257 1050 ob
280 996 577 1067 dignitatis
607 998 934 1051 nullatenus
964 996 1345 1069 adipiscendae
1368 997 1624 1052 dolorem
1656 998 1890 1068 fugerit.

2000 470 2054 524 S.
2086 470 2275 524 Matris
2310 471 2567 525 Ecclesiae
2597 489 2727 525 cum
2759 473 3101 542 nugigerula
3145 476 3432 544 legatione
3491 477 3700 530 annul-

1999 558 2114 610 lare
2144 558 2457 628 praesumit.
2488 560 2624 612 Ecce
2653 560 2723 613 ad
2756 560 2877 613 hinc
2933 563 3198 633 conjugis
3253 579 3394 617 mea;
3450 581 3699 634 praesen-

1998 646 2086 713 tis,
2120 654 2178 699 et
2210 647 2357 700 unici
2393 647 2584 700 fratris
2618 647 2729 700 mei
2752 654 2807 701 et
2837 649 3152 703 cohteredis
3176 651 3336 721 larga
3360 652 3702 706 benevolen-

1998 734 2075 788 tia
2104 734 2343 803 aspirat;
2380 752 2585 806 meque
2618 737 2827 806 placita
2875 736 2983 790 sibi
3012 738 3333 792 redditione
3378 740 3490 792 illis
3530 740 3699 793 resti-

1998 827 2156 875 tuere
2187 828 2430 892 uterquc
2465 841 2567 893 pro
2589 830 2741 877 certo
2772 825 2948 879 sciat:
2982 828 3144 896 sique
3174 827 3474 897 episcopus
3507 828 3699 880 venire

2001 915 2056 964 et
2118 912 2400 981 promissa
2455 913 2724 980 dignatur
2777 913 3088 983 suscipere,
3160 919 3420 985 paratum
3463 932 3553 969 me
3625 916 3693 969 ad

2000 1015 2170 1053 omne
2210 999 2362 1069 quod
2396 999 2555 1053 vobis
2585 1003 2865 1070 placuerit
2896 1001 3169 1055 inveniet.

1596 1418 1764 1457 ANNO
1812 1417 2045 1457 DOMINI
2096 1417 2289 1457 MXXV.

1044 1579 2824 1754 THANGMARUS

1402 1865 1809 1920 PRESBYTER
1848 1863 2481 1918 HILDESHEIMENSIS.

582 2266 1062 2391 VITA
1184 2267 1906 2393 SANCTI
2025 2272 3277 2425 BERNWABDI

1394 2500 1736 2545 EPISCOPI
1784 2502 2476 2547 HILDESHEIMENSIS

1018 2649 1469 2722 AUCTORE
1545 2650 2149 2724 THANGMARO
2224 2651 2850 2724 PRESBYTERO

700 2831 887 2903 (Apud
926 2833 989 2886 D.
1033 2833 1217 2900 Pertz,
1259 2833 1603 2887 Monumenta
1633 2831 1933 2887 Germania
1964 2832 2242 2899 historica,
2282 2831 2486 2902 Script.
2528 2835 2668 2885 tom.
2706 2832 2795 2898 IV,
2835 2846 2966 2902 pag.
3010 2832 3160 2901 751.)

1660 3141 2192 3207 MONITUM.

244 3321 665 3389 Tbangmarus,
725 3317 954 3371 natione
1005 3318 1149 3372 Saxo
1209 3317 1307 3389 (1),
1365 3322 1606 3372 exeunte
1665 3318 1871 3372 saeculo
1909 3322 1944 3374 Β
1985 3318 2136 3371 solus
2167 3318 2235 3371 ad
2267 3318 2535 3371 Ottonem
2559 3318 2631 3370 Ill
2664 3321 2719 3371 et
2749 3316 3082 3372 Silvestrum
3116 3319 3162 3371 Il
3194 3319 3430 3388 legatus,
3459 3318 3680 3373 Italiam

175 3407 400 3461 decimo
432 3412 490 3460 et
518 3406 819 3460 undecimo
861 3406 1094 3460 ineunte
1124 3406 1421 3477 presbyter
1474 3406 1722 3461 ecclesiae
1778 3422 1869 3459 ca-

173 3495 452 3549 thedralis
494 3495 1004 3549 l-Iildeslieimensis
1035 3496 1105 3565 (2)
1131 3500 1186 3547 et
1240 3494 1602 3565 primicerius
1660 3495 1868 3547 scholas

174 3600 510 3654 puerorum,
568 3590 625 3637 et
680 3584 887 3637 saeculo
931 3582 1232 3636 undecimo
1291 3583 1541 3636 ecclesiae
1598 3583 1866 3645 decanus,

174 3673 583 3726 Bernwardum
650 3671 850 3725 litteris
916 3671 1296 3726 imbuendum
1352 3671 1720 3741 moribusque
1779 3671 1866 3723 in-

170 3761 512 3814 struendum
546 3760 653 3813 sibi
677 3760 951 3814 traditum
974 3764 1128 3813 tanta
1156 3759 1462 3813 dilectione
1493 3760 1649 3825 fovit,
1684 3764 1747 3812 ut
1769 3775 1869 3828 per

171 3855 348 3902 totam
391 3850 596 3902 deinde
643 3848 817 3901 vitam
851 3848 1013 3918 quasi
1044 3847 1225 3901 ﬁlium
1261 3848 1406 3916 patri
1456 3848 1564 3900 sibi
1617 3847 1867 3901 devinci-

170 3942 257 3991 ret
285 3941 380 4005 (3).
416 3937 747 3991 Bernwardo
779 3938 849 3990 ad
876 3936 1268 4006 episcopatum
1320 3936 1866 3989 Hildesheimensem

168 4031 462 4095 provecto,
495 4025 614 4096 ipse
653 4026 901 4080 decanus
950 4025 1045 4092 (4),
1089 4024 1561 4078 Bibliothecarius
1608 4029 1664 4077 et
1703 4029 1864 4077 nota-

164 4115 286 4167 rius
317 4115 391 4182 (ὅ)
451 4115 620 4165 rebus
677 4113 943 4181 gerendis
988 4112 1305 4180 plurimum
1353 4110 1633 4175 interfuit,
1690 4118 1747 4164 et
1804 4112 1863 4164 in

163 4200 399 4270 negotio
432 4200 989 4255 Gandersheimeinsi
1017 4217 1167 4253 anno
1219 4202 1353 4253 1000
1409 4200 1477 4253 ad
1505 4200 1862 4270 Willegisum

164 4288 659 4358 archiepiscopum
692 4288 765 4358 (6)
818 4305 949 4341 cum
982 4288 1110 4341 aliis
1161 4288 1405 4358 legatus,
1463 4288 1668 4341 eodem
1709 4305 1860 4343 anno

163 4377 494 4447 episcopum
530 4393 696 4430 suum
726 4378 967 4431 Romam
1011 4376 1315 4429 comitatus
1346 4376 1420 4447 (7)
1447 4382 1503 4430 et
1536 4393 1663 4429 cum
1694 4393 1759 4429 eo
1794 4393 1861 4430 ex

163 4465 325 4518 Italia
357 4481 633 4531 reversus,
664 4481 860 4541 mense
892 4468 1150 4535 Augusto
1191 4465 1327 4518 anni
1363 4468 1489 4518 1001
1556 4482 1671 4519 una
1729 4482 1856 4519 cum

164 4554 499 4623 Eggehardo
530 4554 745 4624 synodo
778 4554 1238 4608 Francofurtanaa
1268 4554 1531 4608 interfuit
1574 4552 1674 4625 (8),
1734 4558 1859 4607 tum

1980 3405 2176 3459 revisit
2206 3409 2297 3475 (0),
2351 3407 2409 3458 in
2456 3406 2698 3459 concilio
2730 3406 3044 3459 Tudertino
3105 3424 3196 3460 res
3251 3408 3509 3460 Ecclesiae
3563 3425 3681 3460 sua:

1980 3492 2116 3561 egit,
2168 3494 2239 3545 ab
2288 3492 2637 3563 imperatore
2701 3509 2831 3546 mox
2884 3493 3165 3547 morituro
3204 3494 3525 3564 largissime
3585 3511 3671 3547 re-

1982 3586 2317 3634 muneratus
2347 3598 2498 3634 anno
2530 3584 2664 3635 1002
2697 3581 2929 3635 domum
2960 3582 3149 3648 rediit,
3182 3588 3236 3635 et
3264 3599 3367 3652 per
3390 3583 3678 3653 reliquum

1978 3670 2107 3723 vitae
2152 3675 2381 3739 tempus
2445 3671 2774 3724 Bernwardo
2823 3670 3073 3724 convixit
3111 3671 3238 3740 (10).
3284 3673 3426 3725 Cum
3485 3678 3678 3725 autem

1976 3773 2201 3811 summa
2231 3775 2362 3812 cum
2388 3759 2651 3828 episcopo
2682 3759 3068 3812 familiaritate
3100 3760 3329 3826 viveret,
3383 3760 3498 3813 imo
3541 3776 3676 3813 cou-

1976 3845 2157 3899 fessor
2186 3847 2296 3916 (11)
2332 3848 2454 3915 ejus
2485 3848 2655 3900 fuisse
2690 3848 2967 3915 videatur,
3002 3849 3308 3917 magnilica
3349 3848 3475 3917 ejus
3520 3852 3680 3918 gesta

1975 3934 2246 4004 colligere
2288 3952 2590 4005 aggressus
2645 3935 2778 4004 (12),
2837 3935 3041 3989 eodem
3094 3952 3246 4005 aegre
3290 3936 3378 3989 vix
3442 3935 3674 3989 tandem

1975 4024 2360 4077 consentiente
2388 4024 2695 4094 compegit.
2765 4030 2824 4077 et
2870 4029 3001 4092 post
3049 4025 3270 4077 obitum
3324 4023 3517 4077 dilecti
3568 4022 3675 4076 viri

1977 4112 2214 4167 absolvit
2270 4111 2395 4181 (13).
2450 4110 2724 4165 Convenit
2767 4111 2913 4163 liber
2951 4112 3011 4163 in
3075 4112 3210 4164 locis
3268 4111 3421 4164 haud
3478 4110 3675 4180 paucis

1973 4218 2102 4254 cum
2157 4201 2473 4253 Annalibus
2516 4199 3192 4263 llildeneshcimensibus,
3252 4200 3407 4267 quod
3459 4199 3587 4252 ideo
3643 4216 3676 4252 a

1975 4296 2169 4342 nostro
2204 4289 2444 4357 scriptos
2476 4288 2655 4340 videri
2683 4304 2857 4357 supra
2889 4288 3205 4340 memoravi
3247 4287 3382 4356 (14),
3439 4293 3496 4341 et
3553 4303 3674 4340 om-

1973 4377 2065 4430 nia
2081 4376 2199 4429 fere
2226 4382 2568 4445 quaauarrat
2589 4382 2689 4429 aut
2725 4377 2795 4429 ab
2820 4376 2945 4444 ipso
2974 4388 3257 4444 praesente
3306 4375 3423 4428 visa
3472 4380 3571 4428 aut
3621 4375 3675 4428 ei

1970 4466 2173 4519 saltem
2194 4465 2338 4517 bene
2370 4469 2505 4517 nota
2537 4464 2714 4517 lector
2743 4464 2904 4517 facile
2947 4463 3379 4517 animadvertet.
3420 4464 3493 4517 De
3529 4463 3673 4517 veri-

1970 4554 2102 4608 tatis
2140 4552 2328 4606 studio
2364 4552 2422 4605 in
2463 4553 2563 4605 tali
2609 4551 2732 4607 viro
2792 4552 3031 4607 minime
3080 4553 3447 4607 dubitaveris.
3493 4552 3675 4624 Opere

1806 4679 2025 4733 NOTIE.

231 4780 309 4849 (1)
344 4782 476 4851 Cap.
516 4798 528 4835 :
570 4782 714 4836 claro
738 4787 935 4837 nostra:
964 4785 1139 4851 gentis
1163 4786 1448 4851 sanguine.

231 4855 310 4925 (2)
371 4854 540 4904 Vocat.
592 4868 714 4906 eam
790 4859 1033 4907 nostrum
1102 4858 1522 4908 monasterium:
1611 4854 1856 4925 exempli

159 4923 345 4993 gratia
382 4939 532 4975 anno
570 4925 722 4991 1000,
754 4940 878 4992 cap.
908 4928 999 4993 t8;
1024 4941 1176 4978 anno
1210 4927 1367 4991 1007,
1399 4942 1523 4994 cap.
1557 4927 1645 4979 43.

232 4994 304 5061 (3)
388 4995 730 5066 Βθῃηοηειῐιῄ
775 4995 967 5061 etiam,
1025 5002 1220 5063 postea
1250 4996 1592 5049 Misnensem
1637 4995 1856 5066 episco-

159 5064 592 5133 pum,erudisse
624 5064 834 5133 legitur
891 5065 951 5118 in
998 5066 1207 5123 Chron.
1278 5068 1334 5121 S.
1399 5064 1688 5120 Michaelis
1736 5067 1857 5121 Hil-

159 5135 312 5205 desh.
354 5134 546 5187 Leibn.
584 5136 653 5201 ll,
686 5153 739 5205 p.
782 5137 913 5191 400.

229 5204 306 5273 (4)
348 5206 479 5275 Cap.
517 5209 602 5260 33.

229 5278 303 5345 (ὅ)
354 5277 644 5342 Prologus.

230 5348 299 5415 (6)
343 5348 476 5417 Cap.
526 5350 612 5407 18,
638 5363 739 5416 per
761 5363 858 5402 nos
890 5349 1178 5403 mandant.

228 5417 296 5492 (7)
341 5418 474 5492 Cap.
516 5420 607 5492 25,
638 5420 922 5488 presbyter
949 5420 1019 5476 cf.
1046 5437 1169 5492 cap.
1196 5421 1282 5475 34.

231 5491 303 5559 (8)
347 5489 480 5558 Cap.
526 5491 612 5543 33.

2042 4782 2117 4851 (9)
2159 4783 2292 4851 Cap.
2329 4784 2515 4836 34-37.

2042 4854 2147 4923 (10)
2195 4854 2470 4922 Prologus
2500 4853 2558 4905 in
2591 4852 2723 4905 line.

2042 4924 2148 4993 (11)
2204 4924 2479 4987 Quisnam
2542 4923 2651 4977 nisi
2704 4923 2997 4977 confessor
3066 4924 3187 4977 haec
3231 4924 3491 4977 diceret:
3562 4926 3669 4980 Nec

1971 4995 2183 5063 aliquid
2236 4994 2293 5046 in
2342 4997 2486 5048 omni
2512 4995 2693 5048 stadio
2748 4995 2864 5061 eius
2899 4997 3021 5047 vita?
3073 5011 3245 5048 meam
3288 4996 3671 5049 conscientiam

1968 5081 2253 5120 FBAITDARE
2284 5082 2496 5133 POTUIT,
2531 5068 2663 5134 quin
2684 5066 2992 5133 plenissime
3011 5067 3219 5119 scirem.

2042 5137 2151 5204 (12)
2179 5137 2397 5203 Prolog.

2040 5210 2151 5277 (t3)
2181 5208 2257 5260 De
2314 5205 2599 5277 Heinrico
2628 5207 2675 5259 II
2731 5222 2854 5275 cap.
2896 5209 2965 5259 2'2
2996 5206 3074 5258 ita
3118 5205 3389 5274 loquitur,
3432 5209 3495 5258 ut
3525 5221 3656 5260 eum

1968 5283 2105 5332 tuuc
2135 5278 2497 5344 superstitem
2527 5276 2699 5330 fuisse
2729 5278 2949 5342 videas;
2988 5277 3133 5330 liber
3182 5277 3360 5346 igitur
3393 5281 3523 5329 ante
3556 5294 3656 5332 an-

1970 5365 2108 5403 num
2148 5350 2281 5402 1024
2313 5349 2507 5401 tinitus
2540 5354 2643 5400 est.

2042 5420 2149 5487 (14)
2182 5419 2278 5473 SS.
2330 5420 2420 5477 III.
2458 5436 2512 5487 p.
2547 5420 2613 5470 20
2646 5418 2869 5487 (Patrol.
2904 5422 3041 5471 tom.
3089 5418 3241 5471 CXLI
3272 5418 3329 5469 in
3364 5416 3663 5472 Lamberto

1969 5490 2418 5559 Aschafnaburg.
2450 5490 2515 5542 ad
2558 5506 2647 5544 an.
2687 5492 2863 5555 1039).
2923 5491 3317 5559 Thangmarus
3374 5504 3469 5544 an.
3530 5491 3666 5544 1022
