3944 6316
276 301 376 354 387

1265 291 1674 350 THANGMARI
1718 287 2160 344 PRESBYTERI
2198 284 2782 342 HILDESHEIMENS.

3678 282 3787 336 388

275 417 554 482 absoluto,
584 415 739 470 haud
771 414 864 469 diu
891 413 1094 468 vixisse
1125 413 1386 480 videtur;
1427 413 1628 468 saltem
1673 426 1822 464 anno
1848 410 1970 479 jam
2008 413 2054 464 A
2082 415 2253 476 nota,
2277 409 2347 463 ad
2378 409 2627 463 litteram
2653 422 2799 477 pene
2827 423 2858 461 a
2882 421 2975 460 me
3006 421 3302 476 expressus
3357 409 3468 472 est;
3529 405 3783 476 scriptu-

284 509 415 560 102‘7
445 505 774 558 Tadilonem
834 505 1114 557 decanum
1171 501 1478 554 memorari
1544 499 1788 568 legimus
1831 497 1962 566 (15).

280 597 449 650 Liber
470 609 682 665 magno
710 591 962 646 historia
984 590 1284 644 commodo
1308 589 1365 641 in
1397 587 1630 641 ecclesia
1651 586 1968 640 Hildeshei-

279 684 466 737 mensi
496 685 835 746 asservatus,
869 678 1075 732 saculo
1104 693 1181 732 xu
1214 676 1446 729 ineunte
1477 674 1767 728 miraculis
1816 673 1968 727 beati

279 771 531 842 episcopi
565 768 756 822 virtuti
782 769 1044 836 ascriptis
1075 771 1290 829 auctus,
1315 769 1366 816 et
1409 780 1558 816 anno
1597 765 1726 816 1193
1783 761 1968 816 Cale—

275 861 422 912 stiuo
449 859 520 912 ΙΙΙ
550 858 791 922 oblatus,
829 854 1228 908 Bernwardum
1285 853 1346 906 in
1389 868 1697 906 numerum
1745 855 1968 904 sancto-

276 963 405 1000 rum
465 944 664 998 referri
719 942 903 996 effecit
951 943 1084 1010 (16);
1147 941 1244 994 sed
1307 945 1500 993 nostro
1569 954 1797 1010 quoque
1851 955 1970 992 avo

274 1033 580 1088 lectoribus
610 1030 771 1084 valde
804 1034 1100 1098 acceptum
1131 1045 1190 1082 se
1230 1029 1448 1094 reddet,
1509 1028 1663 1098 quod
1721 1028 1972 1096 plurima

281 1123 426 1176 scitu
452 1122 626 1191 digna
655 1120 723 1173 de
765 1117 968 1170 Ottone
999 1117 1091 1182 ΙΙΙ,
1143 1118 1305 1186 cujus
1365 1116 1770 1169 Bernwardum
1825 1132 1969 1185 pra-

278 1214 571 1278 ceptorem
628 1213 685 1259 et
718 1205 964 1258 amicum
1003 1203 1176 1257 fuisse
1207 1203 1500 1269 discimus,
1563 1209 1619 1255 et
1676 1202 1745 1255 de
1797 1200 1969 1255 Heiu-

273 1298 377 1351 rici
410 1296 459 1351 ΙΙ
492 1311 669 1364 regno
708 1292 981 1346 oblivioni
1009 1289 1326 1361 praripuit.
1367 1289 1501 1344 Litis
1531 1306 1761 1360 quoque
1818 1290 1971 1342 Gan—

276 1381 718 1438 dersheimensis
757 1380 850 1433 cui
878 1380 1218 1434 dirimenda
1261 1379 1667 1449 imperatorem
1733 1384 1790 1431 et
1849 1376 1972 1446 epi-

280 1489 480 1542 scopos
510 1487 612 1541 per
667 1471 863 1540 plures
909 1485 1091 1522 annos
1139 1469 1424 1522 laborasse
1464 1468 1746 1532 novimus,
1796 1467 1972 1520 telam

279 1560 348 1613 ab
400 1558 633 1613 exordio
691 1557 982 1626 expandit.
1015 1557 1273 1626 Scriptus
1313 1560 1399 1609 est
1440 1558 1585 1626 style
1621 1556 1864 1625 simplici
1917 1559 1975 1608 et

279 1647 598 1718 perspicuo.
646 1645 799 1699 Auni
855 1644 1089 1698 initium
1145 1660 1276 1698 cum
1313 1645 1628 1698 Annalibus
1684 1643 1974 1697 Hildenes-

276 1736 670 1792 heimensibus
702 1752 734 1788 a
765 1734 1063 1788 nativitate
1097 1732 1324 1786 Domini
1355 1732 1582 1786 inchoat
1613 1732 1741 1801 (l7).

347 1827 548 1896 Opere,
646 1824 818 1895 paulo
899 1828 1208 1893 postquam
1291 1822 1605 1890 prodierat,
1682 1837 1817 1874 usus
1889 1825 1972 1875 est

278 1913 628 1971 Wolfhcrius
679 1912 740 1966 in
791 1912 912 1965 Vita
966 1910 1180 1981 duplici
1235 1910 1554 1964 Codehardi
1593 1908 1864 1980 episcopi,
1917 1914 1973 1963 et

277 2001 528 2072 plurima
607 2000 741 2054 inde
796 1999 1061 2068 decerpta
1115 1998 1324 2068 scripto
1374 2014 1476 2050 suo
1529 1996 1796 2063 inseruit;
1858 2013 1970 2050 sa-

279 2092 405 2145 culo
455 2088 796 2144 duodecimo
849 2087 1084 2140 ineunte
1121 2086 1341 2139 auctori
1397 2084 1692 2139 Chronica
1745 2085 1970 2155 episco-

277 2194 484 2250 porum
526 2173 1124 2238 llildesheimensinm,
1158 2178 1398 2226 exeunte
1455 2173 1674 2226 auctori
1714 2172 1972 2226 llistoria

277 2266 659 2322 translationis
707 2265 760 2318 8.
822 2264 1148 2318 Bernwardi
1205 2263 1476 2317 innotuit.
1543 2265 1676 2316 Arte
1706 2269 1972 2332 typogra-

279 2356 446 2428 phica
501 2355 754 2420 inventa,
801 2353 1019 2422 primus
1080 2355 1346 2421 excerpta
1403 2351 1614 2404 codicis
1676 2351 1972 2420 cujusdam

280 2441 785 2499 Hildesheimensis
815 2440 969 2493 dedit
994 2439 1192 2493 Surius
1223 2438 1283 2491 in
1313 2439 1465 2491 Actis
1490 2439 1580 2491 SS.
1617 2438 1707 2492 die
1740 2441 1806 2492 20
1859 2440 1972 2492 Νο-

278 2532 547 2596 vembris,
579 2535 638 2584 at
674 2531 964 2583 Browerus
1015 2529 1074 2581 in
1103 2527 1392 2581 Sideribus
1450 2527 1768 2582 Germania
1800 2527 1973 2580 libros

280 2624 357 2676 De
398 2622 530 2683 vita,
564 2618 724 2674 obitu
751 2625 807 2672 et
835 2616 1206 2672 translatione
1263 2616 1323 2670 S.
1392 2615 1740 2683 Bernwardi,
1793 2620 1850 2669 et
1903 2616 1973 2669 de

278 2709 650 2764 translatione
697 2711 752 2762 8.
787 2706 1092 2776 Epiphanii
1123 2722 1252 2759 cum
1295 2705 1522 2758 scholiis
1543 2705 1745 2772 edidit,
1777 2705 1973 2759 codice

279 2799 414 2852 usu's
459 2798 652 2851 saculi
680 2815 746 2850 xv
779 2800 910 2865 (I8),
941 2795 1040 2848 sed
1090 2795 1458 2864 interpolato,
1515 2793 1716 2848 ordine
1774 2811 1972 2848 narra-

278 2887 452 2941 tionis
485 2887 710 2939 inverso
757 2890 813 2937 et
840 2898 1102 2936 sermone
1125 2883 1452 2952 depravato.
1483 2882 1730 2935 Broweri
1758 2887 1976 2935 textum

281 2973 642 3029 Mabillonius
673 2972 732 3024 in
759 2971 910 3025 Actis
942 2971 1034 3024 SS.
1059 2970 1122 3023 Ο.
1152 2969 1206 3022 8.
1245 2971 1304 3023 Β.
1339 2970 1479 3024 Sac.
1522 2971 1609 3038 Vl,
1672 2987 1708 3030 ι,
1744 2987 1798 3039 p.
1853 2973 1977 3039 202,
2013 2971 2052 3026 C

282 3066 339 3114 et
386 3055 704 3114 Leibnitius
772 3057 833 3110 in
898 3056 989 3110 SS.
1047 3056 1296 3109 Brunsw.
1378 3056 1421 3118 Ι,
1481 3057 1568 3122 41,
1643 3055 1736 3109 hic
1786 3061 1980 3110 tamen

283 3147 513 3217 adjectis
569 3144 765 3216 paucis
840 3144 1045 3198 codicis
1104 3144 1527 3214 Cuelferbytani
1584 3149 1638 3197 et
1704 3143 1979 3198 versionis

281 3235 593 3300 Saxonica,
684 3250 813 3304 qua
867 3233 936 3286 ad
990 3237 1208 3286 textum
1262 3232 1685 3285 Browerianum
1735 3233 1974 3300 accedit,

281 3324 644 3390 lectionibus,
676 3322 1087 3392 repetiverunt.
1125 3320 1310 3374 Editio
1344 3326 1539 3374 nostra
1558 3320 1759 3374 nititur
1792 3338 1804 3373 :

356 3417 403 3468 1.
462 3415 520 3468 C.
576 3412 755 3482 regio,
814 3411 951 3464 olim
1010 3409 1349 3463 monasterii
1412 3410 1464 3464 S.
1522 3409 1806 3462 Michaelis
1854 3409 1976 3462 Hil-

283 3497 713 3561 desheimensis,
743 3513 775 3548 a
826 3494 1161 3548 Bernwardo
1213 3493 1471 3559 conditi;
1533 3493 1632 3563 qui
1667 3493 1873 3546 saculo
1921 3510 1975 3546 x1

282 3590 544 3639 exaratus
582 3584 640 3636 in
682 3584 779 3636 fol.
815 3573 954 3636 auro
997 3587 1230 3651 argento
1288 3581 1636 3650 diversisque
1690 3581 1977 3634 coloribus

282 3673 469 3743 pictus
521 3677 576 3725 et
620 3671 902 3741 lapidibus
961 3669 1222 3741 pretiosis
1277 3669 1416 3722 olim
1435 3675 1692 3731 ornatus,
1739 3685 1976 3740 magna-

284 3778 398 3832 que
430 3760 796 3814 veneratione
845 3759 905 3811 in
964 3758 1223 3811 canobio
1264 3757 1490 3811 habitus
1532 3762 1630 3811 est.
1673 3759 1803 3828 Ipsa
1861 3759 1978 3811 vita

284 3849 542 3920 quinque
595 3847 1070 3918 quaternionibus
1116 3846 1450 3900 absolvitur.
1535 3846 1731 3900 Sextus
1801 3863 1977 3900 manu

286 3937 476 3990 saculi
505 3953 579 3989 xu
617 3935 868 3989 ineuntis
895 3935 1192 3999 miracula,
1225 3934 1503 4004 septimus
1535 3935 1735 3989 eadem
1799 3951 1978 3989 manu

284 4025 691 4080 revelationem
721 4023 902 4077 sancti
933 4023 1216 4078 Michaelis
1251 4027 1305 4076 et
1338 4023 1610 4077 lectiones
1645 4025 1974 4090 nonnullas,

285 4119 517 4168 octavus
573 4128 750 4166 manu
827 4112 1018 4166 saculi
1071 4128 1146 4165 xu
1205 4113 1427 4166 chartas
1500 4112 1789 4166 Benedicti
1859 4130 1976 4178 Vlll,

286 4201 536 4258 lleinrici
568 4202 613 4255 ΙΙ
644 4205 700 4255 et
734 4201 977 4255 Bodonis
1009 4200 1301 4270 praepositi
1340 4200 1400 4254 in
1432 4200 1683 4254 favorem
1729 4200 1975 4254 canobii

286 4291 342 4345 8.
376 4290 663 4345 Michaelis
713 4290 842 4344 data
909 4293 964 4343 et
1013 4290 1290 4344 nonnulla
1338 4289 1672 4358 posterioris
1719 4290 1823 4342 avi
1880 4306 1974 4343 ex-

284 4375 460 4430 hibet.
524 4375 689 4430 Liber
735 4390 960 4444 magnae
1018 4373 1368 4429 auctoritatis
1427 4378 1482 4427 et
1528 4374 1762 4445 optima
1811 4374 1979 4427 simul

2077 513 2155 551 ra
2189 497 2481 567 specimen
2518 497 2580 550 in
2610 496 2805 551 tabula
2837 495 3054 566 adjecta
3081 494 3278 548 habes.
3312 494 3415 549 Cui
3455 495 3783 565 plurimum

2077 586 2362 640 consentit
2393 602 2407 640 :

2151 732 2200 783 3.
2235 728 2295 782 C.
2335 727 2526 797 regius
2558 725 2696 781 bibl.
2724 724 3052 780 Dresdensis
3073 725 3217 778 mbr.
3251 724 3311 776 in
3340 724 3398 776 4ο
3422 721 3644 777 duabus
3673 737 3784 775 sa-

2077 817 2189 870 culi
2223 833 2276 870 xr
2322 815 2587 869 manibus
2629 820 2912 881 exaratos,
2945 815 3044 868 sed
3075 831 3106 866 a
3153 811 3479 880 Wolfherio,
3541 814 3778 864 auctore

2080 906 2220 960 Vita
2250 904 2594 972 Godehardi,
2625 904 2824 958 iisdem
2857 903 3010 956 haud
3041 917 3169 955 raro
3189 900 3488 955 sententiis
3519 915 3663 969 quas
3715 897 3784 951 in

2081 995 2203 1047 Vita
2253 993 2442 1062 prima
2493 992 2836 1046 offendimus
2881 990 3280 1060 interpolatus,
3342 992 3398 1041 et
3445 987 3661 1041 notitiis
3706 986 3781 1039 de

2081 1081 2415 1136 Godehardo
2442 1081 2709 1150 episcopo
2733 1083 2948 1144 auctus,
2970 1093 3098 1148 qua
3129 1093 3258 1130 cum
3293 1076 3415 1129 Vita
3435 1076 3557 1146 ejus
3587 1075 3783 1144 prima

2079 1186 2259 1240 usque
2282 1169 2351 1223 ad
2372 1185 2496 1238 cap.
2511 1172 2577 1222 26
2599 1168 2985 1222 consentiunt.
3011 1166 3316 1236 Complura
3339 1169 3568 1218 econtra
3589 1163 3784 1234 capita

2080 1258 2141 1312 in
2164 1257 2350 1310 medio
2375 1256 2519 1310 libro
2542 1257 2906 1310 omittuntur.
2935 1255 3101 1308 Initio
3135 1269 3371 1307 mancus
3408 1257 3512 1306 est.
3539 1251 3782 1306 Librum

2079 1346 2141 1400 in
2169 1361 2337 1399 usum
2381 1349 2640 1398 nostrum
2674 1361 2801 1398 cum
2839 1344 3005 1397 editis
3033 1341 3276 1396 contulit
3304 1341 3372 1398 V.
3434 1342 3504 1394 cl.
3568 1339 3781 1395 Mauri-

2079 1432 2192 1486 tius
2215 1435 2421 1503 Haupt,
2452 1432 2510 1485 in
2541 1432 2833 1486 academia
2860 1429 3133 1501 Lipsiensi
3190 1429 3495 1500 professor,
3543 1427 3643 1499 qui
3690 1429 3783 1482 his

2079 1520 2268 1574 verbis
2296 1537 2362 1574 ea
2387 1521 2456 1575 de
2490 1537 2551 1573 re
2607 1521 2674 1574 ad
2730 1537 2833 1573 nos
2868 1518 3098 1573 retulit:
3145 1517 3381 1573 «Codex
3436 1533 3587 1571 anno
3643 1520 3784 1572 1832

2082 1623 2148 1661 ex
2178 1607 2460 1662 tabulario
2481 1607 2645 1678 regni
2671 1607 2928 1662 Saxonia
2958 1606 3258 1660 secretiore
3276 1605 3336 1659 in
3365 1605 3782 1660 Bibliothecam

2001 1692 2041 1744 B
2080 1695 2299 1765 regiam
2331 1696 2706 1750 Dresdensem
2736 1695 3066 1762 translatus,
3097 1694 3236 1749 folia
3259 1694 3519 1748 continet
3570 1693 3780 1764 viginti

2079 1784 2188 1838 tria
2217 1785 2411 1838 forma
2444 1786 2756 1856 quadrata,
2793 1785 3028 1839 modica
3057 1783 3488 1854 magnitudinis.
3521 1783 3779 1853 Singula

2079 1871 2307 1942 pagina
2338 1888 2533 1926 versus
2572 1871 2869 1926 continent
2914 1871 3121 1942 viginti
3178 1871 3454 1942 quinque.
3514 1869 3774 1939 Scriptus

2079 1964 2166 2014 est
2193 1959 2339 2012 liber
2370 1978 2402 2014 a
2442 1960 2707 2014 manibus
2733 1960 2971 2028 duabus,
3002 1975 3244 2030 quarum
3285 1957 3475 2028 prima
3532 1956 3783 2028 pertinet

2082 2063 2261 2118 usque
2289 2048 2360 2102 ad
2392 2048 2566 2102 tinem
2593 2047 2716 2102 folii
2755 2047 2960 2102 decimi
2994 2047 3152 2116 noni,
3176 2046 3333 2100 recti.
3370 2046 3527 2100 Folio
3575 2044 3780 2099 eodem

2082 2151 2276 2188 averso
2309 2137 2483 2189 altera
2517 2152 2718 2190 manus
2771 2135 2972 2205 incipit
3011 2134 3100 2187 bis
3149 2133 3336 2186 verbis
3373 2148 3385 2186 :
3449 2135 3548 2186 His
3591 2135 3671 2186 ita
3727 2147 3784 2186 se

2081 2225 2424 2292 habentibus,
2458 2241 2588 2295 qua
2615 2224 2885 2294 leguntur
2915 2222 3067 2294 apud
3101 2221 3448 2276 Leibnitium
3479 2221 3664 2291 capite
3711 2221 3773 2273 41

2079 2311 2218 2382 (jam
2249 2314 2372 2381 44);
2419 2319 2664 2383 utraque
2707 2328 2911 2365 manus
2969 2310 3161 2364 saculi
3201 2309 3492 2364 undecimi
3540 2314 3645 2375 est,
3677 2324 3785 2363 nec

2081 2401 2262 2453 multo
2293 2399 2574 2454 recentior
2599 2400 2768 2453 tertia
2808 2415 2936 2469 qua
2975 2397 3068 2452 hic
3112 2397 3229 2450 illic
3285 2396 3589 2450 nominum
3621 2412 3780 2450 com-

2080 2488 2292 2558 pendia
2323 2504 2494 2559 supra
2523 2503 2718 2541 versus
2751 2486 3016 2557 explevit,
3049 2490 3106 2540 et
3154 2485 3212 2538 in
3263 2485 3524 2556 margine
3574 2485 3784 2554 sapius

2191 2576 2382 2646 (nota),
2432 2580 2486 2629 et
2539 2575 2630 2629 hic
2678 2575 2796 2629 illic
2855 2573 3170 2628 summaria
3205 2573 3324 2627 sive
3381 2574 3781 2628 adnotationes

2082 2665 2344 2734 ascripsit
2393 2679 2511 2716 non
2543 2663 2830 2732 neglectas
2885 2679 2914 2715 a
2948 2679 3040 2715 me
3084 2662 3144 2715 in
3183 2661 3392 2715 codicis
3450 2661 3779 2725 collatione,

2085 2751 2310 2808 Contuli
2339 2755 2533 2804 autem
2565 2750 2718 2804 hunc
2757 2751 2989 2820 librum,
3019 2755 3076 2804 et
3107 2749 3185 2804 ita
3215 2749 3452 2821 quidem
3483 2758 3542 2804 ut
3572 2753 3786 2820 prater

2083 2857 2127 2896 ω
2165 2857 2190 2894 c
2227 2857 2252 2894 e
2289 2839 2609 2892 litterarum
2637 2837 3238 2908 promiscuum-usum
3270 2854 3342 2891 ne
3373 2835 3783 2906 orthographi-

2090 2943 2181 2980 cas
2237 2925 2472 2996 quidem
2545 2925 2818 2980 minutias
2885 2925 3263 2996 praterirem,
3335 2941 3464 2979 cum
3530 2923 3786 2978 editione

2095 3013 2382 3069 Leibnitii.
2413 3014 2637 3068 Mutilus
2665 3019 2749 3068 est
2769 3014 2943 3068 codex
2970 3014 3323 3079 Dresdensis,
3356 3012 3554 3084 incipit
3581 3011 3718 3066 tolio
3757 3017 3779 3067 1

2089 3119 2251 3156 verso
2281 3111 2410 3173 post
2433 3103 2668 3157 detritas
2698 3103 3010 3157 nonnullas
3040 3103 3281 3174 syllabas
3320 3103 3410 3156 his
3456 3101 3642 3156 verbis
3683 3103 3791 3156 loci

2086 3195 2135 3244 et
2191 3194 2641 3263 congregationis,
2694 3208 2822 3263 qua
2878 3193 3150 3262 leguntur
3207 3192 3358 3262 apud
3427 3191 3786 3246 Leibnitium

2087 3293 2210 3349 cap.
2248 3282 2333 3346 13,
2367 3296 2533 3333 versu
2589 3282 2672 3347 14,
2715 3280 2893 3351 Scrip.
2946 3296 3058 3334 rer.
3097 3281 3328 3334 Brunsv.
3375 3283 3414 3333 t.
3467 3280 3507 3345 Ι,
3567 3296 3626 3349 p.
3680 3279 3789 3332 45:7

2087 3366 2224 3436 (jam
2254 3383 2302 3423 c.
2364 3368 2471 3437 12).
2519 3368 2707 3422 Prima
2761 3369 2933 3439 hujus
2980 3368 3104 3422 folii
3161 3368 3374 3438 pagina
3425 3367 3792 3438 agglutinata

2085 3470 2303 3534 papyro
2359 3457 2603 3510 obducta
2657 3461 2756 3511 est.
2835 3458 3095 3512 Alterum
3125 3457 3334 3511 codicis
3383 3457 3791 3527 apographum

2085 3560 2188 3596 sua
2245 3561 2418 3598 manu
2469 3545 2792 3599 confectum
2844 3546 3173 3615 nuperrime
3226 3546 3288 3598 V.
3344 3545 3412 3599 cl.
3497 3544 3786 3613 Gersdorf,

2083 3632 2448 3686 bibliotheca
2481 3633 2868 3687 universitatis
2923 3633 3226 3705 Lipsiensis
3254 3635 3578 3706 praefectus,
3629 3649 3785 3704 sum-

2084 3737 2179 3775 ma
2209 3738 2339 3776 cum
2369 3721 2767 3776 benevolentia
2797 3722 3023 3778 obtulit.

2159 3845 2321 3900 Circa
2371 3844 2583 3898 exitum
2627 3846 2819 3899 saculi
2875 3861 2971 3899 Xlll
3033 3849 3134 3899 aut
3181 3844 3416 3900 initium
3469 3845 3662 3900 saculi
3696 3863 3789 3901 xxv

2086 3930 2436 4000 Thangmari
2495 3929 2642 3984 liber
2683 3931 2744 3985 in
2800 3948 2968 3985 usum
3025 3930 3218 3986 Sifridi
3270 3933 3319 3986 ΙΙ
3368 3931 3618 4002 episcopi
3665 3933 3788 3987 Hil-

2086 4018 2503 4074 desheimensis
2525 4019 2735 4074 iterum
2772 4019 3148 4090 transcriptus
3179 4025 3264 4074 est
3317 4021 3429 4090 (19,
3485 4021 3581 4075 sed
3639 4023 3786 4091 stylo

2086 4108 2410 4173 immutata,
2440 4109 2738 4162 sententiis
2786 4110 3134 4180 vocibusque
3190 4109 3454 4180 plurimis
3554 4109 3786 4175 additis,

2087 4196 2315 4251 resectis
2365 4197 2455 4250 vel
2499 4197 2754 4265 mutatis,
2804 4198 3216 4251 miraculorum
3273 4212 3502 4268 quoque
3578 4197 3652 4250 ad
3719 4213 3790 4251 ea

2091 4301 2271 4355 usque
2300 4289 2564 4354 tempora
2601 4285 3033 4339 continuatione
3086 4285 3324 4355 adjecta.
3382 4284 3555 4355 Cujus
3599 4289 3790 4338 textus

2093 4375 2162 4427 ab
2195 4374 2525 4428 authentico
2553 4374 2718 4428 valde
2758 4374 3076 4428 recedentis
3107 4372 3388 4428 rationem
3439 4371 3669 4427 nonnisi
3727 4372 3792 4425 in

1923 4461 2148 4517 NOTAE.

286 4543 346 4596 in
377 4541 535 4595 obitu
569 4539 890 4594 Bernwardi
919 4541 1217 4595 scribendo
1275 4541 1451 4594 finem
1485 4540 1707 4595 dedisse
1741 4545 1988 4594 statuen-

285 4614 390 4667 dus
429 4613 569 4680 erit;
611 4613 689 4665 ibi
738 4612 797 4665 in
850 4612 1176 4665 narratione
1229 4612 1597 4666 dedicationis
1649 4612 1986 4664 monasterii

288 4685 341 4737 S.
380 4683 661 4736 Michaelis
690 4683 802 4735 alia
831 4699 1033 4736 manus
1063 4684 1302 4736 orditur.
1345 4684 1592 4736 Annales
1626 4684 1798 4735 etiam
1831 4683 1985 4735 anti-

289 4771 430 4824 quos
464 4754 954 4807 Halberstadenses
989 4756 1208 4806 novisse
1256 4754 1499 4817 videtur,
1550 4769 1793 4824 quorum
1854 4770 1984 4822 pars

289 4827 349 4950 irit
370 4825 950 4949 HildesIthimensibus
981 4830 1037 4878 et
1095 4823 1722 4893 Quedlinburgensibus
1772 4829 1978 4889 exstat;

289 4913 318 4950 c
349 4937 360 4950 .
391 4912 514 4950 can.
624 4938 634 4949 .

289 4900 360 4951 cf.
391 4912 514 4965 cap.
555 4900 634 4949 12.

361 4966 471 5036 (15)
502 4967 627 5020 Vita
657 4965 996 5032 Godehardi,
1032 4981 1155 5034 cap.
1183 4967 1269 5018 32.

358 5033 474 5108 (16)
534 5039 671 5091 Hist.
723 5033 1173 5090 canonizationis
1240 5036 1292 5089 8.
1359 5035 1416 5088 Β.
1479 5033 1674 5100 Leibn,
1737 5036 1778 5100 Ι,
1855 5036 1983 5089 469-

337 5110 412 5164 74.

361 5180 467 5246 (17)
499 5178 753 5248 Exempli
787 5176 992 5247 gratia,
1016 5191 1138 5245 cap.
1174 5178 1259 5248 36.
1376 5245 1389 5248 _
1549 5245 1559 5248 _
1612 5213 1616 5218 .

361 5244 472 5320 (18)
506 5251 646 5302 Nam
675 5244 858 5320 capite
892 5244 1100 5320 inltimo
1155 5245 1494 5320 miraculum
1547 5245 1738 5320 habet,
1774 5244 1881 5320 ubi
1912 5245 1981 5299 de

289 5316 491 5373 ducatu
523 5316 926 5373 Mekelenborh
954 5333 1140 5371 sermo
1202 5316 1284 5383 tit,
1338 5333 1510 5386 quem
1557 5316 1789 5370 nonnisi
1832 5332 1982 5370 anno

295 5392 429 5444 1348
461 5391 785 5444 institutum
825 5389 998 5442 fuisse
1030 5392 1267 5441 constat.

359 5462 472 5528 (19)
506 5462 588 5513 En
610 5460 1006 5530 prafationem
1035 5457 1210 5512 libelli
1246 5474 1328 5530 χ(
1367 5456 1570 5530 Incipit
1625 5458 1864 5527 epistola
1921 5459 1982 5512 in

293 5528 793 5600 legendam—beati
837 5529 1164 5600 Bernwardi
1203 5528 1454 5600 episcopi
1484 5535 1559 5600 et
1619 5530 1977 5584 confessoris.

292 5598 624 5656 Réverendo
651 5599 804 5672 patri
832 5616 896 5654 ac
935 5599 1168 5655 domino
1213 5615 1316 5654 suo
1367 5598 1595 5669 Sifrido,
1649 5600 1751 5656 Dei
1797 5601 1985 5673 gratia

2095 4540 2552 4596 Hildensemensi
2570 4541 2855 4612 episcopo,
2881 4541 3144 4595 omnium
3201 4557 3526 4612 servorum,
3550 4538 3649 4594 Dei
3675 4539 3794 4612 _rvi-

2093 4613 2367 4676 lissimus,
2401 4610 2744 4666 sanctissimi
2764 4610 2879 4665 viri
2925 4611 3251 4666 Bernwardi
3309 4611 3560 4680 vestigiis
3623 4610 3795 4665 adhe-

2094 4699 2242 4748 rere,
2278 4689 2339 4734 ut
2360 4684 2542 4736 valeat
2573 4699 2766 4737 secum
2795 4699 2995 4737 serena
3048 4683 3240 4736 anima
3293 4683 3587 4736 beatorum
3646 4698 3792 4751 gau-

2096 4755 2190 4826 dia
2243 4753 2552 4826 possidere.
2603 4755 2746 4808 Fons
2795 4753 3074 4826 sapientie
3120 4755 3230 4826 Dei
3285 4754 3487 4826 patris,
3550 4753 3794 4807 verbum

2092 4825 2150 4877 in
2185 4825 2354 4878 corde
2396 4825 2558 4896 cujus
2622 4831 2706 4879 est
2744 4824 3026 4896 genitum,
3085 4825 3154 4878 ab
3201 4828 3399 4878 eterno
3444 4824 3524 4896 sic
3560 4839 3796 4896 semper

2095 4895 2626 4964 generatur;cujus
2652 4902 2856 4949 natura
2885 4896 3133 4962 bonitas,
3177 4912 3321 4965 opus
3378 4895 3790 4961 misericordia,

2097 4965 2388 5036 redimens
2419 4982 2562 5036 quos
2619 4966 2850 5032 creavit,
2895 4966 3134 5036 proprio
3192 4967 3434 5019 humero
3488 4965 3795 5034 imponens

2093 5035 2315 5089 ovicula
2345 5037 2726 5090 serrabundas
2757 5037 2829 5091 ad
2859 5035 3007 5090 ovile
3057 5037 3396 5106 angelorum
3441 5052 3622 5106 usque
3664 5051 3796 5104 per-

2095 5106 2273 5160 duxit.
2351 5107 2458 5170 Qui
2513 5106 2764 5173 vineam,
2827 5123 3002 5177 quam
3089 5107 3158 5160 de
3218 5107 3420 5177 Egipto
3476 5106 3792 5172 transtulit,

2092 5192 2275 5246 usque
2342 5178 2412 5231 ad
2473 5178 2648 5231 seculi
2700 5177 3260 5231 consummacionem
3318 5193 3434 5230 non
3491 5177 3789 5246 relinquit.

2092 5247 2212 5311 Que
2241 5247 2406 5300 vinea
2435 5254 2520 5301 est
2539 5265 2681 5318 gens
2733 5249 3029 5314 Saxonica,
3068 5263 3239 5317 quam
3298 5249 3470 5318 longo
3529 5253 3791 5317 tempore

2091 5319 2153 5371 in
2199 5318 2453 5372 tenebris
2507 5319 2864 5373 inﬁdelitatis
2895 5323 3212 5372 excecatam
3268 5323 3324 5374 et
3384 5319 3506 5371 sine
3562 5325 3792 5388 pastore

2093 5390 2559 5461 errantem,ipse
2587 5390 2684 5461 qui
2709 5395 2794 5444 est
2844 5389 3034 5444 bonus
3064 5394 3262 5461 pastor
3294 5389 3362 5461 ad
3418 5389 3551 5443 ﬁdei
3598 5395 3784 5461 trans-

2090 5461 2243 5531 vexit
2295 5459 2634 5514 claritatem.
2689 5461 2752 5514 In
2805 5477 2918 5531 quo
2965 5476 3065 5513 sue
3121 5459 3366 5513 bonitati
3395 5459 3792 5531 naturalinon

2091 5530 2501 5602 suffecit,quin
2559 5529 3096 5602 prefatanirvineam
3146 5546 3248 5601 pre
3304 5531 3501 5602 multis
3540 5529 3793 5602 regioni-

2089 5601 2221 5673 bus,
2253 5600 2463 5674 quibus
2491 5600 2577 5657 est
2613 5601 2982 5670 circumdata,
3012 5600 3178 5657 beate
3201 5601 3380 5671 prolis
3423 5600 3546 5656 fetu
3597 5600 3794 5655 fecun-
