3944 6348
295 258 390 311 391
1273 252 1691 308 THANGMARI
1733 251 2176 309 PRESBYTEBI
2215 250 2806 308 HILDESHEIMENS.

3702 254 3816 306 392

294 380 366 434 iis
389 394 516 450 qua:
573 376 765 431 addita
819 382 953 431 sunt
1002 376 1323 432 habendam
1355 393 1496 444 esse,
1532 377 1728 449 liquet.
1764 379 1990 450 Legitur
2018 383 2065 435 A
2101 377 2321 449 Jaspari
2373 394 2481 432 van
2516 379 2752 447 Gennep
2780 374 3016 448 prodiit,
3048 391 3162 446 qua
3193 374 3509 430 Leibnitius
3541 374 3603 430 in
3626 374 3810 430 adno-

293 468 356 522 in
393 466 684 520 codicibus
716 464 919 532 tribus,
942 465 1193 520 scilicet:

365 558 415 610 3.
443 555 503 610 C.
547 553 684 608 olim
741 553 793 608 S.
850 553 1157 616 Michaelis,
1211 555 1331 623 jam
1392 553 1499 605 viri
1554 554 1624 607 cl.
1680 554 1990 608 Hermanni

290 643 479 699 Adolﬁ
512 643 766 709 Lt'intzel,
800 642 963 712 cujus
1012 658 1187 712 supra
1220 657 1352 712 pag.
1393 642 1497 695 248
1527 642 1878 696 mentionem
1902 643 1990 696 fe-

291 731 498 797 cimus,
562 731 790 784 exhibet
847 730 1019 784 etiam
1079 729 1465 784 narrationem
1505 729 1574 783 de
1616 728 1988 783 translatione

292 819 349 874 S.
384 819 726 884 Bernwardi,
768 823 823 872 et
850 835 883 872 a
914 820 1171 873 Browero
1200 816 1258 871 in
1313 817 1605 871 Sideribus
1670 816 1989 871 Germaniae

293 908 446 980 typis
472 914 558 963 est
580 923 897 978 expressus.
923 907 1008 960 Ad
1048 922 1219 977 quem
1250 922 1428 976 prope
1460 905 1703 959 accedit:

364 997 415 1050 4.
473 996 531 1050 C.
584 995 800 1049 ducalis
838 994 1334 1064 Guelferbytanus,
1368 993 1506 1047 olim
1559 992 1985 1063 Heiningensis,

286 1084 404 1154 jam
445 1099 503 1137 n.
556 1085 657 1138 353
705 1082 967 1153 insignis,
1023 1082 1371 1148 chartaceus,
1414 1098 1540 1134 saec.
1597 1098 1688 1146 xv,
1730 1080 1789 1134 in
1826 1080 1984 1146 folio,

294 1172 456 1243 cujus
494 1172 550 1225 in
577 1171 691 1225 fine
750 1171 924 1225 etiam
973 1170 1248 1224 miracula
1303 1170 1553 1223 historiae
1595 1169 1986 1223 translationis

293 1260 504 1323 addita,
538 1275 723 1330 neque
752 1264 944 1313 tamen
975 1257 1166 1312 omnia
1199 1274 1327 1329 quae
1371 1259 1431 1311 in
1463 1261 1516 1327 3,
1545 1258 1864 1323 habentur;
1898 1262 1980 1310 et:

359 1352 411 1403 5.
473 1348 530 1403 C.
584 1346 802 1401 ducalis
864 1347 1339 1416 Guelferbytanus
1406 1346 1555 1399 inter
1600 1347 1984 1416 Augustenses

288 1452 345 1491 n.
386 1439 467 1501 l9,
501 1438 591 1502 27,
625 1441 678 1502 7,
731 1436 1064 1489 chartaceus
1119 1434 1179 1488 in
1236 1436 1313 1500 4°,
1347 1449 1474 1488 saec.
1497 1450 1588 1500 xv,
1631 1449 1803 1504 quem
1834 1450 1984 1487 anno

294 1525 428 1580 l470
475 1525 823 1579 monialibus
870 1524 930 1577 in
970 1523 1373 1594 Frankenberg
1405 1523 1779 1593 Henninghus
1804 1525 1981 1592 Pape-

286 1616 505 1677 tranus,
539 1610 912 1666 Goslariensis
963 1612 1264 1682 plebanus,
1298 1612 1447 1666 dono
1480 1611 1656 1665 dedit.
1690 1612 1806 1664 Hoc
1836 1611 1981 1664 libro

288 1700 379 1755 IlI.
413 1699 727 1754 Leibnitius
769 1705 910 1754 tom.
972 1702 997 1752 Ι
1028 1700 1121 1755 SS.
1159 1700 1464 1756 Brunswic.
1493 1700 1554 1753 in
1595 1699 1828 1754 edendis
1862 1699 1985 1753 Vita

287 1788 609 1843 Bernwardi
639 1792 696 1843 et
726 1788 971 1843 Historia
1003 1788 1394 1843 translationis
1426 1789 1549 1859 ejus
1583 1804 1719 1841 usus
1749 1792 1860 1854 est;
1884 1803 1986 1841 nos

285 1893 417 1932 cum
442 1893 605 1948 teque
629 1894 693 1931 ac
715 1878 959 1931 alterum
985 1877 1491 1949 Guelferbytanum
1517 1876 1795 1931 beneﬁcio
1825 1878 1886 1930 V.
1912 1877 1982 1932 cl.

286 1964 726 2032 Schcenemann,
758 1964 1122 2020 bibliothecae
1152 1966 1276 2036 ejus
1321 1960 1593 2036 praefecti,
1636 1965 1976 2020 evolvimus.

358 2053 664 2109 Conversio
688 2057 873 2108 textus
921 2053 1115 2123 hujus,
1150 2053 1331 2124 magis
1362 2055 1533 2109 etiam
1563 2054 1909 2125 interpolata
1929 2057 1987 2108 et

286 2141 529 2197 dialecto
582 2141 859 2197 Saxonica
915 2140 1196 2208 instituta,
1253 2159 1405 2198 anno
1465 2144 1600 2198 1540
1631 2142 1693 2196 in
1721 2144 1781 2197 4°
1835 2142 1984 2214 typis

2101 466 2413 520 tationibus
2443 482 2560 519 suae
2584 463 2855 519 editionis
2880 480 3017 518 usus
3046 468 3159 529 est;

2170 556 2223 608 6.
2259 554 2537 608 Bruxellis
2581 553 2644 606 in
2670 551 3018 607 bibliotheca
3076 550 3237 623 regia
3273 569 3330 606 n.
3385 554 3524 607 8950
3555 567 3809 623 apogra-

2094 642 2278 712 1phum
2334 642 2546 696 codicis
2596 641 2936 711 Bodecensis
2963 640 3391 695 membranacei
3413 646 3610 702 exstat,
3645 639 3811 711 quod

2101 732 2453 785 Bethmanuo
2480 731 2765 784 referente
2809 729 3037 783 nonnisi
3071 734 3334 800 excerpta
3364 729 3522 798 libri,
3553 728 3810 795 omissis,

2099 820 2345 890 exempli
2383 818 2590 888 gratia,
2641 834 2808 888 capp.
2844 817 3218 872 Leibnitianis
3252 818 3437 884 11-42,
3469 818 3655 884 46-48,
3710 819 3808 886 50,

2096 909 2286 973 52-58,
2315 909 2502 972 60-65,
2532 909 2596 960 67
2622 906 2752 975 rel.,
2781 905 3031 961 exhibet.

2167 996 2385 1060 Quibus
2437 994 2705 1049 subsidiis
2766 995 2844 1048 ita
2891 1010 3029 1049 usus
3069 1010 3197 1048 sum
3258 998 3344 1063 ut,
3395 992 3588 1048 codice
3635 994 3808 1064 regio

2095 1083 2373 1153 exscripto
2403 1082 2539 1154 (20),
2573 1083 2843 1136 lectiones
2889 1082 3217 1137 Dresdensis
3238 1098 3438 1137 omnes
3459 1082 3805 1150 indicarem,

2094 1171 2448 1242 reliquorum
2480 1171 2711 1225 nonnisi
2726 1172 2788 1225 in
2806 1170 3001 1241 paucis
3022 1170 3180 1237 locis,
3205 1170 3305 1225 ubi
3329 1171 3399 1243 lid
3425 1171 3806 1226 commodum

2093 1259 2327 1330 aliquod
2357 1259 2556 1313 afferre
2602 1275 2767 1330 posse
2794 1258 3115 1326 videbatur,
3148 1259 3368 1314 ratione
3389 1259 3603 1314 habita.
3646 1260 3804 1314 Divi-

2093 1348 2311 1401 sionem
2375 1347 2582 1417 operis,
2633 1346 2886 1401 codicem
2950 1347 3176 1419 regium
3230 1353 3476 1414 secutus,
3536 1348 3805 1402 numeris

2090 1439 2312 1490 tantum
2373 1435 2598 1501 additis,
2646 1436 2716 1489 ab
2774 1435 3154 1490 anterioribus
3200 1436 3485 1491 diversam
3550 1435 3803 1490 institui.

2092 1524 2399 1579 Historiam
2433 1522 2823 1578 translationis
2877 1524 3206 1579 Bernwardi
3252 1541 3285 1578 a
3313 1525 3573 1578 Browero
3602 1540 3667 1578 ex
3702 1541 3806 1578 co-

2094 1611 2267 1667 dice3
2297 1612 2551 1682 primum
2602 1613 2882 1684 adjectam
2916 1613 3016 1667 alii
3069 1613 3194 1666 loco
3248 1626 3559 1676 reservare,
3615 1610 3797 1665 vitam

2093 1699 2487 1754 brevissimam
2520 1700 2627 1772 (21)
2656 1717 2687 1754 a
2727 1699 3008 1755 Leibnitio
3033 1699 3270 1768 editam,
3303 1704 3366 1754 ut
3403 1699 3581 1753 multo
3602 1703 3802 1769 poste-

2095 1787 2262 1842 rioris
2292 1788 2419 1852 aevi,
2445 1789 2710 1843 omittere
2741 1788 2976 1859 placuit.

2162 1876 2429 1931 Miracula
2485 1876 2811 1931 Bernwardi
2840 1876 2903 1930 in
2950 1875 3207 1931 coenobio
3243 1876 3301 1932 S.
3346 1874 3633 1931 Michaelis
3681 1891 3798 1928 se-

2094 1965 2220 2018 culo
2273 1964 2615 2023 duodecimo
2660 1964 2900 2019 ineunte
2973 1963 3294 2035 conscripta
3340 1956 3496 2032 (22),
3530 1979 3634 2034 per
3691 1962 3798 2017 de-

2094 2067 2323 2106 cursum
2377 2052 2655 2123 temporis
2720 2056 2889 2107 aucta
2962 2057 3117 2120 sunt,
3173 2056 3346 2123 prout
3396 2051 3459 2106 in
3514 2050 3706 2106 codice
3764 2052 3798 2106 3

2092 2140 2463 2211 conspicitur.
3516 2138 3521 2143 ’

1928 2238 2149 2294 NOTAE.

292 2334 480 2406 daret;
524 2339 582 2390 et
633 2334 973 2406 prophetam
1032 2335 1112 2390 eis
1136 2336 1205 2390 de
1255 2336 1372 2391 suis
1402 2336 1692 2400 fratribus,
1750 2336 1983 2390 beatum

288 2405 414 2460 dico
467 2405 893 2472 Bernvvardum,
971 2407 1277 2471 suscitavit,
1338 2408 1438 2478 qui
1489 2408 1644 2461 solus
1689 2407 1758 2461 de
1804 2407 1982 2461 Saxo-

292 2492 427 2530 num
484 2478 697 2547 populo
754 2482 1079 2548 sanctorum
1137 2478 1431 2548 cathalogo
1501 2483 1586 2532 est
1650 2478 1978 2548 asscriptus,

288 2551 439 2618 quod
472 2550 629 2601 nulla
659 2548 814 2617 regio
861 2547 1263 2618 circumposita
1320 2547 1507 2618 potest
1560 2549 1629 2602 de
1687 2565 1789 2601 suo
1831 2547 1979 2602 isan-

286 2617 462 2688 guine
525 2618 940 2672 demonstrare.
1018 2617 1116 2672 Hic
1174 2619 1261 2672 vir
1324 2617 1425 2674 Dei
1498 2619 1889 2684 Bernwardus,
1950 2636 1981 2672 a

287 2688 542 2759 puericia
597 2705 696 2742 cor
751 2704 956 2759 gerens
1024 2689 1221 2755 senile,
1295 2689 1483 2743 omnis
1554 2690 1668 2742 vite
1733 2691 1979 2759 quesivit

285 2765 598 2813 auctorem.
632 2759 738 2823 Qui
771 2760 1034 2814 sedulum
1091 2761 1239 2814 circa
1286 2767 1482 2814 sancta
1532 2761 1814 2815 Samuelis
1844 2760 1978 2813 imi-

286 2834 438 2883 tatus
467 2831 831 2900 obsequium,
884 2836 939 2882 et
969 2829 1047 2883 ita
1078 2830 1137 2883 in
1183 2830 1455 2885 castitatis
1499 2831 1769 2885 desiderii
1799 2830 1978 2883 sancti

289 2900 539 2953 Danielis
592 2901 916 2970 piissimum
964 2900 1316 2954 continuavit
1387 2902 1696 2967 affectum;
1749 2900 1977 2971 justicie

287 2971 516 3023 semitas
546 2986 609 3023 ac
646 2976 971 3024 sanctorum
1018 2971 1138 3024 vias
1166 2987 1423 3040 currens,
1463 2989 1496 3025 a
1529 2972 1759 3025 Domini
1789 2972 1976 3025 taber-

288 3041 513 3112 naculo,
563 3041 619 3094 id
679 3047 762 3094 est
804 3040 1106 3112 militantis
1154 3042 1398 3112 ecclesie
1451 3042 1802 3112 magisterio,
1860 3058 1977 3096 non

287 3110 601 3181 discedens,
648 3116 980 3181 etcarnem
1027 3111 1254 3181 spiritui
1284 3117 1340 3166 et
1367 3110 1799 3166 sensualitatem
1840 3113 1976 3166 sub-

2093 2334 2387 2388 ecclesiam
2423 2350 2615 2388 secum
2650 2334 2743 2405 ad
2790 2333 2981 2405 ipsum
3046 2331 3489 2405 collaudandum
3538 2331 3796 2405 studiose

2092 2411 2429 2475 provocaret
2448 2406 2477 2458 ?
2527 2405 2569 2459 Ο
2615 2404 2663 2458 si
2694 2403 2837 2459 dura
2866 2405 3037 2459 corda
3090 2404 3367 2475 Saxonica
3395 2403 3591 2475 omnia
3614 2403 3798 2475 verba

2091 2474 2270 2529 sancti
2318 2475 2601 2546 evangelii
2656 2475 2735 2529 sic
2783 2481 3076 2530 servarent
3120 2475 3267 2529 sicut
3305 2474 3487 2546 istud:
3547 2494 3567 2521 ι
3612 2474 3796 2546 Nemo

2091 2547 2373 2617 propheta
2431 2544 2515 2600 est
2562 2545 2683 2599 sine
2733 2546 2953 2599 honore
2983 2546 3093 2600 nisi
3140 2547 3199 2598 in
3248 2544 3432 2617 patria
3483 2550 3618 2617 sua!
3652 2564 3680 2593 »
3716 2544 3797 2617 _Si

2090 2612 2225 2687 ergo
2285 2621 2474 2671 mente
2550 2617 2840 2670 revolvere
2900 2618 3152 2670 diversas
3214 2612 3499 2687 regiones,
3547 2612 3635 2667 vix
3710 2614 3797 2668 ita

2089 2685 2334 2741 crudelis
2384 2688 2674 2741 invenitur
2728 2688 2923 2754 homo,
2979 2687 3118 2757 quin
3178 2685 3375 2757 magis
3405 2685 3602 2754 diligat
3625 2700 3797 2739 suam

2089 2764 2316 2828 gentem
2351 2775 2524 2829 quam
2576 2758 2851 2823 alienam;
2885 2756 3035 2812 unde
3085 2773 3198 2811 non
3235 2756 3799 2829 gmodicum‘quemf

2088 2825 2230 2883 libet
2275 2825 2405 2882 vere
2463 2829 2742 2884 Saxonem
2800 2829 2971 2883 debet
3025 2828 3386 2894 conturbare,
3428 2825 3581 2897 quod
3624 2826 3796 2880 multi

2087 2899 2268 2953 sancti
2292 2899 2353 2953 in
2400 2905 2561 2954 tanta
2604 2900 2933 2954 reverencia
2986 2898 3288 2965 habentur,
3338 2903 3394 2952 et
3435 2896 3527 2951 hic
3550 2896 3672 2966 jam
3719 2901 3797 2951 sit

2088 2970 2344 3024 sublatus
2394 2976 2450 3024 et
2497 2986 2613 3024 non
2674 2975 2760 3024 est
2811 2970 2911 3040 qui
2966 2970 3024 3024 id
3067 2971 3234 3023 corde
3289 2968 3605 3040 percipiat._
3641 2967 3795 3040 Quia

2084 3040 2262 3111 igitur
2292 3046 2516 3095 sanctus
2559 3041 2659 3094 Dei
2692 3038 3060 3095 Bernwardus
3102 3038 3327 3109 semper
3365 3038 3638 3110 proximis
3669 3038 3796 3111 suis

2085 3110 2362 3166 beneficia
2406 3112 2588 3165 multa
2626 3110 2997 3181 impendebat
3039 3112 3100 3181 in
3159 3113 3345 3177 terris,
3405 3115 3461 3164 et
3522 3125 3675 3163 nunc
3726 3110 3793 3163 in

280 3180 486 3250 jiciens
518 3180 751 3253 racioni,
784 3181 964 3234 factus
990 3178 1137 3235 unus
1167 3199 1295 3235 curn
1329 3184 1442 3236 Deo
1474 3183 1729 3253 spiritus,
1766 3183 1822 3236 in
1844 3200 1977 3237 eum
2010 3184 2051 3238 C
2087 3183 2222 3236 celis
2265 3198 2369 3252 pro
2416 3183 2532 3235 suis
2563 3178 2929 3236 dilectoribus
2985 3178 3303 3236 districtum
3342 3181 3598 3253 judicem
3637 3196 3796 3253 sem-

287 3268 392 3320 per
447 3251 661 3322 mentis
710 3267 1002 3305 excessum
1059 3268 1298 3322 pergere
1365 3251 1599 3319 studuit,
1670 3259 1725 3307 et
1792 3254 1976 3307 sobrie

287 3321 699 3392 compassionis
727 3322 931 3393 studiis
969 3339 1002 3375 a
1047 3321 1284 3377 caritate
1330 3324 1579 3393 proximi
1636 3338 1751 3377 non
1796 3341 1975 3377 reces-

287 3393 376 3446 sit.
429 3393 530 3448 Ilic
576 3398 770 3462 pastor
816 3392 994 3447 divini
1024 3395 1215 3517 gregis
1245 3392 1358 3448 non
1388 3396 1569 3448 solum
1602 3394 1709 3448 sibi
1741 3411 1977 3465 gregem

287 3465 652 3517 commissum
709 3469 898 3517 sancte
948 3480 1021 3517 (ru
1068 3466 1306 3517 ernavit.
1373 3482 1568 3517 vmmo
1619 3470 1795 3517 totam
1842 3482 1975 3517 san-

286 3465 652 3517 commissum
709 3469 898 3517 sancte
947 3465 1306 3534 gubernavit,
1372 3482 1568 3535 ymmo
1619 3470 1795 3519 totam
1842 3482 1975 3518 san-

286 3539 431 3588 ctam
465 3535 843 3588 universalem
867 3535 1162 3589 ecclesiam
1209 3535 1427 3589 meritis
1459 3537 1659 3589 ditavit
1689 3545 1746 3589 et
1784 3552 1974 3589 exem-

284 3604 416 3675 plis,
445 3610 499 3658 et
524 3605 667 3657 raris
697 3611 753 3658 et
785 3606 944 3658 miris
989 3605 1168 3675 signis
1210 3607 1485 3660 debilium
1547 3608 1719 3661 fidem
1769 3608 1974 3660 contir—

285 3674 480 3728 mavit.
512 3676 652 3747 Nam
686 3682 879 3743 preter
910 3674 1084 3747 roper’a
1112 3677 1428 3730 sanctitatis
1475 3678 1619 3747 ejus.
1679 3678 1884 3747 quibus
1915 3678 1976 3730 in

287 3761 456 3816 carne
498 3746 719 3814 positus
766 3746 1077 3813 redolebat,
1125 3752 1181 3800 et
1236 3754 1430 3815 preter
1469 3746 1645 3801 multa
1678 3746 1973 3816 miracula,

287 3831 403 3888 que
431 3815 553 3884 ipsa
581 3815 671 3869 die
728 3816 1121 3869 translacionis
1171 3817 1602 3888 contingebant,
1638 3819 1849 3871 multos
1878 3815 1972 3871 cué

285 3885 434 3956 ravit
466 3888 764 3956 languores
798 3903 1104 3955 corporum
1139 3893 1192 3940 et
1223 3885 1564 3942 animarum.
1617 3889 1739 3942 Non
1791 3891 1974 3943 solum

284 3955 347 4009 in
368 3955 689 4027 garida’sed
720 3963 776 4010 et
804 3957 861 4010 in
921 3958 1065 4010 mari
1097 3958 1409 4027 desperatis
1456 3959 1741 4025 omnibus,
1775 3961 1976 4014 ablatis

286 4026 690 4096 gubernaculis
728 4033 783 4080 et
829 4026 1242 4094 instrumentis,
1291 4045 1418 4081 cum
1481 4030 1724 4084 lacrimis
1781 4036 1974 4084 tamen

287 4097 357 4152 ad
383 4098 507 4168 ejus
544 4098 926 4170 patrocinium
953 4099 1404 4166 convolantibus,
1436 4103 1562 4170 plus
1597 4118 1767 4170 quam
1801 4103 1977 4155 semel

284 4174 565 4241 potenter
605 4169 887 4241 liberavit.
924 4171 986 4223 Et
1019 4172 1276 4241 quamvis
1324 4169 1449 4241 ejus
1494 4169 1674 4225 multa
1702 4173 1977 4225 miracula

287 4255 393 4312 per
419 4240 851 4312 negligenciam
879 4241 992 4294 sint
1044 4240 1289 4310 sepulta,
1343 4240 1536 4295 tamen
1583 4244 1853 4312 quedam,
1895 4242 1977 4295 vi-

286 4310 490 4392 delicet
538 4311 968 4392 quinquaginta
1010 4316 1252 4392 quatuor
1274 4312 1416 4392 satis
1449 4310 1707 4392 pulchra,
1754 4313 1812 4392 in
1855 4315 1977 4392 ejus

283 4380 524 4453 legenda
566 4380 881 4451 refulgent.
931 4380 1073 4446 Quia
1104 4399 1236 4435 vero
1270 4380 1597 4453 istius'veri
1626 4383 1833 4453 Joseph
1866 4384 1977 4436 heu

282 4451 557 4531 beneﬁcia
581 4522 592 4532 ι
615 4453 936 4532 corporalia
966 4458 1021 4506 et
1049 4452 1381 4532 spiritualia
1419 4454 1649 4532 Egiptus
1676 4451 1976 4532 tenebrosa

2085 3269 2188 3324 per
2235 3253 2813 3324 interpellattvestra
2870 3252 3047 3322 igitur
3084 3252 3789 3324 reverendaupaternitas,

2085 3322 2197 3393 que
2216 3340 2346 3376 cum
2390 3322 2638 3377 naturali
2668 3323 2855 3393 vigeat
2881 3324 3113 3393 ingenio
3133 3328 3185 3377 et
3220 3322 3793 3393 moralibuspolleat

2084 3391 2390 3447 virtutibus
2470 3399 2526 3447 et
2609 3391 2902 3463 exemplis,
2956 3391 3044 3448 'et
3120 3394 3414 3448 ecclesiam
3483 3391 3787 3447 Hildense-

2088 3480 2318 3518 mensen
2370 3463 2608 3537 cinxerit
2660 3464 3086 3537 municionibus
3144 3463 3455 3537 [beeestiget
3507 3468 3618 3537 myt
3660 3463 3788 3537 lgor:

2085 3552 2187 3602 gen
2227 3551 2301 3588 un
2344 3535 2524 3588 steden
2552 3537 2748 3588 transl.
2794 3536 3022 3605 Theut.]
3085 3532 3278 3588 multis
3330 3541 3386 3588 et
3425 3534 3643 3605 castris“
3676 3532 3783 3605 [CL

2087 3606 2395 3659 Chronicon
2480 3608 2849 3674 episcoporum
2946 3603 3196 3660 Hildesh.
3279 3605 3426 3675 apud
3535 3603 3783 3675 Leibnit.

2084 3676 2199 3757 SS._
2261 3678 2518 3757 ξᾷτιαῃευ.Δ
2573 3678 2628 3757 l,_
2690 3680 2789 3756 75?
2829 3680 2917 3757 .et‘
2952 3675 3103 3757 774],
3157 3691 3269 3757 que
3300 3674 3432 3757 _'uisi
3504 3674 3788 3729 Dominus

2085 3746 2435 3813 custodierit,
2495 3748 2702 3800 frustra
2732 3748 2926 3816 vigilat
2985 3746 3085 3817 qui
3123 3747 3366 3800 custodit
3422 3760 3578 3817 eam:
3630 3761 3789 3817 nunc

2085 3817 2365 3882 intendat,
2422 3822 2485 3870 ut
2513 3818 2935 3871 sanctissimum
2959 3816 3141 3870 virum
3191 3816 3587 3871 Bernwardum
3619 3816 3787 3869 novis

2084 3888 2352 3958 laudibus
2413 3902 2804 3958 provocemus,
2875 3894 2936 3941 ut
3011 3905 3114 3941 nos
3179 3904 3309 3941 cum
3373 3903 3474 3940 sua
3546 3886 3790 3940 ecclesia

2086 3957 2367 4011 custodiat
2423 3959 2481 4010 in
2520 3959 2634 4012 vita
2687 3959 2901 4028 parit-er
2926 3963 2982 4012 et
3009 3959 3069 4011 in
3111 3964 3312 4012 morte.
3370 3959 3789 4027 Interpretatur

2087 4029 2241 4082 enim
2299 4044 2512 4082 nomen
2561 4045 2728 4082 suum
2773 4030 3144 4083 Beruwardus
3200 4029 3364 4099 quasi
3420 4029 3545 4081 bene
3602 4034 3788 4099 custo-

2085 4099 2256 4153 diens.
2327 4100 2395 4152 Ut
2470 4115 2606 4168 ergo
2664 4115 2854 4153 secum
2921 4098 3233 4153 valeamus’
3263 4115 3489 4168 semper
3558 4098 3788 4153 vultum

2089 4169 2185 4223 Dei
2222 4170 2619 4241 contemplari,
2670 4170 2731 4223 in
2761 4171 2883 4240 ejus
2912 4171 3138 4224 laudem
3170 4169 3393 4241 tepidos
3433 4169 3784 4241 animemus,

2089 4245 2165 4310 ut
2203 4255 2304 4292 nos
2337 4256 2487 4293 nunc
2538 4240 2597 4293 in
2654 4240 2764 4293 vita
2793 4239 2855 4293 7a
2885 4241 3045 4303 lapsu
3076 4239 3365 4310 preservet
3414 4244 3471 4293 et
3510 4239 3570 4293 in
3594 4247 3787 4293 morte

2086 4309 2204 4363 suis
2245 4310 2609 4364 oracionibus
2636 4328 2669 4364 a
2722 4312 2987 4380 malignis
3032 4309 3285 4365 hostibus
3318 4311 3518 4364 liberet
3580 4313 3637 4362 et
3676 4327 3785 4363 sua

2078 4381 2330 4451 jocunda
2361 4381 2675 4450 praesencia
2724 4399 2824 4435 nos
2877 4382 3109 4436 letiﬁcet
3158 4382 3218 4435 in
3265 4386 3545 4435 etcrnum.
3593 4380 3784 4435 Susci-

2088 4452 2207 4522 piat
2254 4452 2429 4521 igitur
2486 4456 2670 4505 vestra
2733 4452 3043 4522 paternitas
3080 4453 3378 4523 legendam
3412 4452 3597 4523 hanc,
3660 4468 3779 4521 que

282 4521 679 4602 parvipendet,
730 4528 920 4602 mater
965 4523 1226 4602 omnium
1263 4521 1554 4602 _viciorum
1602 4524 1972 4602 ingratitudo,
2006 4524 2049 4577 D
2089 4523 2450 4602 vitamsuam
2489 4521 2896 4602 compendiose
2944 4523 3105 4576 valde
3126 4521 3541 4602 complectitur,
3578 4537 3691 4602 que
3721 4529 3783 4576 et

284 4606 396 4660 que
426 4592 667 4645 exsiccat
723 4594 936 4646 fontem
989 4594 1179 4646 divine
1217 4594 1465 4662 pietatis,
1518 4596 1578 4647 in
1636 4592 1742 4648 hoc
1782 4600 1975 4648 sancto

282 4667 440 4715 tanta
461 4664 848 4731 reperiuntur,
873 4664 1026 4732 quod
1080 4664 1170 4717 vix
1196 4664 1253 4716 in
1279 4669 1397 4717 tota
1437 4666 1742 4718 Germania
1768 4665 1977 4718 similia

284 4733 509 4804 valeant
554 4733 816 4804 inveniri.
867 4733 1030 4798 Quia,
1090 4739 1152 4787 ut
1193 4735 1262 4787 de
1307 4736 1620 4804 parrochiis
1675 4736 1977 4790 Hildense-

283 4803 497 4856 mensis
549 4803 799 4857 ecclesiae
846 4809 1085 4873 taceam,
1138 4803 1323 4874 quam,
1370 4808 1547 4860 multe
1587 4807 1821 4860 ecclesie
1847 4822 1980 4859 con-

280 4874 573 4928 ventuales
607 4879 756 4936 sunt,
785 4890 895 4944 que
927 4891 1029 4927 nec
1063 4875 1293 4929 unicum
1327 4877 1561 4931 verbum
1596 4878 1653 4930 in
1674 4877 1791 4930 suis
1816 4876 1976 4930 libris

282 4945 550 4998 omnibus
577 4946 646 4998 de
677 4945 798 5017 ejus
844 4946 1201 4999 sanctissima
1258 4947 1373 5001 vita
1402 4953 1716 5017 potuerunt
1750 4947 1979 5000 demon-

281 5020 482 5081 strare,
532 5032 660 5069 cum
715 5016 861 5070 Deus
897 5020 1106 5087 tamen
1150 5018 1321 5087 vulgo
1371 5018 1554 5072 dicat:
1610 5040 1631 5065 ι
1682 5020 1978 5087 Interroga

279 5093 501 5156 patrem
541 5093 726 5147 tuum,
788 5086 1002 5139 scilicet
1031 5086 1409 5157 spiritualem,
1443 5093 1499 5141 et
1526 5088 1801 5142 indicabit
1827 5086 1973 5141 tibi»

280 5162 385 5210 etc.
425 5160 537 5211 Heu
566 5157 688 5226 jam
717 5157 964 5228 villanus
995 5158 1061 5211 de
1084 5158 1201 5211 suis
1249 5159 1579 5228 parentibus
1610 5160 1790 5211 multa
1815 5159 1976 5227 signa
2028 5176 2031 5181 ·

281 5231 338 5298 et
391 5228 681 5298 magnalia
739 5227 808 5282 de
862 5227 1028 5281 beato
1086 5227 1419 5283 Bermvardo
1475 5245 1578 5298 per
1629 5230 1975 5283 relacionem

280 5297 637 5369 didicit,qu
688 5298 747 5351 in
794 5298 916 5369 ejus
965 5300 1138 5369 gestis
1178 5316 1244 5353 ex
1274 5297 1644 5369 negligenciis
1695 5315 1973 5369 quorum-

278 5368 407 5440 dam
442 5367 557 5422 non
585 5367 903 5423 habentur!
936 5367 987 5424 Ο
1030 5371 1077 5423 si
1130 5387 1270 5440 gens
1301 5367 1509 5423 Ytali'ca
1556 5370 1675 5439 [dat
1702 5367 1852 5423 eolck
1883 5372 1977 5424 der

287 5438 479 5493 Walen
536 5440 830 5493 translatio
888 5438 1256 5506 Theuton'ica]
1319 5441 1387 5493 de
1458 5438 1571 5492 sua,
1602 5456 1771 5494 carne
1823 5442 1976 5495 hunc

277 5516 540 5581 sanctum
589 5511 957 5581 progenitum
1017 5512 1274 5576 haberet,
1326 5511 1415 5563 vel
1463 5511 1638 5564 altera
1667 5527 1807 5580 gens
1852 5516 1976 5566 Ar.-

276 5577 523 5651 glicana,
570 5577 764 5637 nonne
818 5586 1001 5637 totam
1030 5581 1413 5637 universalem
1446 5577 1695 5637 matreni
1721 5586 1974 5637 nostram
2009 5631 2014 5636 .

2085 4593 2145 4647 in
2176 4609 2235 4646 se
2263 4592 2388 4663 ipsa
2416 4598 2501 4647 est
2543 4594 2704 4647 valde
2751 4595 2942 4663 longa,
3002 4599 3058 4646 et
3103 4609 3226 4646 eam
3287 4610 3414 4647 cum
3459 4592 3779 4646 devocione

2086 4664 2405 4735 revolvatis,
2438 4669 2502 4717 ut
2531 4664 2734 4718 exinde
2785 4665 2855 4718 ad
2903 4665 3180 4735 majorem
3229 4663 3602 4718 devocionem
3641 4679 3786 4733 per—

2086 4735 2279 4788 venire
2305 4734 2557 4788 valeatis.
2581 4755 2609 4783 »

2156 4806 2262 4873 (20)
2332 4804 2758 4875 Diphtbongem
2828 4810 3022 4859 tamen
3086 4805 3146 4859 in
3215 4821 3351 4875 pm,
3411 4819 3569 4873 saepe,
3640 4820 3784 4875 quae,

2087 4876 2257 4941 laetus,
2304 4891 2546 4941 maerens,
2595 4874 2798 4946 aestimo
2850 4878 2953 4930 rel.
3025 4892 3441 4946 nonnunquam
3491 4874 3790 4945 simplicie

2086 4947 2352 5015 scriptam
2366 4987 2379 5014 ,
2400 4945 2641 5000 restitui.

2158 5015 2270 5087 (21)
2310 5018 2434 5087 Haec
2489 5023 2700 5085 praeter
2748 5016 2985 5071 notitias
3016 5017 3262 5087 spurias,
3314 5015 3644 5071 Heinricum
3674 5016 3726 5087 Il
3754 5034 3788 5069 ει

2086 5084 2425 5140 Bernvvardo
2468 5084 2748 5141 nutritum
2798 5093 2852 5141 et
2877 5084 3120 5156 jubente
3175 5104 3242 5141 eo
3277 5088 3335 5141 in
3392 5086 3629 5140 ecclesia
3655 5086 3788 5140 Hil-

2086 5157 2462 5212 deslieimensi
2516 5159 2719 5212 litteris
2766 5161 2939 5212 sacris
2998 5160 3285 5212 imbutum
3336 5174 3479 5217 esse,
3513 5163 3568 5210 et
3623 5157 3787 5210 Otto-

2084 5244 2218 5282 nem
2245 5230 2291 5282 ll
2325 5229 2667 5283 morientem
2700 5230 3039 5283 Bernwardo
3092 5231 3298 5297 tilium,
3335 5243 3567 5282 uxorem
3599 5233 3656 5280 et
3684 5243 3787 5281 re-

2086 5315 2263 5371 gnum
2294 5300 2547 5371 curanda
2577 5300 2895 5370 reliquisse,
2928 5301 3069 5354 nihil
3123 5300 3275 5371 quod
3304 5315 3421 5353 non
3458 5298 3518 5352 in
3546 5298 3785 5368 Thang-

2084 5370 2229 5423 mari
2268 5370 2392 5424 Vita
2419 5375 2596 5423 exstet
2616 5371 2888 5425 continet.

2158 5440 2270 5511 (22)
2303 5442 2352 5495 Α
2408 5441 2643 5509 quodam
2687 5444 2867 5509 fratre
2906 5446 3107 5511 nostra,
3140 5458 3188 5494 c.
3222 5442 3321 5507 l0;
3372 5456 3426 5496 c.
3469 5442 3554 5506 12,
3606 5437 3782 5493 abbas

2042 5528 2049 5535 ‘
2086 5511 2382 5567 Conradus
2411 5516 2782 5566 memoratur.
