3944 6302
96 348 202 401 393

1486 344 1643 400 νιΤΑ
1682 347 1736 400 S.
1781 346 2226 403 BERNWARDI.

3504 352 3607 405 394

95 470 554 533 PROLOGUS
605 467 1121 530 THANGMARI
1174 469 1190 504 ¹
1231 466 1770 530 PRESBYTERI
1822 468 1905 529 IN
1961 471 2233 533 VITAM
2292 470 2592 533 SANCTI
2645 472 3179 535 BERNVVARDI
3230 475 3605 539 EPISCOPI

1481 573 1587 633 ET
1628 574 2228 637 CONFESSORIS.

175 706 395 762 Divina:
457 705 829 777 providentia:
896 705 1215 775 sapientem
1263 705 1797 776 ammirabilemque
1828 710 1873 761 Α
1912 706 2038 761 illos
2068 707 2169 761 tali
2201 709 2463 778 exemplo
2494 709 2562 762 ad
2590 712 2920 780 provectum
2964 709 3236 764 virtutum
3286 711 3601 768 incitarem.

98 795 540 865 dispositionem
573 793 719 847 ratio
752 794 1006 847 humana
1047 810 1147 847 nec
1169 793 1383 863 liquide
1424 793 1655 859 intueri,
1700 809 1803 847 uec

100 884 277 953 digne
310 883 567 954 suppetit
595 882 910 936 ammirari.
946 882 1099 936 Miris
1132 882 1286 935 enim
1325 883 1531 936 divinae
1554 883 1801 936 clemen-

96 974 195 1027 tia
224 971 540 1035 beneﬁciis,
595 970 919 1024 cottidianis
972 971 1325 1024 successibus
1375 975 1796 1037 sustentamur;

96 1066 162 1115 ut
198 1060 389 1131 gravis
418 1060 588 1130 culpa
618 1060 879 1113 videatur
905 1059 1003 1113 Dei
1028 1059 1227 1113 Iaudes
1256 1064 1464 1125 tacere,
1497 1076 1624 1113 cum
1680 1076 1799 1113 ma-

100 1149 470 1203 nifestissime
491 1149 765 1219 scriptum
796 1148 903 1202 sit:
950 1150 1362 1204 Sacramentum
1391 1150 1534 1215 regis
1573 1149 1803 1202 abscon-

99 1238 226 1291 dere
254 1238 448 1291 bonum
478 1242 574 1302 est,
605 1252 769 1305 Opera
786 1242 964 1291 autem
985 1238 1086 1290 Dei
1114 1238 1353 1290 revelare
1373 1241 1423 1290 et
1447 1240 1687 1305 conﬁteri
1716 1239 1803 1290 ho-

99 1326 389 1391 noriﬁcum
419 1330 498 1379 est
527 1325 676 1391 (Tob.
704 1341 802 1390 xu,
828 1329 900 1389 7).
928 1325 1022 1378 His
1040 1324 1233 1395 itaque
1258 1325 1529 1394 angelicis
1559 1325 1803 1378 oraculis

101 1430 429 1484 persuasus,
460 1413 637 1467 immo
657 1413 1008 1483 compulsus,
1032 1429 1138 1483 ego
1165 1418 1428 1483 peccator
1448 1420 1504 1466 et
1532 1414 1802 1483 indignus

98 1501 384 1572 presbiter
411 1502 829 1571 Thaugmarus,
868 1501 1228 1555 humillimus
1281 1517 1509 1572 quoque
1594 1507 1802 1555 sanctae

98 1594 315 1643 nostra!
343 1590 595 1643 ecclesiae
624 1589 1092 1643 bibliothecarius
1149 1595 1205 1643 et
1250 1590 1530 1657 notarius,
1573 1588 1801 1659 magni-

99 1678 207 1732 ﬁca
239 1684 399 1748 gesta
428 1678 819 1731 memorabilis
839 1677 964 1741 viri,
1000 1677 1199 1731 domui
1231 1677 1446 1731 scilicet
1478 1677 1801 1731 Bernwardi

103 1768 290 1821 nostri
321 1767 572 1838 episcopi
602 1767 868 1836 colligere
900 1783 1200 1836 aggressus
1230 1782 1378 1832 sum,
1417 1783 1530 1819 non
1579 1766 1801 1820 vanita-

100 1857 174 1909 tis
204 1856 356 1910 fastu
395 1862 757 1925 provocatus,
804 1856 917 1909 Deo
948 1860 1112 1921 teste,
1137 1856 1231 1909 sed
1265 1856 1310 1908 si
1344 1855 1481 1925 quid
1525 1854 1802 1907 imitabile

109 1944 210 1998 Dei
252 1943 557 1998 clementia
622 1943 681 1997 in
739 1944 851 1997 illis
881 1945 1151 2012 eluceret,
1184 1943 1387 1997 divinae
1417 1943 1642 2012 pietatis
1672 1958 1800 2013 gra-

1913 799 1977 851 Et
2007 796 2142 867 quia
2172 798 2281 850 hoc
2309 797 2432 867 ipso
2457 797 2757 867 ignorante
2798 798 2991 852 subire
3032 800 3401 855 temerarium
3449 802 3603 867 scivi,

1912 885 2009 938 diu
2042 889 2337 939 cunctatus
2364 886 2468 939 hac
2500 886 2726 956 publice
2767 902 2895 940 cum
2930 887 3028 941 illo
3061 888 3436 956 confabulari,
3479 896 3605 944 tau-

1912 974 2041 1028 dem
2104 974 2492 1045 oportunitate
2544 984 2707 1028 uacta
2776 975 2995 1029 aditum
3061 978 3356 1047 temptavi.
3416 979 3605 1033 Primo

1908 1062 2102 1133 itaque
2124 1062 2258 1116 forti
2278 1062 2616 1117 auctoritate
2650 1064 3059 1119 adversabatur
3115 1066 3317 1130 michi;
3374 1083 3508 1120 nam
3548 1069 3601 1121 in

1909 1151 2129 1204 cunctis
2153 1151 2487 1220 jactantiam
2521 1156 2574 1204 et
2604 1153 2944 1222 popularem
2978 1154 3228 1207 favorem
3261 1172 3364 1209 ceu
3406 1157 3603 1210 morti-

1910 1237 2092 1292 ferum
2127 1255 2409 1293 venenum
2443 1240 2678 1295 vitabat.
2709 1242 2961 1295 Tandem
2990 1258 3118 1296 cum
3151 1244 3359 1313 saepius
3385 1245 3601 1315 ingere-

1910 1343 2053 1393 rem,
2083 1344 2254 1395 grave
2303 1334 2598 1398 peccatum
2655 1345 2797 1394 esse,
2858 1330 3008 1384 bona
3063 1347 3236 1400 opera
3283 1332 3488 1401 celare,
3536 1351 3604 1389 ne

1910 1414 2005 1467 alii
2027 1417 2289 1485 exemplo
2346 1416 2447 1469 tali
2501 1416 2827 1486 proﬁciant,
2893 1434 3022 1471 cum
3080 1420 3352 1473 Dominus
3405 1421 3601 1475 dicat:

1908 1504 2107 1557 Luecat
2145 1505 2242 1557 tua:
2275 1510 2457 1557 vestra
2495 1520 2674 1559 coram
2703 1507 3007 1561 hominibus
3061 1509 3280 1573 (Matth.
3334 1526 3385 1573 v,
3426 1513 3509 1577 t6)
3552 1515 3605 1562 et

1910 1597 2134 1656 caetera,
2164 1592 2329 1645 cessit
2362 1608 2488 1645 meo
2527 1594 2807 1647 arbitratu
2865 1610 2993 1664 quae
3046 1596 3477 1665 compingerem
3512 1614 3603 1650 re-

1910 1680 2199 1750 linquens,
2235 1681 2370 1749 quia
2400 1697 2431 1733 a
2466 1698 2646 1750 puero
2671 1697 2894 1736 mecum
2945 1700 3133 1753 usque
3174 1685 3242 1737 ad
3294 1686 3602 1753 juvenilem

1912 1772 2137 1823 aetatem
2171 1769 2521 1836 obversatus,
2557 1770 2719 1841 quasi
2742 1771 2893 1824 ﬁlius
2920 1771 3069 1841 patri
3114 1772 3452 1827 familiarius
3510 1775 3607 1828 ad-

1912 1856 2076 1910 hazsit
2106 1861 2161 1910 et
2191 1858 2458 1922 convixit,
2522 1875 2625 1912 nec
2656 1846 2870 1929 aliquid
2924 1860 2983 1913 in
3026 1860 3184 1914 omni
3237 1862 3427 1915 studio
3484 1864 3609 1932 ejus

1910 1945 2039 1997 vitm
2068 1961 2254 1997 meam
2274 1946 2679 2000 conscientiam
2707 1947 2970 2002 fraudare
2993 1948 3198 2019 potuit,
3232 1950 3370 2020 quin
3395 1951 3605 2020 plenis-

104 2032 360 2098 tiam,de
405 2034 566 2103 cujus
596 2049 728 2087 rore
757 2032 941 2101 fluxit,
1006 2032 1252 2102 posteris
1294 2032 1689 2102 prmdicarem,
1741 2038 1799 2086 et
1831 2033 1868 2085 Β
1909 2032 2051 2087 sime
2083 2032 2308 2087 scirem.

520 2330 873 2403 INCIPIT
929 2329 1153 2401 VITA
1212 2328 1795 2402 BERNWARDI
1856 2328 2291 2434 EPISCOPI
2353 2329 2471 2401 ET
2527 2328 3204 2407 CONFESSORIS.

180 2490 232 2541 1.
262 2486 433 2542 Ortus
458 2485 637 2556 igitur
676 2484 922 2557 egregiae
972 2484 1183 2538 indolis
1238 2500 1385 2554 puer
1442 2484 1812 2537 Bernwardus

108 2577 261 2631 claro
294 2580 504 2629 nostra:
534 2573 719 2645 gentis
750 2574 1028 2645 sanguine
1059 2575 1187 2642 (23),
1245 2590 1308 2627 ex
1364 2572 1479 2626 ﬁlia
1536 2573 1813 2626 Athelbe-

107 2665 269 2719 ronis
299 2663 539 2735 palatini
568 2663 793 2732 comits,
820 2663 1067 2716 traditur
1085 2662 1297 2715 domno
1332 2661 1579 2731 Osdago,
1617 2666 1811 2714 nostro

114 2754 382 2825 episeopo
415 2752 550 2823 (24),
589 2768 622 2805 a
647 2768 749 2805 suo
781 2752 1060 2805 avunculo
1108 2750 1380 2820 religioso
1415 2751 1652 2803 diacono
1705 2750 1812 2820 (‘23)

119 2843 438 2908 Folcmaro,
478 2846 606 2912 post
635 2856 862 2912 quoque
891 2840 1001 2911 (26)
1028 2839 1374 2909 Trajectensi
1428 2838 1725 2908 episcopo;
1762 2842 1817 2891 et

122 2931 429 2984 amborum
473 2928 772 2999 diligentia
806 2944 947 2982 meae
976 2927 1263 2997 parvitati,
1299 2926 1397 2996 qui
1454 2925 1816 2995 primicerius

120 3022 281 3073 scolae
313 3034 627 3089 puerorum
659 3033 960 3088 prmeram,
1015 3015 1197 3070 literis
1231 3014 1601 3080 imbuendus,
1635 3013 1817 3068 mori-

121 3109 226 3163 bus
257 3108 435 3162 etiam
466 3107 850 3160 instituendus
881 3106 1205 3176 deputatur.
1241 3105 1420 3168 Quem
1452 3103 1610 3157 omni
1641 3104 1814 3157 devo-

121 3198 274 3251 tione
308 3200 632 3267 susceptum
664 3196 984 3249 intellectus
1015 3194 1168 3247 illius
1195 3192 1563 3264 capacitatem
1630 3194 1816 3261 primo

122 3287 325 3341 divinae
356 3285 584 3356 paginae
624 3284 862 3338 .leviore
884 3284 1028 3337 lacte
1058 3282 1453 3352 temptandam
1507 3279 1807 3333 aestimavi.

123 3376 243 3430 Mox
275 3376 489 3443 itaque,
518 3378 584 3427 ut
612 3372 681 3426 de
711 3376 906 3426 sancto
938 3371 1171 3426 Daniele
1200 3371 1411 3440 legitur
1443 3373 1602 3439 (Dan.
1636 3385 1673 3436 ι,
1707 3368 1815 3435 20),

124 3462 319 3516 inveni
345 3461 405 3514 in
435 3460 533 3513 illo
564 3459 868 3530 decuplum
934 3459 995 3512 iu
1026 3457 1186 3511 omni
1220 3455 1607 3525 intelligentia
1645 3469 1819 3524 super

124 3566 341 3605 comvos
373 3550 516 3619 ejus.
561 3548 766 3603 Mirum
791 3563 1040 3618 namque
1071 3546 1129 3599 in
1164 3545 1400 3599 modum
1433 3549 1626 3598 tenera
1678 3548 1815 3596 astas

125 3638 335 3694 caelesti
350 3637 624 3692 irradiata
650 3636 890 3702 lumine,
930 3635 1125 3689 subtili
1144 3634 1515 3689 meditatione
1546 3632 1819 3685 interiora

1923 2500 2112 2550 agere.
2157 2483 2337 2548 Quem
2378 2484 2549 2537 etiam
2588 2500 2811 2539 mecum
2863 2485 3154 2541 interdum
3216 2488 3274 2542 in
3316 2490 3613 2545 servitium

1923 2572 2121 2626 domui
2162 2572 2412 2642 episcopi
2455 2578 2613 2626 extra
2678 2575 3089 2629 monasterium
3134 2579 3407 2631 excedens
3447 2580 3616 2633 duce-

1922 2660 2075 2727 bam,
2118 2665 2181 2714 ut
2201 2660 2357 2713 illius
2388 2660 2706 2730 ingenium,
2743 2662 2895 2731 quod
2936 2662 2994 2715 in
3047 2665 3415 2719 multitudine
3447 2668 3616 2737 ephe-

1922 2748 2127 2802 borum
2152 2747 2475 2802 discernere
2506 2753 2562 2801 et
2601 2749 2669 2802 ad
2718 2756 2911 2803 vntum
2949 2767 3141 2804 meum
3182 2752 3466 2808 discutere
3497 2771 3616 2809 non

1923 2837 2103 2908 potui,
2138 2836 2251 2890 illis
2281 2836 2532 2903 ,remotis
2597 2837 2874 2907 singulari
2928 2840 3117 2894 studio
3178 2842 3441 2896 subtilius
3487 2844 3616 2897 dili-

1924 2924 2268 2995 gentiusque
2301 2925 2693 2992 eventilarem,
2728 2928 3054 2998 mirumque
3082 2929 3142 2983 iu
3180 2930 3415 2984 modum
3463 2931 3619 2986 vario

1924 3012 2203 3067 virtutum
2235 3013 2619 3084 pigmentario
2651 3015 2801 3068 ultra
2828 3016 2883 3069 id
2914 3017 3096 3070 aetatis
3140 3035 3462 3089 respersum
3493 3036 3619 3091 rep-

1923 3102 2066 3172 peri.
2115 3103 2256 3155 Nam
2296 3118 2447 3173 smpe
2492 3107 2675 3156 totum
2709 3103 2859 3157 diem
2912 3105 3063 3159 inter
3120 3107 3439 3177 equitatum
3500 3114 3619 3163 stu-

1926 3190 2114 3243 deudo
2145 3190 2487 3257 attrivimus,
2523 3207 2678 3245 nunc
2698 3192 2938 3262 legendo
2965 3210 3081 3247 non
3115 3197 3305 3249 minus
3340 3196 3620 3267 prolixam

1926 3278 2234 3331 lectionem
2302 3295 2477 3349 quam
2540 3279 2585 3332 si
2644 3280 2702 3333 in
2753 3280 2917 3333 scolis
2958 3281 3027 3335 ad
3086 3283 3234 3336 hanc
3272 3300 3619 3348 vacaremus,

1925 3382 2079 3420 nunc
2108 3367 2449 3437 poetizaudo
2504 3382 2606 3437 per
2634 3367 2781 3422 viam
2833 3374 3016 3423 metro
3075 3372 3427 3438 collusimus,
3488 3373 3621 3428 inde

1927 3455 1994 3509 ad
2027 3455 2343 3525 prosaicam
2371 3456 2697 3524 palaastram
2728 3457 3061 3511 exercitium
3111 3459 3487 3529 alternantes,
3540 3462 3624 3516 iu-

1924 3544 2151 3596 terdum
2178 3542 2424 3613 simplici
2453 3547 2720 3597 contextu
2747 3544 3025 3598 rationem
3070 3546 3439 3619 contulimus,
3471 3565 3623 3620 saepe

1926 3631 2291 3703 syllogisticis
2311 3631 2768 3686 cavillationibus
2790 3631 3211 3688 desudavimus.
3232 3636 3357 3705 Ipse
3389 3653 3616 3707 quoque

126 3726 306 3782 divini
338 3724 851 3796 sophismatisjugi
871 3724 1061 3778 studio
1094 3723 1432 3791 rimabatur,
1465 3736 1617 3775 nunc
1664 3736 1819 3774 com-
1861 3701 1901 3755 (ἶ
1936 3721 2134 3775 crebro
2169 3736 2283 3789 me,
2308 3720 2411 3773 etsi
2444 3720 2781 3789 verecunde,
2818 3721 2994 3775 acutis
3017 3726 3209 3776 tamen
3241 3728 3296 3777 et
3328 3740 3394 3777 ex
3424 3725 3629 3781 intimo

128 3815 292 3871 muni
343 3814 589 3869 lectione
621 3829 752 3868 cum
786 3813 927 3875 aliis,
958 3828 1113 3867 nunc
1143 3828 1287 3883 quos
1317 3809 1713 3881 diligentiores
1764 3809 1824 3861 iu

131 3910 325 3959 sancto
358 3902 730 3957 meditamine
759 3901 1045 3966 cernebat,
1074 3900 1310 3955 seorsim
1354 3898 1695 3953 familiarius
1734 3914 1826 3951 as-

132 4009 384 4060 sumens,
418 3989 726 4061 propositis
757 3989 1168 4061 queestiouibus
1221 3987 1552 4058 scrupulosa
1584 4002 1828 4057 quaeque

135 4080 202 4134 ad
238 4080 550 4134 medullam
593 4078 959 4143 eventilabat,
1009 4094 1172 4131 more
1204 4075 1668 4147 prudentissimae
1709 4074 1830 4145 apis

142 4168 398 4239 singulas
426 4167 717 4233 lectiones,
763 4182 903 4237 quas
946 4166 1007 4220 in
1064 4165 1234 4220 scolis
1273 4165 1334 4218 in
1387 4162 1623 4218 diversis
1669 4162 1832 4216 libris

142 4257 511 4329 exponebam,
571 4256 865 4310 remotiori
924 4256 1045 4309 loco
1112 4254 1316 4308 sedens
1354 4252 1577 4307 intento
1634 4251 1834 4305 auditu

141 4346 424 4417 captabat,
456 4361 596 4417 quas
629 4349 819 4399 tamen
878 4348 1079 4414 postea
1118 4343 1311 4413 pueris
1344 4341 1644 4395 consideus
1682 4339 1835 4393 felici

140 4437 291 4490 furto
315 4435 563 4505 perfecte
591 4434 826 4488 docebat
848 4438 903 4487 et
931 4434 1160 4487 illorum
1218 4430 1471 4485 scientiae
1517 4428 1836 4500 [imprime-

141 4523 526 4578 bat.Gratanti
555 4522 802 4592 denique
842 4520 1045 4574 atfectu
1073 4519 1459 4589 amplectebar
1500 4518 1649 4572 felici
1682 4518 1835 4571 furto

140 4610 403 4666 lectionis
444 4625 690 4681 puerum
748 4611 770 4644 ²
800 4608 1091 4674 insudare,
1160 4609 1454 4678 multoque
1503 4604 1837 4676 vigilantius

142 4699 349 4755 deinde
378 4696 402 4732 ⁸
430 4698 616 4752 iustiti
644 4697 941 4768 ingenium
974 4698 1127 4751 illius
1153 4697 1222 4751 ad
1270 4695 1567 4750 scientiam
1594 4694 1714 4749 veri
1744 4711 1836 4747 so-

144 4787 445 4860 phismatis
496 4787 761 4841 excitare.
836 4786 1248 4841 Nichilomiuus
1305 4801 1443 4855 ergo
1497 4782 1840 4838 venerabilis

146 4878 388 4932 domnus
441 4875 697 4946 Osdagus
728 4875 974 4945 quodam
1023 4874 1214 4928 meriti
1253 4873 1531 4945 praesagio
1563 4888 1840 4942 magnum

1937 3809 2099 3863 aditu
2136 3809 2530 3880 phylosophize
2562 3810 2795 3879 prolatis
2823 3811 3233 3881 quaestionibus
3269 3813 3627 3869 sollicitabat.

1938 3898 2117 3952 Tanta
2144 3914 2279 3968 ergo
2320 3897 2591 3952 facilitate
2626 3898 2882 3969 cupitum
2930 3899 3054 3970 ejus
3112 3899 3412 3971 ingenium
3462 3903 3636 3958 michi

1940 3986 2355 4057 applaudebat;
2409 4001 2557 4056 pene
2587 3985 2741 4039 enim
2787 3986 2947 4039 nulla
2974 3986 3135 4054 hora,
3169 4005 3273 4042 nec
3311 3991 3635 4045 refectiouis

1940 4074 2193 4144 quidem,
2229 4073 2460 4127 desidiae
2491 4075 2656 4127 illum
2687 4074 2989 4144 arguebat.
3020 4077 3084 4129 Et
3116 4092 3469 4147 quamquam
3490 4080 3639 4135 viva-

1941 4163 2169 4217 cissimo
2197 4163 2332 4232 igne
2364 4162 2541 4216 animi
2571 4162 2630 4215 in
2659 4162 2819 4215 omni
2841 4163 3066 4216 liberali
3093 4164 3329 4218 scientia
3352 4166 3634 4238 deﬂagra-

1942 4256 2048 4318 ret,
2073 4250 2481 4305 nichilominus
2530 4256 2722 4305 tamen
2782 4251 2841 4304 iu
2880 4251 3189 4306 levioribus
3221 4253 3439 4308 artibus
3497 4274 3637 4326 quas

1942 4339 2304 4394 mechanicas
2342 4343 2547 4393 vocant
2594 4339 2849 4393 studium
2874 4339 3207 4411 impertivit.
3243 4343 3308 4395 In
3340 4344 3636 4401 scribendo

1944 4445 2078 4483 vero
2112 4428 2371 4497 adprime
2399 4427 2624 4492 enituit,
2657 4427 2942 4497 picturam
3001 4428 3175 4482 etiam
3222 4428 3418 4484 limate
3471 4447 3639 4485 exer—

1945 4518 2082 4582 cuit,
2107 4516 2297 4570 fabrili
2330 4532 2559 4587 quoque
2592 4516 2829 4570 scientia
2859 4521 3050 4571 etarte
3081 4518 3325 4572 clusoria
3365 4520 3639 4591 omnique

1948 4610 2232 4661 structura
2254 4604 2496 4658 miriﬁce
2528 4605 2815 4672 excelluit,
2850 4610 2916 4659 ut
2947 4606 3007 4659 in
3038 4606 3329 4678 plerisque
3360 4608 3639 4680 aedificiis,

1948 4710 2077 4766 quae
2108 4692 2432 4765 pompatico
2480 4692 2683 4747 decore
2727 4694 3069 4763 composuit,
3101 4702 3230 4766 post
3258 4712 3490 4768 quoque
3520 4700 3641 4753 cla-

1950 4782 2082 4837 ruit.
2118 4783 2181 4835 In
2212 4781 2464 4851 uegociis
2494 4798 2625 4835 vero
2675 4781 3002 4836 domesticis
3062 4789 3117 4837 et
3155 4784 3225 4839 ad
3258 4802 3423 4840 usum
3455 4787 3537 4840 rei
3567 4788 3642 4842 fa-

1951 4869 2189 4925 miliaris
2244 4869 2664 4939 pertinentibus
2718 4870 3105 4924 vivacissimus
3129 4879 3397 4928 executor
3461 4876 3574 4929 acsi
3613 4894 3645 4930 a

146 4965 280 5037 quid
310 4964 568 5018 futurum
598 4965 655 5017 iu
682 4963 781 5016 illo
806 4964 1144 5032 praevidens,
1175 4962 1512 5016 exorcistam
1532 4960 1837 5028 ordinavit,
1868 4979 1911 5033 Ι)
1952 4975 2133 5031 puero
2162 4957 2251 5012 his
2269 4958 2519 5012 nutritus
2548 4958 2763 5012 calluit.
2809 4959 3149 5029 Hujusmodi
3207 4963 3322 5015 Deo
3364 4969 3543 5033 grata:
3591 4971 3647 5019 et

148 5052 477 5124 diligentius
500 5068 589 5105 me
619 5051 956 5106 adhortatus
988 5052 1128 5105 item
1159 5050 1415 5122 itemque
1446 5064 1638 5102 curam
1690 5048 1843 5102 illius

1954 5047 2286 5103 hominibus
2344 5052 2588 5117 acceptae
2642 5046 2853 5101 indolis
2894 5052 3078 5118 gratia
3110 5048 3322 5104 domno
3355 5051 3644 5124 episcopo,

1562 5145 1791 5199 VARUE
1842 5146 2239 5201 LECTIONES.

1782 5286 2007 5342 ΝΟΤᾹΞ.

214 5224 233 5259 ¹
309 5220 577 5276 Taumari
626 5223 670 5275 ι.
749 5218 774 5253 ²
810 5219 1034 5274 deestt.
1110 5217 1355 5274 3deest3.

220 5389 324 5458 (23)
370 5390 593 5442 Patrem
651 5386 1067 5443 Theodericum
1115 5386 1382 5440 comitem
1418 5386 1487 5439 de
1522 5384 1841 5439 Sommers-

156 5461 447 5528 cheuburg
477 5465 636 5513 vocat
660 5459 957 5512 translatio
986 5458 1339 5513 theutonica.

220 5532 331 5600 (24)
384 5525 561 5584 Αόηίδ
593 5532 832 5584 98ΰ-989
864 5530 1165 5599 episcopo;
1218 5529 1409 5600 igitur
1425 5530 1524 5580 aut
1551 5525 1837 5600 AOtwinus,

159 5597 253 5672 qui
296 5597 342 5656 a.
403 5602 644 5655 954-9875:
701 5600 847 5655 sedit
889 5597 995 5653 hoc
1048 5597 1170 5654 loco
1230 5597 1658 5667 intelligendus,
1719 5602 1836 5663 aut,

504 5707 777 5773 PATROL.
831 5706 1003 5771 CXL.

1953 5384 2103 5462 quod
2126 5382 2313 5462 magis
2342 5383 2546 5462 placet,
2585 5400 2730 5462 puer
2781 5384 3024 5462 Osdagq
3048 5385 3305 5441 nondum
3360 5388 3650 5462 episcopo,

1948 5460 2098 5509 auta
2125 5455 2418 5508 Folcmaro
2440 5457 2559 5521 jam
2584 5456 2852 5525 episcopo
2882 5456 3125 5510 traditus
3157 5463 3259 5512 est.

2021 5528 2123 5595 (25)
2158 5526 2282 5579 Scil.
2328 5525 2826 5580 Hildesheimcusi.
3150 5536 3153 5539 ’

2022 5596 2124 5665 (26)
2158 5596 2334 5649 Annis
2368 5598 2623 5649 977-990.

3265 5712 3346 5771 13
