3944 6320
327 307 428 360 395

1309 299 1546 357 TIIANG
1561 301 1728 356 llARI
1768 300 2204 358 PRESBYTERI
2246 299 2681 356 HILDESIIEIM
2694 297 2846 354 ENS.

3726 305 3837 358 396

327 427 1029 502 apudquemversabatur,
1057 427 1330 498 omnique
1351 425 1782 497 congregationi
1806 425 2091 496 dignusA
2129 423 2396 478 discendo
2453 422 2694 476 miriﬁce
2749 421 3084 491 proﬁceret,
3141 429 3198 476 et
3249 427 3442 476 tamen
3501 425 3570 479 ad
3627 431 3842 479 cuncta

326 525 383 573 et
411 518 712 573 familiaris
725 517 1098 579 efﬁciebatur.
1126 515 1704 588 propinquorumque
1729 513 2019 567 dilectioni

327 608 765 680 probatissimus
794 606 1136 660 habebatur.
1177 608 1326 658 Avus
1365 603 1578 680 quippe
1648 602 1771 671 ejus
1821 603 2018 657 Atbel-

327 698 465 751 bero
495 695 781 765 palatinas
823 710 1034 758 comes,
1088 693 1174 746 vir
1221 692 1469 762 plurima
1524 691 1800 744 virtutum
1855 691 2020 743 laude

325 784 587 854 insignis,
616 783 716 854 qui
745 782 1058 837 commissae
1113 781 1219 835 sibi
1250 779 1601 850 praefecturae
1672 778 2020 832 exactionem

328 872 512 941 magis
541 888 606 925 ex
637 871 830 926 debito
878 886 1051 941 quam
1085 885 1153 922 ex
1197 867 1519 922 intentione
1587 867 1850 936 gerebat,
1891 882 2020 920 cum

325 962 488 1033 prole
546 959 1014 1030 utriusquesexus
1049 957 1374 1012 felicissime
1421 955 1801 1019 habundaret,
1867 956 2021 1008 hunc

324 1049 663 1120 praeclarum
695 1049 1138 1112 adolescentem,
1171 1045 1376 1115 primis
1406 1043 1675 1114 auspiciis
1703 1043 2018 1113 pubescen-

327 1138 402 1192 tis
432 1136 653 1192 decoris
676 1136 999 1196 ﬂorentem.
1040 1135 1100 1188 in
1130 1134 1394 1187 affectum
1442 1131 1543 1185 ﬁlii
1584 1129 1901 1200 adoptavit.
1957 1131 2020 1184 In

325 1241 439 1297 quo
461 1223 593 1295 quia
628 1223 889 1277 salutaris
917 1221 1144 1276 consilii
1202 1221 1510 1274 stationem
1581 1217 2016 1272 saluberrimam

324 1312 580 1384 repperit
622 1311 962 1366 familiarius
1003 1309 1108 1364 sibi
1168 1308 1448 1380 adjunxit,
1490 1312 1556 1361 ut
1597 1321 1666 1360 ne
1709 1305 2016 1360 minimum

325 1399 561 1471 quidem
595 1399 717 1453 sine
744 1399 868 1468 ejus
893 1397 1154 1452 consultu
1185 1402 1401 1465 ageret.

396 1491 451 1541 2.
497 1488 748 1557 Adeptus
785 1487 980 1556 itaque
1037 1502 1070 1538 a
1124 1485 1417 1553 Willegiso
1471 1481 1781 1536 venerabili
1843 1480 2022 1535 archi-

324 1575 595 1645 episcopo
649 1573 1092 1627 subdiaconatus
1153 1572 1412 1639 gradum,
1470 1569 1827 1640 aliquamdiu
1887 1584 2014 1622 cum

326 1663 425 1717 illo
464 1668 854 1730 conversatus,
929 1677 1057 1714 cum
1108 1665 1344 1730 propter
1381 1674 1606 1712 morum
1655 1658 2014 1711 honestatem

328 1767 392 1804 ac
431 1750 560 1804 vitae
600 1749 944 1820 probitatem
977 1747 1274 1818 religionis
1307 1746 1624 1817 profectum
1655 1746 1714 1799 in
1755 1746 1854 1798 illo
1885 1761 2018 1798 sen-

327 1838 480 1904 tiret,
513 1838 815 1893 diaconum
856 1838 1018 1892 illum
1075 1837 1379 1890 ordinavit.
1437 1836 1740 1904 Interjecto
1790 1848 2019 1905 quoque

328 1942 443 1980 non
475 1929 647 1996 longo
677 1925 890 1996 spacio,
945 1925 1266 1995 presbiterii
1310 1940 1438 1977 eum
1489 1923 1708 1977 honore
1743 1921 2016 1976 sublima-

325 2014 422 2068 vit.
456 2015 847 2084 Reversusque
882 2014 950 2066 ad
985 2013 1287 2082 praefatum
1329 2012 1618 2074 comitem,
1655 2026 1823 2065 suum
1859 2010 2017 2064 vide-

326 2102 456 2156 licet
510 2119 702 2167 avum,
767 2102 1234 2156 affectuosissime
1284 2101 1354 2154 ab
1411 2101 1508 2154 illo
1567 2106 1862 2170 susceptus
1911 2104 2015 2164 est,

327 2191 757 2260 plurimumque
802 2196 1032 2260 rogatus
1085 2205 1155 2241 ne
1201 2187 1269 2241 ab
1327 2203 1394 2240 eo
1447 2188 1780 2252 discederet,
1854 2187 2016 2240 facile

329 2279 640 2347 acquievit;
688 2279 779 2332 cui
805 2283 960 2332 tanta
992 2277 1316 2331 humilitate
1347 2293 1410 2328 ac
1443 2277 1712 2330 instantia
1763 2277 2014 2345 {famula-

329 2368 515 2432 batur,
556 2372 639 2434 ut,
672 2367 890 2420 caeteris
940 2366 1318 2435 refrigerandi
1368 2381 1535 2418 causa
1582 2365 1866 2418 interdum
1927 2381 2014 2428 re-

325 2457 515 2520 motis,
556 2457 677 2525 ipse
727 2456 850 2508 dies
908 2460 1222 2524 noctesque
1277 2453 1640 2518 continuans,
1699 2451 2017 2505 indefessus

324 2547 373 2598 ei
405 2545 743 2610 adhaereret,
783 2543 922 2613 aegri
953 2543 1103 2596 senis
1134 2547 1190 2595 et
1221 2557 1341 2594 αηνο
1377 2541 1529 2610 pleni
1561 2540 2013 2594 imbecillitatem

325 2632 734 2702 patientissime
789 2647 1088 2701 moresque
1119 2635 1502 2700 supportaret,
1533 2629 1682 2681 inter
1734 2629 1920 2697 ipsum
1963 2633 2019 2680 et

325 2720 599 2774 familiam
632 2719 857 2774 medius
889 2719 1194 2784 incederet,
1257 2717 1599 2772 salutaribus
1632 2715 1868 2770 monitis
1898 2719 2016 2769 cot-

325 2808 463 2862 tidie
490 2809 618 2862 illos
643 2808 712 2862 ad
736 2809 957 2878 agenda
983 2806 1322 2872 informans,
1354 2821 1549 2860 curam
1582 2805 1812 2858 illorum
1868 2803 2014 2874 apud

325 2897 590 2949 comitem
642 2895 901 2964 vigilanti
941 2894 1296 2963 benignitate
1351 2894 1745 2963 frequentans.
1775 2893 1883 2946 Pro
1912 2907 2018 2961 pa—

2131 512 2268 567 foris
2297 511 2562 566 obeunda
2606 510 3007 564 liberalissimo
3063 512 3301 582 negocio
3360 512 3481 581 ejus
3532 513 3838 584 ingenium

2133 602 2379 656 feriaret.
2437 603 2501 655 Et
2551 615 2680 654 cum
2717 599 2812 653 alii
2843 600 2966 670 regi
2997 617 3177 670 puero
3239 600 3524 656 adulando
3554 603 3843 673 obseque-

2133 695 2352 756 rentur,
2381 689 2524 743 adeo
2554 693 2618 742 ut
2648 687 2868 742 ludicra
2921 693 2977 741 et
3001 705 3131 758 quae
3163 693 3362 742 tenera
3395 693 3533 743 aetas
3563 691 3844 761 poscebat

2135 778 2673 848 illipersuaderent,
2711 776 3046 845 imperatrix
3078 777 3282 845 etiam,
3329 777 3508 832 verita
3558 778 3836 833 affectum

2131 867 2235 922 ﬁlii
2267 866 2376 920 sibi
2397 865 2654 937 prteripi,
2687 865 2746 918 in
2767 864 3052 935 ejusmodi
3083 866 3274 920 favore
3307 865 3365 919 in
3397 871 3620 920 tantum
3650 869 3839 922 emol-

2131 957 2228 1010 lita
2263 959 2431 1021 esset,
2489 957 2554 1008 ut
2605 952 2800 1008 omnia
2830 969 2956 1022 quas
3011 954 3252 1024 puerilis
3297 960 3435 1008 astas
3495 955 3659 1008 illum
3711 955 3838 1010 im-

2131 1043 2369 1113 pelleret
2450 1041 2574 1112 ipsa
2641 1040 2967 1111 gratissimo
3033 1041 3231 1095 aﬁ‘ectu
3313 1043 3682 1109 consentiret,
3737 1044 3839 1098 hic

2130 1133 2286 1185 solus
2318 1135 2479 1186 tanta
2523 1134 2644 1185 arte
2703 1129 2928 1196 institit,
2975 1134 3039 1184 ut
3082 1145 3116 1184 a
3178 1146 3296 1184 non
3336 1131 3607 1186 faciendis
3667 1139 3830 1186 metu

2129 1219 2292 1274 illum
2325 1220 2674 1291 prohiberet,
2733 1223 2790 1272 et
2830 1223 3025 1273 tamen
3078 1219 3415 1289 plenissimo
3467 1220 3667 1276 affectu
3701 1222 3837 1290 ejus

2131 1306 2387 1359 animum
2421 1305 2529 1360 sibi
2571 1305 2884 1376 colligaret.

2201 1397 2254 1448 3.
2314 1395 2536 1448 Interea
2593 1395 2803 1448 domna
2864 1393 3216 1462 'I‘beupbanu
3280 1393 3611 1466 imperatrix
3672 1395 3834 1466 apud

2133 1484 2483 1552 Neomagum
2516 1483 2766 1536 maximo
2825 1482 3022 1537 dolore
3085 1483 3262 1536 totius
3307 1483 3470 1554 regni
3519 1483 3688 1537 rebus
3729 1500 3835 1538 ex-

2131 1571 2299 1626 cessit
2321 1571 2435 1641 (an.
2469 1573 2592 1636 99l,
2623 1573 2764 1626 Jun.
2803 1572 2902 1639 l6).
2955 1571 3115 1625 Unde
3138 1571 3382 1626 domnus
3423 1587 3523 1626 rex
3581 1576 3834 1643 utroque

2132 1664 2367 1730 parente
2392 1660 2670 1726 desertus,
2733 1665 2916 1713 totum
2951 1675 3008 1712 se
3059 1660 3374 1730 regendum
3424 1661 3482 1713 in
3517 1660 3832 1714 stationem

2131 1747 2390 1802 ﬁdissimi
2439 1747 2698 1817 magistri
2737 1747 2998 1801 contulit.
3028 1749 3206 1816 Hujus
3261 1747 3498 1802 consilio
3540 1749 3834 1803 examina-

2129 1837 2226 1891 bat
2256 1835 2659 1906 quodcumque
2718 1835 2813 1889 alii
2855 1835 3144 1889 adulando
3191 1837 3640 1905 persuadebant;
3683 1838 3828 1907 quia

2129 1922 2389 1994 quamvis
2447 1923 2505 1975 in
2562 1922 2882 1992 puerilibus
2949 1922 3218 1993 auspiciis
3263 1923 3568 1991 ociaretur,
3628 1924 3830 1977 altiori

2128 2017 2320 2065 tamen
2355 2011 2636 2064 industria
2669 2010 3034 2081 quorundam
3093 2011 3490 2064 simulationes
3549 2013 3834 2082 praevide-

2128 2098 2240 2152 bat.
2267 2098 2560 2168 Prmcipua
2600 2097 2793 2161 itaque
2835 2098 3219 2151 familiaritate
3261 2099 3598 2168 magistrum
3651 2115 3825 2152 suum

2129 2187 2596 2256 amplectebatur,
2662 2202 2764 2239 nec
2822 2187 2894 2240 ab
2978 2187 3093 2240 ullo
3153 2186 3391 2240 inferius
3447 2187 3825 2254 tractabatur,
3895 2173 3898 2176 9

2126 2290 2299 2345 quem
2327 2274 2632 2327 universali
2663 2273 2940 2328 virtutum
2972 2273 3175 2328 decore
3219 2290 3545 2345 respersum
3585 2291 3826 2330 venera-

2127 2363 2313 2416 batur.

2195 2450 2248 2504 4.
2279 2451 2386 2503 Per
2415 2449 2568 2503 idem
2618 2455 2844 2520 tempus
2893 2451 3205 2505 venerabili
3234 2451 3504 2522 episcopo
3551 2452 3819 2524 Gcrdago

2127 2538 2435 2592 decedente
2457 2538 2574 2608 (an.
2603 2540 2727 2603 993,
2782 2541 2905 2592 Jan.
2956 2542 3064 2604 lii),
3122 2539 3208 2592 bis
3245 2539 3547 2610 religiosus
3583 2542 3823 2611 juvenis

2130 2628 2500 2684 [terna-arduis
2540 2629 2682 2681 votis
2710 2627 2971 2681 omnium
3005 2629 3070 2682 ad
3113 2629 3512 2700 pontiﬁcatum
3560 2630 3827 2700 cligitur.

2131 2717 2350 2770 Etcum
2384 2717 2645 2788 plerique
2676 2717 2896 2770 nobiles
2943 2717 3136 2771 clerici
3176 2717 3427 2786 palatina
3470 2719 3672 2773 militia
3723 2720 3828 2774 diu

2128 2810 2410 2860 certantes
2485 2805 2818 2860 missionem
2898 2811 3188 2876 optarent,
3244 2824 3554 2862 consensus
3625 2814 3830 2863 tamen

2131 2894 2390 2948 omnium
2438 2894 2496 2948 in
2553 2894 2707 2948 hunc
2764 2896 2877 2949 Deo
2921 2899 3166 2950 electum
3229 2897 3504 2967 juvenem
3583 2913 3831 2952 concor-

325 2989 488 3037 terno
523 2999 753 3054 quoque
779 2983 979 3036 affectu
1011 2984 1076 3036 ad
1103 2983 1252 3035 ﬁlios
1293 2986 1470 3036 totum
1506 2999 1564 3035 se
1585 2980 1864 3052 profudit,
1901 2995 2019 3033 ma-
2053 2983 2094 3038 C
2131 2981 2320 3036 dabat.
2355 2983 2659 3037 Communi
2693 2983 2871 3052 igitur
2926 2983 3203 3038 electione
3265 2990 3474 3038 sancta:
3549 2985 3830 3040 Ilildene-

325 3087 614 3141 gnamque
643 3071 885 3142 gratiam
914 3071 1062 3123 inter
1091 3070 1220 3123 illos
1273 3070 1630 3124 conciliabat.
1669 3069 1733 3123 Et
1761 3069 2020 3138 quamvis

324 3162 382 3213 in
407 3158 738 3229 bujusmndi
793 3157 1184 3212 familiaritate
1245 3157 1456 3210 invidia
1501 3156 1665 3210 facile
1723 3156 2014 3227 subrepat,

326 3247 473 3301 lianc
506 3247 752 3301 maxima
777 3247 1000 3300 cautela
1049 3246 1106 3298 in
1142 3245 1428 3316 plerisque
1468 3245 1808 3300 declinabat.
1865 3245 2019 3298 Inter

323 3341 540 3405 patrem
571 3351 799 3408 quoque
827 3340 882 3388 et
912 3334 1115 3399 lilium,
1151 3335 1427 3388 domnum
1485 3333 1746 3388 videlicet
1800 3333 2015 3404 episco-

323 3441 458 3495 pum
493 3429 530 3490 ‘,
565 3423 962 3478 internuncius
997 3439 1146 3494 sepe
1195 3422 1567 3487 discurrebat,
1627 3437 2014 3492 magnamque

323 3515 474 3565 inter
529 3511 654 3565 illos
709 3511 1118 3565 familiaritatis
1185 3511 1430 3580 gratiam
1485 3509 1844 3563 conciliabat.
1906 3509 2015 3580 Ipsi

321 3615 459 3670 ergo
504 3599 772 3670 episcopo
816 3605 1036 3653 tantum
1091 3599 1455 3676 complacuit,
1511 3603 1578 3651 ut
1643 3598 2014 3652 Daventrensi

320 3687 581 3741 coenobio
603 3704 704 3740 sua
745 3687 862 3741 vice
886 3687 1046 3741 illum
1093 3702 1434 3757 praeponere
1494 3686 1683 3751 vellet,
1717 3686 1896 3758 ﬁtque
1930 3685 2015 3740 in-

318 3781 408 3830 ter
437 3775 767 3846 episcopum
804 3779 860 3828 et
887 3776 1153 3828 comitem
1209 3776 1276 3828 de
1334 3779 1507 3828 tantae.
1565 3773 1771 3828 indolis
1803 3775 2013 3844 juvene

320 3865 588 3934 religiosa
618 3863 986 3929 concertatio,
1043 3867 1100 3917 ut
1137 3867 1376 3932 uterque
1413 3878 1517 3932 pro
1568 3877 1795 3916 morum
1829 3863 2013 3932 gratia

318 3953 482 4006 illum
506 3951 610 4005 sibi
642 3952 911 4022 adoptare
955 3950 1300 4008 intenderet.
1362 3951 1470 4005 Sed
1531 3950 1651 4020 ipse
1707 3949 2010 4005 imbecillis

317 4041 405 4092 avi
434 4040 827 4094 inﬁrmitatem
864 4044 1200 4105 sustentare,
1230 4053 1404 4108 quam
1445 4037 1798 4108 episcopales
1849 4038 2006 4107 ,deli-

317 4129 432 4182 cias
479 4134 748 4199 appetere
812 4128 1080 4182 malebat.
1128 4127 1267 4181 Cum
1309 4142 1422 4198 quo
1467 4141 1647 4197 usque
1707 4127 1777 4180 ad
1854 4127 2006 4181 diem

315 4215 402 4269 sui
483 4217 663 4270 exitus
717 4216 870 4270 ﬁdeli
938 4215 1240 4270 devotione
1318 4215 1649 4269 desudabat.
1712 4215 1833 4278 Quo
1900 4214 1998 4269 de-

313 4305 504 4359 functo
530 4310 639 4371 (an.
676 4308 819 4372 987),
863 4306 932 4360 ad
969 4305 1247 4376 palatium
1309 4321 1367 4358 se
1418 4305 1681 4370 contulit,
1736 4308 1794 4357 in
1829 4303 2002 4357 servi-

310 4393 454 4446 tium
485 4396 595 4464 (27)
655 4395 920 4448 videlicet
978 4393 1141 4447 tercii
1190 4393 1409 4448 Ottonis
1466 4392 1852 4464 imperatoris,
1902 4391 2002 4462 qui

311 4481 600 4550 septennia
623 4481 809 4535 adhuc
842 4497 1003 4552 puer,
1039 4497 1166 4534 cum
1223 4481 1537 4536 venerabili
1594 4485 1649 4534 et
1696 4480 2000 4550 sapientis-

311 4568 453 4621 sima
485 4573 662 4622 matre
691 4569 901 4623 domna
940 4570 1299 4640 Tbeupbanu
1351 4574 1595 4640 augusta
1642 4569 1809 4622 rebus
1857 4585 2002 4638 pra:-

311 4659 450 4709 erat.
505 4659 547 4709 A
623 4652 736 4726 qua
807 4657 898 4710 hic
943 4659 1284 4712 venerabilis
1338 4657 1565 4728 juvenis
1627 4657 1998 4710 Bernwardus

308 4743 720 4814 benignissime
789 4744 1116 4815 suscipitur,
1196 4751 1366 4817 atque
1411 4746 1468 4799 in
1532 4744 1689 4798 brevi
1754 4760 1995 4799 summa:

307 4831 710 4885 familiaritatis
757 4831 942 4886 locum
1001 4833 1154 4900 apud
1213 4833 1372 4886 illam
1430 4831 1698 4899 obtinuit,
1750 4831 1892 4886 adeo
1931 4837 1996 4886 ut

305 4921 581 4975 domuum
615 4936 808 4990 regem
844 4920 978 4975 ﬁdei
1007 4921 1363 4975 illiusliteris
1399 4920 1778 4974 imbuendum
1810 4919 1994 4973 mori-

305 5010 524 5078 busque
574 5008 992 5063 instituendum
1061 5025 1340 5063 consensu
1395 5012 1729 5061 cunctorum
1788 5023 1992 5078 proce-

302 5113 430 5151 rum
466 5099 914 5152 commendaret.
960 5098 1020 5152 In
1042 5114 1155 5169 quo
1187 5099 1264 5151 ita
1308 5095 1590 5162 cxcelluit,
1646 5095 1776 5149 licet
1842 5112 1992 5166 quo-

300 5186 545 5240 rundam
585 5185 800 5241 invidia
828 5185 1208 5251 morderetur,
1276 5189 1339 5238 ut
1377 5199 1522 5255 puer
1569 5183 1884 5254 imperialis
1929 5184 1990 5236 in

2127 3070 2438 3124 sheimensi
2469 3071 2738 3125 accelesim
2770 3071 3067 3126 ordinatur
3094 3073 3394 3143 episcopus
3452 3089 3483 3126 a
3530 3073 3832 3145 Willegiso

2127 3159 2673 3230 arcbiepisco(Ann.
2732 3160 2902 3214 Hili.
2959 3177 3052 3214 an.
3113 3161 3258 3232 993),
3304 3177 3453 3215 anno
3509 3163 3832 3218 Dominicae

2124 3247 2536 3302 incarnationis
2579 3249 3016 3314 nongentesimo
3046 3250 3418 3320 nonagesimo
3484 3251 3680 3319 tercio,
3733 3251 3830 3306 in-

2122 3333 2368 3388 dictione
2391 3340 2562 3397 sexta.
2599 3341 2794 3390 octava
2821 3337 3044 3390 decima
3066 3338 3186 3391 Kal.
3217 3337 3529 3393 Februarii.

2193 3426 2244 3476 5.
2289 3424 2544 3493 Adeptus
2600 3425 2792 3495 itaque
2821 3426 3241 3495 pontiﬁcatum,
3288 3432 3500 3496 quanta
3522 3427 3829 3483 continen-

2121 3510 2200 3564 tia
2239 3511 2493 3580 juvenile
2541 3529 2748 3584 corpus
2778 3514 2848 3566 ad
2902 3514 3180 3568 virtutum
3239 3515 3464 3568 culmen
3537 3518 3822 3587 coegerit,

2119 3598 2228 3653 dici
2255 3615 2370 3653 non
2415 3605 2625 3670 potest,
2655 3601 2886 3654 modum
2944 3601 3005 3655 in
3059 3603 3280 3657 cunctis
3325 3604 3560 3674 agendis
3619 3609 3825 3675 praeci-

2119 3701 2231 3756 pue
2261 3688 2630 3757 amplectens,
2657 3689 2823 3757 juxta
2841 3689 2980 3743 illud
3005 3690 3110 3744 viri
3138 3691 3414 3760 sapientis
3447 3692 3600 3763 (TER.
3626 3695 3821 3750 Andr.

2120 3775 2162 3840 Ι,
2190 3791 2228 3840 l,
2253 3775 2336 3845 34)
2368 3791 2381 3830 :
2416 3778 2494 3830 Ne
2550 3777 2686 3844 quid
2740 3779 2925 3832 nimis.
2962 3779 3178 3832 Merum
3244 3796 3476 3851 quoque
3535 3784 3822 3852 gravitate

2117 3861 2360 3916 mirifice
2382 3879 2544 3917 senes
2584 3864 2738 3934 ipsos
2760 3865 3086 3936 superabat,
3121 3867 3261 3921 adeo
3305 3873 3366 3922 ut
3415 3868 3675 3922 subditos
3723 3889 3817 3926 se~

2118 3949 2370 4003 veritatis
2387 3966 2628 4004 censura
2651 3952 2719 4006 ad
2751 3954 2974 4024 agenda
3005 3954 3064 4007 in
3114 3955 3403 4026 plerisque
3463 3957 3817 4015 institueret.

2120 4037 2525 4107 Frugalitatem
2584 4056 2717 4094 vero
2786 4042 2844 4094 in
2901 4043 3237 4112 appetendis
3293 4045 3548 4099 ciborum
3592 4046 3822 4103 deliciis

2116 4127 2176 4180 in
2207 4143 2274 4179 eo
2308 4127 2541 4181 laudare
2563 4129 2652 4181 vix
2703 4129 2849 4182 ullus
2881 4130 3117 4196 sufﬁcit;
3145 4137 3344 4201 potum
3401 4137 3556 4187 tanto
3613 4137 3822 4192 mode-

2119 4213 2338 4267 ramine
2369 4217 2746 4285 temperabat,
2778 4222 2841 4270 ut
2866 4223 2994 4287 post
3027 4234 3245 4273 coenam
3304 4226 3612 4291 antequam
3673 4229 3819 4278 stra-

2115 4305 2237 4355 tum
2255 4309 2538 4372 pergeret,
2564 4304 2676 4358 nisi
2705 4305 3074 4360 familiarium
3107 4309 3191 4360 vel
3226 4308 3518 4378 hospitum
3548 4326 3812 4380 praesen-

2111 4389 2189 4443 tia
2209 4397 2456 4458 coactus,
2509 4392 2686 4446 semel
2743 4396 2966 4448 tantum
3016 4394 3256 4462 biberet,
3308 4396 3516 4467 saepius
3571 4414 3813 4471 quoque

2111 4479 2338 4548 penitus
2378 4479 2706 4534 abstineret.
2745 4481 2945 4536 Stratis
2975 4499 3106 4536 vero
3137 4484 3508 4554 compositus,
3571 4487 3815 4545 lectioni

2111 4565 2400 4622 interdum
2431 4567 2577 4621 circa
2633 4568 2768 4638 galli
2800 4576 3028 4625 cantum
3060 4570 3409 4636 intendebat,
3457 4589 3607 4644 saepe
3647 4593 3813 4632 sum-

2110 4672 2250 4710 num
2302 4655 2753 4727 interrumpens,
2787 4658 3007 4713 furtivae
3063 4660 3328 4727 orationi,
3378 4662 3560 4716 donec
3611 4665 3811 4722 clerici

2110 4743 2177 4798 ad
2209 4743 2522 4798 matutinos
2552 4759 2758 4815 ymnos
2790 4753 3226 4817 consurgerent,
3271 4749 3526 4816 vacabat,
3581 4752 3812 4819 ymnis-

2107 4847 2218 4903 que
2291 4833 2546 4902 expletis,
2611 4835 2950 4888 multociens
3005 4836 3382 4906 psalmodiam
3433 4837 3490 4890 in
3525 4837 3806 4894 diurnum

2106 4936 2290 4990 usque
2346 4922 2746 4991 crepusculum
2802 4923 3171 4992 extendebat;
3219 4924 3423 4979 deinde
3472 4926 3811 4995 aliquantu-

2105 5009 2226 5062 lum
2275 5024 2524 5078 pausans
2583 5009 2984 5080 corpusculum
3038 5012 3350 5079 recreabat,
3411 5012 3593 5068 donec
3661 5015 3812 5072 item

2105 5096 2357 5151 diluculo
2389 5096 2724 5150 canonicum
2757 5114 2988 5152 cursum
3034 5099 3238 5170 primae
3270 5101 3427 5155 horae
3457 5101 3517 5155 in
3547 5104 3811 5161 mcclesia

2104 5183 2482 5255 persolvebat.
2562 5185 2684 5249 Quo
2755 5185 3001 5257 expleto,
3075 5188 3238 5260 quasi
3296 5190 3637 5259 regulariter
3697 5196 3810 5249 sub

1701 5305 1934 5360 VARUE
1980 5305 2273 5362 LECTION
2286 5306 2384 5361 ES.

367 5383 390 5416 ι
414 5395 461 5434 e.
498 5380 854 5435 Folcmarum
887 5381 938 5435 3.

1935 5455 2151 5511 NOTAE.

370 5545 481 5616 (27)
514 5564 541 5596 »
577 5546 776 5600 Factus
805 5550 889 5600 est
919 5544 1136 5600 aulicus
1165 5543 1346 5599 scriba
1378 5543 1576 5600 doctus
1616 5545 1839 5601 Ottonis
1870 5545 1942 5600 IIl
1971 5545 2290 5602 didascalus
2322 5551 2378 5601 et
2404 5547 2856 5619 primiscrinius;
2895 5570 2924 5599 »
2958 5549 3106 5606 infra
3128 5567 3250 5624 cap.
3299 5553 3349 5606 ὕ.
