3944 6304
99 303 199 353 397

1482 300 1637 356 VITA
1676 303 1734 358 S.
1779 302 1962 357 BERN
1972 302 2226 358 WARDI.

3502 312 3606 366 398

101 424 413 495 disciplina
460 423 823 489 constitutus,
874 423 1191 493 capitulum
1214 440 1343 477 cum
1383 423 1653 478 fratribus
1704 425 1805 495 qui
1831 429 1877 481 Α
1917 442 2108 478 secum
2136 425 2221 479 vel
2250 424 2319 479 ad
2347 427 2566 479 curtem
2609 426 2846 480 ducebat
2878 427 2964 480 vel
2996 444 3356 500 quocumque
3382 430 3611 502 longius

99 530 296 567 secum
357 514 849 567 conversabantur
919 513 1076 566 adiit.
1163 512 1375 567 Ferirm
1435 529 1667 583 quoque
1751 518 1808 568 et

98 602 488 667 lunationem,
550 602 787 655 nomina
842 617 1071 671 quoque
1130 601 1373 654 fratrum
1431 617 1675 671 quorum
1709 618 1801 655 an-

97 690 290 742 nualis
324 690 609 744 memoria
666 690 932 755 instabat,
996 688 1222 743 cottidie
1271 689 1496 743 recitari
1542 689 1800 758 jubebat.

98 779 374 832 Oratione
432 796 563 832 vero
621 783 870 849 peracta,
944 778 1093 831 circa
1146 778 1346 832 horam
1428 778 1660 831 terciam
1732 778 1800 832 ad

98 868 441 920 misssarum
498 867 840 937 sollempnia
897 866 1098 921 festiva
1154 866 1537 920 celebratione
1600 882 1801 936 proce-

96 956 257 1022 dens,
325 971 535 1026 magua
592 955 769 1009 animi
824 955 1169 1008 contritione
1226 971 1286 1008 se
1367 955 1555 1025 ipsum
1616 961 1801 1009 totum

98 1044 348 1097 Domino
426 1043 703 1114 profudit.
763 1043 900 1097 Inde
970 1045 1031 1096 in
1088 1042 1381 1114 publicum
1443 1059 1797 1114 progressus,

96 1133 354 1186 forenses
372 1149 571 1186 causas
591 1137 647 1185 et
676 1148 1079 1202 oppressorum
1110 1132 1350 1201 negocia
1378 1131 1629 1185 breviter
1675 1147 1802 1185 exa-

98 1222 382 1288 minahat,
416 1221 555 1291 quia
592 1226 648 1274 et
675 1220 906 1290 ingenio
938 1237 1003 1274 ac
1030 1219 1296 1274 facundia
1327 1219 1587 1290 adprime
1625 1220 1796 1274 calle-

97 1309 211 1363 bat.
272 1309 482 1379 Sicque
541 1309 910 1380 operiebatur
991 1309 1263 1363 clericum
1321 1308 1794 1379 dispensatorem,

96 1399 193 1468 qui
217 1398 551 1452 elemosina:
578 1403 635 1453 et
685 1397 1034 1469 pauperibus
1063 1402 1328 1468 praeerat,
1361 1413 1609 1468 quorum
1641 1399 1796 1451 mul-

95 1487 430 1552 titudinem,
462 1491 736 1540 centenos
768 1486 1032 1541 videlicet
1060 1488 1145 1539 vel
1186 1503 1252 1540 eo
1288 1486 1555 1556 amplius,
1596 1485 1794 1541 diatim

101 1574 641 1629 habundantissime
670 1575 853 1629 victus
886 1575 1107 1641 refecit;
1130 1575 1433 1646 plerosque
1475 1574 1646 1628 etiam
1706 1574 1790 1626 vel

96 1669 338 1733 argento
402 1665 487 1718 vel
538 1664 756 1718 caeteris
802 1663 1092 1730 subsidiis,
1142 1668 1316 1734 prout
1369 1663 1605 1717 facultas
1651 1678 1793 1715 con-

96 1753 286 1814 cessit,
342 1752 693 1806 sublevabat.
727 1752 865 1806 Inde
918 1751 1174 1806 officinas
1228 1751 1328 1805 ubi
1383 1750 1592 1805 diversi
1655 1766 1793 1803 usus

96 1842 331 1895 metalla
364 1841 577 1895 fiebant
631 1841 929 1909 circuiens,
973 1841 1332 1910 singulorum
1386 1856 1559 1910 opera
1616 1839 1788 1893 libra-

95 1929 208 1991 bat,
241 1930 428 1983 donec
457 1930 604 1983 circa
639 1946 871 1996 nonam,
898 1930 1006 1984 rite
1033 1929 1300 1983 omnibus
1336 1928 1601 2000 peractis,
1660 1944 1789 1981 cum

94 2019 303 2071 timore
354 2024 411 2073 et
466 2018 861 2073 benedictione
922 2018 1164 2083 Domini,
1215 2019 1286 2072 ad
1340 2033 1619 2082 mensam,
1676 2016 1789 2069 fra-

93 2113 247 2163 trum
280 2108 602 2179 populique
633 2108 872 2179 stipatus
920 2106 1268 2178 frequentia,
1327 2105 1613 2171 consedit;
1673 2120 1788 2158 non

95 2197 424 2267 pompatice
480 2197 732 2268 quidem,
786 2196 882 2251 sed
954 2194 1226 2266 religioso
1277 2193 1522 2260 silentio,
1573 2193 1789 2247 cunctis

93 2286 159 2339 ad
210 2286 520 2341 lectionem
562 2285 965 2340 honestissima
1020 2283 1318 2354 disciplina
1346 2282 1604 2350 intentis,
1660 2299 1789 2353 qum

92 2374 245 2428 inter
303 2375 647 2431 castrandum
709 2390 826 2428 non
910 2374 1097 2428 brevis
1154 2371 1467 2442 legebatur.
1538 2369 1788 2424 Intirmis

90 2464 330 2534 quidem
389 2464 661 2519 fratribus
699 2469 757 2517 et
807 2462 962 2517 senio
1010 2461 1278 2516 confectis
1332 2458 1788 2514 benedictionem

90 2554 157 2606 de
191 2568 369 2607 manu
401 2569 504 2606 sua
532 2552 815 2623 dirigebat
843 2551 1122 2617 hilariter,
1160 2566 1288 2603 cum
1320 2553 1515 2602 tamen
1563 2547 1786 2601 nullum

89 2654 339 2707 egenum
371 2639 431 2692 in
464 2640 606 2693 urbe
637 2640 724 2693 vel
761 2639 823 2693 in
863 2637 1157 2702 suburbio,
1196 2651 1368 2706 quem
1396 2633 1537 2687 scire
1576 2636 1785 2703 posset,

88 2727 423 2797 bujusmodi
454 2727 664 2797 pietate
695 2727 965 2797 privaret.
997 2728 1081 2781 lta
1110 2724 1323 2796 quippe
1348 2723 1509 2793 juxta
1546 2724 1786 2792 Aposto-

89 2815 206 2869 lum
250 2817 306 2884 (Ι
331 2818 557 2883 Cor.1x,
592 2817 678 2885 ‘22)
709 2815 902 2869 omnia
934 2814 1204 2869 omnibus
1236 2828 1357 2867 esse
1406 2809 1784 2876 desiderabat,

86 2909 144 2958 ut
170 2920 380 2957 omnes
406 2904 467 2957 in
489 2903 712 2959 Christo
734 2904 1111 2958 lucrifaceret.

1915 514 2294 580 commeabat,
2362 530 2524 585 quos,
2587 514 2859 585 quicquid
2919 516 3147 586 dignius
3201 518 3262 570 in
3320 519 3437 571 ulla
3494 524 3612 573 arte

1914 602 2265 668 occurrebat,
2300 603 2366 656 ad
2399 602 2730 657 exercitium
2761 604 3113 673 impellebat.
3148 605 3418 660 Musivum
3463 624 3609 677 prae-

1912 695 2069 744 terea
2104 690 2162 744 in
2188 691 2532 761 pavimentis
2572 691 2844 746 ornandis
2876 693 3151 761 studium,
3202 710 3425 749 necnon
3474 696 3609 749 late-

1912 796 1999 833 res
2023 779 2090 833 ad
2125 779 2376 848 tegulam
2407 779 2642 850 propria
2691 779 2973 835 industria
3035 782 3195 835 nullo
3255 788 3609 838 monstrante

1910 868 2252 936 composuit.
2284 868 2352 920 Et
2383 873 2445 920 ut
2468 868 2717 923 breviter
2739 868 3173 940 prerstringam,
3198 888 3302 925 nec
3331 875 3608 942 punctum

1908 955 2187 1026 temporis
2209 957 2633 1025 supersedebat,
2666 958 2760 1011 sed
2792 957 2977 1011 fidelis
3018 959 3320 1013 dominicae
3377 961 3609 1015 familias

1910 1043 2291 1115 dispensator,
2334 1045 2618 1098 conservis
2646 1046 2763 1099 suis
2813 1046 3132 1099 necessaria
3165 1048 3419 1102 subsidia
3474 1048 3608 1103 fide-

1908 1132 2036 1185 liter
2083 1131 2573 1187 subministrabat.
2612 1134 2675 1186 Εἰ
2709 1150 2837 1187 cum
2876 1134 2934 1187 in
2967 1135 3172 1189 Christi
3214 1136 3606 1206 gazophilacio

1908 1235 2152 1290 quaeque
2209 1219 2414 1273 idonea
2489 1219 2651 1273 scivit
2677 1220 2833 1275 fideli
2898 1221 3194 1276 devotione
3250 1228 3603 1292 congereret,

1906 1323 2022 1362 non
2049 1307 2238 1361 minus
2270 1311 2465 1361 tamen
2498 1307 2705 1361 Caesari
2736 1325 2839 1361 sua
2864 1308 3030 1378 juxta
3065 1310 3430 1379 Evangelium
3472 1326 3600 1380 per-

1906 1395 2175 1449 solvebat.
2221 1396 2360 1450 Nam
2413 1396 2590 1449 tercio
2634 1396 2827 1450 Ottoni
2860 1397 3194 1466 imperatori
3242 1398 3601 1453 affectuosis-

1906 1483 2052 1537 simo
2083 1482 2277 1537 animo
2307 1500 2410 1554 pro
2442 1483 2585 1538 scire
2608 1499 2671 1538 ac
2728 1500 2893 1554 posse
2933 1485 3376 1555 obsequebatur.
3444 1487 3601 1542 Unde

1906 1577 1961 1625 et
1991 1573 2307 1625 multorum
2341 1572 2615 1625 invidiam
2648 1571 2708 1625 in
2740 1588 2799 1626 se
2847 1573 3245 1627 commovebat
3301 1575 3401 1646 qui
3449 1576 3597 1629 indi-

1906 1660 2253 1728 gnabantur,
2310 1660 2472 1714 illum
2551 1659 2900 1731 vigilantiori
2959 1661 3150 1715 studio
3215 1663 3301 1716 rei
3355 1662 3601 1734 publica;

1906 1748 2142 1818 negocia
2173 1749 2351 1801 obire.

1975 1842 2028 1890 7.
2065 1837 2200 1906 (An.
2241 1840 2364 1904 994,
2413 1837 2559 1908 993.)
2591 1836 2832 1892 Saxonia
2853 1838 3068 1909 quippe
3096 1855 3305 1909 magna
3343 1855 3408 1893 ex
3440 1847 3599 1911 parte

1902 1933 2237 1996 pyratarum
2268 1930 2723 1997 caalerorumque
2756 1926 3129 1981 barbarorum
3151 1927 3374 1982 feritate
3413 1929 3598 1999 depo-

1901 2016 2117 2084 pulata,
2151 2014 2440 2068 continuis
2470 2014 2937 2069 latrocinantium
2993 2015 3415 2070 incursionibus
3472 2018 3595 2072 sine

1901 2104 2326 2157 intermissione
2373 2103 2620 2174 patebat.
2678 2103 2859 2168 Quam
2915 2108 3137 2175 pestem
3217 2106 3300 2159 rei
3349 2107 3595 2177 publicas

1902 2191 2187 2262 depellere
2244 2207 2455 2263 magno
2513 2191 2602 2245 sui
2672 2208 3025 2263 suorumque
3075 2193 3327 2264 periculo
3368 2211 3596 2265 semper

1901 2279 2170 2345 instabat,
2204 2287 2260 2334 et
2299 2296 2449 2333 nunc
2497 2295 2625 2333 cum
2658 2280 2804 2349 aliis,
2855 2281 3144 2336 interdum
3187 2298 3416 2354 quoque
3463 2300 3595 2338 cum

1899 2368 2015 2422 suis
2043 2369 2197 2422 solus
2228 2384 2402 2439 super
2429 2385 2525 2421 eos
2565 2369 2810 2436 irruens,
2842 2369 3064 2425 fortiter
3093 2372 3220 2426 illos
3270 2372 3585 2428 attriverat.

1898 2458 2004 2513 Sed
2036 2473 2167 2511 cum
2214 2457 2548 2527 hujusmodi
2578 2458 2926 2527 irruptiones
2980 2458 3166 2513 sedari
3216 2461 3372 2514 nullo
3421 2461 3595 2514 modo

1898 2552 2153 2617 possent,
2212 2546 2426 2617 quippe
2477 2563 2606 2600 cum
2665 2546 2896 2600 barbari
2944 2547 3039 2617 qui
3097 2553 3410 2619 utrumque
3456 2549 3593 2603 litus

1896 2635 2147 2690 Albiaeet
2176 2651 2345 2689 naves
2402 2651 2601 2689 omnes
2650 2651 2752 2689 sua
2800 2635 3017 2689 ditione
3065 2636 3355 2700 tenebant,
3408 2637 3594 2691 navali

1900 2726 2191 2782 evectione
2231 2742 2333 2797 per
2365 2742 2597 2780 omnem
2626 2726 2928 2781 Saxoniam
2975 2725 3247 2780 facillime
3281 2743 3339 2781 se
3392 2725 3591 2780 infun-

1900 2816 2121 2881 derent,
2153 2813 2627 2885 vigilantissimus
2650 2812 2749 2867 Dei
2778 2813 3037 2884 pontifex
3062 2829 3257 2868 curam
3299 2814 3409 2869 sibi
3435 2830 3593 2868 com-

1898 2902 2087 2957 missas
2111 2902 2293 2974 plebis
2323 2918 2516 2973 agens,
2550 2902 2841 2974 quomodo
2874 2902 3151 2973 populum
3190 2902 3287 2956 Dei
3313 2903 3382 2956 de
3431 2902 3591 2957 sevi-

156 2994 218 3046 6.
259 2992 518 3047 Arduum
541 2997 598 3046 et
643 2992 873 3047 difficile
920 2996 1005 3046 est
1054 2989 1432 3045 cottidianum
1487 2987 1610 3058 ejus
1665 2988 1779 3040 διυ-
1817 2990 1859 3045 C
1896 2993 1985 3046 cia
2004 2992 2378 3046 barbarorum
2411 2991 2677 3062 eriperet,
2710 2990 2902 3044 animo
2934 2991 3264 3045 fluctuabat.
3320 2993 3592 3045 Furorem

89 3079 249 3135 dium
281 3080 472 3134 verbis
507 3082 912 3153 perstringere,
940 3080 1073 3153 quia
1107 3080 1221 3133 Deo
1251 3082 1396 3133 teste
1450 3075 1609 3131 omni
1657 3074 1788 3128 nisu

86 3171 239 3223 inter
262 3170 417 3224 diem
476 3176 818 3241 noctemque
876 3170 937 3224 in
993 3168 1199 3223 divinis
1246 3166 1559 3238 perstabat.
1595 3163 1785 3218 Nichi-

89 3263 338 3318 [ominus
368 3281 599 3336 quoque
633 3271 871 3319 cunctos
902 3264 1010 3319 sibi
1060 3263 1417 3317 adhaerentes
1446 3261 1517 3315 ad
1580 3259 1786 3330 hujus-

90 3352 248 3405 modi
285 3354 615 3423 negocium,
649 3359 711 3407 ut
737 3354 815 3407 ita
871 3354 1077 3419 dicam,
1111 3353 1265 3406 ultra
1322 3350 1471 3403 vires
1519 3348 1785 3419 impelle-

90 3440 208 3503 bat,
240 3457 347 3496 uec
385 3443 598 3514 aliquid
639 3444 778 3497 artis
807 3447 949 3510 erat,
1008 3442 1161 3513 quod
1216 3456 1336 3494 non
1394 3440 1783 3507 attemptaret,

94 3529 269 3583 etiam
300 3529 349 3584 si
373 3530 443 3584 ad
476 3546 728 3601 unguem
760 3531 1089 3601 pertingere
1110 3545 1225 3584 non
1251 3528 1478 3581 valeret.
1534 3525 1782 3596 Scripto-

87 3616 170 3670 ria
201 3632 455 3688 namque
486 3634 602 3671 non
653 3617 711 3671 in
764 3616 1111 3672 monasterio
1148 3620 1395 3681 tantum,
1453 3613 1549 3667 sed
1597 3612 1657 3665 in
1697 3612 1783 3665 di-

87 3705 263 3759 versis
294 3705 433 3759 locis
502 3706 787 3773 studebat,
846 3706 998 3760 unde
1032 3710 1087 3760 et
1141 3704 1429 3777 copiosam
1480 3700 1783 3756 bibliothe-

86 3809 208 3847 cam
240 3798 359 3847 tam
392 3794 717 3850 divinorum
752 3812 925 3867 quam
960 3793 1492 3866 philosophicorum
1520 3789 1782 3845 codicum

84 3884 439 3953 comparavit
476 3884 610 3955 (28).
673 3885 958 3939 Picturam
1024 3900 1159 3938 vero
1226 3887 1283 3936 et
1324 3882 1675 3952 sculpturam
1729 3881 1785 3930 et

84 3972 349 4027 fabrilem
393 3979 567 4044 atque
598 3974 902 4027 clusoriam
950 3978 1130 4027 artem
1183 3971 1315 4042 (29),
1394 3974 1452 4023 et
1511 3965 1783 4039 quicquid

84 4061 405 4133 elegantius
452 4062 511 4115 in
544 4062 876 4134 hujusmodi
934 4067 1053 4116 arte
1102 4060 1423 4130 excogitare
1457 4056 1480 4091 ⁸
1536 4060 1781 4127 poterat,

86 4165 407 4221 numquam
438 4153 763 4222 neglectum
793 4151 1139 4223 patiebatur,
1181 4150 1319 4204 adeo
1375 4151 1440 4201 ut
1492 4161 1556 4199 ex
1605 4149 1786 4197 trans-

85 4240 324 4293 marinis
354 4245 412 4293 et
433 4256 497 4294 ex
528 4240 790 4294 Scotticis
820 4240 987 4306 vasis,
1042 4256 1169 4310 qua:
1226 4237 1436 4308 regalis
1494 4230 1781 4304 majestati
1813 4276 1855 4329 Β

84 4327 368 4398 singulari
427 4328 578 4382 dono
640 4329 1045 4385 deferebantur
1095 4325 1366 4399 quicquid
1444 4339 1639 4378 rarum
1693 4320 1778 4373 vel

85 4416 363 4470 eximium
396 4417 697 4487 reperiret,
748 4418 1025 4471 incultum
1080 4415 1323 4471 transire
1377 4430 1494 4468 non
1548 4410 1778 4465 sineret.

86 4504 419 4575 Ingeniosus
464 4521 716 4577 namque
767 4522 977 4577 pueros
1024 4505 1135 4577 (30)
1191 4509 1249 4559 et
1295 4502 1519 4558 eximiae
1570 4494 1782 4552 indolis

1897 3096 2146 3151 namque
2176 3079 2264 3133 sui
2285 3079 2533 3149 impetus
2561 3095 2707 3149 pene
2741 3078 3162 3133 Hildenesbeim
3192 3094 3372 3149 usque
3402 3079 3589 3132 inten-

1894 3170 2114 3234 tabant,
2148 3173 2204 3223 et
2234 3168 2420 3239 ipsum
2454 3172 2713 3221 sanctum
2774 3168 2961 3221 locum
2994 3168 3246 3237 praedam
3304 3167 3409 3221 sibi
3464 3184 3588 3237 pro-

1894 3257 2214 3311 mittebant.
2267 3256 2466 3310 Divino
2503 3255 2697 3326 itaque
2753 3255 3025 3309 instinctu
3060 3256 3119 3309 in
3172 3260 3427 3310 extremo
3475 3256 3591 3310 fere

1894 3345 1983 3398 sui
2013 3345 2393 3416 episcopatus,
2430 3344 2530 3399 ubi
2579 3344 2818 3399 flumina
2847 3345 3013 3397 Alera
3044 3348 3101 3398 et
3151 3344 3408 3399 Ovokare
3465 3361 3592 3397 con-

1894 3436 2099 3497 ﬂuunt,
2169 3433 2654 3487 munitiunculam
2728 3432 3039 3485 admodum
3116 3432 3400 3485 munitam
3479 3431 3589 3502 (31)

1894 3520 2160 3590 extruxit,
2189 3520 2249 3574 in
2272 3536 2383 3592 qua
2409 3519 2586 3591 copiis
2610 3519 2856 3573 militum
2880 3518 3189 3589 dispositis,
3216 3519 3590 3574 barbarorum

1892 3608 2174 3680 impetum
2208 3607 2444 3679 repulit,
2486 3609 2884 3678 populumque
2917 3606 3016 3660 Dei
3043 3607 3113 3661 ab
3144 3607 3338 3661 hostili
3364 3607 3591 3662 feritate

1891 3696 2174 3753 liberavit.
2229 3696 2329 3751 Dei
2377 3711 2627 3766 namque
2668 3696 2852 3765 gratia
2904 3698 3065 3749 tanta
3118 3695 3394 3749 securitas
3438 3694 3593 3766 pacis

1891 3802 1995 3858 per
2024 3784 2190 3840 illum
2221 3784 2280 3839 in
2319 3784 2457 3839 locis
2485 3784 2598 3838 illis
2630 3784 2895 3839 fidelibus
2925 3783 3247 3838 condonata
3277 3789 3380 3851 est,
3413 3790 3477 3837 ut
3501 3782 3591 3837 ni-

1892 3875 2000 3929 chil
2031 3873 2267 3945 dampni
2294 3873 2381 3926 vel
2424 3872 2666 3943 periculi
2716 3877 2971 3943 posteaa
3027 3871 3285 3927 barbaris
3323 3877 3590 3942 pateren-

1892 3971 2003 4018 tur.
2055 3965 2170 4018 Ilac
2224 3960 2506 4017 industria
2553 3960 2763 4015 Christi
2817 3961 3125 4015 sacerdotis
3174 3960 3470 4015 barbarico
3507 3964 3593 4021 tu-

1894 4052 2080 4106 multu
2132 4050 2191 4103 in
2222 4050 2335 4103 illis
2388 4049 2529 4103 locis
2580 4048 2895 4116 eliminato,
2941 4048 3128 4101 acrius
3183 4048 3241 4102 in
3271 4048 3595 4102 circumsita

1894 4139 2014 4192 loca
2072 4138 2372 4193 debacbati
2440 4142 2591 4193 sunt.
2678 4138 2835 4193 Unde
2882 4137 3360 4207 vigilantissimus
3412 4136 3591 4190 divini

1895 4227 2084 4297 gregis
2124 4232 2320 4297 pastor
2366 4232 2503 4297 typo
2563 4226 2793 4294 Christi,
2826 4225 2913 4279 sui
2973 4225 3212 4293 domini,
3254 4224 3591 4279 adversariis

1896 4315 2185 4377 zecclcsiaa.
2221 4316 2479 4369 exultans
2532 4315 2599 4369 ad
2632 4314 2972 4368 currendam
3003 4318 3154 4367 viam
3206 4318 3269 4367 ut
3296 4313 3457 4367 fortis
3488 4329 3590 4383 gy-

1892 4419 2014 4474 gas,
2047 4420 2105 4457 se
2125 4403 2417 4473 opposuit,
2441 4408 2498 4456 et
2522 4402 2581 4456 in
2604 4419 2735 4457 rure
2768 4401 3073 4455 Wirinbolt
3095 4401 3207 4471 (32)
3236 4405 3590 4471 nuncupato,

1892 4492 1990 4547 ubi
2021 4491 2308 4547 tutissima
2332 4492 2565 4546 illorum
2628 4490 2796 4546 statio
2822 4490 3027 4557 fuerat,
3061 4490 3208 4545 liber
3233 4505 3462 4562 quoque
3508 4489 3590 4543 la-

1487 4596 1721 4651 νΑΒΙίΕ
1772 4585 2176 4641 LECTIONES.

150 4672 173 4706 ⁵
205 4672 295 4727 vel
326 4650 518 4744 aliquo
550 4672 893 4745 investigare
914 4672 1126 4727 addunt
1157 4674 1207 4726 3.
1250 4671 1302 4725 4.
1328 4673 1378 4724 5.

1716 4742 1939 4798 NOTAE.

153 4832 264 4902 (28)
309 4832 381 4885 Ex
412 4830 575 4885 libris
599 4831 764 4901 jussu
794 4832 916 4901 ejus
975 4829 1197 4900 scriptis
1236 4826 1466 4881 missale
1506 4843 1557 4881 a.
1624 4828 1779 4884 1014.

90 4903 285 4959 Biblia.
324 4910 380 4955 et
424 4902 531 4955 tria
561 4902 975 4973 Evangeliaria,
1016 4916 1261 4972 quorum
1312 4914 1491 4973 unum
1541 4915 1592 4952 a.
1648 4902 1773 4954 1011

87 4980 141 5027 et
168 4973 557 5028 Guntbaldum
597 4970 929 5043 scriptorem
975 4970 1225 5044 praefert,
1281 4970 1520 5044 picturis
1581 4978 1783 5025 ornata

84 5045 140 5098 in
168 5044 406 5099 ecclesia
454 5041 760 5120 episcopali
819 5041 1660 5120 HildesheimeusiA_hodieque_
1699 5058 1782 5096 as-

86 5122 411 5179 servantur;
445 5112 604 5169 adest
646 5112 927 5186 praeterea
947 5134 973 5165 «
1023 5116 1186 5186 Liber
1214 5112 1713 5186 mathematicalis,
1751 5131 1778 5164 »
1816 5174 1825 5182 ι

86 5202 198 5256 quo
243 5182 667 5240 Bernwardum'
701 5187 763 5239 in
811 5186 1021 5241 Ottone
1075 5185 1149 5238 lll
1209 5182 1552 5256 instruendo
1612 5198 1780 5256 usum

87 5252 257 5309 fuisse
305 5257 521 5311 dicunt.
589 5258 651 5310 V.
715 5257 880 5310 Kratz
932 5257 1033 5311 der
1101 5257 1247 5309 Dum
1306 5270 1371 5307 zu
1432 5252 1780 5307 Ilildesheim

88 5328 328 5396 a.t840,
370 5332 419 5381 1.
478 5329 547 5393 lt,
592 5344 652 5399 p.
721 5330 980 5382 tot-128.
1044 5326 1212 5382 Liber
1266 5325 1611 5380 alchemicus
1669 5341 1781 5379 saa-

86 5399 210 5451 culo
241 5414 349 5469 xvu
380 5400 573 5469 periit,
599 5406 648 5452 t.
684 5400 781 5465 Ill,
818 5415 876 5469 p.
904 5402 989 5465 H,
1023 5401 1107 5469 12.
1188 5468 1199 5469 7
1268 5466 1281 5469 Α
1384 5466 1420 5469 __
1493 5405 1504 5415 '

152 5468 271 5541 (29]
305 5466 499 5541 Artem
535 5466 791 5539 gemmas
818 5466 1064 5541 metallis
1094 5466 1446 5541 includendi.

154 5535 271 5611 ('30)—
318 5535 737 5595 Candelabrum
804 5541 950 5596 hanc
1004 5538 1438 5609 inscriptionem
1496 5535 1776 5608 prtefert:

1892 4828 2255 4885 Bernwardus
2311 4828 2513 4896 przsul
2558 4827 2947 4882 candelabrum
2997 4827 3093 4882 hoc
3144 4844 3379 4898 puerum
3435 4845 3591 4884 suum

1889 4904 2066 4971 primo
2107 4900 2269 4967 hujus
2322 4901 2460 4952 artis
2497 4901 2625 4966 ﬂore
2660 4914 2768 4953 non
2806 4914 2952 4971 cura
2999 4915 3105 4971 non
3148 4906 3371 4966 argento
3409 4906 3459 4954 et
3513 4906 3593 4953 ta-

1891 4969 2013 5025 inen
2075 4976 2138 5025 ut
2200 4971 2376 5024 cernis
2427 4973 2659 5038 conﬂare
2727 4970 2973 5038 jubebat.
3053 4969 3115 5023 V.
3186 4972 3351 5024 Kratz
3419 4976 3458 5025 t.
3518 4972 3587 5038 Il,

1890 5059 2077 5182 P-(g‘l')
2136 5111 2499 5182 Mundburg;
2552 5110 2619 5164 cf.
2682 5110 2913 5165 Henrici
2982 5110 3027 5165 ΙῙ
3093 5110 3591 5165 confirmationem

1891 5199 1942 5237 a.
1990 5185 2145 5237 1013.
2179 5182 2374 5253 Origg.
2408 5182 2589 5236 Guelf.
2624 5183 2712 5249 ιν,
2740 5184 2862 5236 435.

1963 5255 2071 5323 (3‘2)
2108 5250 2305 5323 Neque
2326 5250 2630 5323 Wiringen
2660 5269 2847 5324 neque
2880 5250 3214 5306 Warenholz
3268 5268 3388 5307 esse
3435 5251 3589 5305 vide-

1891 5328 2006 5391 tur,
2042 5340 2219 5395 quum
2252 5324 2382 5377 villa
2411 5330 2653 5395 utraque
2680 5324 2915 5377 nonnisi
2950 5325 3131 5377 multo
3163 5330 3289 5395 post
3331 5330 3591 5393 tempore

1891 5395 1962 5449 ab
2003 5394 2251 5448 ecclesiis
2293 5394 2581 5465 matribus
2612 5395 2869 5465 scjuncta
2925 5395 3017 5448 sit.
3071 5394 3385 5448 Varenholz
3443 5396 3591 5447 intra

1892 5466 2123 5522 Rmteln
2144 5481 2259 5521 non
2286 5464 2347 5521 in
2378 5465 2607 5521 diceeesi
2640 5466 2967 5521 Bernwardi
2993 5465 3164 5519 situm
3198 5471 3339 5519 erat.
