3944 6358
323 349 426 403 399

1314 340 1719 397 THANGMARI
1759 338 2193 396 PRESBYTER]
2235 333 2828 392 HILDESHEIMENS.

3721 329 3825 382 400

321 469 548 526 trocinii
578 483 865 537 excursus,
915 482 1279 539 quocumque
1329 482 1445 520 suae
1503 465 1722 520 fraudis
1777 464 2015 520 insidias
2043 466 2088 518 A
2128 461 2482 535 persedenda
2513 461 2856 533 putavimus,
2879 475 2950 514 ne
2973 458 3264 514 fastidium
3299 457 3629 529 prolixitate
3671 457 3832 529 inge-

321 560 692 626 intentarent,
725 555 1061 627 praesidium
1103 553 1556 609 munitissimum
1590 552 1858 617 instituit,
1909 553 2022 607 fos-

325 649 516 718 sisque
540 661 935 717 aquarumque
970 645 1249 698 meatibus
1289 659 1391 714 per
1412 642 1597 696 rivum
1645 641 2023 696 inﬂuentibus

325 735 675 790 tutissimum
717 734 986 796 reddidit,
1020 733 1210 803 copias
1237 747 1466 802 quoque
1512 731 1757 783 militum
1788 730 1940 784 victu
1971 733 2027 783 et

329 824 501 877 armis
544 823 880 892 caeterisque
937 820 1271 875 necessariis
1323 821 1634 874 instructas
1684 819 2022 873 habundan-

233 903 241 908 ’
326 911 548 964 tissime
579 909 893 964 collocavit.
930 908 1132 964 Divina
1195 908 1389 978 itaque
1423 908 1609 978 gratia
1663 906 2024 986 periculosis-

330 998 541 1051 simum
572 997 760 1050 locum
785 997 881 1050 Dei
914 996 1128 1066 populo
1161 996 1463 1066 paciﬁcum
1507 995 1637 1049 fecit
1669 1000 1724 1048 et
1755 995 2029 1065 tranquil-

329 1086 472 1154 lum,
517 1085 576 1138 in
628 1089 852 1138 tantum
877 1090 940 1138 ut
968 1084 1124 1138 omni
1156 1083 1433 1155 spurcicia
1464 1083 1757 1138 diabolicae
1789 1099 1854 1136 ac
1894 1082 2027 1136 bar-

330 1173 534 1228 baricae
599 1173 816 1227 fraudis
872 1172 1189 1238 eliminata,
1246 1173 1539 1226 baratrum
1586 1171 1926 1242 irruptionis
1972 1174 2030 1224 et

329 1261 551 1316 hostilis
591 1260 934 1316 incursionis
967 1262 1155 1314 locum
1187 1261 1399 1314 faceret
1420 1259 1719 1326 orationis,
1751 1263 1806 1313 et
1827 1275 2028 1312 oracu-

327 1351 448 1404 lum
482 1349 658 1403 sancti
680 1349 966 1403 Lamherti
999 1347 1280 1418 pontiﬁcis
1311 1353 1369 1402 et
1408 1347 1660 1401 martiris
1729 1348 1844 1401 Deo
1891 1362 2024 1400 con-

332 1442 596 1504 sacraret,
657 1443 829 1508 atque
882 1436 950 1490 ab
996 1437 1094 1490 illo
1143 1436 1233 1490 die
1295 1451 1521 1488 summa
1574 1450 1711 1506 pace
1760 1434 2027 1488 recclesim

334 1523 541 1577 Christi
571 1522 811 1589 reddita,
841 1523 910 1577 ab
943 1522 1103 1577 omni
1133 1523 1327 1577 hostili
1359 1524 1580 1594 impetu
1623 1523 1722 1576 Dei
1776 1523 2029 1592 populus

333 1610 673 1664 vivacissimi
707 1611 1016 1680 provisoris
1046 1611 1326 1665 industria
1368 1610 1723 1681 quietissime
1777 1609 2023 1664 fcriaret.

337 1699 444 1751 Pro
475 1698 564 1750 his
593 1703 648 1771 et
677 1698 894 1751 caeteris
925 1699 1240 1766 beneﬁciis,
1289 1715 1417 1770 quae
1451 1697 1812 1752 devotissimo
1840 1698 2026 1752 studio

335 1787 396 1840 in
419 1802 538 1839 rem
566 1787 853 1856 publicam
885 1788 1280 1858 populumque
1312 1787 1539 1841 ﬁdelem
1565 1787 1837 1853 exercuit,
1886 1788 2030 1841 mul-

338 1879 528 1928 torum
561 1881 617 1928 et
666 1875 915 1928 maxime
964 1876 1288 1948 principum
1329 1877 1386 1930 in
1416 1892 1474 1929 se
1504 1876 1778 1930 invidiam
1811 1881 1864 1929 et
1891 1877 2034 1930 indi-

337 1963 668 2031 gnationem
707 1965 1037 2017 commovit.
1091 1965 1248 2018 Unde
1289 1969 1345 2017 et
1393 1980 1426 2017 a
1471 1964 1797 2034 Magontino
1857 1964 2034 2018 archi-

339 2049 605 2121 episcopo
619 2051 788 2121 plura
810 2057 864 2104 et
883 2050 1229 2119 miseranda,
1251 2057 1314 2105 ut
1333 2053 1392 2106 in
1415 2053 1791 2123 sequentibus
1809 2053 2033 2123 plenius

337 2138 612 2203 dicemus,
637 2139 849 2209 apertis
878 2139 1202 2193 inimiciciis
1241 2157 1545 2210 perpessus
1574 2145 1675 2195 est.
1711 2140 1885 2211 Cujus
1919 2140 2034 2193 ani-

339 2227 663 2280 mositatem
711 2227 1120 2296 patientissime
1166 2227 1373 2297 ferens,
1430 2229 1624 2283 divina
1705 2244 1770 2282 ac
1819 2229 2034 2300 regalia

339 2313 750 2384 benignissime
781 2317 1253 2371 amministrabat.

411 2405 463 2458 8.
499 2405 560 2457 Et
589 2405 718 2457 licet
750 2405 914 2475 plura
952 2404 1360 2475 copiosissimis
1395 2403 1670 2474 impensis
1719 2406 1784 2460 ad
1843 2407 2034 2477 repel-

339 2490 566 2546 lendam
609 2493 892 2546 saaviciam
925 2493 1280 2547 barbaricam
1313 2493 1452 2546 foris
1481 2493 1858 2564 impenderet,
1922 2495 2034 2548 dici

337 2584 531 2634 tamen
565 2597 682 2634 non
735 2586 939 2652 potest,
987 2586 1200 2652 quanta
1245 2581 1306 2634 in
1363 2581 1689 2652 episcopatu
1745 2583 1810 2636 ad
1865 2599 2035 2637 usum

339 2685 455 2723 suae
487 2669 756 2723 accclesiaa
783 2670 1040 2724 contulit.
1067 2671 1130 2724 In
1157 2669 1389 2740 praediis
1424 2687 1672 2742 namque
1710 2676 1871 2725 tanta
1898 2688 2034 2725 con-

340 2757 534 2826 gessit,
566 2763 630 2812 ut
659 2758 894 2828 triginta
923 2759 1009 2812 vel
1044 2759 1206 2828 plura
1250 2759 1572 2829 pracipuos
1623 2761 1853 2814 curtiles
1904 2776 2034 2814 cum

337 2845 574 2899 litorum
607 2863 670 2900 ac
694 2847 1032 2900 colonorum
1085 2847 1338 2912 familiis,
1393 2847 1724 2902 clarissimis
1778 2848 2034 2902 aediﬁciis

338 2932 728 3003 praenitentes,
775 2939 1152 3004 compararet,
1187 2951 1316 2989 cum
1347 2935 1408 2988 in
1455 2935 1580 2989 aliis
1614 2935 2037 2990 innumerabili-

2132 568 2345 607 ramus.
2379 551 2648 606 Sanctum
2699 563 2930 620 quoque
2980 548 3166 601 locum
3202 551 3466 601 nostrum
3533 563 3831 601 murorum

2133 641 2352 695 ambitu
2382 641 2594 694 vallare
2625 654 2848 691 summa
2879 637 3148 690 instantia
3184 652 3509 707 aggressus,
3542 636 3833 706 dispositis

2132 746 2236 800 per
2265 745 2472 800 gyrum
2503 728 2775 792 turribus,
2810 731 2966 779 tanta
2997 726 3300 795 prudentia
3335 743 3480 795 opus
3515 725 3830 791 inchoavit,

2136 823 2195 870 ut
2223 818 2423 871 decore
2456 816 2624 868 simul
2650 831 2712 868 ac
2745 813 3088 879 munimine,
3117 813 3274 866 velut
3306 813 3476 866 hodie
3507 818 3691 884 patet,
3757 812 3830 865 si-

2136 905 2267 958 mile
2288 905 2370 958 nil
2403 904 2463 957 in
2491 903 2648 958 omni
2678 903 2920 957 Saxonia
2969 901 3249 954 invenias.
3307 901 3595 955 Sacellum
3657 901 3833 956 etiam

2135 993 2498 1062 splendidum
2538 991 2718 1058 valde,
2747 990 2884 1044 foris
2935 1005 3164 1043 murum
3207 990 3271 1042 in
3335 989 3557 1044 honore
3596 990 3836 1044 viviﬁcaa

2134 1082 2316 1136 crucis
2361 1079 2654 1136 exstruxit.
2723 1079 2896 1148 Cujus
2961 1080 3135 1132 etiam
3175 1077 3530 1149 aliquantam
3585 1083 3832 1149 partem,

2135 1170 2412 1241 largiente
2445 1168 2656 1222 domno
2697 1167 2871 1220 tercio
2914 1167 3122 1222 Ottone
3166 1172 3407 1237 augusto
3461 1167 3834 1238 imperatore,

2135 1259 2345 1313 ibidem
2383 1255 2712 1310 clarissimis
2745 1255 2988 1326 gemmis
3010 1270 3267 1325 auroque
3299 1254 3611 1325 purissimo
3651 1255 3837 1309 inclu-

2137 1363 2259 1400 sam
2289 1344 2544 1399 condidit
2570 1344 2717 1415 (35);
2751 1344 2848 1398 ubi
2871 1345 3044 1397 etiam
3094 1343 3285 1397 divina
3343 1343 3528 1414 pietas
3584 1344 3842 1414 plurima

2137 1451 2253 1488 suae
2283 1431 2506 1504 pietatis
2536 1431 2748 1486 indicia
2781 1431 2992 1502 apertis
3024 1430 3324 1501 signorum
3376 1431 3675 1485 miraculis
3735 1447 3842 1501 per

2137 1523 2406 1576 virtutem
2435 1525 2644 1574 sancta:
2675 1521 2856 1574 crucis
2895 1519 3157 1573 ostendit.

2210 1613 2260 1665 9.
2296 1611 2448 1664 Inter
2471 1625 2597 1680 quae
2651 1609 2792 1663 illud
2826 1608 3079 1673 unicum,
3112 1624 3225 1678 quo
3259 1608 3536 1662 Dominus
3568 1608 3844 1663 antistitis

2139 1698 2319 1751 nostri
2374 1696 2734 1752 devotionem
2793 1695 3076 1750 consolari
3123 1695 3388 1765 dignatus
3433 1700 3538 1764 est,
3588 1696 3844 1751 inserere

2141 1788 2298 1842 libet.
2334 1788 2473 1842 Nam
2511 1785 2846 1840 venerabilis
2895 1784 3153 1855 pontifex
3207 1786 3572 1838 Bernwardus
3613 1785 3842 1839 thecam

2142 1893 2282 1929 auro
2317 1875 2675 1946 gemmisque
2730 1873 3130 1940 lautissimam,
3164 1874 3224 1926 in
3279 1890 3393 1944 qua
3446 1873 3734 1927 viviﬁcum
3777 1876 3845 1928 li-

2141 1963 2691 2035 gnum'includeret,
2721 1963 2963 2033 paravit,
2997 1967 3053 2015 et
3082 1978 3211 2015 cum
3244 1978 3306 2015 ex
3328 1963 3511 2016 tribus
3541 1962 3847 2032 particulis

2143 2053 2324 2106 sancti
2353 2051 2496 2123 ligni
2525 2055 2786 2121 quartam
2815 2050 2862 2103 si
2903 2049 3032 2104 ﬁeri
3061 2054 3253 2121 posset
3304 2051 3562 2105 excidere
3594 2057 3846 2120 tempta-

2143 2147 2248 2208 ret,
2281 2146 2343 2195 ut
2367 2158 2472 2211 per
2501 2140 2754 2208 singulas
2784 2139 3005 2192 absides
3027 2139 3282 2209 singulas
3314 2140 3586 2193 conderet
3615 2141 3849 2209 portio-

2143 2248 2264 2296 nes,
2296 2246 2400 2284 nec
2429 2229 2712 2299 gracilitas
2743 2228 2829 2281 vel
2858 2227 3108 2297 parvitas
3152 2243 3514 2298 quacumque
3563 2243 3628 2281 ex
3671 2245 3849 2282 causa

2143 2318 2449 2372 sectionem
2480 2317 2828 2382 admitteret,
2874 2332 3004 2370 cum
3035 2315 3434 2370 devotissimus
3461 2315 3559 2370 Dei
3589 2315 3851 2370 famulus

2143 2407 2333 2460 animo
2365 2407 2694 2460 fluctuaret:
2729 2420 2857 2459 ecce
2889 2405 3076 2458 subito
3111 2404 3263 2458 inter
3293 2420 3495 2457 manus
3537 2405 3721 2474 ipsius
3748 2422 3851 2459 an-

2142 2496 2337 2550 tistitis
2368 2499 2570 2566 quarta
2595 2493 2874 2564 particula
2893 2492 3259 2547 sacratissimi
3294 2493 3436 2564 ligni
3464 2493 3727 2564 angelico
3788 2501 3858 2548 ut.

2143 2583 2396 2638 creditur
2417 2581 2736 2636 ministerio
2769 2581 2957 2635 delata
2985 2583 3270 2652 apparuit.
3319 2582 3443 2635 Mox
3475 2581 3654 2652 igitur
3693 2599 3852 2652 prae-

2143 2673 2230 2726 sul
2260 2672 2427 2726 laetus
2449 2671 2668 2741 lignum
2702 2676 2962 2724 sanctum
2995 2687 3097 2741 per
3143 2675 3393 2741 quatuor
3422 2669 3641 2724 absides
3674 2687 3851 2741 para-

2143 2762 2247 2816 vit.
2288 2761 2330 2815 Ο
2363 2761 2563 2830 quanti
2586 2759 2720 2813 inde
2739 2763 3004 2829 potantes
3023 2759 3288 2813 ardorem
3322 2759 3855 2813 vehementissima:

2141 2847 2316 2902 febris
2361 2841 2569 2916 sacpius
2625 2845 2833 2900 virtute
2881 2850 3091 2900 sanctm
3141 2846 3321 2908 crucis
3378 2845 3848 2917 restinguebant!

2144 2935 2474 2991 Multociens
2513 2934 2775 2988 obortam
2839 2934 2986 2988 aeris
3034 2934 3423 3005 inaequalitate
3453 2935 3854 3005 pestilentiam

339 3020 444 3075 bus
476 3023 610 3076 locis
643 3023 838 3077 decem
873 3039 1103 3077 mansos
1132 3024 1219 3077 vel
1250 3028 1394 3091 octo,
1429 3029 1526 3078 aut
1554 3025 1682 3094 plus
1711 3029 1809 3078 aut
1842 3025 2032 3078 minus
2067 3025 2107 3080 C
2144 3025 2341 3080 ﬁdeles
2368 3023 2476 3077 hoc
2494 3023 2715 3077 viviﬁco
2746 3023 2904 3094 ligno
2929 3039 2988 3077 se
3045 3041 3262 3095 suaque
3317 3024 3618 3078 lustrantes
3675 3025 3855 3079 seda-

337 3116 514 3179 prout
540 3127 705 3164 causa
738 3111 1040 3178 acciderat,
1099 3111 1161 3165 in
1200 3112 1619 3182 possessionem
1675 3129 1794 3167 suae
1848 3113 2036 3167 aaccle-

338 3197 436 3250 sia“:
457 3199 736 3252 conferret
767 3199 922 3271 (32').
968 3201 1221 3272 Antiqua
1249 3201 1462 3272 quippe
1508 3202 1629 3255 loca
1662 3202 1732 3255 ab
1781 3207 2033 3257 anteces-

339 3285 563 3340 soribus
595 3287 712 3341 suis
738 3304 1014 3359 possessa,
1050 3306 1178 3360 qua:
1218 3289 1314 3343 ille
1345 3290 1560 3344 inculta
1615 3292 1853 3361 reperit,
1893 3294 2035 3362 Opti-

338 3374 449 3427 mis
480 3375 735 3429 aediﬁciis
755 3377 1125 3445 collustravit,
1149 3377 1302 3432 inter
1327 3394 1454 3449 qum
1486 3379 1750 3449 quaedam
1812 3379 2034 3451 elegan-

337 3462 472 3516 tiori
503 3468 749 3517 scemate
783 3465 910 3517 albo
941 3481 1005 3518 ac
1031 3467 1204 3520 rubro
1239 3467 1426 3536 lapide
1453 3467 1871 3533 intermiscens,
1907 3485 2033 3523 mu-

341 3551 459 3605 siva
505 3551 732 3620 pictura
787 3552 943 3605 varia
1026 3554 1482 3622 pulcherrimum
1543 3573 1687 3627 opus
1761 3557 2030 3614 reddidit.

342 3639 485 3703 Quid
508 3639 715 3705 dicam,
745 3656 859 3710 quo
892 3641 1080 3695 studio
1112 3643 1199 3696 vel
1256 3643 1472 3698 ambitu
1529 3650 1790 3698 sanctum
1843 3647 2030 3700 locum

270 3786 274 3789 ,
341 3734 601 3782 nostrum
656 3729 743 3781 vel
816 3729 1189 3800 principalem
1256 3731 1567 3786 (ecclesiam
1623 3733 2029 3800 nobilitaverit,

340 3829 470 3868 cum
505 3831 563 3868 se
595 3815 861 3884 ipsumet
905 3821 1107 3870 cuncta
1133 3835 1261 3888 quae
1303 3819 1515 3874 habere
1553 3821 1743 3890 potuit
1793 3821 1852 3876 in
1909 3823 2032 3892 ejus

337 3919 506 3957 usum
537 3903 819 3974 impertiri
852 3906 1145 3962 maluerit.
1183 3909 1486 3962 Testantur
1517 3910 1640 3980 ejus
1679 3926 1854 3980 opera
1901 3912 2030 3982 (33),

341 4007 471 4062 quae
501 3991 694 4045 futuro
726 4009 846 4047 aevo
877 3993 1036 4064 pium
1064 3995 1214 4049 illius
1245 3995 1421 4050 animi
1453 4001 1647 4052 votum
1681 4000 1890 4070 apertis
1942 4001 2032 4054 10--

335 4085 545 4134 cuntur
575 4080 673 4143 (34)
709 4081 948 4137 indiciis.
995 4084 1297 4138 Ecclesiam
1343 4101 1591 4157 namque
1623 4087 1769 4142 miro
1841 4089 2029 4144 studio

337 4167 606 4223 decorare
635 4170 904 4225 ardenter
941 4171 1207 4226 instabat.
1242 4173 1401 4228 Unde
1431 4175 1714 4246 exquisita
1747 4192 1809 4228 ac
1844 4177 2028 4231 lucida

331 4257 617 4327 picturam
647 4263 764 4312 tam
813 4260 1060 4329 parietes
1118 4277 1293 4331 quam
1348 4261 1639 4332 laquearia
1694 4264 2003 4317 exornabat

333 4350 397 4400 ut
425 4362 489 4400 ex
519 4347 697 4401 veteri
724 4364 928 4402 novam
961 4353 1209 4419 putares.
1252 4350 1408 4404 Fecit
1437 4356 1492 4404 et
1521 4351 1590 4406 ad
1644 4351 2023 4422 sollempnem

331 4434 751 4503 processionem
783 4435 843 4489 in
877 4436 1183 4506 praecipuis
1213 4436 1371 4491 festis
1418 4438 1715 4509 evangelia
1770 4455 1910 4492 auro
1970 4444 2026 4493 et

331 4522 576 4591 gemmis
608 4523 943 4593 clarissima,
979 4525 1430 4580 thimiamateria
1487 4543 1718 4597 quoque
1747 4527 1923 4597 precii
1967 4531 2025 4582 et

329 4610 598 4680 ponderis
635 4612 947 4682 magniﬁci,
1016 4615 1220 4669 calices
1249 4615 1661 4669 nichilominus
1711 4616 1923 4686 plures,
1968 4622 2024 4670 et

327 4713 506 4751 unum
540 4714 605 4752 ex
637 4700 928 4767 onichino,
962 4703 1207 4756 alterum
1248 4719 1382 4756 vero
1436 4700 1814 4756 cristallinum
1875 4705 2022 4760 mira

327 4785 610 4840 industria
639 4790 980 4858 composuit.
1015 4791 1212 4845 Adhuc
1269 4795 1460 4845 autem
1520 4807 1700 4845 unum
1757 4806 2016 4848 aureum.

325 4875 612 4930 valentem
638 4877 812 4930 libras
861 4879 1062 4949 viginti
1107 4879 1323 4950 publici
1365 4878 1656 4949 ponderis,
1687 4896 1752 4934 ex
1782 4881 2020 4950 purissi-

323 4980 421 5019 mo
453 4981 593 5020 auro
624 4965 685 5019 in
716 4982 881 5020 usum
918 4968 1224 5022 ministerii
1244 4968 1528 5022 conﬂavit.
1573 4969 1849 5024 Coronam
1881 4987 2022 5041 quo-

322 5068 435 5123 que
464 5059 702 5124 argento
724 5071 979 5126 auroque
1037 5055 1360 5111 radiantem
1396 5056 1557 5110 mira;
1606 5059 2020 5128 magnitudinis

321 5143 382 5196 in
409 5141 550 5197 facie
580 5145 780 5215 templi
811 5145 1130 5214 suspendit,
1162 5149 1218 5198 et
1266 5146 1379 5200 alia
1402 5147 1676 5217 perplura
1731 5164 1882 5219 quin,
1922 5165 2017 5202 su-

2010 4306 2022 4329 ’
2056 4303 2100 4357 D

2142 3117 2366 3166 verunt.
2401 3111 2646 3166 Nimiam
2692 3112 2865 3165 etiam
2920 3112 3252 3180 siccitatem,
3293 3113 3513 3184 prolato
3542 3111 3602 3166 in
3641 3112 3851 3182 publi-

2143 3218 2271 3256 cum
2306 3202 2412 3255 hoc
2451 3201 2726 3272 singulari
2753 3203 2933 3270 ligno,
2967 3217 3064 3254 ceu
3090 3201 3294 3272 pluviis
3325 3201 3695 3272 imperantes,
3753 3218 3855 3256 re-

2144 3289 2416 3359 pulimus,
2449 3289 2742 3360 multaque
2763 3290 2972 3344 virtute
2991 3290 3163 3359 hujus
3198 3289 3536 3344 sanctissimi
3557 3289 3858 3361 triumphi

2143 3378 2291 3432 ﬁunt
2348 3378 2659 3433 cottidiana
2717 3379 2976 3432 remedia
3043 3379 3182 3432 dum
3269 3379 3512 3450 quisque
3588 3394 3855 3435 mcerens

2143 3467 2222 3521 ibi
2241 3471 2582 3538 prostratus,
2618 3472 2887 3538 prompta
2916 3467 3160 3537 percipit
3185 3467 3407 3522 solatia.

2217 3559 2298 3609 10.
2333 3557 2524 3626 Ipsum
2557 3572 2689 3610 vero
2722 3556 2992 3610 sacellum
3034 3562 3244 3610 sanctae
3283 3557 3484 3625 crucis,
3527 3555 3688 3610 vario
3740 3557 3850 3612 de-

2143 3661 2270 3699 core
2323 3645 2657 3714 perfectum,
2706 3643 2986 3698 dedicavit
3025 3660 3080 3697 1v
3117 3645 3246 3699 ldus
3275 3645 3644 3714 Septembris,
3683 3662 3856 3700 anno

2143 3732 2554 3786 incarnationis
2583 3733 2890 3788 Dominicae
2924 3734 3046 3798 996,
3080 3732 3395 3788 indictione
3424 3736 3476 3799 9,
3509 3732 3674 3804 regni
3701 3749 3856 3789 vero

2143 3820 2536 3892 gloriosissimi
2603 3821 2766 3876 tercii
2812 3821 3036 3876 Ottonis
3082 3821 3447 3892 imperatoris
3497 3825 3581 3889 13,
3610 3823 3864 3892 imperii

2141 3910 2351 3980 primo,
2401 3909 2779 3964 ordinationis
2827 3916 3019 3964 autem
3059 3927 3175 3964 suae
3215 3914 3460 3981 quarto;
3531 3911 3859 3982 locumque

2141 3997 2428 4069 quondam
2454 3999 2640 4052 dumis
2672 4003 2728 4052 et
2743 3999 3013 4069 vepribus
3041 3999 3366 4066 horridum,
3397 3999 3600 4053 vicinis
3633 3999 3857 4054 incolis

2138 4117 2206 4125 ——
2236 4086 2418 4156 gloria
2472 4087 2599 4155 tibi,
2660 4087 2908 4143 Christe!
2968 4117 3037 4130 --
3067 4104 3130 4141 ex
3179 4088 3293 4142 tuis
3334 4088 3479 4142 datis
3537 4088 3854 4159 baptismi,

2139 4175 2469 4246 sepulturzn,
2492 4176 2776 4231 unctionis
2807 4177 2940 4231 fecit
2969 4183 3248 4231 aeternum
3277 4177 3568 4231 solatium.

2214 4267 2298 4318 tl.
2334 4265 2440 4318 Pro
2471 4265 2682 4320 talibus
2715 4266 2896 4333 igitur
2923 4267 3164 4337 aliisque
3199 4267 3309 4337 piae
3337 4265 3657 4320 devotionis
3689 4267 3849 4321 aeti-

2137 4352 2264 4420 bus,
2317 4353 2522 4424 quibus
2571 4353 2637 4408 ad
2671 4355 2934 4409 aecclesiaa
2965 4355 3270 4410 utilitatem
3303 4355 3458 4410 omni
3490 4355 3614 4409 nisu
3665 4371 3854 4410 men-

2131 4441 2205 4496 tis
2249 4445 2305 4496 et
2360 4443 2614 4514 corporis
2663 4443 2991 4511 insudabat,
3038 4449 3156 4499 tam
3204 4445 3317 4498 Deo
3374 4444 3530 4498 cordi
3581 4443 3851 4501 interius

2131 4531 2482 4602 praesidenti,
2515 4548 2686 4603 quam
2715 4533 2986 4586 ecclesiae
3026 4533 3216 4604 operis
3256 4533 3521 4587 affectum
3578 4535 3854 4589 exterius

2133 4620 2494 4691 approbanti,
2548 4621 2725 4675 felicis
2797 4622 3092 4676 memoria!
3145 4623 3352 4692 praesul
3401 4621 3854 4692 acceptissimus

2131 4714 2286 4777 erat;
2319 4714 2373 4764 et
2423 4709 2552 4764 ideo
2596 4727 2951 4782 consequens
3015 4711 3144 4773 fuit,
3206 4717 3270 4765 ut
3324 4711 3411 4766 vir
3457 4713 3678 4778 beatus,
3714 4714 3849 4781 cui,

2130 4794 2276 4848 sicut
2303 4795 2373 4848 de
2406 4800 2597 4849 sancto
2617 4796 2721 4850 Job
2755 4797 2967 4867 legitur
2996 4798 3125 4864 (Job
3158 4815 3194 4862 ι,
3247 4798 3321 4871 8),
3358 4801 3492 4852 tunc
3547 4801 3854 4869 temporis

2128 4882 2187 4937 in
2227 4887 2380 4937 terra
2406 4883 2610 4938 similis
2651 4902 2769 4940 non
2824 4886 2998 4940 fuisse
3058 4891 3310 4958 putatur,
3370 4903 3472 4958 per
3500 4888 3856 4958 temptatio-

2131 4971 2220 5024 nis
2262 4970 2646 5040 incommoda,
2707 4974 2852 5029 sicut
2902 4974 3148 5029 aliarum
3195 4975 3473 5030 virtutum
3523 4975 3603 5029 ita
3647 4975 3853 5034 etiam

2069 5113 2074 5117 ,
2128 5059 2470 5114 humilitatis
2499 5067 2555 5116 et
2585 5063 2876 5132 patientiae
2927 5065 3236 5134 praeconio,
3290 5064 3566 5118 mirabilis
3604 5066 3852 5123 cunctis

2128 5149 2539 5204 ostenderetur.
2598 5154 2764 5206 Anno
2819 5153 3013 5224 itaque
3063 5153 3442 5208 ordinationis
3499 5170 3615 5208 sua:
3660 5159 3849 5211 octa-

1952 5227 2175 5282 ΝΟΤΕ.

388 5302 634 5376 (32*)Cf.
670 5303 992 5376 Begrnwardi
1046 5302 1302 5376 chartam
1349 5303 1672 5360 donationis
1719 5321 1824 5376 pro
1879 5322 2004 5362 mo-

317 5375 563 5428 nasterio
593 5375 648 5428 S.
685 5375 972 5429 Michaelis
993 5373 1226 5428 editam.

389 5440 507 5517 (33)
546 5444 868 5517 Supersunt
923 5461 1056 5499 crux
1103 5461 1296 5510 aurea,
1355 5461 1488 5499 crux
1549 5451 1842 5517 argentea,
1896 5449 2008 5502 duo

314 5513 669 5569 candelabra!
699 5516 967 5569 columna
1016 5532 1184 5581 aerea,
1217 5521 1273 5570 et
1302 5517 1479 5570 valva:
1535 5513 1700 5572 aaréae
1757 5513 2006 5573 ecclesiae

312 5584 679 5641 cathedralis.
715 5588 861 5640 Crux
889 5586 1001 5639 alia
1050 5585 1369 5656 Heiningm,
1421 5593 1625 5658 patena
1652 5591 2004 5644 Hannovera:

2117 5308 2474 5383 adversatur.
2513 5312 2592 5383 De
2618 5311 2746 5364 aliis
2773 5311 3084 5382 deperditis
3117 5331 3168 5368 v.
3224 5315 3392 5367 Kratz
3420 5313 3455 5367 l.
3490 5329 3561 5380 c.,
3613 5329 3670 5383 p.
3728 5317 3838 5373 38.

2190 5381 2301 5445 (3i)
2333 5381 2390 5434 Id
2419 5385 2504 5435 est
2519 5381 2854 5452 loquuntur.

2116 5452 2303 5575 se(35i
2333 5452 2479 5506 Crux
2509 5453 2614 5508 ista
2635 5453 2803 5509 hodie
2831 5454 2892 5508 in
2943 5453 3176 5509 ecclesia
3201 5454 3256 5509 S.
3307 5454 3654 5525 Magdalenae
3714 5457 3835 5512 ad—

2181 5537 2278 5575 rva
2307 5538 2393 5575 ur.

2181 5537 2340 5576 rvatu
2349 5538 2393 5576 Γ.
