3944 6308
124 326 206 376 101
1517 329 1674 383 VITA
1715 333 1767 384 S.
1816 333 2240 388 BERNWARDI

3527 346 3630 399 402

115 464 177 499 vo
212 452 328 510 (an.
391 449 567 517 1000),
619 447 888 518 gravibus
943 447 1368 503 insecutionum
1410 451 1684 506 molestiis
1717 470 1816 522 pro
1845 459 1889 509 Α
1931 456 2105 512 tiente
2137 458 2279 512 duce
2328 458 2599 512 fabricam
2657 460 2986 514 monasterii
3034 463 3241 531 majori
3289 465 3505 519 ambitu
3539 467 3628 521 in-

114 536 410 589 territorio
471 537 1056 591 Gandenesheimensi
1115 538 1184 592 ab
1222 538 1651 610 archiepiscopo
1685 543 1818 595 Wil-

113 625 292 695 legiso
350 626 521 696 plane
553 632 749 680 contra
779 627 1207 682 ecclesiasticas
1238 629 1554 685 sanctiones
1585 631 1818 702 impeti-

113 720 226 778 tur,
261 715 362 768 sed
390 715 469 768 eis
511 715 750 770 minime
782 734 815 769 a
846 718 1024 770 solite
1076 717 1414 772 humilitatis
1446 727 1501 773 et
1530 720 1819 790 patientie

111 802 300 856 tenaci
335 802 699 856 observantia
747 809 1022 858 movetur.
1085 806 1178 858 His
1220 811 1434 873 tamen,
1471 825 1598 878 que
1629 810 1820 862 archi—

113 890 421 960 episcOpus
476 907 594 944 non
631 897 744 945 tam
783 893 947 962 justas
985 894 1220 947 rationis
1275 896 1608 950 executione
1646 914 1819 968 quam

115 979 308 1033 liberae
375 980 673 1048 potestatis
723 983 1179 1051 praesumptione
1227 985 1603 1054 attemptabat
1628 990 1816 1039 aucto-

116 1068 297 1121 ritatis
330 1070 671 1134 constantia,
723 1087 838 1123 non
897 1071 1236 1124 temeritatis
1282 1072 1539 1140 audacia,
1605 1074 1819 1144 sagacis

115 1156 334 1226 ingenii
392 1158 480 1210 vir
565 1158 848 1223 obviabat,
911 1164 966 1211 et
1022 1160 1336 1213 secundum
1414 1161 1554 1214 illud
1625 1163 1814 1216 Pauli:

115 1244 388 1307 Quamdiu
438 1248 677 1312 gentium
734 1249 1009 1314 apostolus
1065 1263 1203 1312 sum,
1237 1251 1599 1304 ministerium
1644 1267 1818 1305 meum

114 1334 476 1402 honoriﬁcabo
535 1335 704 1404 (Rom.
772 1352 844 1402 χι,
928 1340 1034 1402 13),
1094 1338 1468 1408 quoadusque
1547 1340 1815 1393 ecclesiae

112 1421 320 1475 Christi
353 1422 597 1490 pastoris
651 1422 769 1476 vice
801 1425 1048 1492 prefuit,
1085 1425 1442 1494 episcopatus
1481 1427 1566 1479 sui
1601 1427 1729 1497 jura
1757 1427 1815 1481 in

113 1510 335 1578 proprii
372 1510 610 1563 honoris
649 1516 796 1564 statu
821 1513 1145 1566 conservari
1178 1529 1400 1567 summa
1432 1515 1814 1569 sollicitudine

111 1599 464 1666 procuravit,
520 1601 674 1668 quod
706 1604 760 1651 et
795 1601 906 1652 Deo
956 1605 1266 1667 annuente,
1326 1602 1604 1656 laboriose
1659 1603 1810 1670 licet,

111 1686 379 1740 obtinuit.
438 1687 546 1741 Sed
582 1704 651 1741 ne
685 1687 888 1741 similis
918 1690 1301 1744 controversia
1345 1691 1412 1743 de
1434 1692 1557 1760 ipsa
1591 1692 1812 1746 Gande-

111 1776 501 1829 nesheimensi
569 1777 819 1830 ecclesia
888 1779 1255 1847 postmodum
1325 1781 1508 1832 valeat
1578 1780 1809 1849 oboriri,

111 1880 345 1918 omnem
380 1865 806 1936 disceptationis
855 1867 1114 1920 ordinem
1173 1868 1322 1920 inter
1364 1869 1813 1937 Mogontiensem

113 1953 426 2006 antistitem
483 1959 538 2006 et
586 1955 970 2008 venerabilem
1026 1955 1214 2008 virum
1267 1956 1546 2010 domuum
1607 1960 1627 1992 σ
1678 1959 1810 2012 Ber-

109 2041 410 2095 nwardum
461 2041 552 2095 hic
607 2041 857 2096 inserere
899 2044 1265 2097 commodum
1327 2045 1482 2100 duxi.
1543 2046 1812 2099 Necessa-

110 2131 262 2182 rium
290 2134 484 2184 autem
538 2147 666 2184 reor
723 2131 828 2185 ista
861 2133 1035 2202 paulo
1072 2132 1242 2186 altius
1270 2133 1597 2203 indagando
1649 2151 1810 2205 repe-

110 2221 226 2271 tere
279 2219 438 2288 quod
478 2223 670 2272 tamen
727 2221 926 2273 lectori
957 2221 1194 2274 minime
1226 2222 1395 2275 debet
1424 2238 1543 2276 esse
1603 2239 1810 2276 onero-

109 2322 257 2369 sum,
291 2307 430 2377 quia
483 2307 723 2377 posteris
776 2309 1011 2362 fortasse
1062 2309 1121 2362 in
1151 2309 1350 2363 multis
1406 2311 1516 2364 erit
1545 2310 1804 2380 profutu-

109 2411 257 2448 rum.

177 2488 261 2537 12.
296 2483 674 2537 Territorium
709 2484 1322 2552 Gandenesheimense,
1349 2486 1523 2539 situm
1557 2485 1616 2538 in
1659 2503 1806 2556 pago

111 2572 380 2640 Flenithi,
440 2588 570 2625 cum
635 2573 1022 2643 adjacentibus
1081 2573 1229 2626 villis
1291 2575 1359 2628 ad
1419 2574 1807 2644 provisionein

108 2660 770 2716 Hildenesheimensium
827 2661 1245 2731 episcoporum,
1301 2679 1366 2716 ex
1411 2680 1524 2733 quo
1556 2663 1809 2733 primum

103 2749 397 2819 episcopia
445 2766 546 2819 per
602 2749 906 2804 Saxoniam
938 2751 1338 2806 disterminata
1379 2756 1528 2819 sunt,
1588 2755 1809 2804 certum

107 2843 187 2893 est
236 2838 548 2908 pertinere.
607 2838 767 2901 Quod
835 2854 900 2892 ex
931 2840 1038 2892 hoc
1087 2840 1299 2893 cunctis
1344 2840 1484 2892 scire
1523 2839 1807 2909 cupienti-

107 2926 211 2979 bus
244 2925 469 2995 liquido
500 2931 754 2995 apparet,
791 2926 927 2995 quia
955 2927 1024 2980 ab
1071 2927 1194 2998 ipso
1253 2927 1535 2998 principio
1566 2928 1807 2981 novelle

110 3014 554 3069 Christianitatis
617 3019 827 3068 nostre
870 3015 1078 3084 gentis,
1139 3015 1312 3069 etiam
1371 3021 1502 3070 ante
1549 3021 1801 3070 constru—
1839 3015 1878 3068 C

105 3104 354 3156 ctionem
384 3102 606 3172 prefati
641 3103 990 3169 monasterii,
1015 3105 1082 3158 ad
1116 3120 1309 3158 curam
1342 3105 1520 3159 nostri
1553 3106 1804 3176 episcopi

105 3192 456 3262 pertinebat.
518 3191 892 3261 Temporibus
935 3208 1184 3263 namque
1243 3194 1438 3247 domui
1485 3197 1505 3229 ⁷
1553 3195 1801 3260 Altfridi,

105 3282 206 3351 qui
237 3284 476 3351 quartus
518 3285 727 3334 nostre
781 3281 1044 3334 ecclesie
1079 3281 1313 3335 antistes
1344 3283 1545 3349 extitit,
1577 3283 1804 3337 Liudol-

98 3371 187 3424 fus
229 3370 346 3423 dux
374 3385 506 3422 cum
539 3368 804 3439 religiosa
852 3371 1153 3424 contectali
1183 3369 1206 3403 ⁸
1261 3387 1362 3424 sua
1413 3371 1553 3436 Oda,
1595 3388 1805 3440 magno

103 3458 292 3512 studio
359 3457 419 3511 in
466 3457 660 3511 divino
714 3459 870 3511 cultu
912 3458 1152 3523 accensi,
1204 3459 1442 3513 consilio
1489 3459 1802 3530 prescripti

107 3547 384 3601 antistitis
419 3548 662 3600 Romam
718 3547 986 3617 perrexit,
1041 3546 1238 3617 ibique
1278 3565 1310 3601 a
1361 3547 1569 3601 domno
1611 3547 1806 3617 Sergio

103 3653 255 3707 papa
303 3635 608 3705 magniﬁce
642 3636 917 3704 suscepti;
969 3641 1023 3690 et
1082 3653 1211 3689 cum
1252 3641 1450 3690 votum
1477 3636 1708 3689 illorum
1746 3636 1806 3690 in

115 3724 328 3777 divinis
361 3724 614 3793 agnovit,
647 3723 794 3776 datis
846 3723 1105 3794 reliquiis
1138 3732 1462 3777 sanctorum
1493 3725 1805 3794 presulum

107 3812 394 3866 Anastasii
418 3817 475 3866 et
509 3812 824 3865 Innocentii
871 3829 1002 3866 cum
1020 3813 1444 3874 ,benedictione
1483 3831 1516 3866 a
1549 3830 1607 3867 se
1639 3813 1805 3866 dimi-

108 3902 200 3955 sit.
267 3901 352 3955 Ad
404 3901 650 3971 patriam
712 3901 906 3971 itaque
980 3901 1081 3955 Dei
1150 3901 1334 3972 gratia
1412 3901 1808 3971 pervenientes

111 3990 354 4044 consilio
427 3989 626 4043 domni
693 3990 922 4052 Altfridi
977 3991 1300 4044 cenobium
1357 3990 1646 4060 virginum
1706 3990 1807 4044 Dei

111 4078 300 4148 primo
351 4078 839 4132 Brunesteshusen
892 4079 1305 4144 adunaverunt,
1357 4078 1537 4132 tiliam
1579 4095 1806 4149 quoque

111 4183 276 4220 suam
309 4167 575 4220 domnam
638 4167 1082 4233 Hathumodam,
1143 4167 1445 4220 duodecim
1503 4183 1681 4220 annos
1711 4167 1809 4221 ha-

109 4255 366 4322 bentem,
427 4255 662 4324 prefato
719 4255 986 4326 episcopo
1041 4259 1100 4309 in
1132 4255 1392 4327 regimen
1427 4256 1808 4310 intromitten-

111 4345 242 4398 dam
293 4343 746 4413 assignaverunt,
807 4361 959 4397 anno
1023 4345 1330 4399 Dominice
1400 4344 1806 4398 incarnationis

117 4435 222 4488 852
254 4431 350 4500 (cf.
383 4436 530 4485 Ann.
561 4432 808 4499 Quedl.),
843 4433 1073 4487 Rabano
1105 4434 1411 4503 Mogoncie
1443 4432 1805 4503 presidente,

111 4536 344 4574 omnem
374 4526 568 4574 autem
592 4521 973 4592 provisionem
1006 4523 1262 4593 praedicti
1309 4523 1417 4576 loci
1447 4521 1469 4557 9
1501 4527 1556 4575 et
1575 4537 1810 4592 congre-

111 4608 364 4679 gationis
394 4610 602 4663 domno
633 4611 875 4664 Altfrido
932 4611 1365 4665 commiserunt.
1415 4611 1573 4665 Unde
1616 4612 1809 4665 evolu-

112 4699 184 4751 tis
216 4698 438 4768 aliquot
466 4698 650 4763 annis,
703 4700 912 4753 Karolo
965 4699 1197 4754 Rabano
1246 4699 1604 4765 succedente,
1660 4715 1809 4752 anno

116 4785 425 4856 singularis
501 4787 813 4841 nativitatis
873 4787 1083 4842 Christi
1161 4791 1282 4855 856,
1335 4787 1656 4859 auspicatus
1731 4791 1816 4841 est

115 4875 235 4945 ipse
266 4875 576 4945 quemdam
608 4876 797 4930 locum
830 4893 1001 4946 super
1047 4877 1283 4931 ﬂuvium
1315 4877 1543 4943 Gaude,
1585 4893 1756 4948 quem
1784 4893 1816 4930 a

119 4964 292 5018 ﬂuvio
342 4964 796 5019 Gandenesheim
838 4964 886 5002 ιο
936 4965 1287 5019 nominavit:
1343 4964 1536 5035 ibique
1586 4981 1817 5019 consen-

1930 545 2172 614 choavit,
2211 546 2516 601 Liudberto
2568 549 2897 618 Mogontino
2951 549 3227 604 existente
3265 554 3304 588 “
3339 554 3630 625 episcopo,

1931 633 2030 703 qui
2109 639 2234 704 post
2313 636 2586 688 Karolum
2665 637 3023 691 subintravit.
3122 640 3299 693 Locus
3380 659 3629 714 namque

1930 725 2224 790 pratorum
2298 741 2358 776 ac
2422 741 2723 777 nemorum
2777 726 3103 780 amoenitate
3179 729 3382 798 aptior,
3453 732 3630 786 tutior

1930 825 2162 880 quoque
2231 810 2502 865 silvarum
2557 813 2837 867 densitate
2868 830 2932 867 ac
2969 816 3210 885 palustri
3250 819 3526 872 munitate
3557 820 3628 873 ad

1928 898 2339 953 habitationem
2400 902 2510 954 Deo
2565 902 2938 956 militantium
2993 905 3146 957 visus
3197 912 3300 960 est.
3366 908 3629 962 Defuncti

1928 985 2123 1056 itaque
2181 992 2313 1041 sunt
2377 994 2509 1042 ante
2563 996 3014 1045 consummatam
3072 994 3345 1047 fabricam
3404 996 3628 1050 Gaude-

1926 1075 2339 1130 nesheimensis
2371 1077 2416 1112 ¹²
2471 1079 2742 1133 ecclesia:
2793 1084 2845 1133 et
2893 1081 3007 1134 dux
3064 1098 3128 1134 ac
3163 1083 3372 1136 domna
3406 1085 3628 1139 Hathu-

1926 1164 2062 1218 mod
2096 1166 2158 1231 *3,
2193 1165 2516 1236 sepultique
2547 1166 2609 1219 in
2649 1168 2884 1238 antiqua
2915 1170 3168 1222 ecclesia
3221 1173 3628 1228 Brunesteshu-

1925 1269 2026 1306 sen
2054 1255 2116 1319 υ,
2151 1253 2450 1324 positaque
2479 1254 2538 1307 in
2568 1255 2828 1325 regimen
2851 1257 3061 1311 domna
3092 1259 3397 1329 Gerburgis
3424 1259 3467 1297 ⁸⁵
3499 1262 3625 1332 pri-

1926 1358 2020 1394 ma
2040 1340 2103 1407 ‘5,
2129 1358 2289 1394 soror
2315 1342 2541 1396 domne
2575 1344 2895 1398 Hathumod
2931 1345 2993 1411 '7,
3039 1346 3281 1400 Altfrido
3315 1350 3624 1404 venerabili

1926 1429 2192 1500 episcopo
2253 1430 2557 1495 mediante,
2600 1431 2905 1486 Liudberto
2960 1450 3188 1504 quoque
3222 1435 3267 1470 1⁸
3298 1436 3623 1506 Mogontino

1927 1518 2371 1588 archiepiscopo,
2423 1519 2521 1588 qui
2552 1519 2761 1573 Karolo
2811 1522 3096 1574 successit.
3149 1523 3258 1576 Nec
3285 1524 3462 1577 multo
3493 1531 3625 1595 post

1927 1605 2185 1670 decessit,
2219 1606 2451 1659 biennio
2510 1613 2734 1660 tantum
2793 1624 3048 1674 emenso,
3086 1610 3423 1663 venerabilis
3454 1612 3624 1667 dom-

1926 1710 2032 1747 nus
2064 1694 2364 1748 Altfridus.
2407 1695 2676 1749 Consedit
2726 1700 2918 1749 autem
2967 1714 3096 1750 cum
3128 1699 3469 1768 Mogontinis
3502 1702 3624 1772 epi-

1923 1783 2127 1852 scopis,
2187 1782 2420 1837 Rabano
2481 1782 2544 1848 *9,
2580 1784 2811 1852 Karolo,
2861 1795 2917 1838 et
2947 1786 3250 1840 duodecim
3283 1805 3461 1841 annos
3491 1807 3620 1844 cum

1923 1871 2250 1925 Liudberto.
2278 1872 2680 1926 Consummata
2706 1890 2933 1944 quoque
2956 1891 3084 1928 cum
3107 1876 3266 1929 omni
3288 1877 3491 1930 decore
3509 1880 3620 1933 Hil-

1921 1959 2380 2014 denesheimensi
2428 1961 2715 2029 ecclesie,
2777 1979 2950 2032 quam
2995 1963 3112 2033 ipse
3168 1981 3200 2018 a
3229 1964 3618 2020 fundamentis

1920 2052 2330 2114 construxerat,
2387 2053 2444 2102 et
2476 2048 2575 2102 Dei
2633 2051 2815 2119 gratia
2845 2057 3194 2114 consecrata,
3228 2054 3430 2122 plenus
3480 2071 3617 2125 ope-

1921 2137 2077 2190 ribus
2123 2137 2290 2190 bonis
2358 2137 2615 2190 decessit.
2674 2138 2776 2191 Cui
2833 2140 3102 2193 successit
3161 2142 3530 2195 Marcwardus
3567 2142 3616 2176 ²υ

1919 2224 2152 2294 quintus
2208 2225 2416 2293 praesul
2467 2223 2509 2261 ²ί
2570 2226 2839 2279 ecclesiae
2895 2233 3126 2294 nostre,
3187 2235 3548 2300 quatuorque
3571 2229 3618 2263 ³³

1918 2316 2143 2366 tantum
2198 2328 2381 2366 annos
2435 2313 2657 2379 sedens,
2712 2315 2899 2368 trabes
2933 2315 3199 2370 ecclesie
3229 2318 3438 2386 posuit.
3487 2320 3617 2373 Post

1917 2402 2071 2455 hunc
2110 2400 2451 2454 subintravit
2501 2402 2744 2455 domnus
2792 2403 3122 2470 Wicbertus,
3175 2410 3364 2458 sextus
3395 2405 3616 2475 episco-

1916 2506 2045 2559 pus.
2110 2490 2207 2543 Hic
2261 2490 2534 2543 fabricam
2590 2491 3028 2557 consummavit,
3085 2497 3140 2544 et
3189 2493 3502 2546 ecclesiam
3527 2494 3612 2546 ni-

1919 2577 2263 2631 chilominus
2311 2577 2685 2631 consecravit.
2736 2579 2835 2631 Hic
2878 2595 3108 2632 omnem
3169 2580 3509 2649 religionem
3561 2586 3617 2634 et

1919 2665 2280 2736 disciplinam
2310 2681 2438 2719 cum
2467 2665 2677 2719 domna
2707 2665 2826 2720 Oda
2855 2670 2909 2719 et
2937 2668 3231 2737 Gerburga
3261 2666 3304 2700 ³³
3332 2667 3615 2722 abbatissa

1919 2755 1978 2808 in
2025 2754 2259 2825 prefato
2317 2755 2441 2807 loco
2489 2753 2776 2808 inchoavit
2806 2759 2863 2807 et
2914 2755 3181 2824 perfecit;
3210 2756 3331 2825 ejus
3377 2757 3613 2809 consilio

1919 2843 2113 2897 omnia
2191 2842 2576 2912 disponebant
2635 2847 2691 2896 et
2771 2843 3032 2912 agebant.
3116 2846 3362 2898 Preerat
3418 2850 3611 2899 autem

1920 2933 2132 2986 domna
2185 2930 2488 3000 Gerburgis
2539 2930 2586 2968 ³⁸
2643 2932 3070 3002 congregationi
3115 2936 3186 2986 22
3217 2949 3414 2998 annos,
3463 2934 3615 3003 posi-

1919 3027 2089 3090 taque
2123 3024 2206 3073 est
2229 3019 2290 3072 in
2322 3036 2466 3073 nova
2497 3019 2771 3085 ecclesia,
2806 3021 2968 3089 juxta
2997 3021 3270 3075 domnam
3308 3021 3612 3076 Hathumo-

1917 3111 2049 3164 dam
2062 3112 2131 3161 ³⁵.
2162 3109 2427 3162 Sororem
2441 3113 2634 3161 autem
2650 3109 2771 3178 ejus
2789 3109 3091 3162 Cristinam
3108 3110 3354 3163 domnus
3365 3110 3615 3180 Wighar-

1915 3203 2006 3253 tus
2038 3198 2097 3251 in
2127 3197 2385 3268 regimen
2415 3196 2727 3250 intromisit
2747 3201 2802 3250 et
2832 3198 3195 3252 consecravit.
3226 3199 3445 3252 Domna
3471 3215 3609 3268 quo-

1917 3303 2029 3356 que
2078 3285 2198 3340 Oda
2240 3285 2551 3338 centesimo
2611 3285 2852 3355 septimo
2901 3286 3082 3340 etatis
3129 3302 3299 3352 anno,
3347 3286 3612 3339 omnibus

1917 3376 2050 3429 tiliis
2092 3373 2418 3444 praemissis,
2453 3373 2712 3439 decessit,
2764 3373 3008 3427 Cristina
3034 3378 3252 3427 tantum
3286 3374 3609 3442 superstite,

1916 3463 2216 3533 positaque
2243 3463 2510 3531 estjuxta
2549 3462 2693 3515 tilias
2724 3477 2880 3515 suas.
2920 3462 3026 3515 Sed
3080 3467 3134 3514 et
3158 3462 3283 3531 ipsa
3327 3461 3612 3516 Christina

1916 3568 2010 3605 sex
2042 3555 2266 3604 tantum
2317 3566 2497 3602 annos
2546 3550 2714 3602 matri
2764 3551 3148 3619 supervivens,
3201 3550 3349 3603 felici
3378 3550 3608 3603 decessu

1920 3639 2184 3709 migravit
2222 3638 2290 3691 ad
2325 3638 2654 3692 Dominum.
2705 3640 2954 3692 Domnns
3005 3654 3237 3709 quoque
3291 3638 3610 3708 Wigbertus

1916 3728 2174 3784 consedit
2203 3743 2334 3780 cum
2387 3727 2726 3795 Mogontinis
2779 3728 3063 3797 episcopis
3120 3728 3442 3789 Liudberto,
3473 3727 3612 3781 Sun-

1915 3818 2168 3883 deraldo,
2220 3821 2274 3870 et
2322 3818 2584 3870 Hattone.
2637 3817 2769 3870 Post
2827 3818 2977 3870 hunc
3042 3817 3359 3871 Walbertus
3414 3833 3609 3870 succe-

1918 3905 2076 3971 dens,
2107 3905 2402 3975 ,septimus
2445 3903 2766 3974 episcopus,
2815 3905 3175 3960 Rotsuitham
3220 3905 3612 3960 venerabilem

1917 3993 2213 4058 feminam,
2237 3993 2306 4047 de
2336 3993 2459 4063 ipsa
2483 3995 2930 4063 congregatione
2959 3995 3220 4060 electam,
3254 3994 3314 4047 in
3356 3994 3612 4063 regimen

1916 4081 2248 4147 intromisit,
2302 4083 2750 4136 consecrationes
2808 4098 3036 4153 quoque
3077 4083 3136 4136 in
3188 4081 3438 4135 ecclesia
3465 4098 3608 4151 pre-

1917 4171 2128 4240 scripta
2178 4174 2234 4222 et
2292 4170 2628 4223 ancillarum
2683 4170 2782 4223 Dei
2844 4171 3152 4223 velationes
3211 4173 3268 4222 et
3307 4173 3511 4222 cetera
3540 4170 3611 4229 ad

1919 4257 2236 4311 ministeria
2290 4257 2680 4311 ecclesiastica
2712 4257 3058 4327 pertinentia
3091 4257 3242 4311 fecit.
3295 4258 3428 4311 Post
3463 4256 3610 4308 Wal-

1916 4347 2142 4400 bertum
2202 4344 2249 4381 ²⁶
2281 4345 2583 4409 Sehardus,
2620 4346 2958 4400 venerabilis
2992 4345 3093 4413 vir,
3150 4349 3344 4416 pastor
3384 4349 3613 4398 octavus

1915 4439 2125 4488 nostre
2155 4433 2420 4487 ecclesiae
2452 4434 2769 4488 ordinatur.
2807 4435 2905 4488 Hic
2935 4434 3148 4505 absque
3168 4433 3348 4495 ,omni
3396 4439 3616 4486 contra-

1917 4522 2161 4577 dictione
2191 4537 2568 4592 quecumque
2625 4523 2694 4576 ad
2728 4523 3189 4577 ecclesiasticum
3231 4522 3614 4577 ministerium

1919 4611 2285 4683 pertinebant
2337 4610 2397 4664 in
2452 4613 2692 4682 prefato
2756 4614 2878 4667 loco
2933 4612 3368 4668 administravit.
3423 4613 3617 4665 Nonus

1920 4705 2047 4770 post
2093 4700 2410 4753 Sehardum
2467 4701 2848 4756 Thiethardus
2900 4703 2944 4738 ²⁷
2971 4702 3204 4756 antistes
3262 4701 3427 4755 nobis
3467 4717 3616 4769 pre-

1922 4787 2130 4854 ﬁcitur,
2185 4787 2490 4841 Fritherico
2539 4789 2963 4859 archiepiscopo
3009 4790 3307 4860 Mogontie
3336 4789 3383 4826 ²⁸
3413 4787 3618 4858 presi-

1925 4877 2115 4930 dente.
2163 4875 2260 4929 Hic
2307 4878 2657 4932 consecravit
2702 4894 2910 4932 novam
2960 4878 3294 4946 ecclesiam,
3353 4876 3453 4930 ubi
3489 4891 3619 4929 mo-

1924 4965 2123 5020 nache
2169 4981 2320 5019 nunc
2370 4965 2592 5020 Christo
2639 4967 2911 5034 militant,
2949 4971 3005 5021 et
3035 4967 3230 5021 omnia
3277 4963 3621 5036 episcopalia

1532 5115 1764 5168 VARUE
1813 5115 2210 5170 LECTIONES.

189 5219 216 5254 °
271 5219 570 5276 dominum
633 5225 686 5274 1.
746 5223 767 5255 ⁷
824 5220 1042 5274 domini
1103 5224 1150 5274 1.
1213 5219 1235 5254 ⁸
1287 5221 1452 5274 codem
1509 5221 1758 5274 lacunam
1809 5221 2037 5288 pre/ert
2079 5236 2242 5287 quam
2297 5219 2600 5274 contectali
2653 5220 2975 5288 explendam
3031 5233 3142 5274 esse
3204 5222 3393 5288 patet;
3444 5231 3622 5271 recens

123 5297 300 5346 tamen
345 5291 524 5345 scriba
584 5291 921 5345 contectrice
953 5294 1202 5356 inseruit,
1245 5291 1387 5359 quod
1419 5296 1468 5344 et
1497 5295 1548 5345 3.
1594 5291 1645 5344 4.
1749 5286 1949 5358 legunt.
2014 5290 2038 5323 °
2069 5286 2168 5345 [iac
2212 5307 2333 5345 voce
2364 5293 2556 5360 incipit
2584 5294 2643 5344 2.
2683 5286 2736 5328 ‘0‘
2760 5289 3133 5361 gandesheim
3189 5292 3242 5343 2.
3278 5286 3322 5326 ¹¹
3359 5287 3524 5342 deest.
3565 5290 3620 5361 2.

123 5361 169 5394 ¹²
220 5362 837 5432 gandeshemensisﬂ.
894 5361 940 5396 ¹³
996 5363 1313 5416 hathomud
1357 5365 1415 5417 2.

1489 5361 1535 5398 “
1590 5361 2090 5432 brunisteshusum
2141 5366 2194 5415 2.
2259 5364 2303 5399 ¹⁵
2333 5362 2626 5432 gerbergis
2673 5360 2828 5432 2.7;“
2881 5377 3047 5414 manu
3106 5364 3160 5413 2.
3226 5363 3299 5432 in
3341 5375 3517 5432 marg.
3569 5360 3620 5410 2.

128 5432 170 5470 ⁸⁷
220 5429 534 5488 bathomod
601 5437 659 5487 2.
719 5431 783 5502 ¹⁸ί
816 5433 960 5488 deest
1006 5437 1060 5487 2.
1113 5432 1160 5470 ¹⁹
1211 5433 1491 5502 hrabono
1530 5435 1581 5486 2.
1641 5429 1689 5467 ²⁰
1736 5432 2156 5502 marquuardus
2209 5436 2262 5487 2.
2319 5429 2360 5469 ²ί
2418 5429 2566 5487 deest
2612 5436 2660 5486 1.
2717 5431 2769 5466 ²²

2831 5437 3080 5503 quatuor
3113 5435 3186 5503 rt.
3253 5428 3302 5464 ³³
3335 5430 3627 5503 δεῖδεῖ-εει

125 5507 177 5556 2.
225 5503 271 5539 ἰ
313 5503 606 5574 gerbergis
661 5508 714 5559 2.
768 5501 815 5539 ³⁵
862 5504 1275 5559 hathumodam
1333 5506 1386 5557 2.
1448 5501 1496 5537 ³⁸
1554 5500 1944 5558 uualtbertuin
2000 5507 2052 5557 2.
2120 5501 2167 5538 ³⁷
2224 5503 2592 5558 thiuthardus
2645 5507 2697 5558 2.
2757 5502 2805 5537 ³⁸
2847 5500 3161 5573 ἶῐιοεοηῐὶδ
3217 5506 3272 5556 2.
3325 5502 3382 5556 F.
3442 5517 3492 5555 a.
3553 5500 3622 5554 Μ.

127 5593 183 5646 p.
210 5592 375 5629 manu
402 5575 638 5630 secunda
675 5577 733 5628 in
757 5592 934 5644 marg.
958 5579 1007 5628 2.
