3944 6308
308 372 412 425 403

308 491 370 546 in
402 487 639 562 praefato
666 486 790 541 loco
837 483 947 538 rite
992 478 1340 553 procuravit,
1371 476 1529 530 nullo
1570 473 1855 527 obviante.
1897 471 2004 523 Dc-
2035 470 2081 520 Α

313 558 497 633 cimus
523 580 653 649 post
681 571 1093 629 Thiethardum
1115 567 1162 603 ³9
1184 569 1428 621 domnus
1459 561 1710 618 Otwinus
1758 558 2007 632 praefuit.

316 668 416 723 Hic
446 648 713 721 domnam
764 662 1118 729 Gerburgam
1163 656 1209 693 ³⁰
1234 653 1538 709 secundam
1588 649 1632 686 “
1664 650 1721 703 in
1753 648 2011 719 regimen

315 753 611 811 constituit
642 756 697 805 et
719 746 1087 813 consecravit,
1137 748 1194 798 et
1214 741 1409 796 omnia
1446 736 1794 809 cpiscopalia
1838 733 2015 790 ﬁdeli-

317 850 406 898 ter
436 840 704 913 providit,
761 838 973 891 domno
1029 831 1385 887 Willehclmo
1434 826 1505 885 3*,
1541 825 1735 896 magni
1794 822 2017 878 Ottonis

317 933 439 986 tilio
518 930 575 983 in
636 927 795 981 nullo
866 924 949 979 illi
1006 923 1358 976 adversante.
1422 915 1698 971 Similiter
1751 914 1915 967 Hatto
1964 914 2021 964 ct

320 1018 640 1075 Bodbertus
701 1016 760 1068 in
829 1012 987 1066 nullo
1041 1009 1124 1063 illi
1188 1007 1553 1061 adversantes
1608 1000 2018 1055 amicissimum

323 1108 667 1164 habuerunt.
718 1100 1041 1171 Willcgisus
1078 1095 1127 1130 ⁵³
1186 1110 1418 1167 quoque
1470 1092 1556 1145 illi
1599 1089 1649 1125 δ’
1693 1089 2018 1154 succedens,

322 1196 534 1251 veritus
580 1190 721 1246 tanti
787 1188 895 1243 viri
926 1191 1275 1240 senectutem
1307 1188 1363 1237 et
1402 1196 1630 1234 morum
1660 1177 2021 1249 gravitatem,

323 1284 551 1357 publice
574 1281 737 1334 illum
762 1275 1061 1348 percoluit,
1095 1273 1314 1327 occulte
1344 1286 1476 1323 vero
1504 1272 1675 1337 paulo
1703 1264 2024 1319 mordacius

326 1353 573 1443 quadam
606 1366 783 1421 animi
824 1362 1224 1432 indignatione
1254 1359 1337 1413 illi
1368 1355 1767 1422 adbellicabat,
1808 1353 1889 1407 nil
1938 1356 2024 1406 ta-

326 1476 459 1515 men
519 1457 581 1511 in
635 1453 917 1524 regimine
972 1449 1193 1522 praefati
1250 1445 1496 1501 coanobii
1573 1459 1865 1513 asperum,
1923 1457 2028 1494 nec

324 1546 511 1602 verbis
561 1560 665 1598 nec
691 1545 734 1578 ³⁵
767 1541 927 1595 factis
980 1538 1248 1592 ostendit.
1281 1538 1407 1589 Haac
1456 1533 1649 1603 itaque
1700 1531 1829 1585 ideo
1888 1544 2028 1600 pro-

329 1634 515 1709 posui,
540 1639 604 1686 ut
662 1630 848 1684 cuncti
880 1628 1207 1697 intelligant
1234 1622 1303 1691 ⁵⁸,
1338 1627 1552 1693 quanta
1593 1620 1821 1675 levitate
1851 1634 1914 1672 ac
1944 1624 2028 1672 tc-

330 1723 596 1780 mcritate
622 1720 693 1773 sit
721 1718 1016 1782 violatum,
1052 1715 1204 1785 quod
1237 1713 1352 1766 fere
1400 1727 1503 1782 per
1548 1710 1822 1763 ducentos
1850 1722 2030 1761 annos

332 1818 452 1866 tam
482 1808 529 1845 3"
549 1806 967 1862 venerabilium
1032 1809 1262 1874 patrum
1314 1800 1612 1869 utriusque
1662 1797 1773 1851 loci
1803 1795 2028 1850 antisti-

334 1904 458 1953 tum
492 1894 797 1950 concordia
827 1892 1180 1954 roboratum,
1211 1888 1369 1942 omni
1398 1886 1672 1940 canonica
1699 1884 2032 1939 auctoritate

335 1988 517 2043 ﬁxum
548 1988 718 2054 atque
748 1986 939 2035 ratum
972 1978 1215 2034 duravit.

412 2079 494 2130 13.
531 2071 638 2128 Sed
662 2068 897 2124 secundi
947 2064 1309 2137 imperatoris
1341 2061 1564 2119 Ottonis
1594 2061 1732 2129 ﬁlia,
1752 2060 1944 2115 fomes
1973 2065 2036 2114 ut

337 2179 475 2235 pace
496 2160 755 2215 omnium
788 2158 973 2212 dicam
1020 2152 1349 2224 hujusmodi
1406 2150 1799 2217 dissensionis,
1835 2151 1972 2203 dum
2006 2165 2037 2201 a

340 2265 444 2305 suo
497 2246 790 2317 episcopo,
825 2244 1038 2297 domno
1072 2240 1331 2294 videlicet
1356 2238 1596 2308 Osdago,
1633 2251 1857 2290 sacrum
1890 2235 2038 2288 vela-

340 2352 475 2392 men
507 2334 761 2404 accipere
794 2331 1029 2402 spernit,
1060 2328 1415 2398 Willcgisum
1465 2326 1705 2397 appetit,
1732 2325 2038 2395 indignum

343 2424 632 2479 aestimans
690 2420 798 2474 nisi
828 2436 859 2472 a
903 2419 1181 2489 palligero
1232 2416 1566 2470 consecrari.
1617 2415 1776 2479 Quod
1826 2413 1950 2484 ipse
1978 2413 2042 2467 li-

344 2515 488 2568 bcns
541 2509 763 2574 annuit,
834 2509 972 2561 haut
1051 2504 1416 2559 considerans
1467 2508 1746 2574 quantum
1804 2501 2042 2572 antiqua

344 2615 631 2656 canonum
663 2602 869 2650 statuta
908 2593 957 2629 58
997 2593 1315 2648 temeravit.
1378 2593 1491 2647 Nec
1524 2592 1777 2645 fraterna
1806 2590 2041 2644 caritate

346 2690 566 2745 aditum
592 2686 873 2758 quaesivit,
924 2683 1023 2737 sed
1045 2682 1205 2736 fratri
1231 2688 1285 2735 et
1314 2681 1648 2752 coepiscopo
1678 2680 1830 2733 diem
1852 2678 2042 2749 impc—

345 2778 508 2842 ravit,
542 2782 605 2829 ut
634 2775 704 2829 ad
753 2773 1101 2827 velationem
1130 2771 1468 2824 ancillarum
1511 2769 1610 2822 Dei
1647 2768 1708 2821 in
1738 2767 2043 2821 festivitate

347 2863 528 2918 sancti
562 2863 727 2916 Lucae
785 2858 1146 2928 evangelista
1185 2856 1269 2909 illi
1318 2858 1659 2909 occurreret.
1713 2854 1917 2907 Nactus
1939 2852 2044 2906 ita-

350 2968 461 3024 que
519 2953 914 3020 opportunum
962 2952 1188 3011 tempus
1237 2944 1480 2997 domnus
1531 2942 1807 3011 Osdagus,
1861 2940 2046 2994 archi-

1308 350 1709 410 THANGMARI
1749 341 2188 404 PRESBYTERI
2228 330 2808 396 lllLDESllEIMENS.

3717 318 3818 369 illi:

2118 463 2461 519 velationem
2555 456 2728 511 simul
2817 455 3072 525 agerent,
3161 452 3496 502 cecterarum
3589 459 3820 515 quoque

2120 554 2365 608 domnus
2423 547 2681 617 Osdagus
2733 543 2885 597 solus
2941 537 3321 611 prospiceret;
3356 536 3688 603 factumque
3741 533 3826 583 est

2121 641 2415 697 insolitum
2474 652 2578 690 nec
2634 637 2765 687 ante
2815 646 2849 684 a
2920 628 3085 682 nobis
3151 625 3355 691 visum,
3417 628 3483 677 ut
3531 623 3645 676 duo
3703 618 3824 690 epi-

2123 730 2279 799 scopi
2308 745 2375 781 ex
2423 727 2596 779 latere
2627 719 2821 774 altaris
2859 718 3077 789 pariter
3126 715 3411 776 sederent,
3477 707 3828 782 pontiﬁcali-

2124 820 2231 873 bus
2272 814 2622 887 paramentis
2655 810 2847 863 festive
2900 804 3149 860 infulati.
3192 804 3436 856 Ventum
3494 804 3581 856 est
3635 799 3832 867 itaque

2128 908 2197 962 ad
2241 905 2582 960 ancillarum
2638 898 2737 953 Dei
2763 893 3277 959 consecrationem,
3325 906 3456 943 cum
3499 888 3828 959 episcopus,

2129 995 2228 1067 qui
2249 998 2415 1047 antea
2447 1008 2479 1045 a
2499 985 2816 1061 pontiﬁcali
2840 986 2970 1055 jure
2992 981 3301 1036 timebatur
3329 978 3602 1049 dejectus,
3637 974 3829 1028 subito

2130 1063 2231 1139 Dci
2257 1081 2441 1154 gratia
2470 1085 2708 1137 erectus,
2749 1075 2897 1129 inter
2929 1072 3232 1126 missarum
3271 1064 3612 1136 sollempnia
3642 1063 3835 1133 primo

2129 1152 2408 1226 domuum
2461 1181 2676 1237 regem,
2709 1164 2756 1216 si
2813 1163 2873 1215 in
2919 1158 3258 1213 velationem
3291 1171 3409 1208 sua:
3456 1152 3667 1207 sororis
3695 1167 3833 1205 con-

2131 1260 2389 1321 sentiret,
2424 1255 2721 1310 humiliter
2778 1247 3095 1320 requisivit,
3148 1244 3358 1300 deindo
3391 1248 3630 1297 caeteros
3662 1255 3834 1293 mun-

2133 1347 2429 1403 diburdos.
2473 1342 2689 1407 Quibus
2709 1352 3050 1394 consensum
3093 1333 3421 1396 fatentibus,
3447 1330 3634 1401 primo
3659 1329 3836 1383 dom-

2134 1452 2271 1491 nam
2345 1432 2640 1504 Sophiam,
2703 1428 2751 1482 si
2801 1426 2873 1481 ad
2936 1421 3564 1481 llildencsheimenscm
3639 1417 3837 1471 sedem

2137 1524 2246 1578 sibi
2275 1522 2506 1592 suisque
2539 1515 2959 1573 successoribus
3006 1511 3421 1582 subjeclionem
3453 1513 3510 1561 et
3539 1506 3837 1561 oboedien-

2138 1612 2277 1666 tiam
2325 1612 2708 1681 proﬁteretur,
2769 1601 3161 1673 interrogavit,
3205 1598 3412 1653 deinde
3450 1596 3589 1650 alias
3637 1596 3839 1648 velan-

2140 1702 2258 1756 das.
2293 1700 2428 1764 Quae
2474 1694 2734 1751 unamini
2772 1708 3050 1747 consensu
3106 1689 3442 1759 religionem
3500 1689 3556 1737 et
3610 1683 3841 1753 subjec-

2141 1790 2357 1845 tionem
2412 1786 2677 1841 confessae
2746 1786 2900 1848 sunt,
2956 1778 3298 1850 publiceque
3341 1777 3385 1812 ⁸⁸
3430 1772 3846 1829 deuunciatum

2142 1883 2227 1933 est
2286 1874 2446 1931 omni
2495 1874 2646 1927 clero
2692 1879 2749 1925 et
2805 1868 3039 1939 populo,
3073 1863 3566 1934 archiepiscopum
3599 1860 3849 1930 niljuris

2145 1965 2253 2021 sibi
2290 1966 2352 2019 in
2399 1963 2497 2017 illa
2540 1958 2793 2015 eecclesia
2832 1955 3131 2010 vendicare
3160 1951 3209 1989 ’⁸⁸
3256 1955 3466 2023 prater
3490 1964 3838 2003 consensum

2145 2060 2202 2111 et
2232 2052 2576 2126 permissum
2627 2042 3206 2104 Hildcncsheimensis
3263 2038 3539 2111 episcopi.
3564 2037 3847 2092 Omnibus

2146 2123 2376 2214 quoque
2406 2139 2515 2194 rite
2558 2134 2820 2209 peractis,
2876 2146 3101 2187 summa
3129 2144 3267 2199 pace
3316 2130 3371 2183 ct
3400 2125 3699 2180 concordia
3729 2123 3848 2178 dis-

2146 2246 2368 2286 cessum
2452 2232 2563 2293 cst;
2635 2222 2904 2294 stetitque
2986 2218 3335 2274 unanimitas
3418 2215 3524 2269 sub
3629 2214 3848 2267 domno

2148 2320 2371 2390 Osdago
2404 2321 2458 2371 et
2490 2314 2768 2384 Gerdago,
2828 2314 2884 2366 et
2926 2309 3145 2381 aliquot
3192 2307 3355 2361 annis
3409 2303 3456 2339 ’³⁷
3486 2303 3683 2357 domui
3714 2303 3851 2355 Ber-

2148 2406 2387 2472 nwardi,
2442 2404 2586 2458 adeo
2634 2406 2699 2456 ut
2746 2398 3025 2455 aecclesias
3067 2396 3289 2466 aliquas
3326 2397 3609 2464 prasente
3658 2390 3853 2444 archi-

2150 2496 2421 2567 episcopo
2468 2493 2682 2547 ibidem
2731 2490 3105 2552 consecraret,
3162 2484 3443 2554 synodum
3493 2479 3665 2535 etiam
3726 2494 3852 2531 ma-

2151 2565 2323 2656 gnam
2352 2583 2589 2637 haberet
2617 2582 2899 2652 praesente
2930 2576 3139 2629 domno
3169 2588 3303 2642 rege
3352 2570 3527 2624 tercio
3559 2568 3765 2623 Ottone
3810 2565 3858 2602 ⁸⁸

2154 2672 2437 2728 assidente
2493 2667 2903 2724 nichilominus
2960 2663 3197 2733 praefato
3238 2657 3686 2728 archiepiscopo,
3718 2670 3859 2709 cum

2152 2767 2347 2816 tamen
2398 2759 2480 2813 nil
2525 2775 2626 2811 sua
2667 2754 3002 2810 auctoritate
3054 2752 3405 2815 decerneret,
3448 2751 3658 2817 praeter
3699 2744 3860 2814 quod

2157 2864 2455 2904 assensum
2509 2861 2672 2917 aeque
2720 2848 2783 2897 ut
2837 2842 2934 2896 alii
2980 2842 3181 2895 fratres
3236 2838 3450 2892 domno
3492 2833 3860 2898 Bcrnwardo,

2158 2940 2256 3011 qui
2286 2938 2504 3008 synodo
2561 2933 2924 3005 praesidebat,
2974 2928 3240 3001 praebuit.
3299 2925 3693 2981 Interfuerunt
3722 2924 3863 2976 Isla-

351 3010 684 3111 episcopum
715 3035 990 3089 secretius
1039 3049 1153 3103 qua
1178 3031 1512 3085 auctoritate
1540 3030 1599 3085 id
1621 3010 1816 3099 ageret
1848 3028 2044 3100 requi-
2080 3024 2121 3078 Ο
2159 3010 2277 3084 rius
2298 3026 2343 3065 ιθ
2396 3022 2897 3097 Magdaburgensis
2946 3017 3429 3087 archiepiscopus,
3474 3013 3770 3068 Liudoll‘us
3804 3010 3859 3047 ⁵ο

352 3127 512 3193 sivit;
566 3141 697 3178 cum
762 3123 859 3176 ille
916 3119 1128 3174 minaci
1190 3119 1346 3172 vultu
1407 3116 1728 3171 mordacius
1782 3116 1850 3171 ad
1888 3132 2049 3170 suam

351 3212 714 3287 parrochiam
760 3209 1051 3281 pertinere
1110 3206 1424 3277 respondit,
1490 3210 1545 3258 et
1598 3208 1809 3259 statuta
1869 3203 1961 3259 die
1993 3220 2051 3258 se

353 3300 587 3355 ancillas
621 3298 721 3353 Dei
759 3299 1103 3363 velatarum,
1138 3310 1484 3365 omnemque
1528 3292 1907 3363 episcopalem
1951 3309 2052 3363 po-

352 3393 615 3445 testatem
645 3386 706 3440 in
738 3385 836 3440 illo
884 3386 1007 3439 loco
1040 3400 1099 3438 se
1140 3384 1548 3453 adempturum
1600 3381 1877 3452 promisit.
1913 3381 2054 3435 Cum

355 3479 547 3548 itaque
574 3476 645 3530 ad
674 3474 828 3530 diem
861 3479 1095 3529 ventum
1130 3477 1233 3538 est,
1289 3470 1497 3525 restitit
1526 3470 1611 3524 illi
1656 3471 1827 3540 plena
1857 3474 2057 3523 aucto-

358 3568 522 3620 ritate
554 3566 799 3618 domnus
830 3563 1107 3633 Osdagus,
1139 3564 1428 3632 praesente
1477 3575 1611 3628 rege
1644 3559 1853 3612 domno
1881 3557 2057 3612 tercio

360 3655 583 3717 Ottone,
632 3667 762 3706 cum
793 3655 975 3704 matre
1008 3647 1373 3719 imperatricc
1424 3647 1635 3701 domna
1662 3644 1711 3681 ³9
1756 3646 2060 3717 Theupha-

361 3758 439 3797 nu
489 3739 556 3809 ιο,
614 3738 996 3793 assidentibus
1052 3752 1280 3807 quoque
1333 3734 1630 3805 episcopis,
1695 3733 1963 3788 Rethario
2017 3731 2059 3770 “

362 3826 890 3885 Patherbrunnensi
916 3824 1205 3895 episcopo,
1241 3823 1445 3878 Milone
1477 3822 1753 3876 Mindensi
1773 3822 2059 3891 episcopo,

366 3916 702 3975 Hildebaldo
753 3914 801 3951 ’⁸⁸
851 3913 1261 3968 Wormaciensi
1318 3916 1362 3949 ⁴³
1413 3911 1698 3983 episcopo,
1751 3928 1882 3966 cum
1936 3912 2065 3966 aliis

366 4004 743 4078 principibus,
778 4003 879 4074 qui
926 4004 993 4057 ad
1026 4002 1511 4072 sollempnitatcm
1550 4002 1921 4056 velandarum
1952 4002 2063 4054 vir-

365 4093 569 4165 ginum
588 4096 994 4146 convenerant.
1020 4093 1164 4145 Cum
1189 4106 1324 4160 ergo
1345 4091 1516 4160 longa
1535 4089 1871 4160 disceptatio
1898 4094 2063 4157 esset,

368 4174 615 4238 domnus
647 4180 922 4249 Osdagus,
956 4178 1234 4249 simplicis
1268 4177 1443 4231 animi
1474 4178 1581 4247 vir,
1620 4178 1815 4232 divino
1842 4177 2069 4231 monitu

2159 3114 2519 3171 Trevcrensis
2570 3110 3047 3179 archiepiscopus,
3109 3105 3238 3160 Milo
3294 3102 3599 3159 Mindensis
3641 3102 3866 3172 episco-

2162 3222 2289 3277 pus,
2348 3202 2715 3259 Hildebaldus
2758 3195 3194 3252 Wormacicnsis
3240 3192 3283 3230 ⁵¹
3339 3194 3659 3263 episcopus,
3694 3192 3866 3262 Hugo

2165 3290 2459 3349 Citicensis
2506 3288 2820 3358 episcOpus.
2883 3284 3004 3338 Non
3069 3286 3263 3334 tamen
3338 3285 3461 3334 rata
3540 3277 3870 3349 permansit

2164 3376 2494 3451 hujusmodi
2569 3373 2891 3442 concordia,
2962 3370 3097 3442 quia
3148 3370 3210 3424 in
3267 3368 3519 3423 medium
3592 3367 3865 3438 quaedam

2167 3470 2545 3533 emerserunt,
2631 3479 2762 3535 quae
2844 3460 3124 3515 orientem
3221 3457 3515 3513 caritatem
3600 3455 3871 3511 falsitatis

2168 3558 2303 3615 lolia
2331 3555 2381 3593 δ’
2406 3554 2795 3625 peremerunt.

2246 3647 2329 3701 14.
2361 3645 2634 3700 Odiosum
2678 3641 2893 3712 quippe
2950 3643 3035 3693 est
3076 3642 3270 3692 nostro
3327 3641 3585 3708 tempore
3624 3634 3871 3689 veritate

2172 3736 2424 3805 aliquem
2456 3737 2677 3797 notare,
2710 3731 2855 3783 sicut
2896 3745 2923 3781 a
2956 3727 3207 3798 quodam
3236 3726 3453 3780 dictum
3497 3729 3610 3778 est:
3648 3726 3873 3779 Veritas

2172 3826 2357 3879 odium
2405 3824 2579 3891 parit,
2634 3820 2731 3873 sed
2789 3816 3172 3871 scribentibus
3226 3815 3412 3885 gravis
3450 3813 3618 3883 culpa
3664 3818 3751 3867 est
3784 3813 3873 3867 vel

2173 3913 2314 3967 falsa
2358 3911 2542 3964 dicere
2585 3912 2686 3962 aut
2728 3922 2863 3961 vera
2896 3904 3297 3959 intermittere.
3334 3903 3491 3958 Unde
3532 3918 3669 3971 pace
3694 3917 3875 3955 cunc-

2176 4006 2398 4055 ctorum
2464 3998 2633 4053 liceat
2707 3996 2836 4063 dici,
2898 3994 3051 4065 quod
3133 3994 3315 4047 scelus
3371 3996 3455 4046 est
3512 3990 3705 4045 celari.
3768 3991 3881 4044 Illa

2177 4088 2390 4160 quippe
2415 4087 2689 4157 prmelara
2719 4083 3054 4139 ancillarum
3088 4081 3187 4135 Dei
3232 4079 3601 4152 congregatio
3632 4078 3678 4114 δε
3714 4083 3880 4133 tanto

2178 4178 2366 4233 studio
2411 4180 2467 4230 et
2508 4174 2801 4230 devotione
2851 4170 3216 4226 dominorum
3250 4174 3579 4223 nostrorum
3637 4173 3881 4238 patrum

366 4270 636 4361 incitatus
670 4268 1054 4361 episcopalem
1098 4268 1428 4361 cathedram
1476 4267 1544 4321 ad
1576 4267 1830 4321 absidem
1874 4265 2068 4320 altaris
2098 4308 2141 4361 Β
2179 4264 2399 4338 patriae,
2460 4265 2667 4319 ducum
2717 4280 2780 4317 ac
2832 4277 3054 4331 regum,
3104 4276 3207 4331 per
3260 4257 3567 4312 Altfridum
3632 4257 3883 4327 ejusque

367 4359 507 4430 poni
533 4358 822 4429 praecepit,
876 4358 981 4410 hac
1035 4356 1283 4410 tuitionc
1315 4358 1502 4410 locum
1558 4370 1624 4409 ac
1654 4353 1914 4425 regimen
1961 4353 2069 4406 sibi

370 4446 701 4511 defendens,
732 4444 1054 4499 faventibus
1112 4444 1196 4497 illi
1229 4444 1347 4496 fere
1374 4443 1660 4505 omnibus,
1723 4442 1858 4511 quia
1888 4440 2071 4494 archi-

374 4533 630 4605 episcopi
675 4531 1028 4597 animositas,
1082 4531 1189 4585 etsi
1236 4535 1393 4584 metu
1440 4530 1593 4584 illius
1626 4528 2071 4595 dissimularent,

375 4621 594 4675 cunctis
656 4620 1010 4689 displicebat.
1073 4619 1389 4673 Dcstitutus
1440 4619 1636 4689 itaque
1693 4616 2073 4686 archiepisco-

374 4727 484 4783 pus
530 4708 911 4763 multitudinis
962 4710 1174 4774 favore,
1218 4707 1317 4778 qui
1348 4707 1505 4777 prius
1559 4722 1662 4760 suo
1705 4705 1824 4775 juri
1882 4705 2075 4759 omnia

375 4795 663 4868 promisit,
722 4797 810 4850 vix
855 4796 1065 4850 domna
1117 4796 1476 4865 Theuphanu
1514 4799 1570 4848 et
1614 4794 1894 4865 episcopis
1935 4794 2075 4847 obti-

376 4885 662 4951 nentibus,
697 4884 821 4956 ipso
869 4901 1100 4956 quoque
1158 4886 1307 4938 ultra
1347 4900 1521 4954 quam
1550 4883 1705 4937 credi
1735 4889 1925 4953 potest
1953 4899 2076 4954 sup-

376 4975 646 5047 plicantc,
674 4974 945 5041 obtinuit,
1006 4980 1072 5027 ut
1117 4973 1187 5027 ad
1238 4972 1556 5042 principale
1587 4973 1763 5025 altare
1821 4971 2076 5024 mistcria

376 5064 502 5136 ipsa
550 5062 641 5117 die
685 5067 895 5134 ageret,
945 5063 1024 5117 ita
1078 5061 1341 5115 videlicet
1378 5066 1442 5114 ut
1489 5061 1714 5115 domnae
1754 5058 1983 5129 Sophiae
2031 5064 2076 5096 “

2180 4368 2530 4410 successores
2585 4350 2844 4405 instituta
2893 4354 2998 4413 cst,
3041 4352 3104 4401 ut
3146 4347 3204 4400 in
3260 4345 3545 4416 principio
3603 4345 3885 4400 omnibus

2178 4440 2482 4494 imitabilcs
2538 4439 2827 4509 exemplar
2876 4435 3214 4491 humilitatis
3262 4450 3326 4487 ac
3386 4432 3637 4487 caritatis
3701 4434 3883 4488 ﬂore-

2182 4535 2324 4596 rent,
2379 4527 2712 4597 episcopum
2758 4541 2925 4579 suum
2981 4541 3009 4577 a
3084 4525 3195 4577 Deo
3237 4522 3285 4558 ⁸⁴
3341 4522 3449 4575 sibi
3498 4522 3888 4592 praepositum

2181 4616 2343 4687 quasi
2404 4616 2501 4670 Dei
2530 4614 2807 4669 nuncium
2841 4630 2905 4667 ac
2952 4618 3174 4683 patrem
3224 4611 3507 4673 audirent,
3539 4610 3800 4663 colerent.
3828 4616 3890 4664 et

2180 4708 2456 4769 amarent,
2498 4720 2697 4757 omnes
2754 4703 3143 4767 adventantes,
3198 4704 3370 4771 prout
3422 4700 3628 4769 cuique
3682 4715 3889 4768 perso-

2180 4811 2270 4849 nas
2307 4794 2681 4863 competebat,
2736 4791 3025 4862 praecipua
3080 4789 3435 4859 benignitate
3494 4787 3885 4855 susciperent.

2183 4883 2282 4937 Hic
2302 4882 2415 4936 illis
2446 4898 2599 4949 usus,
2627 4882 2735 4934 hoc
2789 4879 3040 4934 studium
3088 4878 3224 4945 fuit;
3254 4878 3363 4931 hoc
3402 4880 3596 4929 sancto
3627 4874 3754 4927 loco
3782 4889 3890 4927 re-

2179 4970 2492 5025 verentiam
2533 4976 2591 5023 et
2642 4969 2755 5023 illis
2798 4967 2947 5039 apud
2995 4983 3194 5021 omnes
3241 4964 3485 5036 gratiam
3541 4961 3891 5027 exhibebat;

2174 5060 2291 5114 hoc
2328 5058 2666 5113 humilitatis
2697 5056 3016 5129 privilegio,
3068 5071 3199 5110 cum
3240 5071 3343 5126 pro
3387 5052 3571 5107 causis
3607 5051 3894 5105 (ecclesia:

1797 5183 2029 5237 VABl/E
2064 5182 2353 5237 LECTION
2366 5184 2463 5237 ES.

449 5300 497 5336 '9
544 5301 931 5355 thiothardum
986 5303 1037 5353 2.
1087 5296 1139 5332 ³ο

382 5377 479 5427 ter.
548 5377 593 5408 ³⁸
622 5372 734 5425 illis
792 5375 846 5424 2.
915 5367 962 5402 ³⁵
994 5370 1085 5423 uel
1147 5366 1211 5423 2f
1251 5372 1304 5438 7“
1368 5368 1705 5438 intellegant
1760 5372 1811 5424 2.
1879 5366 1926 5404 ⁵⁷

1184 5297 1525 5369 gerbergam
1578 5300 1637 5352 2.
1691 5300 1731 5333 ³¹
1788 5314 1955 5369 mauu
2010 5299 2356 5369 secunda_2.

2402 5296 2452 5331 δ’
2506 5296 2866 5351 uuillihclmo
2918 5300 2971 5349 2.
3037 5294 3084 5330 ³³
3141 5293 3451 5364 Willigisus
3518 5296 3569 5347 2.
3619 5296 3887 5347 constan-

1992 5374 2074 5423 tot
2121 5373 2174 5423 2.
2244 5367 2598 5422 “instituta
2659 5371 2712 5422 2.
2776 5365 2824 5402 ³9
2883 5367 3028 5421 deest
3092 5369 3144 5421 2.
3216 5364 3261 5401 ⁴⁰
3298 5365 3573 5419 theofanu
3630 5367 3683 5417 2.
3748 5380 3893 5417 con-

378 5444 694 5515 stant_er._“
749 5440 1041 5515 hretha_rio
1100 5443 1153 5495 2.
1216 5437 1269 5515 "f'
1317 5436 1632 5515 hil'iibaldo
1680 5443 1755 5515 _2.
1812 5444 1855 5476 “
1906 5440 2273 5515 wormacensi
2330 5443 2382 5492 2.
2461 5444 2515 5515 ἦέ.
2562 5439 2794 5515 sophyae
2870 5442 2925 5515 2:
2992 5440 3275 5515 {tepenti
3344 5436 3574 5491 Publice
3647 5449 3892 5515 qupque

491 5511 536 5547 46

378 5517 430 5565 2.
491 5513 536 5547 ⁴⁶
592 5513 736 5567 deest
794 5515 847 5566 l.
922 5513 966 5546 ‘7
1018 5527 1196 5564 annos
1240 5514 1310 5564 2.-
1357 5513 1405 5547 ιδ
1459 5513 1514 5564 d.
1565 5513 1628 5566 Ο.
1680 5513 1720 5565 ῐ.
1794 5527 1845 5564 r.
1914 5515 1963 5564 2.

377 5580 428 5617 ⁵³
476 5585 557 5636 ita
581 5587 626 5637 l.
662 5584 711 5635 2.
738 5579 783 5618 ³³
814 5585 872 5634 in
902 5597 1077 5647 marg.
1113 5580 1510 5636 Gandeshcim.
1544 5584 1589 5618 ⁸⁸
1617 5599 1682 5635 ac
1714 5582 1783 5636 de
1814 5598 1881 5636 eo
1914 5584 1963 5634 2.

922 5508 966 5546 ⁴⁷
1018 5527 1196 5564 annos
1240 5514 1310 5564 2.-
1357 5509 1405 5547 ‘3
1459 5511 1514 5564 d.
1565 5512 1628 5566 Ο.
1680 5512 1720 5565 ῐ.
1794 5527 1845 5564 r.
1914 5515 1965 5564 2.
2019 5510 2064 5548 ‘9
2115 5511 2319 5565 islarus
2365 5515 2418 5564 2.
2471 5508 2518 5546 ⁸ο
2572 5507 2848 5564 liudulfus
2902 5512 2956 5563 2.
3011 5507 3053 5545 ³⁸
3111 5507 3318 5562 hildib.
3377 5507 3783 5560 wormaccnsis
3856 5511 3892 5559 2
