3944 6314
142 350 243 403 405

1531 352 1689 407 νιΤΑ
1728 352 1779 406 S.
1828 350 2266 406 BERNWARDI.

3548 352 3650 405 406

139 466 211 519 ad
271 466 554 538 palatium
613 464 964 534 citabantur,
1019 466 1219 522 habitu
1294 468 1604 523 admodum
1653 468 1836 523 nitido
1877 473 1913 525 Α
1949 473 2275 539 suppetere,
2311 468 2743 538 oboedientiam,
2783 474 2976 524 tamen
3045 472 3341 527 caritatem
3395 479 3452 527 et
3490 490 3649 529 reve-

142 556 228 608 vel
313 555 541 625 abjecto
605 554 920 620 venientes,
1009 561 1073 609 ut
1142 571 1288 609 verae
1337 556 1438 611 Dei
1489 558 1712 611 ancillae
1777 559 1847 610 ab

144 642 419 697 omnibus
452 643 813 697 habebantur
851 658 914 696 ac
945 644 1381 698 venerabantur.
1410 645 1519 699 Sed
1544 651 1844 716 postquam

143 733 309 785 luxus
332 748 397 785 ac
428 731 795 801 superfluitas
826 732 1080 800 accessit,
1115 748 1344 786 morum
1375 732 1685 787 insolentia
1719 734 1845 787 sub-

144 819 403 885 intravit,
448 819 801 874 oboedientia
857 820 1099 890 torpuit,
1156 823 1384 891 repulsa
1441 822 1844 892 episcoporum

146 908 493 974 reverentia;
528 909 684 979 quod
714 908 919 978 cuique
966 914 1088 963 erat
1126 910 1419 979 placitum,
1456 911 1701 965 faciebat
1732 911 1848 965 lici-

146 1003 288 1052 tum.
326 997 535 1051 Addita
566 1003 653 1051 est
689 1013 918 1068 quoque
941 997 1010 1051 ad
1041 1003 1417 1067 augmentum
1445 999 1582 1053 mali
1624 1000 1847 1054 diutina

147 1086 456 1140 inﬁrmitas
487 1087 716 1139 domum
746 1084 1072 1155 Gerburgis,
1104 1086 1359 1155 ejusdem
1402 1088 1648 1142 coanobii
1683 1104 1847 1142 vene-

150 1175 452 1229 rabillima:
481 1177 527 1211 ⁵⁵
559 1178 779 1242 matris,
803 1175 862 1228 in
894 1191 1067 1245 quam
1086 1175 1358 1229 Dominus
1388 1176 1638 1246 plurima
1669 1177 1843 1230 virtu-

149 1268 271 1317 tum
303 1263 558 1333 insignia
578 1264 851 1330 contulit;
875 1264 1138 1318 decessus
1169 1280 1401 1334 quoque
1441 1264 1845 1335 religiosarum

148 1366 434 1416 sororum,
472 1366 604 1421 quas
634 1351 740 1404 sub
773 1350 1089 1405 nutrimine
1121 1351 1370 1421 antiquae
1402 1351 1717 1423 disciplinae
1756 1352 1845 1406 in-

148 1438 367 1492 stitutae
397 1440 643 1493 fuerant.
681 1439 997 1493 Numerosa
1020 1443 1213 1492 autem
1245 1439 1518 1509 juventus
1558 1440 1844 1509 virginum

147 1527 591 1581 fructificaverat
640 1527 699 1580 in
777 1527 1054 1594 tyrocinio
1079 1527 1301 1582 Christi.
1352 1528 1490 1592 Quas
1537 1528 1845 1597 delicatius

145 1615 439 1681 enutritae,
498 1619 710 1669 metam
762 1615 967 1686 prioris
1032 1615 1347 1686 disciplinae
1399 1633 1462 1671 ac
1528 1616 1843 1670 severitatis

146 1704 505 1775 ignorantes,
542 1708 601 1757 ut
630 1706 717 1758 est
747 1704 1065 1758 humanum
1125 1710 1250 1773 post
1287 1721 1391 1759 sua
1430 1710 1557 1759 vota
1588 1704 1840 1759 declina-

146 1793 305 1846 bant.
336 1792 553 1862 Sophia
583 1808 833 1863 quoque,
881 1792 1092 1846 domua
1124 1792 1415 1864 Gerburga
1465 1793 1642 1847 invita
1692 1793 1841 1847 mul-

148 1886 388 1951 tumque
436 1880 745 1948 renitente,
810 1882 879 1936 ad
936 1880 1214 1949 palatium
1276 1881 1522 1934 factione
1570 1880 1844 1951 Willegisi

146 1968 572 2039 archiepiscopi
605 1985 663 2022 se
690 1968 953 2035 contulit,
978 1968 1173 2038 ibique
1200 1985 1415 2022 annum
1439 1969 1522 2023 vel
1545 1969 1842 2023 biennium

148 2062 524 2124 commorata,
604 2056 952 2112 dissolubilis
1036 2056 1165 2110 vitas
1242 2057 1528 2111 tramitem
1576 2058 1844 2112 incedens

150 2147 374 2201 varium
432 2147 503 2200 de
552 2162 611 2199 se
665 2146 873 2217 sparsit
924 2162 1236 2199 rumorem.
1287 2146 1450 2209 Quod
1506 2146 1844 2200 venerabilis

152 2236 526 2290 Bernwardus
556 2234 857 2306 episcOpus
894 2251 1007 2287 non
1038 2234 1248 2301 ferens,
1316 2233 1530 2304 quippe
1560 2234 1659 2305 qui
1686 2235 1845 2288 illam

148 2341 379 2394 semper
416 2340 642 2377 summo
672 2339 866 2377 amore
898 2328 954 2378 et
983 2323 1165 2395 gratia
1211 2323 1561 2393 percolebat,
1623 2323 1846 2377 blandis

146 2413 305 2466 illam
338 2412 575 2466 monitis
598 2412 666 2466 ad
693 2410 1108 2465 monasterium
1126 2410 1314 2465 redire
1347 2412 1645 2481 persuasit.
1680 2413 1846 2466 Cum-

148 2518 259 2572 que
289 2500 391 2555 illa
435 2499 701 2554 exteriori
749 2500 949 2554 auditu
978 2500 1065 2553 vix
1096 2500 1267 2553 verba
1296 2499 1449 2553 illius
1496 2500 1843 2565 admitteret,

147 2590 356 2661 saepius
385 2589 585 2642 eadem
619 2593 880 2659 repetens
912 2588 980 2642 ad
1012 2587 1337 2642 cmnobium
1390 2604 1516 2641 eam
1570 2589 1843 2658 repedare

146 2678 491 2733 familiarius
522 2676 821 2731 admonuit
848 2679 913 2731 ⁵⁸.
944 2678 1046 2731 Illa
1076 2680 1269 2730 autem
1299 2678 1342 2712 ⁵⁷
1407 2677 1530 2746 ejus
1558 2692 1845 2730 accessum

147 2771 203 2821 et
227 2766 659 2820 confabulatum
694 2764 882 2835 primo
933 2764 1228 2831 delinavit,
1277 2764 1484 2818 deinde
1538 2764 1607 2819 ad
1659 2766 1843 2818 archi-

147 2855 488 2925 episcopum
522 2855 671 2907 velut
700 2854 1114 2923 patrocinauda
1142 2852 1212 2907 ab
1242 2852 1341 2906 illo
1373 2853 1647 2923 confugit,
1682 2870 1842 2906 ama-

149 2943 400 2997 rioribus
454 2942 639 2996 verbis
696 2943 820 3011 ejus
872 2941 1130 2995 animum
1180 2941 1552 3011 exasperavit,
1614 2947 1844 3011 pactum

1955 557 2197 610 rentiam
2243 556 2360 610 suis
2437 558 2892 611 antecessoribus
2940 558 3009 612 ab
3049 558 3279 614 illarum
3337 552 3651 632 majoribus

1954 643 2288 708 exhibitam,
2315 658 2432 696 non
2462 659 2665 697 ausum
2726 659 2828 697 sua
2884 644 3108 699 levitate
3163 648 3474 719 negligere.
3524 652 3652 705 Haec

1956 747 2085 784 cum
2115 735 2355 800 paterno
2380 732 2572 785 animo
2604 739 2946 801 perorasset,
2999 735 3204 804 majori
3239 736 3371 791 odio
3409 740 3652 808 peccatis

1955 819 2384 873 stimulantibus
2443 819 2568 873 illas
2625 820 2685 873 in
2752 837 2811 873 se
2869 822 3193 889 concitavit,
3236 824 3448 896 Sophia
3501 831 3652 880 utro-

1955 907 2129 978 bique
2160 924 2227 960 ex
2276 912 2436 977 parte
2484 908 2900 981 archiepiscopi
2930 927 2993 964 ac
3022 913 3486 983 congregationis
3518 932 3649 985 per-

1956 1001 2223 1066 urgente.

2032 1088 2115 1139 16.
2159 1085 2412 1140 Instabat
2450 1090 2640 1140 autem
2695 1086 2858 1152 hora,
2918 1103 3031 1158 qua
3074 1087 3288 1142 domna
3345 1090 3652 1160 Gerburgis

1956 1173 2267 1227 aecclesiam
2298 1190 2471 1244 quam
2499 1179 2899 1229 construxerat
2937 1176 3255 1231 consecrari
3296 1177 3649 1247 depoposce-

1954 1266 2066 1316 rat.
2108 1263 2265 1316 Unde
2299 1262 2435 1333 quia
2460 1263 2601 1333 ipsa,
2637 1261 2859 1316 diutina
2905 1262 3239 1318 infirmitate
3284 1265 3543 1335 fatigata,
3574 1266 3644 1321 ad

1956 1351 2219 1404 obeunda
2240 1356 2414 1405 tantae
2442 1351 2763 1405 festivitatis
2793 1352 3136 1422 sollempnia
3190 1353 3425 1407 minime
3478 1354 3648 1408 suffe-

1954 1443 2129 1506 cerat,
2178 1438 2407 1509 Sophia,
2464 1439 2699 1493 domina
2749 1444 2805 1494 et
2861 1445 3041 1494 matre
3073 1442 3486 1507 consentiente,
3519 1447 3643 1496 stu-

1956 1527 2113 1582 dium
2140 1528 2287 1581 tanti
2314 1527 2525 1581 laboris
2557 1532 2958 1598 assumpserat.
3012 1530 3075 1582 Et
3106 1545 3267 1583 more
3348 1547 3449 1583 suo
3504 1547 3642 1601 pro-

1954 1616 2147 1686 prium
2174 1615 2509 1685 episcopum
2529 1613 2574 1650 ⁶¹
2616 1620 2969 1686 postpouunt
2992 1620 3049 1669 et
3100 1616 3405 1687 abjiciunt;
3461 1617 3647 1672 archi-

1955 1704 2259 1774 episcopus
2281 1702 2605 1770 accersitur,
2639 1719 2751 1774 quo
2811 1703 3109 1758 ordinante
3148 1711 3352 1760 cuncta
3380 1706 3451 1760 ad
3490 1706 3646 1760 dedi-

1953 1793 2239 1847 cationem
2304 1792 2651 1863 pertinentia
2722 1792 3137 1862 disponuntur;
3209 1794 3649 1849 consecrationis

1952 1881 2105 1936 diem
2137 1884 2418 1949 statuunt,
2459 1880 2819 1935 exaltationis
2877 1880 3138 1935 videlicet
3184 1888 3397 1936 sanctas
3467 1882 3647 1936 crucis

1952 1970 2438 2040 sollempnitatem
2473 1969 2641 2040 (Sept.
2680 1969 2785 2038 14).
2816 1969 3056 2025 Mittitur
3085 1976 3278 2024 autem
3326 1977 3385 2025 et
3423 1972 3648 2041 legatus

1952 2074 2021 2113 ex
2048 2060 2224 2112 latere
2251 2059 2476 2112 domnae.
2495 2057 2815 2125 abbatissa,
2869 2057 2969 2128 qui
3019 2058 3296 2113 domnum
3352 2059 3648 2112 Bernwar—

1951 2147 2089 2201 dum
2163 2146 2237 2201 ad
2285 2146 2700 2201 dedicationem
2747 2145 2950 2199 invitet
3001 2146 3269 2216 diemque
3318 2147 3644 2202 denunciet.

1952 2236 2058 2291 Sed
2084 2251 2437 2307 quamquam
2474 2235 2665 2305 plures
2713 2234 2879 2288 illum
2942 2234 3316 2305 auticipatum
3372 2236 3650 2306 archiepi-

1953 2325 2113 2395 scOpi
2143 2324 2513 2379 advocatione
2536 2323 2871 2393 objicerent,
2913 2322 3028 2377 leni
3068 2328 3263 2377 tamen
3302 2323 3494 2377 animo
3526 2324 3646 2377 suf—

1951 2414 2159 2475 ferens,
2192 2412 2264 2466 ad
2294 2410 2693 2482 praescriptum
2724 2411 2879 2467 diem
2907 2427 2967 2465 se
2995 2417 3304 2465 venturum
3361 2411 3643 2482 promisit.

1954 2503 2199 2567 Interea,
2233 2500 2513 2553 incertum
2562 2516 2673 2569 qua
2703 2499 2772 2553 de
2802 2514 2989 2567 causa,
3051 2499 3508 2569 archiepiscopus
3535 2504 3642 2552 sta-

1954 2594 2144 2643 tutum
2171 2593 2371 2654 mutat,
2405 2589 2555 2641 diem
2582 2587 2812 2654 abdicit,
2853 2591 3024 2656 atque
3069 2587 3312 2640 eandem
3339 2587 3646 2640 dedicatio-

1954 2694 2088 2732 nem
2148 2677 2208 2731 in
2250 2677 2613 2731 festivitatem
2660 2662 2841 2729 saneti
2887 2675 3093 2729 Mathei
3146 2675 3394 2745 apostoli
3445 2674 3649 2729 indicit

1955 2769 2127 2836 (Sept.
2156 2770 2272 2833 2t),
2308 2766 2519 2819 domno
2548 2780 2779 2835 quoque
2812 2763 3147 2817 Bernwardo
3206 2765 3327 2833 pari
3362 2770 3647 2833 potestate

1954 2861 2017 2909 ut
2038 2854 2174 2908 olim
2202 2853 2262 2906 in
2286 2853 2563 2906 relatione
2595 2852 2821 2921 Sophiae
2850 2851 3159 2905 venerabili
3183 2851 3393 2905 domno
3423 2852 3644 2922 Osdago

1954 2943 2298 3013 legationem
2331 2940 2543 3008 dirigit,
2580 2941 2855 2993 mandans
2910 2944 2972 2993 ut
3010 2940 3404 2993 incunctanter
3433 2940 3517 2994 illi
3576 2942 3646 2995 ad

150 3034 335 3087 fcedus
376 3033 436 3086 in
490 3048 593 3085 sua
639 3030 922 3085 velatione
972 3030 1240 3084 inanibus
1274 3030 1459 3084 verbis
1509 3031 1842 3084 annullavit°
1879 3052 1918 3105 ρ
1956 3031 2376 3086 dedicationem
2428 3029 2489 3083 in
2546 3029 2781 3099 praefata
2826 3028 3132 3082 festivitate
3188 3034 3462 3081 occurrat.
3523 3030 3646 3099 Ipse

151 3123 348 3177 dicens
373 3121 564 3175 abillo
614 3137 671 3174 se
721 3121 986 3185 velatam,
1024 3136 1140 3173 non
1170 3120 1241 3173 ab
1293 3119 1847 3173 Hildenesheimensi

150 3212 446 3284 episcopo,
506 3211 575 3264 ad
645 3209 1027 3281 provisionem
1094 3208 1413 3262 Bcrnwardi
1461 3207 1712 3279 episcopi
1787 3224 1846 3262 se

151 3298 395 3351 minime
458 3296 766 3367 pertinere,
842 3297 912 3350 ad
958 3312 1119 3350 suam
1177 3296 1449 3350 diocesim
1518 3296 1844 3351 coenobium

151 3385 748 3441 Gandenseheimense
771 3384 1073 3455 respicere,
1100 3386 1290 3455 plures
1316 3401 1375 3439 se
1421 3385 1707 3439 invenisse
1746 3385 1845 3456 qui

149 3474 256 3528 hoc
276 3472 556 3527 veraciter
584 3477 883 3527 testentur.
920 3472 1014 3525 His
1072 3478 1129 3526 et
1168 3473 1505 3543 hujusmodi
1558 3473 1603 3509 ⁵⁸
1658 3474 1844 3527 verbis

149 3561 563 3632 archiepiscopi
609 3562 867 3615 animum
926 3561 1194 3614 adversus
1234 3554 1512 3616 domuum
1553 3564 1843 3616 Bernwar-

149 3652 291 3705 dum
326 3649 577 3720 graviter
601 3649 931 3703 commovit.
965 3650 1097 3702 Post
1152 3649 1273 3703 hinc
1311 3650 1765 3703 Gandenesheim
1796 3646 1842 3685 ⁵9

149 3738 383 3809 repetit,
416 3737 569 3791 varia
625 3737 693 3791 de
725 3737 992 3807 episcopo
1010 3736 1162 3791 inter
1184 3754 1404 3791 sorores
1426 3737 1840 3805 disseminavit,

148 3828 280 3882 nisu
310 3843 426 3898 quo
461 3831 685 3895 poterat
713 3826 879 3879 illum
928 3826 1053 3879 loco
1089 3827 1373 3896 expellere
1406 3832 1576 3898 atque
1634 3827 1842 3881 abalie-

150 3933 288 3970 nare
314 3915 574 3985 parabat.

222 4007 307 4059 15.
341 4004 477 4075 (Αη.
525 4002 704 4073 1000.)
735 4003 957 4057 Interea
980 4002 1281 4074 episcopus
1305 4019 1649 4073 cognoscens
1707 4004 1844 4057 talia

147 4094 301 4148 circa
340 4109 400 4146 se
441 4091 652 4158 moliri,
711 4091 1164 4147 Gandenesheim
1202 4092 1377 4158 venit,
1434 4092 1683 4164 graviter
1712 4093 1844 4146 tulit

148 4199 208 4236 se
238 4180 572 4245 abalienari,
600 4195 703 4234 nec
749 4179 964 4251 aliquid
1021 4179 1269 4233 caritatis
1322 4180 1412 4233 vel
1470 4180 1704 4234 honoris
1733 4180 1841 4234 sibi

149 4277 214 4326 ut
243 4268 695 4324 antecessoribus
725 4269 841 4322 suis
887 4268 1164 4334 exhiberi,
1199 4269 1298 4323 sed
1345 4268 1495 4322 infra
1544 4274 1838 4323 extraneos

1960 3135 2091 3172 vero
2114 3133 2282 3172 suum
2313 3117 2562 3186 legatum
2593 3119 2761 3186 atque
2818 3115 3026 3179 scripta
3075 3114 3503 3184 archiepiscopo
3554 3131 3644 3168 re-

1957 3206 2154 3275 mittit,
2187 3209 2442 3260 astruens
2466 3203 2857 3273 imperialibus
2880 3202 3057 3271 jussis
3088 3202 3447 3267 obstrictum,
3480 3202 3643 3255 seriis

1957 3295 2301 3367 quibusdam
2325 3291 2613 3361 occupari,
2651 3307 2755 3345 nec
2782 3307 2946 3361 posse
2993 3290 3065 3344 ad
3126 3289 3543 3343 dedicationem
3584 3296 3648 3344 ut

1950 3383 2175 3453 jussum
2203 3386 2287 3434 est
2317 3379 2437 3450 ipsa
2461 3378 2552 3431 die
2591 3377 2677 3431 illi
2701 3392 3018 3429 occurrere.

2034 3475 2112 3524 l7.
2167 3470 2227 3522 In
2272 3467 2614 3521 exaltatione
2666 3472 2856 3519 tamen
2930 3468 3137 3518 sanctae
3206 3465 3357 3517 curis
3424 3464 3643 3518 Gande-

1956 3557 2211 3613 nesheim
2252 3556 2423 3617 venit,
2460 3553 2771 3608 oscelesiam
2804 3553 3185 3619 dedicaturus,
3245 3552 3388 3606 sicut
3435 3552 3646 3607 domna

1954 3646 2237 3702 abbatissa
2268 3645 2326 3698 in
2358 3642 2636 3714 principio
2675 3642 2988 3712 disposuit;
3033 3641 3112 3695 nil
3139 3646 3401 3712 paratum
3432 3656 3643 3710 reppe-

1955 3737 2047 3803 rit,
2082 3737 2258 3790 immo
2289 3732 2514 3803 aliquos
2542 3732 2823 3795 collectos,
2889 3730 2987 3801 qui
3033 3729 3117 3784 illi
3172 3730 3520 3795 resisterent,
3587 3734 3645 3782 et

1953 3842 2083 3879 cum
2111 3822 2326 3895 injuria
2356 3820 2649 3889 ejicerent,
2683 3819 2731 3872 si
2789 3818 2932 3873 forte
2985 3835 3115 3872 cum
3167 3818 3283 3872 suis
3333 3818 3642 3872 mcclesiam

1954 3928 2283 3968 consecrare
2332 3911 2613 3963 violenter
2642 3913 2956 3979 appeteret.
3023 3909 3175 3961 Hanc
3233 3907 3386 3960 enim
3434 3906 3645 3961 famam

1952 4003 2065 4058 illa:
2094 4002 2494 4073 disperserant,
2538 4014 2665 4051 cum
2699 3997 2798 4051 Dei
2829 4003 2970 4050 teste
3012 3995 3187 4050 nichil
3249 3992 3643 4065 hujuscemodi

1953 4094 2321 4162 attemptaret
2364 4089 2451 4142 vel
2502 4092 2691 4141 mente
2746 4086 3089 4153 conciperet.
3142 4085 3267 4137 Jam
3328 4082 3644 4137 enim'tota

1952 4185 2144 4233 mente
2182 4179 2251 4232 ad
2291 4175 2783 4245 archiepiscopum
2814 4174 3211 4241 confugerant,
3242 4187 3298 4224 se
3357 4175 3529 4240 atque
3555 4171 3645 4223 lo—
3674 4178 3683 4183 ’

1953 4283 2083 4320 cum
2133 4266 2256 4335 ejus
2310 4262 2542 4318 tuitioni
2594 4262 2956 4315 devoverant.
3009 4259 3223 4327 Sophia
3276 4257 3502 4310 assidue
3563 4256 3646 4310 illi

148 4359 450 4429 episcopos
471 4374 531 4411 se
581 4357 831 4424 tractari,
863 4372 994 4411 cum
1022 4361 1216 4411 tamen
1263 4356 1334 4411 ab
1384 4356 1838 4410 antecessoribus
1880 4326 1921 4379 Β
1954 4355 2245 4409 cohaerens
2265 4356 2321 4405 et
2347 4349 2699 4413 cohabitans,
2731 4349 2854 4402 haec
2885 4345 3135 4401 interdiu
3175 4351 3461 4414 noctuque
3521 4361 3642 4398 am-

150 4448 267 4502 snis
288 4447 361 4501 ad
389 4450 650 4500 sanctum
692 4446 881 4500 locum
908 4445 1213 4499 innumera
1258 4445 1411 4499 bona
1459 4446 1665 4499 collata
1706 4444 1838 4509 sint,

154 4536 396 4592 decimae
423 4551 655 4606 quoque
684 4551 751 4588 ex
782 4551 884 4588 sua
910 4539 1071 4604 parte
1103 4535 1298 4604 plures
1329 4538 1387 4588 et
1422 4533 1739 4604 antiquitus
1786 4538 1841 4586 et

154 4626 436 4680 moderno
468 4628 729 4693 tempore
793 4622 1104 4693 impensas;
1161 4627 1218 4675 et
1256 4639 1360 4693 pro
1409 4622 1495 4676 his
1550 4621 1841 4677 beneﬁciis

150 4713 429 4784 injuriam
460 4716 517 4765 et
542 4710 952 4765 contumeliam
980 4711 1088 4765 sibi
1139 4711 1566 4782 reconpensari,
1629 4711 1843 4765 tributa

150 4819 279 4872 qua:
310 4818 416 4873 pro
475 4800 711 4856 decimis
759 4801 1030 4856 solvenda
1083 4805 1273 4854 essent
1318 4800 1644 4865 imminuta,
1696 4816 1843 4870 saepe

151 4906 381 4961 quoque
411 4889 611 4944 fraude
642 4893 880 4959 negata;
938 4888 1367 4954 oboedientiam,
1406 4905 1518 4958 quo
1565 4887 1724 4942 nulla
1760 4887 1842 4939 vi-

148 4978 325 5032 ctima
352 4980 465 5032 Deo
503 4976 721 5048 gratior
746 4982 850 5043 est,
881 4993 1010 5030 cum
1056 4977 1381 5031 humilitate
1410 4977 1471 5030 in
1526 4993 1622 5031 ara
1663 4976 1848 5030 cordis

150 5067 465 5138 persuadet
494 5066 806 5131 immolari,
839 5066 1123 5137 patienter
1149 5083 1208 5120 se
1266 5066 1461 5119 omnia
1517 5081 1682 5136 posse
1739 5065 1849 5119 suf-

150 5157 320 5224 ferre,
352 5160 555 5226 paveat
598 5160 791 5209 tamen
857 5155 1167 5222 Christum,
1222 5155 1385 5225 cujus
1414 5155 1533 5208 vice
1564 5152 1846 5223 fungitur,

148 5244 208 5298 in
239 5261 300 5298 se
329 5244 640 5310 offendere,
670 5244 943 5314 quicquid
976 5244 1244 5314 ingerent
1264 5260 1368 5315 pro
1390 5243 1610 5298 meritis
1660 5242 1708 5279 σο
1741 5242 1852 5298 sibi

1950 4442 2158 4497 biebat.
2191 4440 2489 4495 Missarum
2519 4453 2651 4491 vero
2681 4435 2729 4472 ⁸³
2759 4433 3103 4506 sollempnia
3152 4434 3396 4487 domnus
3427 4432 3644 4504 episco-

1952 4547 2059 4600 pus
2088 4530 2211 4600 ipsa
2243 4528 2334 4582 die
2365 4525 2577 4580 ibidem
2609 4524 2935 4590 celebravit,
2999 4522 3135 4577 lieet
3192 4522 3441 4575 maxima
3506 4537 3644 4576 con-

1954 4614 2751 4691 gregationisindignatione,
2784 4612 3015 4667 easdem
3046 4617 3261 4676 tamen,
3304 4615 3367 4664 ut
3407 4609 3646 4664 oblatio-

1955 4723 2054 4761 nes
2082 4704 2131 4740 ⁸³
2161 4705 2434 4759 offerrent
2480 4702 3059 4771 benedictionemque
3106 4700 3487 4771 perciperent,
3540 4698 3645 4753 ad-

1955 4794 2199 4850 monuit.
2250 4793 2413 4848 Plebs
2450 4807 2705 4862 quoque,
2756 4795 3050 4860 comperto
3102 4789 3192 4842 sui
3240 4787 3494 4858 episcopi
3544 4788 3646 4841 ad-

1955 4887 2149 4949 ventu,
2182 4880 2346 4953 quasi
2377 4881 2444 4935 ad
2516 4879 2999 4948 sollempnitatem
3053 4876 3337 4944 convenit,
3403 4891 3648 4930 moerens

1958 4978 2014 5027 et
2042 4973 2191 5027 ultra
2220 4986 2394 5042 quam
2433 4968 2586 5023 credi
2618 4970 2811 5039 posset
2840 4983 2992 5037 aegre
3048 4966 3255 5031 ferens,
3314 4964 3647 5036 episcopum

1958 5059 2262 5116 insolentia
2293 5064 2463 5129 atque
2494 5055 2903 5112 inoboedientia
2952 5056 3078 5109 loco
3122 5055 3369 5109 detrudi.
3412 5054 3564 5119 Quos
3594 5058 3650 5108 et

1962 5166 2160 5206 omnes
2189 5149 2558 5204 adventantes
2596 5147 2793 5201 limato
2815 5159 3078 5200 sermone
3127 5144 3446 5207 consolans,
3476 5142 3647 5196 lacri-

1964 5239 2162 5295 mabili
2192 5243 2399 5310 questu
2445 5236 2671 5307 publice
2720 5232 3229 5298 commemorabat,
3285 5247 3344 5285 se
3380 5230 3503 5302 ipsa
3557 5230 3649 5284 die

1572 5385 1805 5440 VARUE
1836 5383 2127 5439 LECTION
2137 5381 2233 5435 ES.

227 5524 271 5556 ⁸⁸
332 5510 413 5574 ita
471 5524 518 5575 l.
570 5524 623 5586 2,
687 5523 738 5575 et
792 5524 837 5573 t.
894 5520 1078 5574 eadem
1133 5534 1301 5573 manu
1361 5516 1882 5573 venerabilissimac.

285 5591 639 5641 candeshem
669 5595 724 5641 2.
757 5595 1081 5641 constanter.
1158 5590 1206 5626 ⁶⁰
1227 5607 1303 5641 m.
1337 5590 1452 5641 suis
1481 5607 1522 5641 s.
1554 5592 1604 5641 2.
1682 5586 1727 5622 ⁶¹
1762 5588 1948 5641 ἀθεεΗ

1799 5604 1907 5641 εεει
1930 5604 1948 5641 ‘I
1963 5627 1978 5640 .

157 5589 206 5626 5°
284 5591 639 5662 gandeshem
669 5595 724 5645 2.
757 5595 1081 5646 constanter.
1158 5590 1206 5626 ⁶⁰
1227 5607 1303 5644 m.
1337 5590 1452 5643 suis
1481 5607 1522 5643 s.
1554 5592 1604 5643 2.

2565 5510 2610 5547 ⁵⁷
2642 5526 2890 5578 namque
2922 5513 2982 5565 2.
3064 5508 3110 5545 ³⁸
3172 5507 3647 5579 hujuscemodi2.

2515 5585 2560 5618 ⁸⁸
2598 5598 2654 5636 o.
2684 5582 2753 5636 ad
2780 5580 3015 5635 missam
3071 5596 3124 5633 o.
3157 5582 3218 5634 2.

1959 5515 2006 5552 ⁸⁸
2044 5514 2382 5570 ⁴εῑωῑιιοηιιίῐ
2436 5516 2488 5566 2.

2054 5585 2104 5620 ⁶²
2124 5601 2365 5656 quoque
2384 5587 2438 5637 2.
