  <div class='ocr_page' id='page_1' title='image "/cluster/home/n/w/nwhite01/storage/ocr_20150623/140/umn.31951002477433x/238.png"; bbox 0 0 3944 6306; ppageno 0'>
   <div class='ocr_carea' id='block_1_1' title="bbox 135 291 3386 369">
    <p class='ocr_par' dir='ltr' id='par_1_1' title="bbox 135 291 3386 369">
     <span class='ocr_line' id='line_1_1' title="bbox 135 291 3386 369; baseline 0.001 -5"><span class='ocrx_word' id='word_1_1' title='bbox 135 313 232 365; x_wconf 68' lang='grc' dir='ltr'><strong>ωο</strong></span> <span class='ocrx_word' id='word_1_2' title='bbox 1522 312 1679 366; x_wconf 84' lang='lat' dir='ltr'><strong>Vl&#39;l‘A</strong></span> <span class='ocrx_word' id='word_1_3' title='bbox 1719 313 1772 366; x_wconf 91' lang='lat' dir='ltr'><strong>s.</strong></span> <span class='ocrx_word' id='word_1_4' title='bbox 1819 313 2264 369; x_wconf 79' lang='lat' dir='ltr'><strong>BERNWARDI.</strong></span> <span class='ocrx_word' id='word_1_5' title='bbox 3364 291 3386 333; x_wconf 85' lang='lat'><em>’</em></span> 
     </span>
    </p>
   </div>
   <div class='ocr_carea' id='block_1_2' title="bbox 3539 324 3643 377">
    <p class='ocr_par' dir='ltr' id='par_1_2' title="bbox 3539 324 3643 377">
     <span class='ocr_line' id='line_1_2' title="bbox 3539 324 3643 377; baseline 0 -1"><span class='ocrx_word' id='word_1_6' title='bbox 3539 324 3643 377; x_wconf 69' lang='grc'>410</span> 
     </span>
    </p>
   </div>
   <div class='ocr_carea' id='block_1_3' title="bbox 135 435 3636 511">
    <p class='ocr_par' dir='ltr' id='par_1_3' title="bbox 135 435 3636 511">
     <span class='ocr_line' id='line_1_3' title="bbox 135 435 3636 511; baseline 0.003 -21"><span class='ocrx_word' id='word_1_7' title='bbox 135 438 572 507; x_wconf 84' lang='lat' dir='ltr'><strong>imperatorem,</strong></span> <span class='ocrx_word' id='word_1_8' title='bbox 629 453 801 509; x_wconf 90' lang='lat' dir='ltr'><strong>quem</strong></span> <span class='ocrx_word' id='word_1_9' title='bbox 855 436 1022 491; x_wconf 87' lang='lat' dir='ltr'><strong>unice</strong></span> <span class='ocrx_word' id='word_1_10' title='bbox 1056 436 1302 500; x_wconf 90' lang='lat' dir='ltr'><strong>amabat,</strong></span> <span class='ocrx_word' id='word_1_11' title='bbox 1347 435 1559 490; x_wconf 88' lang='lat' dir='ltr'><strong>videre.</strong></span> <span class='ocrx_word' id='word_1_12' title='bbox 1613 437 1830 491; x_wconf 88' lang='lat' dir='ltr'><strong>Paratis</strong></span> <span class='ocrx_word' id='word_1_13' title='bbox 1860 441 1902 495; x_wconf 81' lang='grc' dir='ltr'><strong>Α</strong></span> <span class='ocrx_word' id='word_1_14' title='bbox 1941 442 1996 491; x_wconf 89' lang='lat' dir='ltr'><strong>et</strong></span> <span class='ocrx_word' id='word_1_15' title='bbox 2026 454 2154 492; x_wconf 91' lang='lat' dir='ltr'><strong>cum</strong></span> <span class='ocrx_word' id='word_1_16' title='bbox 2185 438 2393 493; x_wconf 90' lang='lat' dir='ltr'><strong>domno</strong></span> <span class='ocrx_word' id='word_1_17' title='bbox 2424 439 2740 508; x_wconf 89' lang='lat' dir='ltr'><strong>apostolico</strong></span> <span class='ocrx_word' id='word_1_18' title='bbox 2772 443 2828 494; x_wconf 90' lang='lat' dir='ltr'><strong>et</strong></span> <span class='ocrx_word' id='word_1_19' title='bbox 2853 440 3200 511; x_wconf 82' lang='lat' dir='ltr'><strong>imperatore</strong></span> <span class='ocrx_word' id='word_1_20' title='bbox 3228 445 3517 501; x_wconf 81' lang='lat' dir='ltr'><strong>consistat.</strong></span> <span class='ocrx_word' id='word_1_21' title='bbox 3553 447 3636 502; x_wconf 84' lang='lat' dir='ltr'><strong>Ad</strong></span> 
     </span>
    </p>
   </div>
   <div class='ocr_carea' id='block_1_4' title="bbox 136 525 1835 596">
    <p class='ocr_par' dir='ltr' id='par_1_4' title="bbox 136 525 1835 596">
     <span class='ocr_line' id='line_1_4' title="bbox 136 525 1835 596; baseline 0.001 -17"><span class='ocrx_word' id='word_1_22' title='bbox 136 527 327 596; x_wconf 84' lang='lat' dir='ltr'><strong>itaque</strong></span> <span class='ocrx_word' id='word_1_23' title='bbox 348 533 507 582; x_wconf 90' lang='lat' dir='ltr'><strong>tanto</strong></span> <span class='ocrx_word' id='word_1_24' title='bbox 525 527 720 581; x_wconf 77' lang='lat' dir='ltr'><strong>itineri</strong></span> <span class='ocrx_word' id='word_1_25' title='bbox 741 525 1096 592; x_wconf 84' lang='lat' dir='ltr'><strong>necessariis,</strong></span> <span class='ocrx_word' id='word_1_26' title='bbox 1117 542 1220 595; x_wconf 91' lang='lat' dir='ltr'><strong>per</strong></span> <span class='ocrx_word' id='word_1_27' title='bbox 1237 526 1440 578; x_wconf 82' lang='lat' dir='ltr'><strong>vallem</strong></span> <span class='ocrx_word' id='word_1_28' title='bbox 1454 525 1684 579; x_wconf 81' lang='lat' dir='ltr'><strong>Tarenti</strong></span> <span class='ocrx_word' id='word_1_29' title='bbox 1709 528 1835 595; x_wconf 78' lang='lat'><strong>(36),</strong></span> 
     </span>
    </p>
   </div>
   <div class='ocr_carea' id='block_1_5' title="bbox 136 614 1832 686">
    <p class='ocr_par' dir='ltr' id='par_1_5' title="bbox 136 614 1832 686">
     <span class='ocr_line' id='line_1_5' title="bbox 136 614 1832 686; baseline -0.001 -17"><span class='ocrx_word' id='word_1_30' title='bbox 136 616 275 686; x_wconf 85' lang='lat' dir='ltr'><strong>quia</strong></span> <span class='ocrx_word' id='word_1_31' title='bbox 302 633 370 670; x_wconf 89' lang='lat' dir='ltr'><strong>ea</strong></span> <span class='ocrx_word' id='word_1_32' title='bbox 407 617 502 670; x_wconf 88' lang='lat' dir='ltr'><strong>via</strong></span> <span class='ocrx_word' id='word_1_33' title='bbox 528 616 880 670; x_wconf 83' lang='lat' dir='ltr'><strong>commodior</strong></span> <span class='ocrx_word' id='word_1_34' title='bbox 925 620 1011 668; x_wconf 91' lang='lat' dir='ltr'><strong>est</strong></span> <span class='ocrx_word' id='word_1_35' title='bbox 1056 614 1198 682; x_wconf 88' lang='lat' dir='ltr'><strong>visa,</strong></span> <span class='ocrx_word' id='word_1_36' title='bbox 1235 619 1317 668; x_wconf 90' lang='lat' dir='ltr'><strong>ire</strong></span> <span class='ocrx_word' id='word_1_37' title='bbox 1373 614 1421 649; x_wconf 75' lang='lat'><strong>7°</strong></span> <span class='ocrx_word' id='word_1_38' title='bbox 1487 616 1832 684; x_wconf 84' lang='lat' dir='ltr'><strong>procuravit,</strong></span> 
     </span>
    </p>
   </div>
   <div class='ocr_carea' id='block_1_6' title="bbox 136 702 1835 774">
    <p class='ocr_par' dir='ltr' id='par_1_6' title="bbox 136 702 1835 774">
     <span class='ocr_line' id='line_1_6' title="bbox 136 702 1835 774; baseline -0.001 -16"><span class='ocrx_word' id='word_1_39' title='bbox 136 704 356 758; x_wconf 84' lang='lat' dir='ltr'><strong>habens</strong></span> <span class='ocrx_word' id='word_1_40' title='bbox 402 722 592 759; x_wconf 88' lang='lat' dir='ltr'><strong>secum</strong></span> <span class='ocrx_word' id='word_1_41' title='bbox 624 705 832 774; x_wconf 90' lang='lat' dir='ltr'><strong>scripta</strong></span> <span class='ocrx_word' id='word_1_42' title='bbox 888 702 938 737; x_wconf 81' lang='grc' dir='ltr'><strong>⁸ο</strong></span> <span class='ocrx_word' id='word_1_43' title='bbox 967 703 1227 756; x_wconf 91' lang='lat' dir='ltr'><strong>omnium</strong></span> <span class='ocrx_word' id='word_1_44' title='bbox 1275 702 1684 772; x_wconf 80' lang='lat' dir='ltr'><strong>Cisalpinorum</strong></span> <span class='ocrx_word' id='word_1_45' title='bbox 1715 704 1835 774; x_wconf 91' lang='lat' dir='ltr'><strong>epi-</strong></span> 
     </span>
    </p>
   </div>
   <div class='ocr_carea' id='block_1_7' title="bbox 139 792 1836 865">
    <p class='ocr_par' dir='ltr' id='par_1_7' title="bbox 139 792 1836 865">
     <span class='ocr_line' id='line_1_7' title="bbox 139 792 1836 865; baseline -0.001 -18"><span class='ocrx_word' id='word_1_46' title='bbox 139 811 469 865; x_wconf 89' lang='lat' dir='ltr'><strong>scoporum.</strong></span> <span class='ocrx_word' id='word_1_47' title='bbox 501 798 678 848; x_wconf 88' lang='lat' dir='ltr'><strong>Porro</strong></span> <span class='ocrx_word' id='word_1_48' title='bbox 712 810 862 847; x_wconf 91' lang='lat' dir='ltr'><strong>anno</strong></span> <span class='ocrx_word' id='word_1_49' title='bbox 895 793 1308 846; x_wconf 86' lang='lat' dir='ltr'><strong>incarnationis</strong></span> <span class='ocrx_word' id='word_1_50' title='bbox 1341 793 1569 846; x_wconf 90' lang='lat' dir='ltr'><strong>Domini</strong></span> <span class='ocrx_word' id='word_1_51' title='bbox 1598 792 1836 846; x_wconf 63' lang='lat' dir='ltr'><strong>millesi-</strong></span> 
     </span>
    </p>
   </div>
   <div class='ocr_carea' id='block_1_8' title="bbox 137 881 1837 950">
    <p class='ocr_par' dir='ltr' id='par_1_8' title="bbox 137 881 1837 950">
     <span class='ocr_line' id='line_1_8' title="bbox 137 881 1837 950; baseline -0.001 -15"><span class='ocrx_word' id='word_1_52' title='bbox 137 899 230 936; x_wconf 91' lang='lat' dir='ltr'><strong>mo</strong></span> <span class='ocrx_word' id='word_1_53' title='bbox 252 882 320 950; x_wconf 69' lang='grc' dir='ltr'><strong>εί,</strong></span> <span class='ocrx_word' id='word_1_54' title='bbox 357 901 409 937; x_wconf 83' lang='lat' dir='ltr'><strong>iv</strong></span> <span class='ocrx_word' id='word_1_55' title='bbox 445 886 634 937; x_wconf 87' lang='lat' dir='ltr'><strong>Nonas</strong></span> <span class='ocrx_word' id='word_1_56' title='bbox 681 881 1013 937; x_wconf 77' lang='lat' dir='ltr'><strong>Novembris</strong></span> <span class='ocrx_word' id='word_1_57' title='bbox 1045 884 1196 949; x_wconf 88' lang='lat' dir='ltr'><strong>(Nov.</strong></span> <span class='ocrx_word' id='word_1_58' title='bbox 1253 885 1307 947; x_wconf 88' lang='lat'><strong>2)</strong></span> <span class='ocrx_word' id='word_1_59' title='bbox 1359 881 1539 934; x_wconf 86' lang='lat' dir='ltr'><strong>nimio</strong></span> <span class='ocrx_word' id='word_1_60' title='bbox 1594 897 1837 935; x_wconf 69' lang='lat' dir='ltr'><strong>mmrore</strong></span> 
     </span>
    </p>
   </div>
   <div class='ocr_carea' id='block_1_9' title="bbox 136 970 1830 1042">
    <p class='ocr_par' dir='ltr' id='par_1_9' title="bbox 136 970 1830 1042">
     <span class='ocr_line' id='line_1_9' title="bbox 136 970 1830 1042; baseline -0.001 -18"><span class='ocrx_word' id='word_1_61' title='bbox 136 973 308 1026; x_wconf 88' lang='lat' dir='ltr'><strong>totius</strong></span> <span class='ocrx_word' id='word_1_62' title='bbox 360 971 824 1042; x_wconf 81' lang='lat' dir='ltr'><strong>congregationis</strong></span> <span class='ocrx_word' id='word_1_63' title='bbox 883 970 1066 1039; x_wconf 88' lang='lat' dir='ltr'><strong>plebis</strong></span> <span class='ocrx_word' id='word_1_64' title='bbox 1127 985 1355 1040; x_wconf 89' lang='lat' dir='ltr'><strong>quoque</strong></span> <span class='ocrx_word' id='word_1_65' title='bbox 1401 986 1434 1022; x_wconf 89' lang='lat' dir='ltr'><strong>a</strong></span> <span class='ocrx_word' id='word_1_66' title='bbox 1481 970 1830 1023; x_wconf 86' lang='lat' dir='ltr'><strong>monasterio</strong></span> 
     </span>
    </p>
   </div>
   <div class='ocr_carea' id='block_1_10' title="bbox 137 1057 1837 1130">
    <p class='ocr_par' dir='ltr' id='par_1_10' title="bbox 137 1057 1837 1130">
     <span class='ocr_line' id='line_1_10' title="bbox 137 1057 1837 1130; baseline -0.001 -16"><span class='ocrx_word' id='word_1_67' title='bbox 137 1077 420 1129; x_wconf 85' lang='lat' dir='ltr'><strong>egressus,</strong></span> <span class='ocrx_word' id='word_1_68' title='bbox 456 1077 664 1130; x_wconf 88' lang='lat' dir='ltr'><strong>magna</strong></span> <span class='ocrx_word' id='word_1_69' title='bbox 721 1057 1157 1129; x_wconf 90' lang='lat' dir='ltr'><strong>compunctione</strong></span> <span class='ocrx_word' id='word_1_70' title='bbox 1214 1059 1614 1113; x_wconf 89' lang='lat' dir='ltr'><strong>universorum</strong></span> <span class='ocrx_word' id='word_1_71' title='bbox 1657 1059 1837 1112; x_wconf 80' lang='lat' dir='ltr'><strong>dedu-</strong></span> 
     </span>
    </p>
   </div>
   <div class='ocr_carea' id='block_1_11' title="bbox 137 1147 1833 1218">
    <p class='ocr_par' dir='ltr' id='par_1_11' title="bbox 137 1147 1833 1218">
     <span class='ocr_line' id='line_1_11' title="bbox 137 1147 1833 1218; baseline -0.001 -16"><span class='ocrx_word' id='word_1_72' title='bbox 137 1150 320 1214; x_wconf 90' lang='lat' dir='ltr'><strong>citur;</strong></span> <span class='ocrx_word' id='word_1_73' title='bbox 378 1149 478 1201; x_wconf 86' lang='lat' dir='ltr'><strong>Dei</strong></span> <span class='ocrx_word' id='word_1_74' title='bbox 521 1154 632 1218; x_wconf 73' lang='lat' dir='ltr'><strong>(rm.</strong></span> <span class='ocrx_word' id='word_1_75' title='bbox 689 1150 847 1216; x_wconf 85' lang='grc'>1001)</span> <span class='ocrx_word' id='word_1_76' title='bbox 906 1147 1090 1218; x_wconf 88' lang='lat' dir='ltr'><strong>gratia</strong></span> <span class='ocrx_word' id='word_1_77' title='bbox 1140 1147 1462 1206; x_wconf 89' lang='lat' dir='ltr'><strong>comitatus,</strong></span> <span class='ocrx_word' id='word_1_78' title='bbox 1523 1148 1594 1201; x_wconf 90' lang='lat' dir='ltr'><strong>ad</strong></span> <span class='ocrx_word' id='word_1_79' title='bbox 1639 1154 1833 1201; x_wconf 90' lang='lat' dir='ltr'><strong>votum</strong></span> 
     </span>
    </p>
   </div>
   <div class='ocr_carea' id='block_1_12' title="bbox 137 1236 1830 1303">
    <p class='ocr_par' dir='ltr' id='par_1_12' title="bbox 137 1236 1830 1303">
     <span class='ocr_line' id='line_1_12' title="bbox 137 1236 1830 1303; baseline -0.001 -12"><span class='ocrx_word' id='word_1_80' title='bbox 137 1237 304 1291; x_wconf 88' lang='lat' dir='ltr'><strong>rebus</strong></span> <span class='ocrx_word' id='word_1_81' title='bbox 338 1236 689 1303; x_wconf 87' lang='lat' dir='ltr'><strong>cedentibus,</strong></span> <span class='ocrx_word' id='word_1_82' title='bbox 743 1236 992 1290; x_wconf 90' lang='lat' dir='ltr'><strong>secundo</strong></span> <span class='ocrx_word' id='word_1_83' title='bbox 1042 1237 1230 1289; x_wconf 88' lang='lat' dir='ltr'><strong>Nonas</strong></span> <span class='ocrx_word' id='word_1_84' title='bbox 1283 1236 1542 1290; x_wconf 84' lang='lat' dir='ltr'><strong>Januarii</strong></span> <span class='ocrx_word' id='word_1_85' title='bbox 1593 1237 1830 1290; x_wconf 82' lang='lat' dir='ltr'><strong>Romam</strong></span> 
     </span>
    </p>
   </div>
   <div class='ocr_carea' id='block_1_13' title="bbox 136 1324 1834 1396">
    <p class='ocr_par' dir='ltr' id='par_1_13' title="bbox 136 1324 1834 1396">
     <span class='ocr_line' id='line_1_13' title="bbox 136 1324 1834 1396; baseline -0.001 -16"><span class='ocrx_word' id='word_1_86' title='bbox 136 1327 432 1396; x_wconf 89' lang='lat' dir='ltr'><strong>ingressus</strong></span> <span class='ocrx_word' id='word_1_87' title='bbox 462 1331 548 1379; x_wconf 90' lang='lat' dir='ltr'><strong>est</strong></span> <span class='ocrx_word' id='word_1_88' title='bbox 576 1327 723 1392; x_wconf 84' lang='lat' dir='ltr'><strong>(Jan.</strong></span> <span class='ocrx_word' id='word_1_89' title='bbox 759 1325 832 1394; x_wconf 75' lang='grc'><strong>4).</strong></span> <span class='ocrx_word' id='word_1_90' title='bbox 874 1325 1036 1390; x_wconf 86' lang='lat' dir='ltr'><strong>Quod</strong></span> <span class='ocrx_word' id='word_1_91' title='bbox 1061 1325 1420 1378; x_wconf 89' lang='lat' dir='ltr'><strong>humillimus</strong></span> <span class='ocrx_word' id='word_1_92' title='bbox 1449 1341 1513 1378; x_wconf 90' lang='lat' dir='ltr'><strong>ac</strong></span> <span class='ocrx_word' id='word_1_93' title='bbox 1543 1324 1834 1395; x_wconf 88' lang='lat' dir='ltr'><strong>piissimus</strong></span> 
     </span>
    </p>
   </div>
   <div class='ocr_carea' id='block_1_14' title="bbox 137 1413 1834 1485">
    <p class='ocr_par' dir='ltr' id='par_1_14' title="bbox 137 1413 1834 1485">
     <span class='ocr_line' id='line_1_14' title="bbox 137 1413 1834 1485; baseline -0.001 -17"><span class='ocrx_word' id='word_1_94' title='bbox 137 1416 456 1485; x_wconf 85' lang='lat' dir='ltr'><strong>imperator</strong></span> <span class='ocrx_word' id='word_1_95' title='bbox 486 1415 743 1480; x_wconf 89' lang='lat' dir='ltr'><strong>audiens,</strong></span> <span class='ocrx_word' id='word_1_96' title='bbox 779 1414 924 1467; x_wconf 92' lang='lat' dir='ltr'><strong>miro</strong></span> <span class='ocrx_word' id='word_1_97' title='bbox 957 1413 1160 1467; x_wconf 77' lang='lat' dir='ltr'><strong>affectu</strong></span> <span class='ocrx_word' id='word_1_98' title='bbox 1193 1413 1465 1467; x_wconf 91' lang='lat' dir='ltr'><strong>dilectum</strong></span> <span class='ocrx_word' id='word_1_99' title='bbox 1496 1413 1834 1483; x_wconf 90' lang='lat' dir='ltr'><strong>magistrum</strong></span> 
     </span>
    </p>
   </div>
   <div class='ocr_carea' id='block_1_15' title="bbox 136 1503 1834 1573">
    <p class='ocr_par' dir='ltr' id='par_1_15' title="bbox 136 1503 1834 1573">
     <span class='ocr_line' id='line_1_15' title="bbox 136 1503 1834 1573; baseline 0.001 -19"><span class='ocrx_word' id='word_1_100' title='bbox 136 1503 371 1557; x_wconf 77' lang='lat' dir='ltr'><strong>videndi</strong></span> <span class='ocrx_word' id='word_1_101' title='bbox 403 1503 669 1573; x_wconf 79' lang='lat' dir='ltr'><strong>flagrans,</strong></span> <span class='ocrx_word' id='word_1_102' title='bbox 731 1503 803 1556; x_wconf 87' lang='lat' dir='ltr'><strong>ad</strong></span> <span class='ocrx_word' id='word_1_103' title='bbox 859 1519 1021 1556; x_wconf 89' lang='lat' dir='ltr'><strong>suam</strong></span> <span class='ocrx_word' id='word_1_104' title='bbox 1077 1503 1443 1573; x_wconf 77' lang='lat' dir='ltr'><strong>praesentiam</strong></span> <span class='ocrx_word' id='word_1_105' title='bbox 1480 1506 1670 1556; x_wconf 89' lang='lat' dir='ltr'><strong>tamen</strong></span> <span class='ocrx_word' id='word_1_106' title='bbox 1703 1519 1834 1556; x_wconf 91' lang='lat' dir='ltr'><strong>eum</strong></span> 
     </span>
    </p>
   </div>
   <div class='ocr_carea' id='block_1_16' title="bbox 136 1591 1830 1661">
    <p class='ocr_par' dir='ltr' id='par_1_16' title="bbox 136 1591 1830 1661">
     <span class='ocr_line' id='line_1_16' title="bbox 136 1591 1830 1661; baseline -0.001 -15"><span class='ocrx_word' id='word_1_107' title='bbox 136 1593 374 1661; x_wconf 86' lang='lat' dir='ltr'><strong>fatigare</strong></span> <span class='ocrx_word' id='word_1_108' title='bbox 407 1592 656 1659; x_wconf 92' lang='lat' dir='ltr'><strong>nolebat,</strong></span> <span class='ocrx_word' id='word_1_109' title='bbox 695 1594 791 1646; x_wconf 83' lang='lat' dir='ltr'><strong>sed</strong></span> <span class='ocrx_word' id='word_1_110' title='bbox 834 1591 1074 1645; x_wconf 91' lang='lat' dir='ltr'><strong>festinus</strong></span> <span class='ocrx_word' id='word_1_111' title='bbox 1105 1609 1137 1644; x_wconf 91' lang='lat' dir='ltr'><strong>a</strong></span> <span class='ocrx_word' id='word_1_112' title='bbox 1168 1591 1381 1661; x_wconf 87' lang='lat' dir='ltr'><strong>palatio</strong></span> <span class='ocrx_word' id='word_1_113' title='bbox 1413 1592 1531 1646; x_wconf 83' lang='lat' dir='ltr'><strong>fere</strong></span> <span class='ocrx_word' id='word_1_114' title='bbox 1581 1592 1692 1644; x_wconf 93' lang='lat' dir='ltr'><strong>duo</strong></span> <span class='ocrx_word' id='word_1_115' title='bbox 1724 1593 1830 1645; x_wconf 89' lang='lat' dir='ltr'><strong>mi-</strong></span> 
     </span>
    </p>
   </div>
   <div class='ocr_carea' id='block_1_17' title="bbox 136 1679 1832 1748">
    <p class='ocr_par' dir='ltr' id='par_1_17' title="bbox 136 1679 1832 1748">
     <span class='ocr_line' id='line_1_17' title="bbox 136 1679 1832 1748; baseline -0.001 -14"><span class='ocrx_word' id='word_1_116' title='bbox 136 1681 295 1734; x_wconf 88' lang='lat' dir='ltr'><strong>liaria</strong></span> <span class='ocrx_word' id='word_1_117' title='bbox 329 1681 397 1734; x_wconf 89' lang='lat' dir='ltr'><strong>ad</strong></span> <span class='ocrx_word' id='word_1_118' title='bbox 429 1686 686 1734; x_wconf 88' lang='lat' dir='ltr'><strong>sanctum</strong></span> <span class='ocrx_word' id='word_1_119' title='bbox 729 1682 960 1734; x_wconf 87' lang='lat' dir='ltr'><strong>Petrum</strong></span> <span class='ocrx_word' id='word_1_120' title='bbox 993 1681 1076 1733; x_wconf 88' lang='lat' dir='ltr'><strong>illi</strong></span> <span class='ocrx_word' id='word_1_121' title='bbox 1100 1680 1364 1744; x_wconf 89' lang='lat' dir='ltr'><strong>occurrit,</strong></span> <span class='ocrx_word' id='word_1_122' title='bbox 1400 1679 1832 1748; x_wconf 88' lang='lat' dir='ltr'><strong>benignissime-</strong></span> 
     </span>
    </p>
   </div>
   <div class='ocr_carea' id='block_1_18' title="bbox 137 1767 1830 1840">
    <p class='ocr_par' dir='ltr' id='par_1_18' title="bbox 137 1767 1830 1840">
     <span class='ocr_line' id='line_1_18' title="bbox 137 1767 1830 1840; baseline -0.001 -18"><span class='ocrx_word' id='word_1_123' title='bbox 137 1785 247 1839; x_wconf 90' lang='lat' dir='ltr'><strong>que</strong></span> <span class='ocrx_word' id='word_1_124' title='bbox 294 1775 647 1840; x_wconf 88' lang='lat' dir='ltr'><strong>susceptum,</strong></span> <span class='ocrx_word' id='word_1_125' title='bbox 703 1768 854 1822; x_wconf 93' lang='lat' dir='ltr'><strong>inter</strong></span> <span class='ocrx_word' id='word_1_126' title='bbox 912 1769 1204 1838; x_wconf 80' lang='lat' dir='ltr'><strong>amplexus</strong></span> <span class='ocrx_word' id='word_1_127' title='bbox 1242 1767 1686 1822; x_wconf 85' lang='lat' dir='ltr'><strong>familiarissime</strong></span> <span class='ocrx_word' id='word_1_128' title='bbox 1733 1768 1830 1821; x_wconf 89' lang='lat' dir='ltr'><strong>de-</strong></span> 
     </span>
    </p>
   </div>
   <div class='ocr_carea' id='block_1_19' title="bbox 137 1856 1830 1927">
    <p class='ocr_par' dir='ltr' id='par_1_19' title="bbox 137 1856 1830 1927">
     <span class='ocr_line' id='line_1_19' title="bbox 137 1856 1830 1927; baseline -0.001 -17"><span class='ocrx_word' id='word_1_129' title='bbox 137 1859 480 1918; x_wconf 89' lang='lat' dir='ltr'><strong>osculatum,</strong></span> <span class='ocrx_word' id='word_1_130' title='bbox 514 1858 586 1910; x_wconf 88' lang='lat' dir='ltr'><strong>ad</strong></span> <span class='ocrx_word' id='word_1_131' title='bbox 618 1856 933 1926; x_wconf 87' lang='lat' dir='ltr'><strong>hospitium</strong></span> <span class='ocrx_word' id='word_1_132' title='bbox 968 1857 1223 1922; x_wconf 86' lang='lat' dir='ltr'><strong>deduxit,</strong></span> <span class='ocrx_word' id='word_1_133' title='bbox 1286 1856 1498 1927; x_wconf 90' lang='lat' dir='ltr'><strong>diuque</strong></span> <span class='ocrx_word' id='word_1_134' title='bbox 1555 1872 1685 1908; x_wconf 91' lang='lat' dir='ltr'><strong>cum</strong></span> <span class='ocrx_word' id='word_1_135' title='bbox 1733 1856 1830 1909; x_wconf 93' lang='lat' dir='ltr'><strong>illo</strong></span> 
     </span>
    </p>
   </div>
   <div class='ocr_carea' id='block_1_20' title="bbox 137 1944 1831 2014">
    <p class='ocr_par' dir='ltr' id='par_1_20' title="bbox 137 1944 1831 2014">
     <span class='ocr_line' id='line_1_20' title="bbox 137 1944 1831 2014; baseline -0.001 -15"><span class='ocrx_word' id='word_1_136' title='bbox 137 1946 534 2012; x_wconf 89' lang='lat' dir='ltr'><strong>confabulans,</strong></span> <span class='ocrx_word' id='word_1_137' title='bbox 595 1945 856 2014; x_wconf 90' lang='lat' dir='ltr'><strong>sequenti</strong></span> <span class='ocrx_word' id='word_1_138' title='bbox 913 1944 1004 1998; x_wconf 89' lang='lat' dir='ltr'><strong>die</strong></span> <span class='ocrx_word' id='word_1_139' title='bbox 1039 1945 1104 1997; x_wconf 90' lang='lat' dir='ltr'><strong>ad</strong></span> <span class='ocrx_word' id='word_1_140' title='bbox 1140 1944 1415 2014; x_wconf 83' lang='lat' dir='ltr'><strong>palatium</strong></span> <span class='ocrx_word' id='word_1_141' title='bbox 1446 1945 1606 1996; x_wconf 90' lang='lat' dir='ltr'><strong>illum</strong></span> <span class='ocrx_word' id='word_1_142' title='bbox 1639 1944 1831 1997; x_wconf 88' lang='lat' dir='ltr'><strong>venire</strong></span> 
     </span>
    </p>
   </div>
   <div class='ocr_carea' id='block_1_21' title="bbox 138 2032 1831 2104">
    <p class='ocr_par' dir='ltr' id='par_1_21' title="bbox 138 2032 1831 2104">
     <span class='ocr_line' id='line_1_21' title="bbox 138 2032 1831 2104; baseline -0.002 -16"><span class='ocrx_word' id='word_1_143' title='bbox 138 2034 376 2104; x_wconf 80' lang='lat' dir='ltr'><strong>rogavit,</strong></span> <span class='ocrx_word' id='word_1_144' title='bbox 413 2050 517 2087; x_wconf 88' lang='lat' dir='ltr'><strong>nec</strong></span> <span class='ocrx_word' id='word_1_145' title='bbox 551 2033 810 2102; x_wconf 82' lang='lat' dir='ltr'><strong>permisit</strong></span> <span class='ocrx_word' id='word_1_146' title='bbox 867 2038 926 2086; x_wconf 91' lang='lat' dir='ltr'><strong>ut</strong></span> <span class='ocrx_word' id='word_1_147' title='bbox 982 2033 1574 2103; x_wconf 89' lang='lat' dir='ltr'><strong>quantulumcumque</strong></span> <span class='ocrx_word' id='word_1_148' title='bbox 1631 2032 1699 2085; x_wconf 92' lang='lat' dir='ltr'><strong>de</strong></span> <span class='ocrx_word' id='word_1_149' title='bbox 1731 2049 1831 2085; x_wconf 90' lang='lat' dir='ltr'><strong>suo</strong></span> 
     </span>
    </p>
   </div>
   <div class='ocr_carea' id='block_1_22' title="bbox 134 2121 1833 2193">
    <p class='ocr_par' dir='ltr' id='par_1_22' title="bbox 134 2121 1833 2193">
     <span class='ocr_line' id='line_1_22' title="bbox 134 2121 1833 2193; baseline -0.001 -18"><span class='ocrx_word' id='word_1_150' title='bbox 134 2121 370 2193; x_wconf 90' lang='lat' dir='ltr'><strong>proprio</strong></span> <span class='ocrx_word' id='word_1_151' title='bbox 401 2122 461 2174; x_wconf 90' lang='lat' dir='ltr'><strong>in</strong></span> <span class='ocrx_word' id='word_1_152' title='bbox 501 2121 885 2175; x_wconf 87' lang='lat' dir='ltr'><strong>ministerium</strong></span> <span class='ocrx_word' id='word_1_153' title='bbox 929 2138 1096 2174; x_wconf 85' lang='lat' dir='ltr'><strong>suum</strong></span> <span class='ocrx_word' id='word_1_154' title='bbox 1129 2121 1506 2190; x_wconf 87' lang='lat' dir='ltr'><strong>impenderet,</strong></span> <span class='ocrx_word' id='word_1_155' title='bbox 1565 2121 1662 2174; x_wconf 91' lang='lat' dir='ltr'><strong>sed</strong></span> <span class='ocrx_word' id='word_1_156' title='bbox 1729 2137 1833 2190; x_wconf 89' lang='lat' dir='ltr'><strong>per</strong></span> 
     </span>
    </p>
   </div>
   <div class='ocr_carea' id='block_1_23' title="bbox 138 2209 1830 2280">
    <p class='ocr_par' dir='ltr' id='par_1_23' title="bbox 138 2209 1830 2280">
     <span class='ocr_line' id='line_1_23' title="bbox 138 2209 1830 2280; baseline -0.001 -16"><span class='ocrx_word' id='word_1_157' title='bbox 138 2228 233 2264; x_wconf 79' lang='lat' dir='ltr'><strong>sex</strong></span> <span class='ocrx_word' id='word_1_158' title='bbox 256 2209 630 2279; x_wconf 89' lang='lat' dir='ltr'><strong>septimanas,</strong></span> <span class='ocrx_word' id='word_1_159' title='bbox 659 2209 867 2280; x_wconf 89' lang='lat' dir='ltr'><strong>quibus</strong></span> <span class='ocrx_word' id='word_1_160' title='bbox 899 2209 1050 2280; x_wconf 90' lang='lat' dir='ltr'><strong>apud</strong></span> <span class='ocrx_word' id='word_1_161' title='bbox 1075 2210 1239 2262; x_wconf 91' lang='lat' dir='ltr'><strong>illum</strong></span> <span class='ocrx_word' id='word_1_162' title='bbox 1272 2209 1618 2274; x_wconf 89' lang='lat' dir='ltr'><strong>morabatur,</strong></span> <span class='ocrx_word' id='word_1_163' title='bbox 1673 2209 1830 2262; x_wconf 82' lang='lat' dir='ltr'><strong>suffi-</strong></span> 
     </span>
    </p>
   </div>
   <div class='ocr_carea' id='block_1_24' title="bbox 137 2297 1831 2368">
    <p class='ocr_par' dir='ltr' id='par_1_24' title="bbox 137 2297 1831 2368">
     <span class='ocr_line' id='line_1_24' title="bbox 137 2297 1831 2368; baseline 0 -18"><span class='ocrx_word' id='word_1_164' title='bbox 137 2298 353 2350; x_wconf 90' lang='lat' dir='ltr'><strong>cienter</strong></span> <span class='ocrx_word' id='word_1_165' title='bbox 381 2297 442 2350; x_wconf 93' lang='lat' dir='ltr'><strong>in</strong></span> <span class='ocrx_word' id='word_1_166' title='bbox 471 2314 638 2351; x_wconf 90' lang='lat' dir='ltr'><strong>usum</strong></span> <span class='ocrx_word' id='word_1_167' title='bbox 665 2298 754 2351; x_wconf 90' lang='lat' dir='ltr'><strong>sui</strong></span> <span class='ocrx_word' id='word_1_168' title='bbox 799 2314 1149 2367; x_wconf 90' lang='lat' dir='ltr'><strong>suorumque</strong></span> <span class='ocrx_word' id='word_1_169' title='bbox 1197 2302 1400 2351; x_wconf 89' lang='lat' dir='ltr'><strong>cuncta</strong></span> <span class='ocrx_word' id='word_1_170' title='bbox 1445 2297 1680 2368; x_wconf 85' lang='lat' dir='ltr'><strong>indigna</strong></span> <span class='ocrx_word' id='word_1_171' title='bbox 1720 2299 1831 2351; x_wconf 90' lang='lat' dir='ltr'><strong>lar-</strong></span> 
     </span>
    </p>
   </div>
   <div class='ocr_carea' id='block_1_25' title="bbox 136 2387 1829 2458">
    <p class='ocr_par' dir='ltr' id='par_1_25' title="bbox 136 2387 1829 2458">
     <span class='ocr_line' id='line_1_25' title="bbox 136 2387 1829 2458; baseline 0.001 -20"><span class='ocrx_word' id='word_1_172' title='bbox 136 2389 282 2458; x_wconf 88' lang='lat' dir='ltr'><strong>giter</strong></span> <span class='ocrx_word' id='word_1_173' title='bbox 339 2387 653 2441; x_wconf 88' lang='lat' dir='ltr'><strong>ministrari</strong></span> <span class='ocrx_word' id='word_1_174' title='bbox 701 2388 974 2458; x_wconf 82' lang='lat' dir='ltr'><strong>praecepit</strong></span> <span class='ocrx_word' id='word_1_175' title='bbox 1019 2387 1091 2440; x_wconf 69' lang='lat'><strong>3’.</strong></span> <span class='ocrx_word' id='word_1_176' title='bbox 1164 2388 1324 2441; x_wconf 78' lang='lat' dir='ltr'><strong>Mane</strong></span> <span class='ocrx_word' id='word_1_177' title='bbox 1377 2404 1509 2440; x_wconf 90' lang='lat' dir='ltr'><strong>vero</strong></span> <span class='ocrx_word' id='word_1_178' title='bbox 1557 2389 1829 2441; x_wconf 85' lang='lat' dir='ltr'><strong>domuum</strong></span> 
     </span>
    </p>
   </div>
   <div class='ocr_carea' id='block_1_26' title="bbox 136 2475 1829 2546">
    <p class='ocr_par' dir='ltr' id='par_1_26' title="bbox 136 2475 1829 2546">
     <span class='ocr_line' id='line_1_26' title="bbox 136 2475 1829 2546; baseline -0.001 -17"><span class='ocrx_word' id='word_1_179' title='bbox 136 2477 512 2546; x_wconf 90' lang='lat' dir='ltr'><strong>apostolicum</strong></span> <span class='ocrx_word' id='word_1_180' title='bbox 544 2477 871 2530; x_wconf 84' lang='lat' dir='ltr'><strong>convocavit</strong></span> <span class='ocrx_word' id='word_1_181' title='bbox 897 2477 954 2530; x_wconf 90' lang='lat' dir='ltr'><strong>in</strong></span> <span class='ocrx_word' id='word_1_182' title='bbox 1006 2492 1304 2529; x_wconf 89' lang='lat' dir='ltr'><strong>occursum</strong></span> <span class='ocrx_word' id='word_1_183' title='bbox 1339 2475 1618 2528; x_wconf 89' lang='lat' dir='ltr'><strong>carissimi</strong></span> <span class='ocrx_word' id='word_1_184' title='bbox 1641 2475 1829 2545; x_wconf 88' lang='lat' dir='ltr'><strong>hospi-</strong></span> 
     </span>
    </p>
   </div>
   <div class='ocr_carea' id='block_1_27' title="bbox 137 2563 1830 2635">
    <p class='ocr_par' dir='ltr' id='par_1_27' title="bbox 137 2563 1830 2635">
     <span class='ocr_line' id='line_1_27' title="bbox 137 2563 1830 2635; baseline -0.001 -17"><span class='ocrx_word' id='word_1_185' title='bbox 137 2566 205 2618; x_wconf 81' lang='lat' dir='ltr'><strong>tis</strong></span> <span class='ocrx_word' id='word_1_186' title='bbox 237 2567 395 2634; x_wconf 80' lang='lat' dir='ltr'><strong>(Jun.</strong></span> <span class='ocrx_word' id='word_1_187' title='bbox 450 2568 525 2632; x_wconf 84' lang='lat'><strong>5).</strong></span> <span class='ocrx_word' id='word_1_188' title='bbox 583 2565 909 2619; x_wconf 87' lang='lat' dir='ltr'><strong>venientem</strong></span> <span class='ocrx_word' id='word_1_189' title='bbox 964 2581 1196 2635; x_wconf 89' lang='lat' dir='ltr'><strong>quoque</strong></span> <span class='ocrx_word' id='word_1_190' title='bbox 1228 2563 1365 2617; x_wconf 90' lang='lat' dir='ltr'><strong>foris</strong></span> <span class='ocrx_word' id='word_1_191' title='bbox 1397 2563 1456 2616; x_wconf 90' lang='lat' dir='ltr'><strong>in</strong></span> <span class='ocrx_word' id='word_1_192' title='bbox 1483 2564 1693 2616; x_wconf 87' lang='lat' dir='ltr'><strong>atrium</strong></span> <span class='ocrx_word' id='word_1_193' title='bbox 1727 2564 1830 2616; x_wconf 88' lang='lat' dir='ltr'><strong>ob-</strong></span> 
     </span>
    </p>
   </div>
   <div class='ocr_carea' id='block_1_28' title="bbox 137 2653 1831 2723">
    <p class='ocr_par' dir='ltr' id='par_1_28' title="bbox 137 2653 1831 2723">
     <span class='ocr_line' id='line_1_28' title="bbox 137 2653 1831 2723; baseline 0 -19"><span class='ocrx_word' id='word_1_194' title='bbox 137 2653 286 2707; x_wconf 89' lang='lat' dir='ltr'><strong>viam</strong></span> <span class='ocrx_word' id='word_1_195' title='bbox 315 2653 686 2723; x_wconf 86' lang='lat' dir='ltr'><strong>procedentes</strong></span> <span class='ocrx_word' id='word_1_196' title='bbox 718 2653 1092 2706; x_wconf 90' lang='lat' dir='ltr'><strong>libentissime</strong></span> <span class='ocrx_word' id='word_1_197' title='bbox 1125 2657 1516 2722; x_wconf 90' lang='lat' dir='ltr'><strong>susceperuut,</strong></span> <span class='ocrx_word' id='word_1_198' title='bbox 1553 2668 1657 2705; x_wconf 90' lang='lat' dir='ltr'><strong>nec</strong></span> <span class='ocrx_word' id='word_1_199' title='bbox 1703 2667 1831 2721; x_wconf 90' lang='lat' dir='ltr'><strong>per-</strong></span> 
     </span>
    </p>
   </div>
   <div class='ocr_carea' id='block_1_29' title="bbox 139 2740 1833 2808">
    <p class='ocr_par' dir='ltr' id='par_1_29' title="bbox 139 2740 1833 2808">
     <span class='ocr_line' id='line_1_29' title="bbox 139 2740 1833 2808; baseline -0.002 -14"><span class='ocrx_word' id='word_1_200' title='bbox 139 2743 342 2795; x_wconf 89' lang='lat' dir='ltr'><strong>missus</strong></span> <span class='ocrx_word' id='word_1_201' title='bbox 406 2747 490 2795; x_wconf 93' lang='lat' dir='ltr'><strong>est</strong></span> <span class='ocrx_word' id='word_1_202' title='bbox 519 2742 587 2795; x_wconf 89' lang='lat' dir='ltr'><strong>ad</strong></span> <span class='ocrx_word' id='word_1_203' title='bbox 620 2758 786 2795; x_wconf 91' lang='lat' dir='ltr'><strong>suum</strong></span> <span class='ocrx_word' id='word_1_204' title='bbox 850 2741 1207 2795; x_wconf 90' lang='lat' dir='ltr'><strong>domicilium</strong></span> <span class='ocrx_word' id='word_1_205' title='bbox 1243 2741 1466 2804; x_wconf 84' lang='lat' dir='ltr'><strong>reverti,</strong></span> <span class='ocrx_word' id='word_1_206' title='bbox 1501 2740 1595 2793; x_wconf 91' lang='lat' dir='ltr'><strong>sed</strong></span> <span class='ocrx_word' id='word_1_207' title='bbox 1674 2740 1833 2808; x_wconf 82' lang='lat' dir='ltr'><strong>juxta</strong></span> 
     </span>
    </p>
   </div>
   <div class='ocr_carea' id='block_1_30' title="bbox 142 2826 1833 2900">
    <p class='ocr_par' dir='ltr' id='par_1_30' title="bbox 142 2826 1833 2900">
     <span class='ocr_line' id='line_1_30' title="bbox 142 2826 1833 2900; baseline -0.002 -18"><span class='ocrx_word' id='word_1_208' title='bbox 142 2831 236 2883; x_wconf 90' lang='lat' dir='ltr'><strong>ubi</strong></span> <span class='ocrx_word' id='word_1_209' title='bbox 268 2833 391 2900; x_wconf 86' lang='lat' dir='ltr'><strong>ipse</strong></span> <span class='ocrx_word' id='word_1_210' title='bbox 423 2830 667 2884; x_wconf 91' lang='lat' dir='ltr'><strong>domnus</strong></span> <span class='ocrx_word' id='word_1_211' title='bbox 694 2831 1005 2899; x_wconf 86' lang='lat' dir='ltr'><strong>imperator</strong></span> <span class='ocrx_word' id='word_1_212' title='bbox 1035 2828 1331 2883; x_wconf 88' lang='lat' dir='ltr'><strong>habitabat</strong></span> <span class='ocrx_word' id='word_1_213' title='bbox 1361 2826 1428 2895; x_wconf 80' lang='grc'><strong>⁸³,</strong></span> <span class='ocrx_word' id='word_1_214' title='bbox 1497 2827 1833 2898; x_wconf 85' lang='lat' dir='ltr'><strong>splendidis-</strong></span> 
     </span>
    </p>
   </div>
   <div class='ocr_carea' id='block_1_31' title="bbox 140 2916 1832 2972">
    <p class='ocr_par' dir='ltr' id='par_1_31' title="bbox 140 2916 1832 2972">
     <span class='ocr_line' id='line_1_31' title="bbox 140 2916 1832 2972; baseline -0.002 -1"><span class='ocrx_word' id='word_1_215' title='bbox 140 2919 352 2972; x_wconf 89' lang='lat' dir='ltr'><strong>simum</strong></span> <span class='ocrx_word' id='word_1_216' title='bbox 426 2918 511 2972; x_wconf 92' lang='lat' dir='ltr'><strong>illi</strong></span> <span class='ocrx_word' id='word_1_217' title='bbox 591 2919 978 2972; x_wconf 91' lang='lat' dir='ltr'><strong>habitaculum</strong></span> <span class='ocrx_word' id='word_1_218' title='bbox 1050 2917 1098 2951; x_wconf 71' lang='grc' dir='ltr'><strong>⁸ί⁸</strong></span> <span class='ocrx_word' id='word_1_219' title='bbox 1167 2917 1488 2971; x_wconf 67' lang='lat' dir='ltr'><strong>exhibebat.</strong></span> <span class='ocrx_word' id='word_1_220' title='bbox 1580 2916 1832 2969; x_wconf 86' lang='lat' dir='ltr'><strong>Vicissim</strong></span> 
     </span>
    </p>
   </div>
   <div class='ocr_carea' id='block_1_32' title="bbox 1946 527 3636 601">
    <p class='ocr_par' dir='ltr' id='par_1_32' title="bbox 1946 527 3636 601">
     <span class='ocr_line' id='line_1_32' title="bbox 1946 527 3636 601; baseline 0.004 -20"><span class='ocrx_word' id='word_1_221' title='bbox 1946 528 2067 581; x_wconf 67' lang='lat' dir='ltr'><strong>haec</strong></span> <span class='ocrx_word' id='word_1_222' title='bbox 2119 527 2443 581; x_wconf 87' lang='lat' dir='ltr'><strong>incredibili</strong></span> <span class='ocrx_word' id='word_1_223' title='bbox 2515 528 2707 582; x_wconf 91' lang='lat' dir='ltr'><strong>furore</strong></span> <span class='ocrx_word' id='word_1_224' title='bbox 2777 529 3236 600; x_wconf 88' lang='lat' dir='ltr'><strong>archiepiscopus</strong></span> <span class='ocrx_word' id='word_1_225' title='bbox 3313 549 3636 601; x_wconf 88' lang='lat' dir='ltr'><strong>succensus,</strong></span> 
     </span>
    </p>
   </div>
   <div class='ocr_carea' id='block_1_33' title="bbox 1945 616 3638 686">
    <p class='ocr_par' dir='ltr' id='par_1_33' title="bbox 1945 616 3638 686">
     <span class='ocr_line' id='line_1_33' title="bbox 1945 616 3638 686; baseline 0.005 -18"><span class='ocrx_word' id='word_1_226' title='bbox 1945 616 2106 669; x_wconf 90' lang='lat' dir='ltr'><strong>vultu</strong></span> <span class='ocrx_word' id='word_1_227' title='bbox 2137 620 2294 669; x_wconf 91' lang='lat' dir='ltr'><strong>torvo</strong></span> <span class='ocrx_word' id='word_1_228' title='bbox 2317 633 2381 670; x_wconf 88' lang='lat' dir='ltr'><strong>ac</strong></span> <span class='ocrx_word' id='word_1_229' title='bbox 2411 616 2618 669; x_wconf 91' lang='lat' dir='ltr'><strong>minaci</strong></span> <span class='ocrx_word' id='word_1_230' title='bbox 2637 618 2794 686; x_wconf 82' lang='lat' dir='ltr'><strong>jubet</strong></span> <span class='ocrx_word' id='word_1_231' title='bbox 2816 623 2878 670; x_wconf 92' lang='lat' dir='ltr'><strong>ut</strong></span> <span class='ocrx_word' id='word_1_232' title='bbox 2907 619 3069 673; x_wconf 90' lang='lat' dir='ltr'><strong>sileat</strong></span> <span class='ocrx_word' id='word_1_233' title='bbox 3096 638 3110 686; x_wconf 89' lang='lat'><strong>;</strong></span> <span class='ocrx_word' id='word_1_234' title='bbox 3137 619 3215 672; x_wconf 90' lang='lat' dir='ltr'><strong>nil</strong></span> <span class='ocrx_word' id='word_1_235' title='bbox 3241 621 3310 674; x_wconf 88' lang='lat' dir='ltr'><strong>ad</strong></span> <span class='ocrx_word' id='word_1_236' title='bbox 3335 638 3393 674; x_wconf 90' lang='lat' dir='ltr'><strong>se</strong></span> <span class='ocrx_word' id='word_1_237' title='bbox 3436 622 3638 677; x_wconf 88' lang='lat' dir='ltr'><strong>talium</strong></span> 
     </span>
    </p>
   </div>
   <div class='ocr_carea' id='block_1_34' title="bbox 1947 706 3638 782">
    <p class='ocr_par' dir='ltr' id='par_1_34' title="bbox 1947 706 3638 782">
     <span class='ocr_line' id='line_1_34' title="bbox 1947 706 3638 782; baseline 0.004 -24"><span class='ocrx_word' id='word_1_238' title='bbox 1947 706 2265 775; x_wconf 86' lang='lat' dir='ltr'><strong>pertinere;</strong></span> <span class='ocrx_word' id='word_1_239' title='bbox 2297 709 2358 760; x_wconf 92' lang='lat' dir='ltr'><strong>ut</strong></span> <span class='ocrx_word' id='word_1_240' title='bbox 2389 707 2682 777; x_wconf 87' lang='lat' dir='ltr'><strong>propriam</strong></span> <span class='ocrx_word' id='word_1_241' title='bbox 2716 708 3032 762; x_wconf 71' lang='lat' dir='ltr'><strong>zecclesiam</strong></span> <span class='ocrx_word' id='word_1_242' title='bbox 3070 709 3298 773; x_wconf 88' lang='lat' dir='ltr'><strong>habeat,</strong></span> <span class='ocrx_word' id='word_1_243' title='bbox 3330 711 3488 764; x_wconf 89' lang='lat' dir='ltr'><strong>illam</strong></span> <span class='ocrx_word' id='word_1_244' title='bbox 3532 727 3638 782; x_wconf 88' lang='lat' dir='ltr'><strong>gu-</strong></span> 
     </span>
    </p>
   </div>
   <div class='ocr_carea' id='block_1_35' title="bbox 1947 794 3642 871">
    <p class='ocr_par' dir='ltr' id='par_1_35' title="bbox 1947 794 3642 871">
     <span class='ocr_line' id='line_1_35' title="bbox 1947 794 3642 871; baseline 0.003 -23"><span class='ocrx_word' id='word_1_245' title='bbox 1947 794 2171 848; x_wconf 87' lang='lat' dir='ltr'><strong>bernet!</strong></span> <span class='ocrx_word' id='word_1_246' title='bbox 2236 796 2474 848; x_wconf 88' lang='lat' dir='ltr'><strong>Econtra</strong></span> <span class='ocrx_word' id='word_1_247' title='bbox 2549 797 2948 865; x_wconf 86' lang='lat' dir='ltr'><strong>Eggehardus:</strong></span> <span class='ocrx_word' id='word_1_248' title='bbox 3022 819 3044 847; x_wconf 75' lang='grc' dir='ltr'><strong>α</strong></span> <span class='ocrx_word' id='word_1_249' title='bbox 3106 799 3375 863; x_wconf 86' lang='lat' dir='ltr'><strong>Peccatis,</strong></span> <span class='ocrx_word' id='word_1_250' title='bbox 3451 799 3642 871; x_wconf 88' lang='lat' dir='ltr'><strong>inquit</strong></span> 
     </span>
    </p>
   </div>
   <div class='ocr_carea' id='block_1_36' title="bbox 1947 883 3642 955">
    <p class='ocr_par' dir='ltr' id='par_1_36' title="bbox 1947 883 3642 955">
     <span class='ocr_line' id='line_1_36' title="bbox 1947 883 3642 955; baseline 0.004 -19"><span class='ocrx_word' id='word_1_251' title='bbox 1947 883 2265 952; x_wconf 86' lang='lat' dir='ltr'><strong>agentibus,</strong></span> <span class='ocrx_word' id='word_1_252' title='bbox 2309 884 2540 937; x_wconf 90' lang='lat' dir='ltr'><strong>termini</strong></span> <span class='ocrx_word' id='word_1_253' title='bbox 2597 885 2957 955; x_wconf 83' lang='lat' dir='ltr'><strong>episcopatus</strong></span> <span class='ocrx_word' id='word_1_254' title='bbox 3005 887 3118 940; x_wconf 91' lang='lat' dir='ltr'><strong>mei</strong></span> <span class='ocrx_word' id='word_1_255' title='bbox 3169 887 3462 942; x_wconf 89' lang='lat' dir='ltr'><strong>barbarica</strong></span> <span class='ocrx_word' id='word_1_256' title='bbox 3510 894 3642 943; x_wconf 89' lang='lat' dir='ltr'><strong>sunt</strong></span> 
     </span>
    </p>
   </div>
   <div class='ocr_carea' id='block_1_37' title="bbox 1943 971 3635 1041">
    <p class='ocr_par' dir='ltr' id='par_1_37' title="bbox 1943 971 3635 1041">
     <span class='ocr_line' id='line_1_37' title="bbox 1943 971 3635 1041; baseline 0.002 -16"><span class='ocrx_word' id='word_1_257' title='bbox 1943 971 2168 1025; x_wconf 84' lang='lat' dir='ltr'><strong>feritate</strong></span> <span class='ocrx_word' id='word_1_258' title='bbox 2197 971 2549 1041; x_wconf 86' lang='lat' dir='ltr'><strong>depopulati,</strong></span> <span class='ocrx_word' id='word_1_259' title='bbox 2605 973 2802 1026; x_wconf 86' lang='lat' dir='ltr'><strong>civitas</strong></span> <span class='ocrx_word' id='word_1_260' title='bbox 2877 975 3120 1038; x_wconf 90' lang='lat' dir='ltr'><strong>deserta,</strong></span> <span class='ocrx_word' id='word_1_261' title='bbox 3184 976 3438 1029; x_wconf 64' lang='lat' dir='ltr'><strong>ascclesia</strong></span> <span class='ocrx_word' id='word_1_262' title='bbox 3473 977 3635 1030; x_wconf 90' lang='lat' dir='ltr'><strong>deso-</strong></span> 
     </span>
    </p>
   </div>
   <div class='ocr_carea' id='block_1_38' title="bbox 1946 1059 3643 1128">
    <p class='ocr_par' dir='ltr' id='par_1_38' title="bbox 1946 1059 3643 1128">
     <span class='ocr_line' id='line_1_38' title="bbox 1946 1059 3643 1128; baseline 0.003 -17"><span class='ocrx_word' id='word_1_263' title='bbox 1946 1060 2087 1124; x_wconf 88' lang='lat' dir='ltr'><strong>lata;</strong></span> <span class='ocrx_word' id='word_1_264' title='bbox 2123 1059 2314 1113; x_wconf 89' lang='lat' dir='ltr'><strong>sedem</strong></span> <span class='ocrx_word' id='word_1_265' title='bbox 2349 1076 2466 1113; x_wconf 89' lang='lat' dir='ltr'><strong>non</strong></span> <span class='ocrx_word' id='word_1_266' title='bbox 2502 1060 2706 1128; x_wconf 86' lang='lat' dir='ltr'><strong>habeo,</strong></span> <span class='ocrx_word' id='word_1_267' title='bbox 2757 1077 2983 1114; x_wconf 85' lang='lat' dir='ltr'><strong>servum</strong></span> <span class='ocrx_word' id='word_1_268' title='bbox 3025 1079 3112 1115; x_wconf 92' lang='lat' dir='ltr'><strong>me</strong></span> <span class='ocrx_word' id='word_1_269' title='bbox 3145 1069 3352 1115; x_wconf 72' lang='lat' dir='ltr'><strong>sanctas</strong></span> <span class='ocrx_word' id='word_1_270' title='bbox 3377 1063 3562 1117; x_wconf 67' lang='lat' dir='ltr'><strong>Maria:</strong></span> <span class='ocrx_word' id='word_1_271' title='bbox 3587 1069 3643 1116; x_wconf 91' lang='lat' dir='ltr'><strong>et</strong></span> 
     </span>
    </p>
   </div>
   <div class='ocr_carea' id='block_1_39' title="bbox 1947 1148 3637 1220">
    <p class='ocr_par' dir='ltr' id='par_1_39' title="bbox 1947 1148 3637 1220">
     <span class='ocr_line' id='line_1_39' title="bbox 1947 1148 3637 1220; baseline 0.003 -19"><span class='ocrx_word' id='word_1_272' title='bbox 1947 1148 2532 1202; x_wconf 87' lang='lat' dir='ltr'><strong>Hildenesheimensis</strong></span> <span class='ocrx_word' id='word_1_273' title='bbox 2586 1150 2858 1204; x_wconf 65' lang='lat' dir='ltr'><strong>accrlesiaa</strong></span> <span class='ocrx_word' id='word_1_274' title='bbox 2916 1167 3287 1220; x_wconf 83' lang='lat' dir='ltr'><strong>recognosco,</strong></span> <span class='ocrx_word' id='word_1_275' title='bbox 3330 1153 3467 1204; x_wconf 89' lang='lat' dir='ltr'><strong>etin</strong></span> <span class='ocrx_word' id='word_1_276' title='bbox 3499 1169 3637 1206; x_wconf 91' lang='lat' dir='ltr'><strong>cun-</strong></span> 
     </span>
    </p>
   </div>
   <div class='ocr_carea' id='block_1_40' title="bbox 1945 1235 3633 1308">
    <p class='ocr_par' dir='ltr' id='par_1_40' title="bbox 1945 1235 3633 1308">
     <span class='ocr_line' id='line_1_40' title="bbox 1945 1235 3633 1308; baseline 0.002 -19"><span class='ocrx_word' id='word_1_277' title='bbox 1945 1235 2048 1289; x_wconf 90' lang='lat' dir='ltr'><strong>ctis</strong></span> <span class='ocrx_word' id='word_1_278' title='bbox 2079 1237 2266 1306; x_wconf 89' lang='lat' dir='ltr'><strong>quoad</strong></span> <span class='ocrx_word' id='word_1_279' title='bbox 2300 1244 2499 1305; x_wconf 90' lang='lat' dir='ltr'><strong>potero</strong></span> <span class='ocrx_word' id='word_1_280' title='bbox 2531 1244 2726 1291; x_wconf 87' lang='lat' dir='ltr'><strong>sancto</strong></span> <span class='ocrx_word' id='word_1_281' title='bbox 2776 1239 2900 1292; x_wconf 92' lang='lat' dir='ltr'><strong>loco</strong></span> <span class='ocrx_word' id='word_1_282' title='bbox 2957 1240 3236 1308; x_wconf 84' lang='lat' dir='ltr'><strong>prodesse</strong></span> <span class='ocrx_word' id='word_1_283' title='bbox 3286 1241 3548 1295; x_wconf 89' lang='lat' dir='ltr'><strong>studebo.</strong></span> <span class='ocrx_word' id='word_1_284' title='bbox 3607 1263 3633 1289; x_wconf 71' lang='grc' dir='ltr'><strong>υ</strong></span> 
     </span>
    </p>
   </div>
   <div class='ocr_carea' id='block_1_41' title="bbox 1944 1325 3635 1398">
    <p class='ocr_par' dir='ltr' id='par_1_41' title="bbox 1944 1325 3635 1398">
     <span class='ocr_line' id='line_1_41' title="bbox 1944 1325 3635 1398; baseline 0.004 -21"><span class='ocrx_word' id='word_1_285' title='bbox 1944 1325 2416 1395; x_wconf 78' lang='lat' dir='ltr'><strong>Archiepiscopus</strong></span> <span class='ocrx_word' id='word_1_286' title='bbox 2456 1326 2668 1396; x_wconf 88' lang='lat' dir='ltr'><strong>itaque,</strong></span> <span class='ocrx_word' id='word_1_287' title='bbox 2703 1327 2995 1397; x_wconf 85' lang='lat' dir='ltr'><strong>productis</strong></span> <span class='ocrx_word' id='word_1_288' title='bbox 3021 1327 3155 1380; x_wconf 89' lang='lat' dir='ltr'><strong>viris</strong></span> <span class='ocrx_word' id='word_1_289' title='bbox 3179 1345 3320 1398; x_wconf 86' lang='lat' dir='ltr'><strong>quos</strong></span> <span class='ocrx_word' id='word_1_290' title='bbox 3378 1329 3635 1383; x_wconf 87' lang='lat' dir='ltr'><strong>adduxe-</strong></span> 
     </span>
    </p>
   </div>
   <div class='ocr_carea' id='block_1_42' title="bbox 1945 1414 3636 1484">
    <p class='ocr_par' dir='ltr' id='par_1_42' title="bbox 1945 1414 3636 1484">
     <span class='ocr_line' id='line_1_42' title="bbox 1945 1414 3636 1484; baseline 0.003 -18"><span class='ocrx_word' id='word_1_291' title='bbox 1945 1418 2052 1479; x_wconf 89' lang='lat' dir='ltr'><strong>rat,</strong></span> <span class='ocrx_word' id='word_1_292' title='bbox 2085 1414 2376 1484; x_wconf 87' lang='lat' dir='ltr'><strong>requisivit</strong></span> <span class='ocrx_word' id='word_1_293' title='bbox 2407 1414 2723 1484; x_wconf 89' lang='lat' dir='ltr'><strong>episcopos,</strong></span> <span class='ocrx_word' id='word_1_294' title='bbox 2746 1415 2793 1468; x_wconf 93' lang='lat' dir='ltr'><strong>si</strong></span> <span class='ocrx_word' id='word_1_295' title='bbox 2835 1417 2998 1469; x_wconf 84' lang='lat' dir='ltr'><strong>liceat</strong></span> <span class='ocrx_word' id='word_1_296' title='bbox 3028 1417 3154 1469; x_wconf 89' lang='lat' dir='ltr'><strong>illos</strong></span> <span class='ocrx_word' id='word_1_297' title='bbox 3187 1417 3448 1471; x_wconf 89' lang='lat' dir='ltr'><strong>homines</strong></span> <span class='ocrx_word' id='word_1_298' title='bbox 3497 1419 3636 1471; x_wconf 83' lang='lat' dir='ltr'><strong>ban-</strong></span> 
     </span>
    </p>
   </div>
   <div class='ocr_carea' id='block_1_43' title="bbox 1945 1504 3634 1574">
    <p class='ocr_par' dir='ltr' id='par_1_43' title="bbox 1945 1504 3634 1574">
     <span class='ocr_line' id='line_1_43' title="bbox 1945 1504 3634 1574; baseline 0.002 -20"><span class='ocrx_word' id='word_1_299' title='bbox 1945 1518 2019 1555; x_wconf 93' lang='lat' dir='ltr'><strong>no</strong></span> <span class='ocrx_word' id='word_1_300' title='bbox 2042 1519 2141 1555; x_wconf 92' lang='lat' dir='ltr'><strong>suo</strong></span> <span class='ocrx_word' id='word_1_301' title='bbox 2173 1504 2239 1556; x_wconf 91' lang='lat' dir='ltr'><strong>ad</strong></span> <span class='ocrx_word' id='word_1_302' title='bbox 2282 1509 2638 1556; x_wconf 88' lang='lat' dir='ltr'><strong>sacramenta</strong></span> <span class='ocrx_word' id='word_1_303' title='bbox 2680 1504 3097 1574; x_wconf 83' lang='lat' dir='ltr'><strong>constringere,</strong></span> <span class='ocrx_word' id='word_1_304' title='bbox 3151 1505 3221 1558; x_wconf 89' lang='lat' dir='ltr'><strong>ad</strong></span> <span class='ocrx_word' id='word_1_305' title='bbox 3253 1505 3414 1574; x_wconf 89' lang='lat' dir='ltr'><strong>cujus</strong></span> <span class='ocrx_word' id='word_1_306' title='bbox 3445 1505 3634 1559; x_wconf 84' lang='lat' dir='ltr'><strong>dioce-</strong></span> 
     </span>
    </p>
   </div>
   <div class='ocr_carea' id='block_1_44' title="bbox 1945 1590 3638 1662">
    <p class='ocr_par' dir='ltr' id='par_1_44' title="bbox 1945 1590 3638 1662">
     <span class='ocr_line' id='line_1_44' title="bbox 1945 1590 3638 1662; baseline 0.002 -20"><span class='ocrx_word' id='word_1_307' title='bbox 1945 1590 2052 1644; x_wconf 91' lang='lat' dir='ltr'><strong>sim</strong></span> <span class='ocrx_word' id='word_1_308' title='bbox 2085 1590 2224 1644; x_wconf 92' lang='lat' dir='ltr'><strong>illud</strong></span> <span class='ocrx_word' id='word_1_309' title='bbox 2278 1591 2601 1645; x_wconf 69' lang='lat' dir='ltr'><strong>cmnobium</strong></span> <span class='ocrx_word' id='word_1_310' title='bbox 2657 1591 2954 1660; x_wconf 86' lang='lat' dir='ltr'><strong>pertineat.</strong></span> <span class='ocrx_word' id='word_1_311' title='bbox 2989 1592 3077 1645; x_wconf 89' lang='lat' dir='ltr'><strong>Illi</strong></span> <span class='ocrx_word' id='word_1_312' title='bbox 3109 1609 3458 1662; x_wconf 88' lang='lat' dir='ltr'><strong>quamquam</strong></span> <span class='ocrx_word' id='word_1_313' title='bbox 3513 1610 3638 1646; x_wconf 88' lang='lat' dir='ltr'><strong>me-</strong></span> 
     </span>
    </p>
   </div>
   <div class='ocr_carea' id='block_1_45' title="bbox 1945 1678 3637 1751">
    <p class='ocr_par' dir='ltr' id='par_1_45' title="bbox 1945 1678 3637 1751">
     <span class='ocr_line' id='line_1_45' title="bbox 1945 1678 3637 1751; baseline 0.001 -18"><span class='ocrx_word' id='word_1_314' title='bbox 1945 1683 2068 1733; x_wconf 90' lang='lat' dir='ltr'><strong>tum</strong></span> <span class='ocrx_word' id='word_1_315' title='bbox 2124 1678 2278 1731; x_wconf 90' lang='lat' dir='ltr'><strong>illius</strong></span> <span class='ocrx_word' id='word_1_316' title='bbox 2319 1678 2501 1742; x_wconf 89' lang='lat' dir='ltr'><strong>veriti,</strong></span> <span class='ocrx_word' id='word_1_317' title='bbox 2549 1679 2729 1744; x_wconf 91' lang='lat' dir='ltr'><strong>aiunt,</strong></span> <span class='ocrx_word' id='word_1_318' title='bbox 2801 1679 3056 1748; x_wconf 89' lang='lat' dir='ltr'><strong>legitime</strong></span> <span class='ocrx_word' id='word_1_319' title='bbox 3105 1680 3232 1733; x_wconf 83' lang='lat' dir='ltr'><strong>fieri</strong></span> <span class='ocrx_word' id='word_1_320' title='bbox 3288 1697 3402 1734; x_wconf 90' lang='lat' dir='ltr'><strong>non</strong></span> <span class='ocrx_word' id='word_1_321' title='bbox 3451 1697 3637 1751; x_wconf 90' lang='lat' dir='ltr'><strong>posse,</strong></span> 
     </span>
    </p>
   </div>
   <div class='ocr_carea' id='block_1_46' title="bbox 1943 1766 3640 1839">
    <p class='ocr_par' dir='ltr' id='par_1_46' title="bbox 1943 1766 3640 1839">
     <span class='ocr_line' id='line_1_46' title="bbox 1943 1766 3640 1839; baseline 0.001 -19"><span class='ocrx_word' id='word_1_322' title='bbox 1943 1767 2173 1821; x_wconf 91' lang='lat' dir='ltr'><strong>absente</strong></span> <span class='ocrx_word' id='word_1_323' title='bbox 2202 1768 2468 1836; x_wconf 85' lang='lat' dir='ltr'><strong>episcopo</strong></span> <span class='ocrx_word' id='word_1_324' title='bbox 2503 1767 2858 1820; x_wconf 88' lang='lat' dir='ltr'><strong>Bernwardo.</strong></span> <span class='ocrx_word' id='word_1_325' title='bbox 2908 1769 3273 1836; x_wconf 81' lang='lat' dir='ltr'><strong>Eggehardus</strong></span> <span class='ocrx_word' id='word_1_326' title='bbox 3326 1766 3375 1800; x_wconf 80' lang='grc'>⁸⁸</span> <span class='ocrx_word' id='word_1_327' title='bbox 3448 1769 3640 1839; x_wconf 87' lang='lat' dir='ltr'><strong>itaque</strong></span> 
     </span>
    </p>
   </div>
   <div class='ocr_carea' id='block_1_47' title="bbox 1940 1856 3643 1927">
    <p class='ocr_par' dir='ltr' id='par_1_47' title="bbox 1940 1856 3643 1927">
     <span class='ocr_line' id='line_1_47' title="bbox 1940 1856 3643 1927; baseline 0.002 -18"><span class='ocrx_word' id='word_1_328' title='bbox 1940 1857 2149 1927; x_wconf 64' lang='lat' dir='ltr'><strong>prassul</strong></span> <span class='ocrx_word' id='word_1_329' title='bbox 2207 1861 2263 1910; x_wconf 89' lang='lat' dir='ltr'><strong>et</strong></span> <span class='ocrx_word' id='word_1_330' title='bbox 2309 1857 2513 1909; x_wconf 85' lang='lat' dir='ltr'><strong>fratres</strong></span> <span class='ocrx_word' id='word_1_331' title='bbox 2585 1856 2784 1920; x_wconf 84' lang='lat' dir='ltr'><strong>nostri,</strong></span> <span class='ocrx_word' id='word_1_332' title='bbox 2836 1858 3086 1925; x_wconf 88' lang='lat' dir='ltr'><strong>populus</strong></span> <span class='ocrx_word' id='word_1_333' title='bbox 3167 1873 3418 1927; x_wconf 89' lang='lat' dir='ltr'><strong>quoque,</strong></span> <span class='ocrx_word' id='word_1_334' title='bbox 3478 1862 3643 1912; x_wconf 90' lang='lat' dir='ltr'><strong>orant</strong></span> 
     </span>
    </p>
   </div>
   <div class='ocr_carea' id='block_1_48' title="bbox 1940 1943 3640 2014">
    <p class='ocr_par' dir='ltr' id='par_1_48' title="bbox 1940 1943 3640 2014">
     <span class='ocr_line' id='line_1_48' title="bbox 1940 1943 3640 2014; baseline -0.001 -17"><span class='ocrx_word' id='word_1_335' title='bbox 1940 1945 2234 2008; x_wconf 85' lang='lat' dir='ltr'><strong>instanter,</strong></span> <span class='ocrx_word' id='word_1_336' title='bbox 2299 1949 2655 1998; x_wconf 89' lang='lat' dir='ltr'><strong>sacramenta</strong></span> <span class='ocrx_word' id='word_1_337' title='bbox 2741 1944 3031 2014; x_wconf 90' lang='lat' dir='ltr'><strong>suspendi.</strong></span> <span class='ocrx_word' id='word_1_338' title='bbox 3084 1945 3206 2008; x_wconf 87' lang='lat' dir='ltr'><strong>Qua</strong></span> <span class='ocrx_word' id='word_1_339' title='bbox 3260 1943 3640 1997; x_wconf 86' lang='lat' dir='ltr'><strong>unanimitate</strong></span> 
     </span>
    </p>
   </div>
   <div class='ocr_carea' id='block_1_49' title="bbox 1941 2032 3640 2102">
    <p class='ocr_par' dir='ltr' id='par_1_49' title="bbox 1941 2032 3640 2102">
     <span class='ocr_line' id='line_1_49' title="bbox 1941 2032 3640 2102; baseline -0.002 -15"><span class='ocrx_word' id='word_1_340' title='bbox 1941 2033 2077 2087; x_wconf 87' lang='lat' dir='ltr'><strong>cleri</strong></span> <span class='ocrx_word' id='word_1_341' title='bbox 2099 2038 2152 2086; x_wconf 91' lang='lat' dir='ltr'><strong>et</strong></span> <span class='ocrx_word' id='word_1_342' title='bbox 2183 2033 2364 2102; x_wconf 91' lang='lat' dir='ltr'><strong>plebis</strong></span> <span class='ocrx_word' id='word_1_343' title='bbox 2394 2032 2849 2101; x_wconf 85' lang='lat' dir='ltr'><strong>archiepiscopus</strong></span> <span class='ocrx_word' id='word_1_344' title='bbox 2890 2038 3234 2100; x_wconf 85' lang='lat' dir='ltr'><strong>commotus,</strong></span> <span class='ocrx_word' id='word_1_345' title='bbox 3307 2032 3640 2102; x_wconf 85' lang='lat' dir='ltr'><strong>Eggehardo</strong></span> 
     </span>
    </p>
   </div>
   <div class='ocr_carea' id='block_1_50' title="bbox 1941 2121 3643 2192">
    <p class='ocr_par' dir='ltr' id='par_1_50' title="bbox 1941 2121 3643 2192">
     <span class='ocr_line' id='line_1_50' title="bbox 1941 2121 3643 2192; baseline -0.001 -17"><span class='ocrx_word' id='word_1_346' title='bbox 1941 2122 2208 2192; x_wconf 89' lang='lat' dir='ltr'><strong>episcopo</strong></span> <span class='ocrx_word' id='word_1_347' title='bbox 2248 2123 2520 2188; x_wconf 88' lang='lat' dir='ltr'><strong>minatur,</strong></span> <span class='ocrx_word' id='word_1_348' title='bbox 2553 2121 2663 2174; x_wconf 92' lang='lat' dir='ltr'><strong>nisi</strong></span> <span class='ocrx_word' id='word_1_349' title='bbox 2694 2121 2856 2174; x_wconf 87' lang='lat' dir='ltr'><strong>sileat</strong></span> <span class='ocrx_word' id='word_1_350' title='bbox 2877 2121 3032 2191; x_wconf 90' lang='lat' dir='ltr'><strong>quod</strong></span> <span class='ocrx_word' id='word_1_351' title='bbox 3071 2136 3200 2174; x_wconf 89' lang='lat' dir='ltr'><strong>cum</strong></span> <span class='ocrx_word' id='word_1_352' title='bbox 3232 2121 3446 2190; x_wconf 87' lang='lat' dir='ltr'><strong>injuria</strong></span> <span class='ocrx_word' id='word_1_353' title='bbox 3475 2121 3643 2174; x_wconf 90' lang='lat' dir='ltr'><strong>illum</strong></span> 
     </span>
    </p>
   </div>
   <div class='ocr_carea' id='block_1_51' title="bbox 1941 2209 3641 2281">
    <p class='ocr_par' dir='ltr' id='par_1_51' title="bbox 1941 2209 3641 2281">
     <span class='ocr_line' id='line_1_51' title="bbox 1941 2209 3641 2281; baseline -0.002 -17"><span class='ocrx_word' id='word_1_354' title='bbox 1941 2211 2148 2281; x_wconf 87' lang='lat' dir='ltr'><strong>ejiciat,</strong></span> <span class='ocrx_word' id='word_1_355' title='bbox 2188 2212 2370 2280; x_wconf 91' lang='lat' dir='ltr'><strong>Super</strong></span> <span class='ocrx_word' id='word_1_356' title='bbox 2400 2211 2506 2264; x_wconf 86' lang='lat' dir='ltr'><strong>hoc</strong></span> <span class='ocrx_word' id='word_1_357' title='bbox 2547 2210 2711 2263; x_wconf 89' lang='lat' dir='ltr'><strong>multi</strong></span> <span class='ocrx_word' id='word_1_358' title='bbox 2744 2209 3028 2279; x_wconf 81' lang='lat' dir='ltr'><strong>indignati</strong></span> <span class='ocrx_word' id='word_1_359' title='bbox 3061 2215 3116 2262; x_wconf 90' lang='lat' dir='ltr'><strong>et</strong></span> <span class='ocrx_word' id='word_1_360' title='bbox 3171 2209 3453 2280; x_wconf 90' lang='lat' dir='ltr'><strong>aliquanti</strong></span> <span class='ocrx_word' id='word_1_361' title='bbox 3495 2225 3641 2278; x_wconf 89' lang='lat' dir='ltr'><strong>quos</strong></span> 
     </span>
    </p>
   </div>
   <div class='ocr_carea' id='block_1_52' title="bbox 1941 2298 3645 2370">
    <p class='ocr_par' dir='ltr' id='par_1_52' title="bbox 1941 2298 3645 2370">
     <span class='ocr_line' id='line_1_52' title="bbox 1941 2298 3645 2370; baseline -0.002 -16"><span class='ocrx_word' id='word_1_362' title='bbox 1941 2299 2403 2370; x_wconf 89' lang='lat' dir='ltr'><strong>archiepiscopus</strong></span> <span class='ocrx_word' id='word_1_363' title='bbox 2433 2299 2766 2364; x_wconf 81' lang='lat' dir='ltr'><strong>adduxerat,</strong></span> <span class='ocrx_word' id='word_1_364' title='bbox 2795 2314 2925 2351; x_wconf 91' lang='lat' dir='ltr'><strong>cum</strong></span> <span class='ocrx_word' id='word_1_365' title='bbox 2964 2299 3383 2368; x_wconf 89' lang='lat' dir='ltr'><strong>propemodum</strong></span> <span class='ocrx_word' id='word_1_366' title='bbox 3420 2298 3645 2352; x_wconf 89' lang='lat' dir='ltr'><strong>tumul—</strong></span> 
     </span>
    </p>
   </div>
   <div class='ocr_carea' id='block_1_53' title="bbox 1941 2387 3644 2458">
    <p class='ocr_par' dir='ltr' id='par_1_53' title="bbox 1941 2387 3644 2458">
     <span class='ocr_line' id='line_1_53' title="bbox 1941 2387 3644 2458; baseline -0.002 -15"><span class='ocrx_word' id='word_1_367' title='bbox 1941 2397 2034 2443; x_wconf 86' lang='lat' dir='ltr'><strong>tus</strong></span> <span class='ocrx_word' id='word_1_368' title='bbox 2065 2389 2331 2454; x_wconf 88' lang='lat' dir='ltr'><strong>oriretur,</strong></span> <span class='ocrx_word' id='word_1_369' title='bbox 2367 2388 2732 2458; x_wconf 82' lang='lat' dir='ltr'><strong>Eggehardus</strong></span> <span class='ocrx_word' id='word_1_370' title='bbox 2765 2389 2971 2456; x_wconf 65' lang='lat' dir='ltr'><strong>praesul</strong></span> <span class='ocrx_word' id='word_1_371' title='bbox 3030 2388 3100 2441; x_wconf 88' lang='lat' dir='ltr'><strong>ab</strong></span> <span class='ocrx_word' id='word_1_372' title='bbox 3149 2387 3430 2457; x_wconf 86' lang='lat' dir='ltr'><strong>episcopis</strong></span> <span class='ocrx_word' id='word_1_373' title='bbox 3479 2402 3644 2456; x_wconf 87' lang='lat' dir='ltr'><strong>roga-</strong></span> 
     </span>
    </p>
   </div>
   <div class='ocr_carea' id='block_1_54' title="bbox 1942 2476 3647 2546">
    <p class='ocr_par' dir='ltr' id='par_1_54' title="bbox 1942 2476 3647 2546">
     <span class='ocr_line' id='line_1_54' title="bbox 1942 2476 3647 2546; baseline -0.002 -14"><span class='ocrx_word' id='word_1_374' title='bbox 1942 2483 2034 2532; x_wconf 89' lang='lat' dir='ltr'><strong>tus</strong></span> <span class='ocrx_word' id='word_1_375' title='bbox 2084 2477 2362 2543; x_wconf 87' lang='lat' dir='ltr'><strong>seccessit,</strong></span> <span class='ocrx_word' id='word_1_376' title='bbox 2472 2481 2818 2546; x_wconf 90' lang='lat' dir='ltr'><strong>cunctosque</strong></span> <span class='ocrx_word' id='word_1_377' title='bbox 2906 2476 3525 2532; x_wconf 87' lang='lat' dir='ltr'><strong>Gaudenesheimenses</strong></span> <span class='ocrx_word' id='word_1_378' title='bbox 3593 2479 3647 2528; x_wconf 93' lang='lat' dir='ltr'><strong>et</strong></span> 
     </span>
    </p>
   </div>
   <div class='ocr_carea' id='block_1_55' title="bbox 1943 2565 3645 2634">
    <p class='ocr_par' dir='ltr' id='par_1_55' title="bbox 1943 2565 3645 2634">
     <span class='ocr_line' id='line_1_55' title="bbox 1943 2565 3645 2634; baseline -0.001 -16"><span class='ocrx_word' id='word_1_379' title='bbox 1943 2582 2143 2619; x_wconf 85' lang='lat' dir='ltr'><strong>omnes</strong></span> <span class='ocrx_word' id='word_1_380' title='bbox 2188 2567 2255 2620; x_wconf 92' lang='lat' dir='ltr'><strong>ad</strong></span> <span class='ocrx_word' id='word_1_381' title='bbox 2289 2565 2911 2620; x_wconf 86' lang='lat' dir='ltr'><strong>Hildenesheimensem</strong></span> <span class='ocrx_word' id='word_1_382' title='bbox 2949 2566 3219 2619; x_wconf 91' lang='lat' dir='ltr'><strong>diocesim</strong></span> <span class='ocrx_word' id='word_1_383' title='bbox 3294 2566 3645 2634; x_wconf 89' lang='lat' dir='ltr'><strong>pertinentes</strong></span> 
     </span>
    </p>
   </div>
   <div class='ocr_carea' id='block_1_56' title="bbox 1943 2653 3645 2724">
    <p class='ocr_par' dir='ltr' id='par_1_56' title="bbox 1943 2653 3645 2724">
     <span class='ocr_line' id='line_1_56' title="bbox 1943 2653 3645 2724; baseline -0.002 -16"><span class='ocrx_word' id='word_1_384' title='bbox 1943 2654 2012 2708; x_wconf 88' lang='lat' dir='ltr'><strong>ad</strong></span> <span class='ocrx_word' id='word_1_385' title='bbox 2039 2671 2200 2708; x_wconf 90' lang='lat' dir='ltr'><strong>suam</strong></span> <span class='ocrx_word' id='word_1_386' title='bbox 2240 2655 2523 2724; x_wconf 89' lang='lat' dir='ltr'><strong>synodum</strong></span> <span class='ocrx_word' id='word_1_387' title='bbox 2569 2653 2844 2706; x_wconf 88' lang='lat' dir='ltr'><strong>invitavit.</strong></span> <span class='ocrx_word' id='word_1_388' title='bbox 2894 2654 2977 2707; x_wconf 88' lang='lat' dir='ltr'><strong>Ad</strong></span> <span class='ocrx_word' id='word_1_389' title='bbox 3006 2654 3168 2723; x_wconf 91' lang='lat' dir='ltr'><strong>cujus</strong></span> <span class='ocrx_word' id='word_1_390' title='bbox 3206 2655 3459 2707; x_wconf 90' lang='lat' dir='ltr'><strong>bannum</strong></span> <span class='ocrx_word' id='word_1_391' title='bbox 3501 2668 3645 2705; x_wconf 92' lang='lat' dir='ltr'><strong>una-</strong></span> 
     </span>
    </p>
   </div>
   <div class='ocr_carea' id='block_1_57' title="bbox 1945 2742 3643 2811">
    <p class='ocr_par' dir='ltr' id='par_1_57' title="bbox 1945 2742 3643 2811">
     <span class='ocr_line' id='line_1_57' title="bbox 1945 2742 3643 2811; baseline -0.001 -15"><span class='ocrx_word' id='word_1_392' title='bbox 1945 2742 2394 2796; x_wconf 82' lang='lat' dir='ltr'><strong>uimiteromues</strong></span> <span class='ocrx_word' id='word_1_393' title='bbox 2449 2742 2683 2811; x_wconf 90' lang='lat' dir='ltr'><strong>egressi,</strong></span> <span class='ocrx_word' id='word_1_394' title='bbox 2731 2742 2896 2795; x_wconf 90' lang='lat' dir='ltr'><strong>illum</strong></span> <span class='ocrx_word' id='word_1_395' title='bbox 2963 2743 3109 2796; x_wconf 92' lang='lat' dir='ltr'><strong>sicut</strong></span> <span class='ocrx_word' id='word_1_396' title='bbox 3175 2747 3328 2807; x_wconf 90' lang='lat' dir='ltr'><strong>sunt,</strong></span> <span class='ocrx_word' id='word_1_397' title='bbox 3386 2746 3643 2795; x_wconf 89' lang='lat' dir='ltr'><strong>tantum-</strong></span> 
     </span>
    </p>
   </div>
   <div class='ocr_carea' id='block_1_58' title="bbox 1944 2830 3644 2901">
    <p class='ocr_par' dir='ltr' id='par_1_58' title="bbox 1944 2830 3644 2901">
     <span class='ocr_line' id='line_1_58' title="bbox 1944 2830 3644 2901; baseline -0.001 -17"><span class='ocrx_word' id='word_1_398' title='bbox 1944 2831 2118 2884; x_wconf 92' lang='lat' dir='ltr'><strong>modo</strong></span> <span class='ocrx_word' id='word_1_399' title='bbox 2152 2847 2280 2885; x_wconf 92' lang='lat' dir='ltr'><strong>cum</strong></span> <span class='ocrx_word' id='word_1_400' title='bbox 2314 2831 2744 2901; x_wconf 86' lang='lat' dir='ltr'><strong>archiepiscopo</strong></span> <span class='ocrx_word' id='word_1_401' title='bbox 2765 2831 2882 2884; x_wconf 92' lang='lat' dir='ltr'><strong>suis</strong></span> <span class='ocrx_word' id='word_1_402' title='bbox 2937 2831 3206 2901; x_wconf 89' lang='lat' dir='ltr'><strong>propriis,</strong></span> <span class='ocrx_word' id='word_1_403' title='bbox 3266 2847 3408 2901; x_wconf 90' lang='lat' dir='ltr'><strong>quos</strong></span> <span class='ocrx_word' id='word_1_404' title='bbox 3453 2830 3644 2884; x_wconf 89' lang='lat' dir='ltr'><strong>addu-</strong></span> 
     </span>
    </p>
   </div>
   <div class='ocr_carea' id='block_1_59' title="bbox 1946 2920 3646 2984">
    <p class='ocr_par' dir='ltr' id='par_1_59' title="bbox 1946 2920 3646 2984">
     <span class='ocr_line' id='line_1_59' title="bbox 1946 2920 3646 2984; baseline -0.001 -9"><span class='ocrx_word' id='word_1_405' title='bbox 1946 2927 2124 2984; x_wconf 83' lang='lat' dir='ltr'><strong>xerat,</strong></span> <span class='ocrx_word' id='word_1_406' title='bbox 2192 2920 2420 2975; x_wconf 89' lang='lat' dir='ltr'><strong>relictis.</strong></span> <span class='ocrx_word' id='word_1_407' title='bbox 2485 2921 2624 2975; x_wconf 88' lang='lat' dir='ltr'><strong>Cum</strong></span> <span class='ocrx_word' id='word_1_408' title='bbox 2691 2937 2823 2975; x_wconf 88' lang='lat' dir='ltr'><strong>vero</strong></span> <span class='ocrx_word' id='word_1_409' title='bbox 2889 2921 2958 2975; x_wconf 92' lang='lat' dir='ltr'><strong>de</strong></span> <span class='ocrx_word' id='word_1_410' title='bbox 3018 2921 3229 2974; x_wconf 90' lang='lat' dir='ltr'><strong>diocesi</strong></span> <span class='ocrx_word' id='word_1_411' title='bbox 3279 2920 3646 2974; x_wconf 89' lang='lat' dir='ltr'><strong>sacramentis</strong></span> 
     </span>
    </p>
   </div>
   <div class='ocr_carea' id='block_1_60' title="bbox 139 3005 3642 3079">
    <p class='ocr_par' dir='ltr' id='par_1_60' title="bbox 139 3005 3642 3079">
     <span class='ocr_line' id='line_1_60' title="bbox 139 3005 3642 3079; baseline 0 -19"><span class='ocrx_word' id='word_1_412' title='bbox 139 3025 372 3078; x_wconf 89' lang='lat' dir='ltr'><strong>quoque</strong></span> <span class='ocrx_word' id='word_1_413' title='bbox 391 3025 541 3060; x_wconf 90' lang='lat' dir='ltr'><strong>nunc</strong></span> <span class='ocrx_word' id='word_1_414' title='bbox 564 3007 924 3078; x_wconf 87' lang='lat' dir='ltr'><strong>imperatoris</strong></span> <span class='ocrx_word' id='word_1_415' title='bbox 952 3006 1234 3072; x_wconf 91' lang='lat' dir='ltr'><strong>cubiculo,</strong></span> <span class='ocrx_word' id='word_1_416' title='bbox 1261 3005 1552 3059; x_wconf 88' lang='lat' dir='ltr'><strong>interdum</strong></span> <span class='ocrx_word' id='word_1_417' title='bbox 1607 3005 1833 3074; x_wconf 88' lang='lat' dir='ltr'><strong>episco—</strong></span> <span class='ocrx_word' id='word_1_418' title='bbox 1867 3008 1906 3063; x_wconf 91' lang='lat' dir='ltr'>C</span> <span class='ocrx_word' id='word_1_419' title='bbox 1948 3009 2257 3062; x_wconf 86' lang='lat' dir='ltr'><strong>examinati</strong></span> <span class='ocrx_word' id='word_1_420' title='bbox 2290 3009 2740 3079; x_wconf 88' lang='lat' dir='ltr'><strong>requirerentur,</strong></span> <span class='ocrx_word' id='word_1_421' title='bbox 2775 3008 2873 3062; x_wconf 91' lang='lat' dir='ltr'><strong>alii</strong></span> <span class='ocrx_word' id='word_1_422' title='bbox 2920 3009 3214 3062; x_wconf 88' lang='lat' dir='ltr'><strong>Ethrinam</strong></span> <span class='ocrx_word' id='word_1_423' title='bbox 3249 3009 3384 3078; x_wconf 85' lang='lat'><strong>(37),</strong></span> <span class='ocrx_word' id='word_1_424' title='bbox 3422 3009 3642 3063; x_wconf 87' lang='lat' dir='ltr'><strong>Frides-</strong></span> 
     </span>
    </p>
   </div>
   <div class='ocr_carea' id='block_1_61' title="bbox 137 3094 1834 3165">
    <p class='ocr_par' dir='ltr' id='par_1_61' title="bbox 137 3094 1834 3165">
     <span class='ocr_line' id='line_1_61' title="bbox 137 3094 1834 3165; baseline -0.002 -16"><span class='ocrx_word' id='word_1_425' title='bbox 137 3097 196 3165; x_wconf 90' lang='lat' dir='ltr'><strong>pi</strong></span> <span class='ocrx_word' id='word_1_426' title='bbox 227 3096 609 3162; x_wconf 90' lang='lat' dir='ltr'><strong>considentes,</strong></span> <span class='ocrx_word' id='word_1_427' title='bbox 673 3101 727 3148; x_wconf 91' lang='lat' dir='ltr'><strong>et</strong></span> <span class='ocrx_word' id='word_1_428' title='bbox 787 3095 1040 3148; x_wconf 84' lang='lat' dir='ltr'><strong>forenses</strong></span> <span class='ocrx_word' id='word_1_429' title='bbox 1095 3111 1292 3148; x_wconf 89' lang='lat' dir='ltr'><strong>causas</strong></span> <span class='ocrx_word' id='word_1_430' title='bbox 1344 3098 1398 3148; x_wconf 87' lang='lat' dir='ltr'><strong>et</strong></span> <span class='ocrx_word' id='word_1_431' title='bbox 1451 3094 1533 3147; x_wconf 88' lang='lat' dir='ltr'><strong>rei</strong></span> <span class='ocrx_word' id='word_1_432' title='bbox 1589 3094 1834 3164; x_wconf 69' lang='lat' dir='ltr'><strong>publicae</strong></span> 
     </span>
    </p>
   </div>
   <div class='ocr_carea' id='block_1_62' title="bbox 138 3182 1836 3253">
    <p class='ocr_par' dir='ltr' id='par_1_62' title="bbox 138 3182 1836 3253">
     <span class='ocr_line' id='line_1_62' title="bbox 138 3182 1836 3253; baseline 0 -17"><span class='ocrx_word' id='word_1_433' title='bbox 138 3184 458 3236; x_wconf 90' lang='lat' dir='ltr'><strong>necessaria</strong></span> <span class='ocrx_word' id='word_1_434' title='bbox 524 3183 912 3237; x_wconf 85' lang='lat' dir='ltr'><strong>conferebant.</strong></span> <span class='ocrx_word' id='word_1_435' title='bbox 978 3185 1118 3236; x_wconf 88' lang='lat' dir='ltr'><strong>Nam</strong></span> <span class='ocrx_word' id='word_1_436' title='bbox 1176 3184 1244 3237; x_wconf 87' lang='lat' dir='ltr'><strong>de</strong></span> <span class='ocrx_word' id='word_1_437' title='bbox 1293 3182 1722 3253; x_wconf 89' lang='lat' dir='ltr'><strong>archiepiscopo</strong></span> <span class='ocrx_word' id='word_1_438' title='bbox 1780 3187 1836 3236; x_wconf 89' lang='lat' dir='ltr'><strong>et</strong></span> 
     </span>
    </p>
   </div>
   <div class='ocr_carea' id='block_1_63' title="bbox 137 3271 1838 3326">
    <p class='ocr_par' dir='ltr' id='par_1_63' title="bbox 137 3271 1838 3326">
     <span class='ocr_line' id='line_1_63' title="bbox 137 3271 1838 3326; baseline 0 -1"><span class='ocrx_word' id='word_1_439' title='bbox 137 3274 392 3326; x_wconf 89' lang='lat' dir='ltr'><strong>tumultu</strong></span> <span class='ocrx_word' id='word_1_440' title='bbox 425 3273 879 3326; x_wconf 87' lang='lat' dir='ltr'><strong>Gandeuesheim</strong></span> <span class='ocrx_word' id='word_1_441' title='bbox 910 3272 1110 3326; x_wconf 91' lang='lat' dir='ltr'><strong>oborto</strong></span> <span class='ocrx_word' id='word_1_442' title='bbox 1141 3277 1272 3325; x_wconf 89' lang='lat' dir='ltr'><strong>ante</strong></span> <span class='ocrx_word' id='word_1_443' title='bbox 1305 3288 1590 3325; x_wconf 89' lang='lat' dir='ltr'><strong>accessum</strong></span> <span class='ocrx_word' id='word_1_444' title='bbox 1639 3271 1838 3325; x_wconf 89' lang='lat' dir='ltr'><strong>domui</strong></span> 
     </span>
    </p>
   </div>
   <div class='ocr_carea' id='block_1_64' title="bbox 139 3361 1831 3431">
    <p class='ocr_par' dir='ltr' id='par_1_64' title="bbox 139 3361 1831 3431">
     <span class='ocr_line' id='line_1_64' title="bbox 139 3361 1831 3431; baseline -0.001 -17"><span class='ocrx_word' id='word_1_445' title='bbox 139 3361 396 3431; x_wconf 90' lang='lat' dir='ltr'><strong>episcopi</strong></span> <span class='ocrx_word' id='word_1_446' title='bbox 477 3362 631 3415; x_wconf 89' lang='lat' dir='ltr'><strong>fama</strong></span> <span class='ocrx_word' id='word_1_447' title='bbox 715 3377 1072 3431; x_wconf 59' lang='lat' dir='ltr'><strong>prascurrens</strong></span> <span class='ocrx_word' id='word_1_448' title='bbox 1125 3367 1328 3414; x_wconf 91' lang='lat' dir='ltr'><strong>cuncta</strong></span> <span class='ocrx_word' id='word_1_449' title='bbox 1403 3361 1831 3430; x_wconf 84' lang='lat' dir='ltr'><strong>divulgaverat;</strong></span> 
     </span>
    </p>
   </div>
   <div class='ocr_carea' id='block_1_65' title="bbox 140 3450 1835 3521">
    <p class='ocr_par' dir='ltr' id='par_1_65' title="bbox 140 3450 1835 3521">
     <span class='ocr_line' id='line_1_65' title="bbox 140 3450 1835 3521; baseline 0 -19"><span class='ocrx_word' id='word_1_450' title='bbox 140 3452 290 3504; x_wconf 91' lang='lat' dir='ltr'><strong>unde</strong></span> <span class='ocrx_word' id='word_1_451' title='bbox 332 3466 449 3503; x_wconf 90' lang='lat' dir='ltr'><strong>non</strong></span> <span class='ocrx_word' id='word_1_452' title='bbox 508 3467 654 3520; x_wconf 91' lang='lat' dir='ltr'><strong>opus</strong></span> <span class='ocrx_word' id='word_1_453' title='bbox 683 3451 928 3505; x_wconf 89' lang='lat' dir='ltr'><strong>habebat</strong></span> <span class='ocrx_word' id='word_1_454' title='bbox 954 3451 1181 3521; x_wconf 89' lang='lat' dir='ltr'><strong>singula</strong></span> <span class='ocrx_word' id='word_1_455' title='bbox 1230 3452 1511 3518; x_wconf 89' lang='lat' dir='ltr'><strong>evolvere,</strong></span> <span class='ocrx_word' id='word_1_456' title='bbox 1569 3450 1663 3504; x_wconf 92' lang='lat' dir='ltr'><strong>sed</strong></span> <span class='ocrx_word' id='word_1_457' title='bbox 1706 3451 1835 3503; x_wconf 90' lang='lat' dir='ltr'><strong>bre-</strong></span> 
     </span>
    </p>
   </div>
   <div class='ocr_carea' id='block_1_66' title="bbox 137 3539 1838 3611">
    <p class='ocr_par' dir='ltr' id='par_1_66' title="bbox 137 3539 1838 3611">
     <span class='ocr_line' id='line_1_66' title="bbox 137 3539 1838 3611; baseline 0.001 -21"><span class='ocrx_word' id='word_1_458' title='bbox 137 3539 282 3592; x_wconf 87' lang='lat' dir='ltr'><strong>viter</strong></span> <span class='ocrx_word' id='word_1_459' title='bbox 339 3539 720 3611; x_wconf 82' lang='lat' dir='ltr'><strong>strictimque,</strong></span> <span class='ocrx_word' id='word_1_460' title='bbox 783 3540 1131 3610; x_wconf 90' lang='lat' dir='ltr'><strong>imperatore</strong></span> <span class='ocrx_word' id='word_1_461' title='bbox 1183 3541 1597 3610; x_wconf 82' lang='lat' dir='ltr'><strong>interrogante,</strong></span> <span class='ocrx_word' id='word_1_462' title='bbox 1658 3556 1838 3609; x_wconf 88' lang='lat' dir='ltr'><strong>pauca</strong></span> 
     </span>
    </p>
   </div>
   <div class='ocr_carea' id='block_1_67' title="bbox 142 3626 530 3682">
    <p class='ocr_par' dir='ltr' id='par_1_67' title="bbox 142 3626 530 3682">
     <span class='ocr_line' id='line_1_67' title="bbox 142 3626 530 3682; baseline -0.003 0"><span class='ocrx_word' id='word_1_463' title='bbox 142 3627 436 3682; x_wconf 84' lang='lat' dir='ltr'><strong>contexuit</strong></span> <span class='ocrx_word' id='word_1_464' title='bbox 465 3626 530 3681; x_wconf 79' lang='grc'><strong>⁸⁵.</strong></span> 
     </span>
    </p>
   </div>
   <div class='ocr_carea' id='block_1_68' title="bbox 211 3716 1832 3787">
    <p class='ocr_par' dir='ltr' id='par_1_68' title="bbox 211 3716 1832 3787">
     <span class='ocr_line' id='line_1_68' title="bbox 211 3716 1832 3787; baseline -0.001 -17"><span class='ocrx_word' id='word_1_465' title='bbox 211 3720 307 3770; x_wconf 90' lang='grc'><strong>20.</strong></span> <span class='ocrx_word' id='word_1_466' title='bbox 355 3717 466 3772; x_wconf 85' lang='lat' dir='ltr'><strong>Sed</strong></span> <span class='ocrx_word' id='word_1_467' title='bbox 523 3716 987 3787; x_wconf 88' lang='lat' dir='ltr'><strong>archiepiscopus</strong></span> <span class='ocrx_word' id='word_1_468' title='bbox 1040 3717 1189 3787; x_wconf 91' lang='lat' dir='ltr'><strong>quod</strong></span> <span class='ocrx_word' id='word_1_469' title='bbox 1245 3721 1435 3770; x_wconf 88' lang='lat' dir='ltr'><strong>mente</strong></span> <span class='ocrx_word' id='word_1_470' title='bbox 1478 3721 1832 3786; x_wconf 87' lang='lat' dir='ltr'><strong>perceperat,</strong></span> 
     </span>
    </p>
   </div>
   <div class='ocr_carea' id='block_1_69' title="bbox 143 3805 1836 3876">
    <p class='ocr_par' dir='ltr' id='par_1_69' title="bbox 143 3805 1836 3876">
     <span class='ocr_line' id='line_1_69' title="bbox 143 3805 1836 3876; baseline -0.001 -16"><span class='ocrx_word' id='word_1_471' title='bbox 143 3812 267 3860; x_wconf 88' lang='lat' dir='ltr'><strong>actu</strong></span> <span class='ocrx_word' id='word_1_472' title='bbox 302 3807 632 3876; x_wconf 82' lang='lat' dir='ltr'><strong>perfecerat.</strong></span> <span class='ocrx_word' id='word_1_473' title='bbox 667 3805 906 3869; x_wconf 90' lang='lat' dir='ltr'><strong>Quidam</strong></span> <span class='ocrx_word' id='word_1_474' title='bbox 952 3807 1103 3860; x_wconf 89' lang='lat' dir='ltr'><strong>enim</strong></span> <span class='ocrx_word' id='word_1_475' title='bbox 1142 3805 1380 3876; x_wconf 90' lang='lat' dir='ltr'><strong>maligni</strong></span> <span class='ocrx_word' id='word_1_476' title='bbox 1439 3807 1602 3859; x_wconf 89' lang='lat' dir='ltr'><strong>illum</strong></span> <span class='ocrx_word' id='word_1_477' title='bbox 1640 3806 1836 3876; x_wconf 89' lang='lat' dir='ltr'><strong>impu-</strong></span> 
     </span>
    </p>
   </div>
   <div class='ocr_carea' id='block_1_70' title="bbox 138 3893 1836 3965">
    <p class='ocr_par' dir='ltr' id='par_1_70' title="bbox 138 3893 1836 3965">
     <span class='ocr_line' id='line_1_70' title="bbox 138 3893 1836 3965; baseline -0.001 -16"><span class='ocrx_word' id='word_1_478' title='bbox 138 3895 349 3960; x_wconf 89' lang='lat' dir='ltr'><strong>lerunt,</strong></span> <span class='ocrx_word' id='word_1_479' title='bbox 373 3894 586 3964; x_wconf 89' lang='lat' dir='ltr'><strong>Sophia</strong></span> <span class='ocrx_word' id='word_1_480' title='bbox 616 3894 1024 3948; x_wconf 91' lang='lat' dir='ltr'><strong>nichilominus</strong></span> <span class='ocrx_word' id='word_1_481' title='bbox 1070 3895 1377 3948; x_wconf 89' lang='lat' dir='ltr'><strong>institerat.</strong></span> <span class='ocrx_word' id='word_1_482' title='bbox 1429 3894 1593 3948; x_wconf 89' lang='lat' dir='ltr'><strong>Venit</strong></span> <span class='ocrx_word' id='word_1_483' title='bbox 1642 3893 1836 3965; x_wconf 89' lang='lat' dir='ltr'><strong>itaque</strong></span> 
     </span>
    </p>
   </div>
   <div class='ocr_carea' id='block_1_71' title="bbox 141 3981 1835 4037">
    <p class='ocr_par' dir='ltr' id='par_1_71' title="bbox 141 3981 1835 4037">
     <span class='ocr_line' id='line_1_71' title="bbox 141 3981 1835 4037; baseline 0.001 -1"><span class='ocrx_word' id='word_1_484' title='bbox 141 3983 314 4036; x_wconf 90' lang='lat' dir='ltr'><strong>biduo</strong></span> <span class='ocrx_word' id='word_1_485' title='bbox 346 3987 480 4035; x_wconf 90' lang='lat' dir='ltr'><strong>ante</strong></span> <span class='ocrx_word' id='word_1_486' title='bbox 507 3981 685 4036; x_wconf 89' lang='lat' dir='ltr'><strong>sancti</strong></span> <span class='ocrx_word' id='word_1_487' title='bbox 721 3983 961 4036; x_wconf 67' lang='lat' dir='ltr'><strong>Andreas</strong></span> <span class='ocrx_word' id='word_1_488' title='bbox 1005 3983 1214 4036; x_wconf 85' lang='lat' dir='ltr'><strong>festum</strong></span> <span class='ocrx_word' id='word_1_489' title='bbox 1277 3983 1734 4037; x_wconf 86' lang='lat' dir='ltr'><strong>Gaudenesheim</strong></span> <span class='ocrx_word' id='word_1_490' title='bbox 1766 3985 1835 4037; x_wconf 88' lang='lat' dir='ltr'><strong>ad</strong></span> 
     </span>
    </p>
   </div>
   <div class='ocr_carea' id='block_1_72' title="bbox 140 4071 1835 4141">
    <p class='ocr_par' dir='ltr' id='par_1_72' title="bbox 140 4071 1835 4141">
     <span class='ocr_line' id='line_1_72' title="bbox 140 4071 1835 4141; baseline 0.001 -17"><span class='ocrx_word' id='word_1_491' title='bbox 140 4071 423 4141; x_wconf 89' lang='lat' dir='ltr'><strong>synodum</strong></span> <span class='ocrx_word' id='word_1_492' title='bbox 480 4074 589 4138; x_wconf 86' lang='lat' dir='ltr'><strong>(an.</strong></span> <span class='ocrx_word' id='word_1_493' title='bbox 633 4073 783 4137; x_wconf 81' lang='lat'>1000,</span> <span class='ocrx_word' id='word_1_494' title='bbox 843 4073 976 4126; x_wconf 87' lang='lat' dir='ltr'><strong>Nov.</strong></span> <span class='ocrx_word' id='word_1_495' title='bbox 1039 4071 1145 4140; x_wconf 89' lang='lat'><strong>28),</strong></span> <span class='ocrx_word' id='word_1_496' title='bbox 1195 4076 1253 4124; x_wconf 91' lang='lat' dir='ltr'><strong>ut</strong></span> <span class='ocrx_word' id='word_1_497' title='bbox 1309 4071 1683 4141; x_wconf 88' lang='lat' dir='ltr'><strong>disposuerat,</strong></span> <span class='ocrx_word' id='word_1_498' title='bbox 1730 4073 1835 4126; x_wconf 86' lang='lat' dir='ltr'><strong>ha-</strong></span> 
     </span>
    </p>
   </div>
   <div class='ocr_carea' id='block_1_73' title="bbox 138 4159 1833 4229">
    <p class='ocr_par' dir='ltr' id='par_1_73' title="bbox 138 4159 1833 4229">
     <span class='ocr_line' id='line_1_73' title="bbox 138 4159 1833 4229; baseline 0 -15"><span class='ocrx_word' id='word_1_499' title='bbox 138 4161 276 4214; x_wconf 89' lang='lat' dir='ltr'><strong>bens</strong></span> <span class='ocrx_word' id='word_1_500' title='bbox 332 4175 524 4213; x_wconf 91' lang='lat' dir='ltr'><strong>secum</strong></span> <span class='ocrx_word' id='word_1_501' title='bbox 575 4159 963 4213; x_wconf 89' lang='lat' dir='ltr'><strong>venerabilem</strong></span> <span class='ocrx_word' id='word_1_502' title='bbox 1013 4159 1345 4229; x_wconf 89' lang='lat' dir='ltr'><strong>episcopum</strong></span> <span class='ocrx_word' id='word_1_503' title='bbox 1404 4160 1738 4214; x_wconf 77' lang='lat' dir='ltr'><strong>Retharium</strong></span> <span class='ocrx_word' id='word_1_504' title='bbox 1765 4159 1833 4228; x_wconf 76' lang='grc'><strong>⁸⁸,</strong></span> 
     </span>
    </p>
   </div>
   <div class='ocr_carea' id='block_1_74' title="bbox 135 4249 1836 4318">
    <p class='ocr_par' dir='ltr' id='par_1_74' title="bbox 135 4249 1836 4318">
     <span class='ocr_line' id='line_1_74' title="bbox 135 4249 1836 4318; baseline 0 -16"><span class='ocrx_word' id='word_1_505' title='bbox 135 4249 389 4318; x_wconf 88' lang='lat' dir='ltr'><strong>aliosque</strong></span> <span class='ocrx_word' id='word_1_506' title='bbox 421 4249 744 4317; x_wconf 87' lang='lat' dir='ltr'><strong>complures</strong></span> <span class='ocrx_word' id='word_1_507' title='bbox 784 4254 1103 4313; x_wconf 85' lang='lat' dir='ltr'><strong>extraneos,</strong></span> <span class='ocrx_word' id='word_1_508' title='bbox 1137 4249 1397 4302; x_wconf 89' lang='lat' dir='ltr'><strong>videlicet</strong></span> <span class='ocrx_word' id='word_1_509' title='bbox 1448 4251 1517 4303; x_wconf 92' lang='lat' dir='ltr'><strong>de</strong></span> <span class='ocrx_word' id='word_1_510' title='bbox 1583 4251 1836 4303; x_wconf 85' lang='lat' dir='ltr'><strong>Thurin-</strong></span> 
     </span>
    </p>
   </div>
   <div class='ocr_carea' id='block_1_75' title="bbox 137 4337 1836 4410">
    <p class='ocr_par' dir='ltr' id='par_1_75' title="bbox 137 4337 1836 4410">
     <span class='ocr_line' id='line_1_75' title="bbox 137 4337 1836 4410; baseline 0.001 -19"><span class='ocrx_word' id='word_1_511' title='bbox 137 4339 225 4410; x_wconf 89' lang='lat' dir='ltr'><strong>gis</strong></span> <span class='ocrx_word' id='word_1_512' title='bbox 253 4343 310 4391; x_wconf 91' lang='lat' dir='ltr'><strong>et</strong></span> <span class='ocrx_word' id='word_1_513' title='bbox 334 4337 544 4406; x_wconf 84' lang='lat' dir='ltr'><strong>Hassis,</strong></span> <span class='ocrx_word' id='word_1_514' title='bbox 575 4354 821 4408; x_wconf 88' lang='lat' dir='ltr'><strong>quorum</strong></span> <span class='ocrx_word' id='word_1_515' title='bbox 871 4337 923 4390; x_wconf 90' lang='lat' dir='ltr'><strong>id</strong></span> <span class='ocrx_word' id='word_1_516' title='bbox 954 4337 1125 4391; x_wconf 90' lang='lat' dir='ltr'><strong>nichil</strong></span> <span class='ocrx_word' id='word_1_517' title='bbox 1157 4338 1447 4403; x_wconf 90' lang='lat' dir='ltr'><strong>intererat,</strong></span> <span class='ocrx_word' id='word_1_518' title='bbox 1531 4339 1836 4392; x_wconf 91' lang='lat' dir='ltr'><strong>nonnullos</strong></span> 
     </span>
    </p>
   </div>
   <div class='ocr_carea' id='block_1_76' title="bbox 137 4427 1837 4498">
    <p class='ocr_par' dir='ltr' id='par_1_76' title="bbox 137 4427 1837 4498">
     <span class='ocr_line' id='line_1_76' title="bbox 137 4427 1837 4498; baseline -0.001 -14"><span class='ocrx_word' id='word_1_519' title='bbox 137 4429 311 4484; x_wconf 90' lang='lat' dir='ltr'><strong>etiam</strong></span> <span class='ocrx_word' id='word_1_520' title='bbox 336 4429 405 4482; x_wconf 92' lang='lat' dir='ltr'><strong>de</strong></span> <span class='ocrx_word' id='word_1_521' title='bbox 434 4445 535 4482; x_wconf 90' lang='lat' dir='ltr'><strong>sua</strong></span> <span class='ocrx_word' id='word_1_522' title='bbox 565 4428 774 4482; x_wconf 90' lang='lat' dir='ltr'><strong>diocesi</strong></span> <span class='ocrx_word' id='word_1_523' title='bbox 820 4427 968 4482; x_wconf 85' lang='lat' dir='ltr'><strong>infra</strong></span> <span class='ocrx_word' id='word_1_524' title='bbox 1016 4429 1339 4483; x_wconf 87' lang='lat' dir='ltr'><strong>Saxoniam.</strong></span> <span class='ocrx_word' id='word_1_525' title='bbox 1395 4429 1500 4483; x_wconf 91' lang='lat' dir='ltr'><strong>Sed</strong></span> <span class='ocrx_word' id='word_1_526' title='bbox 1567 4429 1625 4482; x_wconf 92' lang='lat' dir='ltr'><strong>in</strong></span> <span class='ocrx_word' id='word_1_527' title='bbox 1682 4430 1837 4498; x_wconf 88' lang='lat' dir='ltr'><strong>prin-</strong></span> 
     </span>
    </p>
   </div>
   <div class='ocr_carea' id='block_1_77' title="bbox 138 4517 1839 4588">
    <p class='ocr_par' dir='ltr' id='par_1_77' title="bbox 138 4517 1839 4588">
     <span class='ocr_line' id='line_1_77' title="bbox 138 4517 1839 4588; baseline -0.001 -16"><span class='ocrx_word' id='word_1_528' title='bbox 138 4519 288 4588; x_wconf 92' lang='lat' dir='ltr'><strong>cipio</strong></span> <span class='ocrx_word' id='word_1_529' title='bbox 319 4517 558 4570; x_wconf 90' lang='lat' dir='ltr'><strong>actionis</strong></span> <span class='ocrx_word' id='word_1_530' title='bbox 587 4517 944 4571; x_wconf 86' lang='lat' dir='ltr'><strong>venerandus</strong></span> <span class='ocrx_word' id='word_1_531' title='bbox 971 4518 1179 4587; x_wconf 68' lang='lat' dir='ltr'><strong>praesul</strong></span> <span class='ocrx_word' id='word_1_532' title='bbox 1239 4518 1604 4587; x_wconf 80' lang='lat' dir='ltr'><strong>Eggehardus</strong></span> <span class='ocrx_word' id='word_1_533' title='bbox 1635 4517 1682 4552; x_wconf 81' lang='grc'>⁸⁷</span> <span class='ocrx_word' id='word_1_534' title='bbox 1741 4534 1839 4570; x_wconf 89' lang='lat' dir='ltr'><strong>ar-</strong></span> 
     </span>
    </p>
   </div>
   <div class='ocr_carea' id='block_1_78' title="bbox 138 4607 1840 4678">
    <p class='ocr_par' dir='ltr' id='par_1_78' title="bbox 138 4607 1840 4678">
     <span class='ocr_line' id='line_1_78' title="bbox 138 4607 1840 4678; baseline -0.001 -17"><span class='ocrx_word' id='word_1_535' title='bbox 138 4608 564 4678; x_wconf 87' lang='lat' dir='ltr'><strong>chiepisc0pum</strong></span> <span class='ocrx_word' id='word_1_536' title='bbox 613 4612 957 4673; x_wconf 90' lang='lat' dir='ltr'><strong>commonet,</strong></span> <span class='ocrx_word' id='word_1_537' title='bbox 1007 4611 1069 4660; x_wconf 89' lang='lat' dir='ltr'><strong>ut</strong></span> <span class='ocrx_word' id='word_1_538' title='bbox 1101 4623 1130 4659; x_wconf 91' lang='lat' dir='ltr'><strong>a</strong></span> <span class='ocrx_word' id='word_1_539' title='bbox 1156 4607 1372 4676; x_wconf 83' lang='lat' dir='ltr'><strong>synodo</strong></span> <span class='ocrx_word' id='word_1_540' title='bbox 1404 4607 1658 4674; x_wconf 89' lang='lat' dir='ltr'><strong>desistat,</strong></span> <span class='ocrx_word' id='word_1_541' title='bbox 1737 4623 1840 4660; x_wconf 92' lang='lat' dir='ltr'><strong>nec</strong></span> 
     </span>
    </p>
   </div>
   <div class='ocr_carea' id='block_1_79' title="bbox 138 4696 1838 4765">
    <p class='ocr_par' dir='ltr' id='par_1_79' title="bbox 138 4696 1838 4765">
     <span class='ocr_line' id='line_1_79' title="bbox 138 4696 1838 4765; baseline -0.001 -16"><span class='ocrx_word' id='word_1_542' title='bbox 138 4697 198 4749; x_wconf 90' lang='lat' dir='ltr'><strong>in</strong></span> <span class='ocrx_word' id='word_1_543' title='bbox 250 4697 437 4749; x_wconf 88' lang='lat' dir='ltr'><strong>aliena</strong></span> <span class='ocrx_word' id='word_1_544' title='bbox 489 4696 738 4749; x_wconf 87' lang='lat' dir='ltr'><strong>aecclesia</strong></span> <span class='ocrx_word' id='word_1_545' title='bbox 795 4696 930 4748; x_wconf 88' lang='lat' dir='ltr'><strong>talia</strong></span> <span class='ocrx_word' id='word_1_546' title='bbox 971 4701 1300 4765; x_wconf 63' lang='lat' dir='ltr'><strong>praesumat,</strong></span> <span class='ocrx_word' id='word_1_547' title='bbox 1354 4696 1642 4765; x_wconf 86' lang='lat' dir='ltr'><strong>praecipue</strong></span> <span class='ocrx_word' id='word_1_548' title='bbox 1709 4711 1838 4748; x_wconf 91' lang='lat' dir='ltr'><strong>cum</strong></span> 
     </span>
    </p>
   </div>
   <div class='ocr_carea' id='block_1_80' title="bbox 139 4783 1839 4854">
    <p class='ocr_par' dir='ltr' id='par_1_80' title="bbox 139 4783 1839 4854">
     <span class='ocr_line' id='line_1_80' title="bbox 139 4783 1839 4854; baseline 0 -16"><span class='ocrx_word' id='word_1_549' title='bbox 139 4785 386 4838; x_wconf 85' lang='lat' dir='ltr'><strong>domnus</strong></span> <span class='ocrx_word' id='word_1_550' title='bbox 427 4784 725 4854; x_wconf 86' lang='lat' dir='ltr'><strong>episcopus</strong></span> <span class='ocrx_word' id='word_1_551' title='bbox 752 4783 818 4838; x_wconf 90' lang='lat' dir='ltr'><strong>ad</strong></span> <span class='ocrx_word' id='word_1_552' title='bbox 851 4800 1022 4854; x_wconf 91' lang='lat' dir='ltr'><strong>quem</strong></span> <span class='ocrx_word' id='word_1_553' title='bbox 1053 4784 1305 4837; x_wconf 74' lang='lat' dir='ltr'><strong>mcclesia</strong></span> <span class='ocrx_word' id='word_1_554' title='bbox 1360 4785 1641 4854; x_wconf 88' lang='lat' dir='ltr'><strong>pertineat</strong></span> <span class='ocrx_word' id='word_1_555' title='bbox 1693 4783 1839 4838; x_wconf 90' lang='lat' dir='ltr'><strong>absit</strong></span> 
     </span>
    </p>
   </div>
   <div class='ocr_carea' id='block_1_81' title="bbox 1945 3097 3644 3167">
    <p class='ocr_par' dir='ltr' id='par_1_81' title="bbox 1945 3097 3644 3167">
     <span class='ocr_line' id='line_1_81' title="bbox 1945 3097 3644 3167; baseline -0.002 -15"><span class='ocrx_word' id='word_1_556' title='bbox 1945 3100 2229 3152; x_wconf 89' lang='lat' dir='ltr'><strong>larensem</strong></span> <span class='ocrx_word' id='word_1_557' title='bbox 2260 3097 2524 3163; x_wconf 83' lang='lat' dir='ltr'><strong>fluvium,</strong></span> <span class='ocrx_word' id='word_1_558' title='bbox 2555 3098 2866 3151; x_wconf 90' lang='lat' dir='ltr'><strong>terminum</strong></span> <span class='ocrx_word' id='word_1_559' title='bbox 2900 3097 3480 3151; x_wconf 82' lang='lat' dir='ltr'><strong>Hildenesheimensis</strong></span> <span class='ocrx_word' id='word_1_560' title='bbox 3513 3113 3644 3167; x_wconf 91' lang='lat' dir='ltr'><strong>par-</strong></span> 
     </span>
    </p>
   </div>
   <div class='ocr_carea' id='block_1_82' title="bbox 1946 3186 3646 3252">
    <p class='ocr_par' dir='ltr' id='par_1_82' title="bbox 1946 3186 3646 3252">
     <span class='ocr_line' id='line_1_82' title="bbox 1946 3186 3646 3252; baseline -0.002 -11"><span class='ocrx_word' id='word_1_561' title='bbox 1946 3188 2158 3241; x_wconf 81' lang='lat' dir='ltr'><strong>rochiae</strong></span> <span class='ocrx_word' id='word_1_562' title='bbox 2200 3187 2583 3252; x_wconf 81' lang='lat' dir='ltr'><strong>affirmabant,</strong></span> <span class='ocrx_word' id='word_1_563' title='bbox 2656 3202 2907 3240; x_wconf 87' lang='lat' dir='ltr'><strong>errorem</strong></span> <span class='ocrx_word' id='word_1_564' title='bbox 2940 3187 3182 3240; x_wconf 87' lang='lat' dir='ltr'><strong>faciente</strong></span> <span class='ocrx_word' id='word_1_565' title='bbox 3214 3186 3447 3239; x_wconf 90' lang='lat' dir='ltr'><strong>nomine</strong></span> <span class='ocrx_word' id='word_1_566' title='bbox 3470 3187 3646 3239; x_wconf 87' lang='lat' dir='ltr'><strong>Eder-</strong></span> 
     </span>
    </p>
   </div>
   <div class='ocr_carea' id='block_1_83' title="bbox 1946 3274 3647 3345">
    <p class='ocr_par' dir='ltr' id='par_1_83' title="bbox 1946 3274 3647 3345">
     <span class='ocr_line' id='line_1_83' title="bbox 1946 3274 3647 3345; baseline -0.001 -16"><span class='ocrx_word' id='word_1_567' title='bbox 1946 3293 2035 3329; x_wconf 68' lang='lat' dir='ltr'><strong>nas</strong></span> <span class='ocrx_word' id='word_1_568' title='bbox 2076 3276 2350 3338; x_wconf 82' lang='lat' dir='ltr'><strong>fluminis,</strong></span> <span class='ocrx_word' id='word_1_569' title='bbox 2378 3275 2528 3345; x_wconf 91' lang='lat' dir='ltr'><strong>quod</strong></span> <span class='ocrx_word' id='word_1_570' title='bbox 2563 3275 3014 3328; x_wconf 86' lang='lat' dir='ltr'><strong>Gandenesheim</strong></span> <span class='ocrx_word' id='word_1_571' title='bbox 3049 3274 3247 3339; x_wconf 88' lang='lat' dir='ltr'><strong>alluit;</strong></span> <span class='ocrx_word' id='word_1_572' title='bbox 3279 3274 3394 3338; x_wconf 91' lang='lat' dir='ltr'><strong>alii,</strong></span> <span class='ocrx_word' id='word_1_573' title='bbox 3427 3278 3647 3327; x_wconf 90' lang='lat' dir='ltr'><strong>certum</strong></span> 
     </span>
    </p>
   </div>
   <div class='ocr_carea' id='block_1_84' title="bbox 1948 3362 3644 3433">
    <p class='ocr_par' dir='ltr' id='par_1_84' title="bbox 1948 3362 3644 3433">
     <span class='ocr_line' id='line_1_84' title="bbox 1948 3362 3644 3433; baseline -0.002 -15"><span class='ocrx_word' id='word_1_574' title='bbox 1948 3365 2024 3418; x_wconf 92' lang='lat' dir='ltr'><strong>nil</strong></span> <span class='ocrx_word' id='word_1_575' title='bbox 2065 3364 2207 3418; x_wconf 86' lang='lat' dir='ltr'><strong>scire</strong></span> <span class='ocrx_word' id='word_1_576' title='bbox 2253 3364 2360 3416; x_wconf 89' lang='lat' dir='ltr'><strong>nisi</strong></span> <span class='ocrx_word' id='word_1_577' title='bbox 2414 3368 2694 3433; x_wconf 90' lang='lat' dir='ltr'><strong>quantum</strong></span> <span class='ocrx_word' id='word_1_578' title='bbox 2741 3364 2986 3416; x_wconf 88' lang='lat' dir='ltr'><strong>aliorum</strong></span> <span class='ocrx_word' id='word_1_579' title='bbox 3050 3363 3227 3416; x_wconf 90' lang='lat' dir='ltr'><strong>relatu</strong></span> <span class='ocrx_word' id='word_1_580' title='bbox 3318 3362 3644 3423; x_wconf 89' lang='lat' dir='ltr'><strong>didicerint,</strong></span> 
     </span>
    </p>
   </div>
   <div class='ocr_carea' id='block_1_85' title="bbox 1947 3449 3645 3523">
    <p class='ocr_par' dir='ltr' id='par_1_85' title="bbox 1947 3449 3645 3523">
     <span class='ocr_line' id='line_1_85' title="bbox 1947 3449 3645 3523; baseline -0.002 -17"><span class='ocrx_word' id='word_1_581' title='bbox 1947 3449 2374 3523; x_wconf 68' lang='lat' dir='ltr'><strong>approbant”;</strong></span> <span class='ocrx_word' id='word_1_582' title='bbox 2440 3452 2630 3504; x_wconf 91' lang='lat' dir='ltr'><strong>nullus</strong></span> <span class='ocrx_word' id='word_1_583' title='bbox 2665 3450 2882 3520; x_wconf 89' lang='lat' dir='ltr'><strong>aliquid</strong></span> <span class='ocrx_word' id='word_1_584' title='bbox 2923 3451 3009 3503; x_wconf 89' lang='lat' dir='ltr'><strong>vel</strong></span> <span class='ocrx_word' id='word_1_585' title='bbox 3066 3450 3342 3503; x_wconf 88' lang='lat' dir='ltr'><strong>memoria</strong></span> <span class='ocrx_word' id='word_1_586' title='bbox 3402 3450 3645 3519; x_wconf 89' lang='lat' dir='ltr'><strong>dignum</strong></span> 
     </span>
    </p>
   </div>
   <div class='ocr_carea' id='block_1_86' title="bbox 1947 3538 3647 3610">
    <p class='ocr_par' dir='ltr' id='par_1_86' title="bbox 1947 3538 3647 3610">
     <span class='ocr_line' id='line_1_86' title="bbox 1947 3538 3647 3610; baseline -0.004 -13"><span class='ocrx_word' id='word_1_587' title='bbox 1947 3542 2206 3597; x_wconf 90' lang='lat' dir='ltr'><strong>asseruit.</strong></span> <span class='ocrx_word' id='word_1_588' title='bbox 2258 3540 2731 3610; x_wconf 78' lang='lat' dir='ltr'><strong>Archiepiscopus</strong></span> <span class='ocrx_word' id='word_1_589' title='bbox 2761 3544 2975 3605; x_wconf 88' lang='lat' dir='ltr'><strong>tamen,</strong></span> <span class='ocrx_word' id='word_1_590' title='bbox 3011 3538 3124 3592; x_wconf 89' lang='lat' dir='ltr'><strong>acsi</strong></span> <span class='ocrx_word' id='word_1_591' title='bbox 3158 3539 3397 3592; x_wconf 88' lang='lat' dir='ltr'><strong>veritate</strong></span> <span class='ocrx_word' id='word_1_592' title='bbox 3444 3543 3647 3592; x_wconf 89' lang='lat' dir='ltr'><strong>cuncta</strong></span> 
     </span>
    </p>
   </div>
   <div class='ocr_carea' id='block_1_87' title="bbox 1946 3628 3643 3700">
    <p class='ocr_par' dir='ltr' id='par_1_87' title="bbox 1946 3628 3643 3700">
     <span class='ocr_line' id='line_1_87' title="bbox 1946 3628 3643 3700; baseline -0.003 -15"><span class='ocrx_word' id='word_1_593' title='bbox 1946 3632 2058 3686; x_wconf 84' lang='lat' dir='ltr'><strong>ﬁxa</strong></span> <span class='ocrx_word' id='word_1_594' title='bbox 2091 3634 2439 3696; x_wconf 88' lang='lat' dir='ltr'><strong>constarent,</strong></span> <span class='ocrx_word' id='word_1_595' title='bbox 2479 3631 2689 3694; x_wconf 90' lang='lat' dir='ltr'><strong>banno,</strong></span> <span class='ocrx_word' id='word_1_596' title='bbox 2727 3645 2796 3682; x_wconf 90' lang='lat' dir='ltr'><strong>ne</strong></span> <span class='ocrx_word' id='word_1_597' title='bbox 2854 3629 2981 3700; x_wconf 86' lang='lat' dir='ltr'><strong>quis</strong></span> <span class='ocrx_word' id='word_1_598' title='bbox 3013 3628 3099 3682; x_wconf 90' lang='lat' dir='ltr'><strong>illi</strong></span> <span class='ocrx_word' id='word_1_599' title='bbox 3153 3632 3507 3682; x_wconf 90' lang='lat' dir='ltr'><strong>sacramento</strong></span> <span class='ocrx_word' id='word_1_600' title='bbox 3558 3643 3643 3680; x_wconf 89' lang='lat' dir='ltr'><strong>re-</strong></span> 
     </span>
    </p>
   </div>
   <div class='ocr_carea' id='block_1_88' title="bbox 1944 3716 3639 3787">
    <p class='ocr_par' dir='ltr' id='par_1_88' title="bbox 1944 3716 3639 3787">
     <span class='ocr_line' id='line_1_88' title="bbox 1944 3716 3639 3787; baseline -0.003 -13"><span class='ocrx_word' id='word_1_601' title='bbox 1944 3725 2168 3775; x_wconf 86' lang='lat' dir='ltr'><strong>tentum</strong></span> <span class='ocrx_word' id='word_1_602' title='bbox 2201 3719 2527 3774; x_wconf 67' lang='lat' dir='ltr'><strong>cwnobium</strong></span> <span class='ocrx_word' id='word_1_603' title='bbox 2594 3718 2859 3784; x_wconf 80' lang='lat' dir='ltr'><strong>auferret,</strong></span> <span class='ocrx_word' id='word_1_604' title='bbox 2894 3717 3170 3783; x_wconf 88' lang='lat' dir='ltr'><strong>munivit;</strong></span> <span class='ocrx_word' id='word_1_605' title='bbox 3233 3718 3427 3787; x_wconf 90' lang='lat' dir='ltr'><strong>sicque</strong></span> <span class='ocrx_word' id='word_1_606' title='bbox 3462 3716 3639 3770; x_wconf 89' lang='lat' dir='ltr'><strong>libero</strong></span> 
     </span>
    </p>
   </div>
   <div class='ocr_carea' id='block_1_89' title="bbox 1946 3805 3645 3877">
    <p class='ocr_par' dir='ltr' id='par_1_89' title="bbox 1946 3805 3645 3877">
     <span class='ocr_line' id='line_1_89' title="bbox 1946 3805 3645 3877; baseline -0.003 -14"><span class='ocrx_word' id='word_1_607' title='bbox 1946 3826 2140 3863; x_wconf 89' lang='lat' dir='ltr'><strong>errore</strong></span> <span class='ocrx_word' id='word_1_608' title='bbox 2197 3810 2504 3863; x_wconf 90' lang='lat' dir='ltr'><strong>discessum</strong></span> <span class='ocrx_word' id='word_1_609' title='bbox 2563 3812 2666 3861; x_wconf 90' lang='lat' dir='ltr'><strong>est.</strong></span> <span class='ocrx_word' id='word_1_610' title='bbox 2719 3808 2967 3876; x_wconf 89' lang='lat' dir='ltr'><strong>Populus</strong></span> <span class='ocrx_word' id='word_1_611' title='bbox 3015 3823 3148 3860; x_wconf 90' lang='lat' dir='ltr'><strong>vero</strong></span> <span class='ocrx_word' id='word_1_612' title='bbox 3236 3806 3508 3877; x_wconf 91' lang='lat' dir='ltr'><strong>quicquid</strong></span> <span class='ocrx_word' id='word_1_613' title='bbox 3576 3805 3645 3858; x_wconf 89' lang='lat' dir='ltr'><strong>ab</strong></span> 
     </span>
    </p>
   </div>
   <div class='ocr_carea' id='block_1_90' title="bbox 1951 3895 3648 3966">
    <p class='ocr_par' dir='ltr' id='par_1_90' title="bbox 1951 3895 3648 3966">
     <span class='ocr_line' id='line_1_90' title="bbox 1951 3895 3648 3966; baseline -0.003 -13"><span class='ocrx_word' id='word_1_614' title='bbox 1951 3896 2507 3953; x_wconf 86' lang='lat' dir='ltr'><strong>Hildenesheimeusi</strong></span> <span class='ocrx_word' id='word_1_615' title='bbox 2581 3901 2786 3950; x_wconf 87' lang='lat' dir='ltr'><strong>senatu</strong></span> <span class='ocrx_word' id='word_1_616' title='bbox 2874 3895 3205 3966; x_wconf 89' lang='lat' dir='ltr'><strong>jubebatur,</strong></span> <span class='ocrx_word' id='word_1_617' title='bbox 3293 3895 3648 3950; x_wconf 68' lang='lat' dir='ltr'><strong>obmdienter</strong></span> 
     </span>
    </p>
   </div>
   <div class='ocr_carea' id='block_1_91' title="bbox 1956 3987 2152 4041">
    <p class='ocr_par' dir='ltr' id='par_1_91' title="bbox 1956 3987 2152 4041">
     <span class='ocr_line' id='line_1_91' title="bbox 1956 3987 2152 4041; baseline -0.005 0"><span class='ocrx_word' id='word_1_618' title='bbox 1956 3987 2152 4041; x_wconf 87' lang='lat' dir='ltr'><strong>obivit.</strong></span> 
     </span>
    </p>
   </div>
   <div class='ocr_carea' id='block_1_92' title="bbox 2019 4071 3648 4145">
    <p class='ocr_par' dir='ltr' id='par_1_92' title="bbox 2019 4071 3648 4145">
     <span class='ocr_line' id='line_1_92' title="bbox 2019 4071 3648 4145; baseline -0.003 -16"><span class='ocrx_word' id='word_1_619' title='bbox 2019 4079 2105 4129; x_wconf 89' lang='grc'><strong>21.</strong></span> <span class='ocrx_word' id='word_1_620' title='bbox 2133 4076 2261 4145; x_wconf 76' lang='lat' dir='ltr'><strong>(An.</strong></span> <span class='ocrx_word' id='word_1_621' title='bbox 2300 4074 2478 4142; x_wconf 85' lang='grc'>1001.)</span> <span class='ocrx_word' id='word_1_622' title='bbox 2510 4074 2732 4127; x_wconf 89' lang='lat' dir='ltr'><strong>Interea</strong></span> <span class='ocrx_word' id='word_1_623' title='bbox 2791 4073 3006 4143; x_wconf 85' lang='lat' dir='ltr'><strong>legatus</strong></span> <span class='ocrx_word' id='word_1_624' title='bbox 3039 4073 3280 4127; x_wconf 85' lang='lat' dir='ltr'><strong>Romam</strong></span> <span class='ocrx_word' id='word_1_625' title='bbox 3334 4087 3505 4140; x_wconf 88' lang='lat' dir='ltr'><strong>super</strong></span> <span class='ocrx_word' id='word_1_626' title='bbox 3558 4071 3648 4124; x_wconf 91' lang='lat' dir='ltr'><strong>his</strong></span> 
     </span>
    </p>
   </div>
   <div class='ocr_carea' id='block_1_93' title="bbox 1949 4161 3644 4232">
    <p class='ocr_par' dir='ltr' id='par_1_93' title="bbox 1949 4161 3644 4232">
     <span class='ocr_line' id='line_1_93' title="bbox 1949 4161 3644 4232; baseline -0.003 -15"><span class='ocrx_word' id='word_1_627' title='bbox 1949 4165 2159 4218; x_wconf 92' lang='lat' dir='ltr'><strong>domno</strong></span> <span class='ocrx_word' id='word_1_628' title='bbox 2213 4163 2480 4232; x_wconf 87' lang='lat' dir='ltr'><strong>episcopo</strong></span> <span class='ocrx_word' id='word_1_629' title='bbox 2544 4162 2831 4231; x_wconf 82' lang='lat' dir='ltr'><strong>dirigitur,</strong></span> <span class='ocrx_word' id='word_1_630' title='bbox 2879 4161 3088 4230; x_wconf 88' lang='lat' dir='ltr'><strong>scripta</strong></span> <span class='ocrx_word' id='word_1_631' title='bbox 3154 4175 3383 4231; x_wconf 90' lang='lat' dir='ltr'><strong>quoque</strong></span> <span class='ocrx_word' id='word_1_632' title='bbox 3431 4161 3644 4213; x_wconf 91' lang='lat' dir='ltr'><strong>domno</strong></span> 
     </span>
    </p>
   </div>
   <div class='ocr_carea' id='block_1_94' title="bbox 1951 4248 3646 4323">
    <p class='ocr_par' dir='ltr' id='par_1_94' title="bbox 1951 4248 3646 4323">
     <span class='ocr_line' id='line_1_94' title="bbox 1951 4248 3646 4323; baseline -0.002 -17"><span class='ocrx_word' id='word_1_633' title='bbox 1951 4253 2258 4323; x_wconf 90' lang='lat' dir='ltr'><strong>apostolico</strong></span> <span class='ocrx_word' id='word_1_634' title='bbox 2306 4257 2361 4304; x_wconf 93' lang='lat' dir='ltr'><strong>et</strong></span> <span class='ocrx_word' id='word_1_635' title='bbox 2408 4250 2741 4319; x_wconf 89' lang='lat' dir='ltr'><strong>imperatori</strong></span> <span class='ocrx_word' id='word_1_636' title='bbox 2799 4250 3098 4303; x_wconf 88' lang='lat' dir='ltr'><strong>lacrimoso</strong></span> <span class='ocrx_word' id='word_1_637' title='bbox 3141 4248 3452 4302; x_wconf 90' lang='lat' dir='ltr'><strong>admodum</strong></span> <span class='ocrx_word' id='word_1_638' title='bbox 3516 4249 3646 4302; x_wconf 90' lang='lat' dir='ltr'><strong>stilo</strong></span> 
     </span>
    </p>
   </div>
   <div class='ocr_carea' id='block_1_95' title="bbox 1949 4337 3650 4408">
    <p class='ocr_par' dir='ltr' id='par_1_95' title="bbox 1949 4337 3650 4408">
     <span class='ocr_line' id='line_1_95' title="bbox 1949 4337 3650 4408; baseline -0.002 -14"><span class='ocrx_word' id='word_1_639' title='bbox 1949 4340 2183 4396; x_wconf 87' lang='lat' dir='ltr'><strong>ferebat.</strong></span> <span class='ocrx_word' id='word_1_640' title='bbox 2222 4341 2381 4394; x_wconf 92' lang='lat' dir='ltr'><strong>Unde</strong></span> <span class='ocrx_word' id='word_1_641' title='bbox 2413 4345 2527 4392; x_wconf 92' lang='lat' dir='ltr'><strong>tam</strong></span> <span class='ocrx_word' id='word_1_642' title='bbox 2584 4339 2927 4408; x_wconf 91' lang='lat' dir='ltr'><strong>apostolicus</strong></span> <span class='ocrx_word' id='word_1_643' title='bbox 2960 4350 3157 4407; x_wconf 83' lang='lat' dir='ltr'><strong>&#39;quam</strong></span> <span class='ocrx_word' id='word_1_644' title='bbox 3214 4337 3528 4405; x_wconf 87' lang='lat' dir='ltr'><strong>imperator</strong></span> <span class='ocrx_word' id='word_1_645' title='bbox 3593 4342 3650 4390; x_wconf 90' lang='lat' dir='ltr'><strong>et</strong></span> 
     </span>
    </p>
   </div>
   <div class='ocr_carea' id='block_1_96' title="bbox 1948 4427 3646 4497">
    <p class='ocr_par' dir='ltr' id='par_1_96' title="bbox 1948 4427 3646 4497">
     <span class='ocr_line' id='line_1_96' title="bbox 1948 4427 3646 4497; baseline -0.002 -15"><span class='ocrx_word' id='word_1_646' title='bbox 1948 4446 2145 4483; x_wconf 90' lang='lat' dir='ltr'><strong>omnes</strong></span> <span class='ocrx_word' id='word_1_647' title='bbox 2186 4427 2428 4482; x_wconf 79' lang='lat' dir='ltr'><strong>Romani</strong></span> <span class='ocrx_word' id='word_1_648' title='bbox 2460 4428 2704 4497; x_wconf 87' lang='lat' dir='ltr'><strong>graviter</strong></span> <span class='ocrx_word' id='word_1_649' title='bbox 2755 4427 3029 4480; x_wconf 92' lang='lat' dir='ltr'><strong>commoti</strong></span> <span class='ocrx_word' id='word_1_650' title='bbox 3064 4441 3385 4480; x_wconf 90' lang='lat' dir='ltr'><strong>.canonum</strong></span> <span class='ocrx_word' id='word_1_651' title='bbox 3454 4429 3646 4479; x_wconf 88' lang='lat' dir='ltr'><strong>aucto-</strong></span> 
     </span>
    </p>
   </div>
   <div class='ocr_carea' id='block_1_97' title="bbox 1946 4514 3646 4585">
    <p class='ocr_par' dir='ltr' id='par_1_97' title="bbox 1946 4514 3646 4585">
     <span class='ocr_line' id='line_1_97' title="bbox 1946 4514 3646 4585; baseline -0.001 -16"><span class='ocrx_word' id='word_1_652' title='bbox 1946 4517 2192 4580; x_wconf 90' lang='lat' dir='ltr'><strong>ritatem,</strong></span> <span class='ocrx_word' id='word_1_653' title='bbox 2222 4520 2449 4585; x_wconf 89' lang='lat' dir='ltr'><strong>patrum</strong></span> <span class='ocrx_word' id='word_1_654' title='bbox 2484 4515 2892 4568; x_wconf 89' lang='lat' dir='ltr'><strong>nichilominus</strong></span> <span class='ocrx_word' id='word_1_655' title='bbox 2940 4515 3308 4569; x_wconf 87' lang='lat' dir='ltr'><strong>traditionem</strong></span> <span class='ocrx_word' id='word_1_656' title='bbox 3341 4514 3646 4580; x_wconf 89' lang='lat' dir='ltr'><strong>violatam;</strong></span> 
     </span>
    </p>
   </div>
   <div class='ocr_carea' id='block_1_98' title="bbox 1947 4603 3650 4674">
    <p class='ocr_par' dir='ltr' id='par_1_98' title="bbox 1947 4603 3650 4674">
     <span class='ocr_line' id='line_1_98' title="bbox 1947 4603 3650 4674; baseline -0.002 -15"><span class='ocrx_word' id='word_1_657' title='bbox 1947 4610 2340 4674; x_wconf 91' lang='lat' dir='ltr'><strong>contemptum</strong></span> <span class='ocrx_word' id='word_1_658' title='bbox 2427 4619 2659 4673; x_wconf 90' lang='lat' dir='ltr'><strong>quoque</strong></span> <span class='ocrx_word' id='word_1_659' title='bbox 2720 4605 3032 4658; x_wconf 83' lang='lat' dir='ltr'><strong>maximum</strong></span> <span class='ocrx_word' id='word_1_660' title='bbox 3093 4606 3366 4658; x_wconf 70' lang='lat' dir='ltr'><strong>Romanas</strong></span> <span class='ocrx_word' id='word_1_661' title='bbox 3417 4603 3537 4657; x_wconf 90' lang='lat' dir='ltr'><strong>sedi</strong></span> <span class='ocrx_word' id='word_1_662' title='bbox 3595 4611 3650 4657; x_wconf 90' lang='lat' dir='ltr'><strong>et</strong></span> 
     </span>
    </p>
   </div>
   <div class='ocr_carea' id='block_1_99' title="bbox 1949 4691 3648 4764">
    <p class='ocr_par' dir='ltr' id='par_1_99' title="bbox 1949 4691 3648 4764">
     <span class='ocr_line' id='line_1_99' title="bbox 1949 4691 3648 4764; baseline -0.001 -17"><span class='ocrx_word' id='word_1_663' title='bbox 1949 4693 2278 4764; x_wconf 90' lang='lat' dir='ltr'><strong>apostolico,</strong></span> <span class='ocrx_word' id='word_1_664' title='bbox 2308 4692 2642 4762; x_wconf 88' lang='lat' dir='ltr'><strong>imperatori</strong></span> <span class='ocrx_word' id='word_1_665' title='bbox 2663 4691 2855 4759; x_wconf 88' lang='lat' dir='ltr'><strong>etiam,</strong></span> <span class='ocrx_word' id='word_1_666' title='bbox 2908 4694 3010 4746; x_wconf 92' lang='lat' dir='ltr'><strong>tali</strong></span> <span class='ocrx_word' id='word_1_667' title='bbox 3069 4693 3517 4763; x_wconf 65' lang='lat' dir='ltr'><strong>pressumptione</strong></span> <span class='ocrx_word' id='word_1_668' title='bbox 3570 4692 3648 4745; x_wconf 88' lang='lat' dir='ltr'><strong>ir-</strong></span> 
     </span>
    </p>
   </div>
   <div class='ocr_carea' id='block_1_100' title="bbox 1946 4780 3648 4853">
    <p class='ocr_par' dir='ltr' id='par_1_100' title="bbox 1946 4780 3648 4853">
     <span class='ocr_line' id='line_1_100' title="bbox 1946 4780 3648 4853; baseline -0.002 -16"><span class='ocrx_word' id='word_1_669' title='bbox 1946 4783 2166 4853; x_wconf 86' lang='lat' dir='ltr'><strong>rogari;</strong></span> <span class='ocrx_word' id='word_1_670' title='bbox 2204 4781 2588 4853; x_wconf 90' lang='lat' dir='ltr'><strong>periculosum</strong></span> <span class='ocrx_word' id='word_1_671' title='bbox 2615 4781 2946 4835; x_wconf 88' lang='lat' dir='ltr'><strong>scandalum</strong></span> <span class='ocrx_word' id='word_1_672' title='bbox 3010 4780 3071 4835; x_wconf 90' lang='lat' dir='ltr'><strong>in</strong></span> <span class='ocrx_word' id='word_1_673' title='bbox 3131 4782 3364 4836; x_wconf 88' lang='lat' dir='ltr'><strong>ecclesia</strong></span> <span class='ocrx_word' id='word_1_674' title='bbox 3420 4782 3528 4835; x_wconf 88' lang='lat' dir='ltr'><strong>hac</strong></span> <span class='ocrx_word' id='word_1_675' title='bbox 3559 4781 3648 4834; x_wconf 89' lang='lat' dir='ltr'><strong>in-</strong></span> 
     </span>
    </p>
   </div>
   <div class='ocr_carea' id='block_1_101' title="bbox 1569 4909 2228 4964">
    <p class='ocr_par' dir='ltr' id='par_1_101' title="bbox 1569 4909 2228 4964">
     <span class='ocr_line' id='line_1_101' title="bbox 1569 4909 2228 4964; baseline 0 -4"><span class='ocrx_word' id='word_1_676' title='bbox 1569 4911 1798 4964; x_wconf 68' lang='lat' dir='ltr'><strong>VARl/E</strong></span> <span class='ocrx_word' id='word_1_677' title='bbox 1825 4909 2228 4964; x_wconf 74' lang='lat' dir='ltr'><strong>LECTIONES.</strong></span> 
     </span>
    </p>
   </div>
   <div class='ocr_carea' id='block_1_102' title="bbox 210 5002 1388 5060">
    <p class='ocr_par' dir='ltr' id='par_1_102' title="bbox 210 5002 1388 5060">
     <span class='ocr_line' id='line_1_102' title="bbox 210 5002 1388 5060; baseline 0.003 -3"><span class='ocrx_word' id='word_1_678' title='bbox 210 5002 259 5038; x_wconf 78' lang='grc'><strong>⁷9</strong></span> <span class='ocrx_word' id='word_1_679' title='bbox 292 5004 438 5058; x_wconf 80' lang='lat' dir='ltr'><strong>deest</strong></span> <span class='ocrx_word' id='word_1_680' title='bbox 466 5007 518 5058; x_wconf 96' lang='lat'><strong>2.</strong></span> <span class='ocrx_word' id='word_1_681' title='bbox 597 5002 649 5037; x_wconf 80' lang='grc' dir='ltr'><strong>⁸ο</strong></span> <span class='ocrx_word' id='word_1_682' title='bbox 677 5021 718 5057; x_wconf 93' lang='lat' dir='ltr'><strong>s.</strong></span> <span class='ocrx_word' id='word_1_683' title='bbox 751 5004 868 5058; x_wconf 91' lang='lat' dir='ltr'><strong>fere</strong></span> <span class='ocrx_word' id='word_1_684' title='bbox 901 5022 951 5058; x_wconf 94' lang='lat' dir='ltr'><strong>o.</strong></span> <span class='ocrx_word' id='word_1_685' title='bbox 988 5021 1035 5059; x_wconf 91' lang='lat' dir='ltr'><strong>c.</strong></span> <span class='ocrx_word' id='word_1_686' title='bbox 1066 5003 1304 5058; x_wconf 88' lang='lat' dir='ltr'><strong>fratrum</strong></span> <span class='ocrx_word' id='word_1_687' title='bbox 1331 5009 1388 5060; x_wconf 89' lang='lat'><strong>2.</strong></span> 
     </span>
    </p>
   </div>
   <div class='ocr_carea' id='block_1_103' title="bbox 1473 5005 2180 5060">
    <p class='ocr_par' dir='ltr' id='par_1_103' title="bbox 1473 5005 2180 5060">
     <span class='ocr_line' id='line_1_103' title="bbox 1473 5005 2180 5060; baseline -0.001 -3"><span class='ocrx_word' id='word_1_688' title='bbox 1473 5005 1516 5038; x_wconf 70' lang='grc' dir='ltr'><strong>εί</strong></span> <span class='ocrx_word' id='word_1_689' title='bbox 1549 5022 1598 5058; x_wconf 92' lang='lat' dir='ltr'><strong>a.</strong></span> <span class='ocrx_word' id='word_1_690' title='bbox 1633 5005 1672 5059; x_wconf 93' lang='lat' dir='ltr'><strong>i.</strong></span> <span class='ocrx_word' id='word_1_691' title='bbox 1707 5007 1774 5060; x_wconf 92' lang='lat' dir='ltr'><strong>D.</strong></span> <span class='ocrx_word' id='word_1_692' title='bbox 1819 5005 2103 5058; x_wconf 82' lang='lat' dir='ltr'><strong>m.desunt</strong></span> <span class='ocrx_word' id='word_1_693' title='bbox 2128 5007 2180 5056; x_wconf 94' lang='lat'><strong>2.</strong></span> 
     </span>
    </p>
   </div>
   <div class='ocr_carea' id='block_1_104' title="bbox 2257 4999 3645 5071">
    <p class='ocr_par' dir='ltr' id='par_1_104' title="bbox 2257 4999 3645 5071">
     <span class='ocr_line' id='line_1_104' title="bbox 2257 4999 3645 5071; baseline -0.001 -17"><span class='ocrx_word' id='word_1_694' title='bbox 2257 5001 2310 5036; x_wconf 86' lang='grc'>⁸²</span> <span class='ocrx_word' id='word_1_695' title='bbox 2338 5001 2504 5056; x_wconf 69' lang='lat' dir='ltr'><strong>eodem</strong></span> <span class='ocrx_word' id='word_1_696' title='bbox 2549 5004 2581 5054; x_wconf 93' lang='lat'><strong>2</strong></span> <span class='ocrx_word' id='word_1_697' title='bbox 2612 5001 2772 5055; x_wconf 78' lang='lat' dir='ltr'><strong>addit</strong></span> <span class='ocrx_word' id='word_1_698' title='bbox 2802 5017 2814 5054; x_wconf 90' lang='lat'>:</span> <span class='ocrx_word' id='word_1_699' title='bbox 2856 5001 3144 5054; x_wconf 89' lang='lat' dir='ltr'><strong>naturales</strong></span> <span class='ocrx_word' id='word_1_700' title='bbox 3205 5017 3436 5071; x_wconf 81' lang='lat' dir='ltr'><strong>quoque</strong></span> <span class='ocrx_word' id='word_1_701' title='bbox 3467 4999 3645 5065; x_wconf 88' lang='lat' dir='ltr'><strong>cibos,</strong></span> 
     </span>
    </p>
   </div>
   <div class='ocr_carea' id='block_1_105' title="bbox 142 5071 3642 5145">
    <p class='ocr_par' dir='ltr' id='par_1_105' title="bbox 142 5071 3642 5145">
     <span class='ocr_line' id='line_1_105' title="bbox 142 5071 3642 5145; baseline -0.001 -19"><span class='ocrx_word' id='word_1_702' title='bbox 142 5075 356 5144; x_wconf 88' lang='lat' dir='ltr'><strong>quibua</strong></span> <span class='ocrx_word' id='word_1_703' title='bbox 389 5076 446 5127; x_wconf 91' lang='lat' dir='ltr'><strong>in</strong></span> <span class='ocrx_word' id='word_1_704' title='bbox 471 5074 653 5144; x_wconf 89' lang='lat' dir='ltr'><strong>patria</strong></span> <span class='ocrx_word' id='word_1_705' title='bbox 684 5076 846 5129; x_wconf 91' lang='lat' dir='ltr'><strong>illum</strong></span> <span class='ocrx_word' id='word_1_706' title='bbox 870 5093 1035 5129; x_wconf 92' lang='lat' dir='ltr'><strong>usum</strong></span> <span class='ocrx_word' id='word_1_707' title='bbox 1071 5083 1324 5143; x_wconf 82' lang='lat' dir='ltr'><strong>noverat,</strong></span> <span class='ocrx_word' id='word_1_708' title='bbox 1357 5077 1483 5145; x_wconf 88' lang='lat' dir='ltr'><strong>pius</strong></span> <span class='ocrx_word' id='word_1_709' title='bbox 1505 5077 1738 5129; x_wconf 85' lang='lat' dir='ltr'><strong>conviva</strong></span> <span class='ocrx_word' id='word_1_710' title='bbox 1771 5076 2095 5143; x_wconf 81' lang='lat' dir='ltr'><strong>exhibebat,</strong></span> <span class='ocrx_word' id='word_1_711' title='bbox 2121 5073 2351 5128; x_wconf 89' lang='lat' dir='ltr'><strong>medum</strong></span> <span class='ocrx_word' id='word_1_712' title='bbox 2386 5079 2705 5145; x_wconf 77' lang='lat' dir='ltr'><strong>quoqueet</strong></span> <span class='ocrx_word' id='word_1_713' title='bbox 2736 5071 3013 5145; x_wconf 84' lang='lat' dir='ltr'><strong>cervisam</strong></span> <span class='ocrx_word' id='word_1_714' title='bbox 3066 5072 3216 5125; x_wconf 88' lang='lat' dir='ltr'><strong>fama</strong></span> <span class='ocrx_word' id='word_1_715' title='bbox 3251 5073 3642 5142; x_wconf 62' lang='lat' dir='ltr'><strong>praecurrentia</strong></span> 
     </span>
    </p>
   </div>
   <div class='ocr_carea' id='block_1_106' title="bbox 142 5143 3648 5218">
    <p class='ocr_par' dir='ltr' id='par_1_106' title="bbox 142 5143 3648 5218">
     <span class='ocr_line' id='line_1_106' title="bbox 142 5143 3648 5218; baseline -0.001 -20"><span class='ocrx_word' id='word_1_716' title='bbox 142 5143 204 5218; x_wconf 80' lang='lat' dir='ltr'><strong>in</strong></span> <span class='ocrx_word' id='word_1_717' title='bbox 239 5143 544 5200; x_wconf 87' lang='lat' dir='ltr'><strong>adventum</strong></span> <span class='ocrx_word' id='word_1_718' title='bbox 584 5147 962 5200; x_wconf 89' lang='lat' dir='ltr'><strong>amantissimi</strong></span> <span class='ocrx_word' id='word_1_719' title='bbox 1017 5148 1257 5212; x_wconf 87' lang='lat' dir='ltr'><strong>hospitis</strong></span> <span class='ocrx_word' id='word_1_720' title='bbox 1292 5143 1666 5218; x_wconf 68' lang='lat' dir='ltr'><strong>praeparabat,</strong></span> <span class='ocrx_word' id='word_1_721' title='bbox 1721 5164 1853 5218; x_wconf 75' lang='lat' dir='ltr'><strong>vasa</strong></span> <span class='ocrx_word' id='word_1_722' title='bbox 1882 5147 2074 5209; x_wconf 90' lang='lat' dir='ltr'><strong>etiam,</strong></span> <span class='ocrx_word' id='word_1_723' title='bbox 2109 5145 2356 5218; x_wconf 74' lang='lat' dir='ltr'><strong>picarios</strong></span> <span class='ocrx_word' id='word_1_724' title='bbox 2382 5160 2446 5197; x_wconf 92' lang='lat' dir='ltr'><strong>ac</strong></span> <span class='ocrx_word' id='word_1_725' title='bbox 2494 5143 2719 5218; x_wconf 14' lang='lat' dir='ltr'><strong>nitidas,</strong></span> <span class='ocrx_word' id='word_1_726' title='bbox 2761 5144 3046 5218; x_wconf 69' lang='lat' dir='ltr'><strong>scutellas,</strong></span> <span class='ocrx_word' id='word_1_727' title='bbox 3100 5145 3364 5218; x_wconf 69' lang='lat' dir='ltr'><strong>candelas</strong></span> <span class='ocrx_word' id='word_1_728' title='bbox 3413 5157 3648 5218; x_wconf 77' lang='lat' dir='ltr'><strong>quoque</strong></span> 
     </span>
    </p>
   </div>
   <div class='ocr_carea' id='block_1_107' title="bbox 1294 5217 1693 5273">
    <p class='ocr_par' dir='ltr' id='par_1_107' title="bbox 1294 5217 1693 5273">
     <span class='ocr_line' id='line_1_107' title="bbox 1294 5217 1693 5273; baseline -0.008 0"><span class='ocrx_word' id='word_1_729' title='bbox 1294 5217 1340 5252; x_wconf 80' lang='grc'><strong>⁸³</strong></span> <span class='ocrx_word' id='word_1_730' title='bbox 1391 5217 1611 5273; x_wconf 89' lang='lat' dir='ltr'><strong>habitat</strong></span> <span class='ocrx_word' id='word_1_731' title='bbox 1642 5222 1693 5271; x_wconf 87' lang='grc'>2.</span> 
     </span>
    </p>
   </div>
   <div class='ocr_carea' id='block_1_108' title="bbox 1275 5289 1828 5361">
    <p class='ocr_par' dir='ltr' id='par_1_108' title="bbox 1275 5289 1828 5361">
     <span class='ocr_line' id='line_1_108' title="bbox 1275 5289 1828 5361; baseline -0.004 -17"><span class='ocrx_word' id='word_1_732' title='bbox 1275 5289 1326 5324; x_wconf 72' lang='grc'><strong>⁸9</strong></span> <span class='ocrx_word' id='word_1_733' title='bbox 1352 5290 1746 5361; x_wconf 86' lang='lat' dir='ltr'><strong>approbabant</strong></span> <span class='ocrx_word' id='word_1_734' title='bbox 1776 5293 1828 5342; x_wconf 87' lang='lat'><strong>2.</strong></span> 
     </span>
    </p>
   </div>
   <div class='ocr_carea' id='block_1_109' title="bbox 142 5217 1215 5286">
    <p class='ocr_par' dir='ltr' id='par_1_109' title="bbox 142 5217 1215 5286">
     <span class='ocr_line' id='line_1_109' title="bbox 142 5217 1215 5286; baseline 0.006 -18"><span class='ocrx_word' id='word_1_735' title='bbox 142 5217 293 5271; x_wconf 88' lang='lat' dir='ltr'><strong>inter</strong></span> <span class='ocrx_word' id='word_1_736' title='bbox 323 5219 723 5286; x_wconf 90' lang='lat' dir='ltr'><strong>prandendum</strong></span> <span class='ocrx_word' id='word_1_737' title='bbox 771 5219 1021 5285; x_wconf 87' lang='lat' dir='ltr'><strong>providit</strong></span> <span class='ocrx_word' id='word_1_738' title='bbox 1087 5222 1215 5284; x_wconf 88' lang='lat'><strong>(38).</strong></span> 
     </span>
    </p>
   </div>
   <div class='ocr_carea' id='block_1_110' title="bbox 146 5287 1190 5357">
    <p class='ocr_par' dir='ltr' id='par_1_110' title="bbox 146 5287 1190 5357">
     <span class='ocr_line' id='line_1_110' title="bbox 146 5287 1190 5357; baseline 0.002 -17"><span class='ocrx_word' id='word_1_739' title='bbox 146 5289 251 5340; x_wconf 88' lang='lat' dir='ltr'><strong>dus</strong></span> <span class='ocrx_word' id='word_1_740' title='bbox 281 5292 334 5341; x_wconf 91' lang='lat'><strong>2.</strong></span> <span class='ocrx_word' id='word_1_741' title='bbox 368 5293 584 5357; x_wconf 71' lang='lat' dir='ltr'><strong>sazpius.</strong></span> <span class='ocrx_word' id='word_1_742' title='bbox 662 5287 710 5321; x_wconf 81' lang='grc'><strong>⁸⁸</strong></span> <span class='ocrx_word' id='word_1_743' title='bbox 743 5289 1100 5344; x_wconf 84' lang='lat' dir='ltr'><strong>Ekkihardus</strong></span> <span class='ocrx_word' id='word_1_744' title='bbox 1132 5295 1190 5345; x_wconf 91' lang='lat'><strong>2.</strong></span> 
     </span>
    </p>
   </div>
   <div class='ocr_carea' id='block_1_111' title="bbox 1770 5215 2258 5271">
    <p class='ocr_par' dir='ltr' id='par_1_111' title="bbox 1770 5215 2258 5271">
     <span class='ocr_line' id='line_1_111' title="bbox 1770 5215 2258 5271; baseline -0.002 0"><span class='ocrx_word' id='word_1_745' title='bbox 1770 5215 1818 5252; x_wconf 73' lang='grc' dir='ltr'><strong>δι</strong></span> <span class='ocrx_word' id='word_1_746' title='bbox 1849 5218 2173 5271; x_wconf 87' lang='lat' dir='ltr'><strong>cubiculum</strong></span> <span class='ocrx_word' id='word_1_747' title='bbox 2205 5221 2258 5270; x_wconf 92' lang='lat'><strong>2.</strong></span> 
     </span>
    </p>
   </div>
   <div class='ocr_carea' id='block_1_112' title="bbox 2335 5211 3645 5285">
    <p class='ocr_par' dir='ltr' id='par_1_112' title="bbox 2335 5211 3645 5285">
     <span class='ocr_line' id='line_1_112' title="bbox 2335 5211 3645 5285; baseline -0.003 -15"><span class='ocrx_word' id='word_1_748' title='bbox 2335 5213 2383 5250; x_wconf 81' lang='grc'><strong>⁸⁸</strong></span> <span class='ocrx_word' id='word_1_749' title='bbox 2435 5221 2658 5270; x_wconf 82' lang='lat' dir='ltr'><strong>contex.</strong></span> <span class='ocrx_word' id='word_1_750' title='bbox 2702 5217 2754 5269; x_wconf 89' lang='lat'><strong>2.</strong></span> <span class='ocrx_word' id='word_1_751' title='bbox 2833 5211 2884 5247; x_wconf 78' lang='grc'>⁸⁵</span> <span class='ocrx_word' id='word_1_752' title='bbox 2931 5218 3012 5267; x_wconf 69' lang='grc' dir='ltr'><em>πα</em></span> <span class='ocrx_word' id='word_1_753' title='bbox 3042 5218 3092 5267; x_wconf 81' lang='lat' dir='ltr'><strong>et</strong></span> <span class='ocrx_word' id='word_1_754' title='bbox 3149 5217 3202 5267; x_wconf 89' lang='lat'><strong>2.</strong></span> <span class='ocrx_word' id='word_1_755' title='bbox 3281 5213 3327 5249; x_wconf 80' lang='grc'><strong>⁸⁷</strong></span> <span class='ocrx_word' id='word_1_756' title='bbox 3377 5214 3645 5285; x_wconf 87' lang='lat' dir='ltr'><strong>eggihar-</strong></span> 
     </span>
    </p>
   </div>
   <div class='ocr_carea' id='block_1_113' title="bbox 1787 5404 2010 5458">
    <p class='ocr_par' dir='ltr' id='par_1_113' title="bbox 1787 5404 2010 5458">
     <span class='ocr_line' id='line_1_113' title="bbox 1787 5404 2010 5458; baseline 0 0"><span class='ocrx_word' id='word_1_757' title='bbox 1787 5404 2010 5458; x_wconf 70' lang='lat' dir='ltr'><strong>NOTAS.</strong></span> 
     </span>
    </p>
   </div>
   <div class='ocr_carea' id='block_1_114' title="bbox 218 5493 624 5558">
    <p class='ocr_par' dir='ltr' id='par_1_114' title="bbox 218 5493 624 5558">
     <span class='ocr_line' id='line_1_114' title="bbox 218 5493 624 5558; baseline -0.002 -10"><span class='ocrx_word' id='word_1_758' title='bbox 218 5493 327 5558; x_wconf 83' lang='lat'><strong>(36)</strong></span> <span class='ocrx_word' id='word_1_759' title='bbox 350 5493 624 5547; x_wconf 87' lang='lat' dir='ltr'><strong>Tridenti.</strong></span> 
     </span>
    </p>
   </div>
   <div class='ocr_carea' id='block_1_115' title="bbox 216 5564 522 5632">
    <p class='ocr_par' dir='ltr' id='par_1_115' title="bbox 216 5564 522 5632">
     <span class='ocr_line' id='line_1_115' title="bbox 216 5564 522 5632; baseline -0.003 -14"><span class='ocrx_word' id='word_1_760' title='bbox 216 5565 328 5632; x_wconf 83' lang='lat'><strong>(37)</strong></span> <span class='ocrx_word' id='word_1_761' title='bbox 363 5564 522 5618; x_wconf 85' lang='lat' dir='ltr'><strong>Eder.</strong></span> 
     </span>
    </p>
   </div>
   <div class='ocr_carea' id='block_1_116' title="bbox 2009 5492 3640 5564">
    <p class='ocr_par' dir='ltr' id='par_1_116' title="bbox 2009 5492 3640 5564">
     <span class='ocr_line' id='line_1_116' title="bbox 2009 5492 3640 5564; baseline 0.002 -13"><span class='ocrx_word' id='word_1_762' title='bbox 2009 5495 2118 5564; x_wconf 83' lang='grc'><strong>(38)</strong></span> <span class='ocrx_word' id='word_1_763' title='bbox 2175 5496 2376 5551; x_wconf 83' lang='lat' dir='ltr'><strong>Saeculi</strong></span> <span class='ocrx_word' id='word_1_764' title='bbox 2409 5493 2698 5550; x_wconf 89' lang='lat' dir='ltr'><strong>undecimi</strong></span> <span class='ocrx_word' id='word_1_765' title='bbox 2744 5509 2928 5550; x_wconf 90' lang='lat' dir='ltr'><strong>mores</strong></span> <span class='ocrx_word' id='word_1_766' title='bbox 2960 5511 2993 5548; x_wconf 88' lang='lat' dir='ltr'><strong>a</strong></span> <span class='ocrx_word' id='word_1_767' title='bbox 3023 5492 3232 5550; x_wconf 89' lang='lat' dir='ltr'><strong>nostris</strong></span> <span class='ocrx_word' id='word_1_768' title='bbox 3285 5496 3436 5552; x_wconf 90' lang='lat' dir='ltr'><strong>haud</strong></span> <span class='ocrx_word' id='word_1_769' title='bbox 3485 5500 3640 5554; x_wconf 88' lang='lat' dir='ltr'><strong>mul-</strong></span> 
     </span>
    </p>
   </div>
   <div class='ocr_carea' id='block_1_117' title="bbox 1944 5566 2597 5622">
    <p class='ocr_par' dir='ltr' id='par_1_117' title="bbox 1944 5566 2597 5622">
     <span class='ocr_line' id='line_1_117' title="bbox 1944 5566 2597 5622; baseline -0.002 -1"><span class='ocrx_word' id='word_1_770' title='bbox 1944 5572 2067 5621; x_wconf 91' lang='lat' dir='ltr'><strong>tum</strong></span> <span class='ocrx_word' id='word_1_771' title='bbox 2100 5566 2348 5621; x_wconf 87' lang='lat' dir='ltr'><strong>diversos</strong></span> <span class='ocrx_word' id='word_1_772' title='bbox 2393 5567 2597 5622; x_wconf 91' lang='lat' dir='ltr'><strong>cernis.</strong></span> 
     </span>
    </p>
   </div>
  </div>
