3944 6334
183 331 284 382 413

1571 332 1726 385 VI'I‘A
1766 335 1819 385 S.
1865 333 2048 389 BERN
2060 333 2211 387 WAR
2223 334 2308 388 Dl.

3589 337 3693 390 414

182 469 336 522 aegre
385 452 694 506 admodum
736 452 882 505 ferre
942 469 1022 517 se,
1087 468 1216 505 cum
1262 452 1475 522 injuria
1523 457 1706 523 coepta
1755 453 1970 507 desi-A
2008 454 2214 508 Christi
2246 471 2377 508 mox
2407 455 2600 508 adesse
2632 456 3016 525 praesentiam,
3071 456 3231 526 cujus
3281 462 3334 509 et
3373 457 3431 510 in
3485 457 3686 510 nativi-

182 546 355 595 stere.
391 542 478 595 Ad
513 557 687 611 quem
738 541 877 594 ille:
913 559 940 591 ‹‹
993 542 1117 594 Non
1175 541 1380 611 patior,
1442 541 1540 607 ait,
1572 558 1744 612 super
1799 542 1885 596 his

185 646 302 695 vos,
327 629 523 683 anima
551 629 648 695 mi,
685 646 858 700 quem
906 630 1018 682 vita
1074 630 1351 684 cariorem
1392 630 1596 695 habeo,
1628 647 1884 684 commo-

183 719 322 773 veri.
375 719 483 773 Sed
543 733 696 771 nunc
749 718 1040 788 praecipita
1095 720 1296 772 artiori
1353 719 1652 772 obsidione
1683 720 1885 774 urbem

185 808 419 873 vallari;
487 824 619 860 nam
688 807 790 860 etsi
835 807 1087 861 reditum
1147 808 1215 860 ad
1250 807 1491 877 patriam
1535 807 1722 877 cupio,
1772 825 1886 861 non

185 900 317 947 ante
349 911 382 946 a
406 895 702 963 majestate
731 899 913 948 vestra
968 894 1209 961 diverto,
1241 911 1413 963 quam
1447 895 1646 948 urbem
1700 912 1884 964 popu-

189 986 424 1054 lumque
483 989 669 1037 vestro
717 984 836 1053 juri
881 984 1137 1050 subacta,
1201 985 1302 1038 Dei
1333 985 1564 1053 pietate,
1600 984 1884 1038 videbo.»

187 1073 268 1125 Ad
293 1073 422 1126 haec
455 1072 770 1140 imperator
799 1073 965 1125 laetus
1020 1072 1228 1126 dilecto
1278 1077 1534 1141 gratatur
1586 1073 1887 1141 magistro,

188 1162 381 1214 locum
413 1161 610 1213 artiori
642 1160 935 1213 obsidione
967 1161 1172 1226 munit,
1226 1160 1436 1213 milites
1479 1161 1547 1212 ad
1597 1177 1888 1230 expugna-

188 1249 406 1301 tionem
439 1249 689 1315 instruit,
716 1248 969 1302 intrandi
1013 1249 1099 1301 vel
1133 1248 1376 1302 exeundi
1425 1248 1714 1302 licentiam
1773 1266 1890 1302 0m-

189 1337 358 1391 nibus
391 1336 679 1406 imperiali
707 1337 1042 1390 auctoritate
1074 1336 1386 1391 interdicit.
1417 1337 1655 1408 Aliquot
1686 1339 1889 1392 diebus

191 1426 418 1486 exactis,
453 1426 698 1479 domnus
743 1426 1115 1479 Bernwardus
1174 1431 1231 1479 et
1285 1426 1627 1496 apostolicus
1678 1428 1890 1497 praefa—

192 1519 306 1567 tam
368 1514 572 1567 urbem
622 1513 854 1566 adeunt.
891 1514 1049 1567 Cives
1089 1513 1206 1567 lazti
1265 1514 1640 1568 adventantes
1697 1531 1888 1568 servos

193 1604 290 1656 Dei
351 1603 669 1656 honoriﬁce
720 1601 1034 1672 excipiunt,
1096 1602 1225 1656 urbi
1293 1602 1726 1668 intromittunt;
1787 1620 1890 1657 nec

1996 543 2128 597 tatis
2150 549 2274 596 ortu
2300 543 2553 614 primum
2585 543 2738 614 pacis
2777 544 2988 615 gaudia
3018 545 3379 610 nunciantur,
3430 552 3487 599 et
3526 551 3687 616 post-

1996 632 2231 684 modum
2262 632 2516 700 ejusdem
2551 632 2704 702 pacis
2725 639 3009 686 amatores
3069 633 3399 703 evangelica
3452 635 3687 687 veritate

1996 720 2246 773 ﬁliorum
2284 720 2383 773 Dei
2448 721 2832 790 appellatione
2884 727 3209 775 censentur.
3277 721 3459 791 Ipsius
3499 722 3689 792 itaque

1997 809 2208 878 pietate
2265 808 2437 862 totius
2498 809 2796 862 discordiae
2859 809 3172 863 rebellione
3233 811 3438 878 sopita,
3500 811 3692 863 hostes

1998 914 2196 967 pacem
2228 903 2559 968 exposcunt,
2583 914 2740 950 arma
2770 898 3104 968 projiciunt,
3140 898 3200 950 in
3257 897 3569 951 crastinum
3636 914 3691 950 se

1997 986 2060 1039 ad
2131 987 2408 1056 palatium
2455 993 2725 1039 venturos
2770 986 3136 1055 promittunt.
3192 987 3350 1040 Mane
3419 987 3518 1040 Dei
3574 987 3693 1040 cle-

1999 1074 2213 1127 mentia
2245 1078 2458 1138 assunt,
2494 1089 2690 1144 pacem
2721 1080 2944 1143 petunt,
2993 1079 3348 1127 sacramenta
3393 1075 3688 1138 innovant,

1997 1163 2172 1216 ﬁdem
2231 1179 2288 1216 se
2333 1162 2667 1232 imperatori
2723 1167 3001 1233 perpetuo
3060 1167 3384 1216 servaturos
3442 1162 3686 1232 promit-

1997 1255 2143 1304 tunt.

2067 1341 2154 1392 25.
2212 1338 2448 1393 Interim
2526 1339 2813 1408 piissimus
2866 1355 2930 1392 ac
2995 1339 3328 1393 mitissimus
3381 1339 3695 1409 imperator

1998 1443 2130 1480 cum
2182 1428 2378 1497 paucis
2437 1429 2643 1482 turrim
2702 1429 2992 1498 quandam
3053 1429 3384 1494 ascendens,
3438 1427 3511 1481 ad
3563 1426 3693 1480 illos

1998 1516 2447 1570 concionabatur
2487 1516 2680 1570 dicens
2736 1532 2750 1568 :
2814 1535 2841 1565 ‹‹
2896 1518 3222 1569 Auscultate
3290 1515 3460 1568 verba
3517 1515 3694 1585 patris

1999 1604 2173 1658 vestri
2204 1609 2258 1658 et
2280 1604 2577 1671 attendite,
2608 1609 2664 1658 et
2702 1620 2768 1657 ea
2800 1609 2990 1657 mente
3040 1605 3348 1674 diligenter
3411 1603 3690 1674 reponite.

191 1692 354 1761 prius
389 1691 671 1744 desistunt
703 1691 836 1761 (41),
876 1707 1048 1761 quam
1120 1707 1321 1745 omnes
1369 1697 1595 1762 pacatos
1640 1692 1886 1762 impera-
1922 1730 1961 1782 Β
2004 1693 2185 1745 Vosne
2215 1692 2347 1746 estis
2370 1692 2484 1747 mei
2523 1693 2803 1747 Romani?
2835 1695 3075 1763 Propter
3097 1710 3194 1746 vos
3229 1693 3462 1763 quidem
3507 1706 3694 1744 meam

195 1779 338 1833 toris
411 1779 615 1833 ditioni
687 1779 786 1833 Dei
832 1779 1014 1848 gratia
1077 1779 1260 1850 adjuti
1317 1781 1590 1834 subdunt.
1656 1783 1890 1835 Postera

193 1885 446 1938 namque
479 1869 591 1935 die,
619 1867 802 1922 nobili
825 1867 1123 1937 triumpho
1180 1870 1586 1941 subsequente,
1639 1870 1891 1940 episcopi

200 1957 614 2026 imperatorem
673 1957 901 2010 adeunt.
988 1959 1130 2010 Nam
1183 1958 1373 2010 cuncti
1431 1958 1693 2026 primarii
1746 1958 1892 2012 cives

194 2047 542 2117 praescriptas
613 2045 856 2099 civitatis
916 2051 1112 2099 assunt
1149 2045 1289 2099 nudi
1343 2046 1709 2101 feinoralibus
1765 2053 1891 2101 tan-

196 2140 319 2188 tum
348 2136 504 2201 tecti,
538 2136 734 2188 dextra
762 2134 998 2204 gladios,
1053 2136 1188 2188 laeva
1255 2151 1454 2205 scopas
1509 2137 1578 2189 ad
1614 2136 1892 2205 palatium

197 2225 656 2294 praetendentes;
715 2223 1002 2294 imperiali
1045 2223 1164 2294 juri
1210 2241 1269 2277 se
1327 2241 1544 2295 suaque
1593 2225 1891 2290 subactos;

200 2312 276 2365 nil
309 2312 539 2381 pacisci,
588 2329 691 2366 nec
728 2312 909 2382 ipsam
954 2313 1184 2382 quidem
1241 2313 1443 2377 vitam;
1507 2330 1647 2384 quos
1694 2314 1896 2383 dignos

199 2400 548 2466 indicaverit,
611 2416 744 2453 ense
807 2400 994 2465 feriat,
1055 2402 1140 2454 vel
1200 2417 1303 2470 pro
1376 2401 1767 2456 misericordia
1827 2404 1895 2456 ad

199 2490 388 2558 palam
422 2488 608 2558 scopis
639 2488 954 2542 examinari
989 2489 1208 2559 jubeat.
1249 2489 1304 2543 Si
1357 2506 1549 2543 muros
1588 2491 1744 2544 urbis
1776 2492 1895 2544 solo

197 2577 557 2646 complanari
620 2577 764 2630 votis
825 2578 948 2646 ejus
988 2581 1276 2647 suppetat,
1352 2583 1650 2648 promptos
1697 2579 1896 2632 libenti

197 2667 394 2720 animo
418 2670 619 2718 cuncta
651 2665 871 2734 exequi,
909 2681 1011 2718 nec
1045 2666 1216 2734 jussis
1236 2666 1355 2735 ejus
1416 2668 1724 2736 majestatis
1758 2667 1894 2720 dum

199 2755 390 2808 vivant
420 2753 891 2807 contradicturos.
927 2754 1246 2823 Imperator
1279 2755 1433 2824 pacis
1482 2755 1892 2822 conciliatores,

200 2860 408 2913 papam
468 2848 525 2896 et
577 2842 856 2896 domnum
898 2843 1299 2896 Bernwardum
1360 2844 1712 2913 episcopum,
1779 2861 1894 2898 ma-

199 2933 406 3001 gniﬁce
436 2931 714 3000 gratando
753 2932 995 2996 extollit,
1022 2936 1192 3001 atque
1268 2932 1338 2985 ad
1389 2932 1617 2986 illorum
1693 2939 1892 2987 nutum

199 3022 310 3074 reis
351 3020 578 3073 veniam
613 3019 841 3086 tribuit;
877 3020 1196 3090 placitoque
1254 3020 1471 3088 habito,
1527 3022 1725 3074 urbem
1783 3039 1898 3076 non

204 3109 424 3163 destrui
446 3108 503 3161 in
534 3123 838 3161 commune
860 3107 1195 3162 deliberant.
1233 3108 1442 3162 Urbani
1497 3109 1678 3176 gratia
1723 3108 1899 3177 impe-

201 3198 407 3251 ratoris
453 3197 761 3260 donantur,
813 3202 870 3250 et
919 3201 981 3250 ut
1025 3213 1082 3249 se
1133 3196 1366 3267 paciﬁce
1411 3201 1604 3266 agant,
1660 3214 1763 3250 nec
1828 3197 1896 3249 ab

200 3287 549 3356 imperatore
583 3285 866 3351 deﬁciant,
899 3290 1353 3338 commonentur.

273 3375 360 3428 24.
421 3373 659 3428 Romani
713 3373 960 3444 denique
1009 3373 1247 3444 indigne
1278 3374 1546 3441 ferentes,
1584 3372 1897 3442 Tyberinos

203 3477 334 3513 cum
384 3461 732 3531 imperatore
775 3467 1025 3532 pacatos,
1068 3463 1224 3516 urbis
1274 3478 1507 3532 quoque
1552 3478 1664 3514 suae
1706 3467 1898 3530 portas

205 3550 346 3602 seris
399 3550 686 3615 muniunt,
742 3550 860 3603 vias
919 3551 1252 3620 obstruunt;
1287 3551 1464 3604 libere
1509 3549 1760 3603 intrandi
1812 3552 1898 3604 vel

205 3638 454 3691 exeundi
481 3640 722 3692 Romam
747 3639 982 3692 facultas
1006 3645 1266 3709 negatur,
1287 3639 1570 3693 vendendi
1593 3644 1647 3693 et
1672 3639 1900 3692 emendi

207 3726 650 3780 mercimonium
702 3728 1092 3794 interdicitur;
1157 3727 1421 3782 nonnulli
1490 3743 1720 3797 quoque
1753 3728 1900 3798 regis

207 3815 527 3869 amicorum
579 3815 791 3885 injuste
871 3816 1255 3886 perimuntur.
1329 3814 1572 3868 Palatini
1627 3820 1820 3868 autem
1869 3832 1902 3868 a

207 3905 420 3957 domno
457 3904 794 3957 Bernwardo
826 3904 1090 3974 episcopo
1152 3905 1495 3957 salutaribus
1555 3903 1898 3957 monitisin-

205 3995 426 4054 structi,
475 3992 828 4045 confessione
868 3992 1277 4046 nicbilominus
1301 3992 1547 4062 purgati,
1577 4009 1735 4046 sacro
1765 4009 1903 4062 quo-

206 4097 320 4151 que
378 4080 583 4134 viatico
659 4080 810 4134 inter
877 4082 1181 4134 missarum
1262 4081 1602 4150 sollempnia
1667 4082 1899 4150 muniti,

205 4173 439 4221 econtra
485 4168 678 4238 egredi
725 4173 781 4221 et
815 4168 1006 4222 hostes
1062 4170 1283 4223 fortiter
1329 4169 1606 4239 impetere
1674 4175 1898 4238 parant.

211 4256 580 4310 Bernwardus
603 4256 905 4326 episcopus
951 4258 1298 4312 dominicam
1362 4258 1583 4310 hastam
1617 4259 1725 4327 (42)
1758 4258 1897 4311 sub-
1931 4293 1972 4344 Π

206 4343 305 4409 iit;
337 4359 395 4395 se
443 4358 672 4413 quoque
720 4349 892 4414 atque
944 4361 1140 4398 omnes
1196 4345 1434 4399 viviﬁcze
1492 4346 1675 4398 crucis
1705 4345 1895 4398 muni-

209 4431 366 4486 mine
395 4431 602 4502 signat,
636 4433 1030 4487 benedictione
1086 4434 1310 4503 publice
1342 4435 1489 4498 data,
1520 4451 1583 4487 ac
1637 4434 1904 4487 vitalibus

209 4519 444 4572 monitis
465 4521 765 4573 consolans
797 4525 852 4573 et
900 4521 1298 4587 corroborans,
1340 4522 1576 4591 signifer
1624 4523 1742 4592 ipse
1775 4539 1902 4575 cum

209 4612 402 4660 sancta
433 4608 593 4660 hasta
624 4607 682 4660 in
710 4608 896 4678 prima
935 4610 1121 4663 fronte
1153 4610 1293 4663 aciei
1353 4611 1546 4680 egredi
1584 4615 1762 4681 parat.
1806 4613 1905 4664 Se-

211 4695 413 4765 quenti
444 4700 634 4750 autem
660 4713 826 4751 mane
879 4697 1195 4767 imperator
1226 4715 1357 4752 cum
1400 4700 1515 4751 suis
1542 4705 1673 4768 post
1703 4698 1902 4752 missa-

210 4800 340 4837 rum
407 4785 749 4855 sollempnia
813 4787 1130 4840 venerabili
1210 4788 1547 4840 Bernwardo
1636 4787 1902 4856 episcopo

174 4873 579 4926 'sacramentis
643 4875 966 4928 caelestibus
1029 4892 1092 4928 ac
1140 4876 1348 4930 divinis
1409 4874 1903 4928 exhortationibus

212 4963 509 5027 consolati,
543 4964 812 5017 adversus
851 4966 1042 5018 hostes
1087 4971 1376 5018 certamen
1423 4965 1738 5032 instruunt,
1765 4964 1900 5034 [ipso

214 5051 466 5104 antistite
492 5067 621 5104 cum
670 5055 867 5105 sancta
912 5053 1073 5106 hasta
1106 5054 1166 5106 in
1223 5052 1508 5123 principio
1567 5052 1903 5106 terribiliter

212 5139 553 5193 fulminante
603 5140 734 5210 (43),
802 5141 988 5194 cordis
1061 5158 1196 5195 vero
1251 5141 1522 5194 instantia
1572 5157 1769 5211 pacem
1830 5141 1900 5194 ab

213 5234 442 5282 auctore
498 5228 648 5297 pacis
679 5229 1016 5298 suppliciter
1052 5230 1363 5302 ﬂagitante.
1429 5231 1586 5284 Unde
1642 5230 1896 5299 contigit,

213 5316 395 5370 devoti
430 5316 628 5370 militis
678 5317 767 5370 sui
801 5318 1066 5387 precibus
1121 5324 1412 5373 exoratam
1474 5317 1695 5388 paciﬁci
1747 5318 1898 5387 regis

2001 1781 2267 1851 patriam,
2306 1781 2664 1851 propinquos
2712 1798 2940 1852 quoque
2974 1781 3201 1852 reliqui.
3232 1785 3442 1834 Amore
3510 1784 3695 1832 vestro

2005 1886 2162 1923 meos
2206 1871 2450 1924 Saxones
2531 1875 2586 1924 et
2669 1875 2904 1924 cunctos
2951 1870 3304 1934 Theotiscos,
3354 1867 3694 1938 sanguinem

2007 1973 2197 2012 meum
2239 1957 2479 2028 projeci;
2513 1975 2610 2011 vos
2641 1957 2700 2012 in
2731 1963 2978 2012 remotas
3013 1963 3200 2027 partes
3232 1957 3411 2012 nostri
3467 1955 3696 2025 imperii

2004 2047 2235 2112 adduxi,
2269 2063 2383 2116 quo
2406 2051 2593 2116 patres
2634 2046 2824 2114 vestri,
2858 2063 2988 2100 cum
3035 2047 3242 2101 Orbem
3298 2046 3516 2100 ditione
3563 2061 3692 2116 pre-

2007 2140 2230 2188 merent
2250 2150 2565 2204 numquam
2593 2135 2800 2204 pedem
2841 2140 3182 2204 posuernnt;
3217 2134 3432 2188 scilicet
3489 2139 3548 2186 ut
3590 2149 3694 2186 no-

2008 2239 2140 2275 men
2171 2227 2420 2275 vestrum
2445 2227 2498 2274 et
2520 2223 2760 2293 gloriam
2782 2223 2847 2277 ad
2867 2224 3008 2277 lines
3029 2240 3205 2294 usque
3229 2225 3338 2293 (44)
3364 2223 3695 2287 dilatarem;

2006 2328 2105 2363 vos
2135 2311 2284 2365 ﬁlios
2308 2311 2591 2380 adoptavi,
2637 2328 2734 2363 vos
2764 2313 2981 2365 cunctis
3013 2312 3257 2383 praetuli.
3278 2313 3459 2366 Causa
3490 2316 3693 2377 vestra,

2006 2400 2140 2453 dum
2203 2416 2299 2452 vos
2377 2398 2646 2452 omnibus
2702 2400 2996 2469 proposui,
3058 2401 3453 2454 universorum
3511 2400 3570 2452 in
3610 2416 3697 2452 me

2006 2486 2280 2540 invidiam
2303 2492 2358 2540 et
2392 2487 2589 2541 odium
2639 2488 2940 2542 commovi.
2981 2490 3044 2542 Et
3085 2505 3235 2541 nunc
3275 2505 3377 2558 pro
3432 2487 3698 2541 omnibus

2006 2573 2094 2628 his
2177 2580 2398 2644 patrem
2485 2581 2733 2628 vestrum
2795 2576 3104 2644 abjecistis,
3186 2576 3498 2630 familiares
3541 2592 3698 2628 meos

2005 2662 2220 2715 crudeli
2280 2668 2462 2716 morte
2493 2663 2882 2730 interemistis,
2941 2681 3033 2717 me
3066 2663 3400 2728 exclusistis,
3443 2678 3572 2716 cum
3615 2669 3699 2714 ta-

2009 2768 2139 2804 men
2202 2753 2502 2805 excludere
2560 2769 2673 2805 non
2728 2753 2997 2822 potestis;
3068 2752 3205 2822 quia
3265 2769 3410 2822 quos
3463 2757 3699 2822 paterno

2007 2841 2198 2894 animo
2229 2840 2590 2910 complector,
2626 2857 2946 2911 numquam
2977 2841 3046 2894 ab
3071 2841 3270 2895 affectu
3308 2857 3433 2893 meo
3483 2838 3699 2892 exulari

2009 2929 2211 2998 patior.
2271 2929 2396 2982 Seio
2473 2929 2741 2999 equidem
2802 2935 2859 2983 et
2922 2935 3068 2983 nutu
3125 2930 3355 2982 oculum
3402 2927 3698 2981 seditionis

2011 3017 2292 3087 principes
2316 3017 2581 3087 assigno;
2614 3034 2718 3071 nec
2751 3024 3040 3086 verentur,
3099 3019 3235 3072 dum
3291 3017 3512 3087 publice
3575 3032 3696 3068 om-

2007 3105 2168 3159 nium
2199 3105 2375 3159 oculis
2404 3111 2708 3172 notantur;
2749 3106 3155 3160 nichilominus
3185 3105 3357 3159 etiam
3391 3104 3698 3158 ﬁdissimos

2011 3211 2186 3258 meos,
2209 3195 2278 3247 de
2303 3210 2548 3265 quorum
2580 3194 2908 3248 innocentia
2939 3195 3251 3264 triumpho,
3294 3195 3696 3247 sceleratorum

2010 3283 2359 3336 admixtione
2398 3283 2827 3350 commaculari,
2852 3300 2952 3336 nec
2976 3300 3138 3352 posse
3171 3281 3464 3351 distingui,
3525 3295 3696 3333 mon-

2008 3376 2123 3424 stro
2155 3371 2342 3424 simile
2403 3371 2665 3424 arbitror.
2733 3393 2753 3418 ι
2805 3372 2916 3424 Hac
2969 3371 3187 3424 ratione
3229 3367 3592 3439 imperatoris
3625 3367 3696 3419 ad

2008 3462 2175 3514 fletus
2230 3475 2412 3529 usque
2470 3459 2799 3528 compuncti
2851 3458 3297 3512 satisfactionem
3329 3456 3695 3527 promittunt,

2008 3550 2149 3602 duos
2169 3547 2507 3618 corripiunt,
2540 3547 2870 3601 Benilonem
2923 3547 3177 3600 etalinm
3212 3545 3520 3617 quendam,
3556 3560 3698 3613 quos

2009 3637 2314 3690 crudeliter
2345 3653 2537 3702 caesos,
2573 3637 2756 3690 nudos
2806 3635 3047 3705 pedibus
3085 3651 3186 3706 per
3246 3634 3454 3704 gradus
3492 3636 3698 3686 tractos

2009 3726 2313 3780 seniivivos
2342 3725 2402 3779 in
2440 3725 2679 3796 prwfata
2709 3725 2854 3779 turri
2908 3730 3037 3778 ante
3077 3725 3484 3795 imperatorem
3523 3719 3697 3792 proji-

2009 3816 2184 3869 ciunt.

2079 3907 2166 3958 '26.
2205 3905 2316 3957 Hac
2345 3908 2537 3957 autem
2589 3903 2868 3958 seditione
2897 3903 3111 3969 sedata,
3164 3900 3505 3955 venerabilis
3537 3900 3701 3952 Pater

2013 3993 2381 4046 Bernwardus
2436 3993 2506 4046 ad
2557 3997 2815 4046 sanctum
2895 3993 3134 4045 Paulum
3207 3989 3478 4043 orationis
3536 4003 3704 4040 causa

2009 4081 2269 4147 accessit;
2315 4086 2628 4151 apertoque
2695 4081 2984 4151 sarcofago
3041 4079 3220 4133 sancti
3275 4076 3577 4141 Timothei,
3629 4075 3699 4128 de

2011 4170 2204 4240 quoin
2229 4170 2354 4223 Vita
2384 4170 2562 4222 sancti
2590 4169 2843 4223 Silvestri
2898 4170 3131 4238 legitur,
3183 4171 3400 4220 astante
3465 4164 3698 4218 custode

2011 4275 2183 4329 quem
2235 4258 2356 4328 ipse
2408 4257 2722 4326 imperator
2770 4257 2982 4310 ibidem
3025 4259 3311 4326 posuerat,
3359 4253 3428 4306 de
3477 4251 3702 4320 integro

2013 4346 2307 4400 brachium
2338 4345 2517 4399 sancti
2551 4344 2800 4398 martiris
2833 4345 3081 4398 abstulit.
3135 4343 3420 4398 Presbiter
3474 4357 3704 4411 quoque

2013 4436 2134 4504 ejus
2168 4434 2272 4505 (45)
2321 4451 2436 4487 non
2493 4434 2792 4487 minimam
2833 4439 3056 4504 partem
3088 4433 3156 4486 de
3202 4431 3418 4485 eisdem
3447 4428 3706 4500 reliquiis

2014 4523 2083 4576 ad
2115 4528 2296 4575 castra
2335 4521 2662 4591 asportavit.

2083 4615 2168 4664 27.
2209 4611 2428 4681 Egressi
2468 4610 2661 4680 itaque
2713 4627 2858 4679 papa
2909 4614 2966 4662 et
3033 4609 3345 4680 imperator
3421 4606 3705 4662 dominica

2013 4701 2232 4762 Exurge
2264 4712 2431 4764 quare
2465 4699 2640 4761 (Febr.
2701 4699 2808 4761 l6),
2844 4695 3137 4748 immensis
3187 4695 3436 4748 lacrimis
3497 4694 3706 4748 civium

2013 4802 2126 4838 non
2159 4785 2324 4854 longe
2357 4784 2423 4837 ab
2461 4784 2607 4837 Urbe
2637 4789 2820 4836 castra
2871 4789 3110 4852 ponunt.
3161 4785 3412 4838 Domnus
3475 4798 3707 4852 quoque

2016 4873 2381 4926 Bernwardus
2421 4871 2742 4942 episcopus,
2784 4871 2903 4941 jam
2957 4872 3173 4942 pridem
3228 4879 3535 4942 antequam
3572 4869 3709 4924 Urbi

2014 4962 2348 5016 excederent
2405 4966 2635 5030 accepta
2689 4960 2913 5013 licentia
2968 4961 3037 5014 ad
3106 4961 3350 5030 patriam
3408 4958 3704 5024 redeundi,

2014 5051 2316 5121 praemissis
2348 5050 2615 5104 omnibus
2655 5049 2792 5115 suis,
2843 5049 3090 5118 simplici
3138 5054 3361 5102 tantum
3411 5053 3563 5100 veste
3605 5046 3708 5098 im-

2012 5143 2332 5209 peratorem
2391 5139 2462 5192 ad
2514 5139 2655 5192 duas
2729 5137 3054 5191 mansiones
3104 5136 3433 5201 comitatus,
3507 5134 3710 5205 quinta

2011 5229 2152 5283 feria
2189 5229 2446 5299 ejusdem
2485 5228 2814 5298 septimana:
2855 5227 3035 5292 (Febr.
3085 5229 3173 5291 20)
3221 5226 3288 5278 ab
3332 5242 3398 5277 eo
3439 5223 3708 5276 dimissus

2010 5323 2093 5370 est
2129 5334 2140 5370 :
2200 5318 2310 5372 dici
2358 5334 2468 5370 non
2521 5321 2727 5386 potest,
2769 5320 2984 5386 quanto
3013 5330 3272 5378 moerere,
3307 5311 3538 5382 quantis
3576 5317 3705 5364 utro

1834 5403 2058 5458 NOTrﬁ.

285 5475 394 5538 (41)
430 5475 579 5542 Papa
610 5477 665 5526 et
696 5475 1089 5531 Bernwardus.

284 5545 389 5618 (42)
422 5561 475 5618 ιν1
507 5546 650 5618 1:.p.
686 5547 776 5618 III.
820 5563 875 5609 ι).
901 5549 1024 5601 322.
1063 5546 1294 5618 Liudpr.
1330 5549 1534 5618 Antap.
1572 5546 1658 5599 IV.
1704 5547 1770 5599 24

283 5617 396 5685 (43)
421 5615 490 5668 cf.
526 5616 753 5671 Richeri
777 5619 813 5670 l.
847 5623 898 5672 9.

2085 5476 2190 5546 (44)
2221 5475 2341 5530 scil.
2378 5475 2558 5530 Orbis.

2085 5548 2592 5616 (iiiyl‘hangmarus
2625 5561 2775 5615 ipse;
2809 5546 2876 5599 cf.
2905 5563 2950 5597 c.
2989 5546 3054 5598 3's
