3944 6310
263 316 362 367 “Si

1222 315 1630 370 TIIANGMABI
1670 315 2106 371 PRESBYTERI
2151 309 2804 368 HILDESHEIMENSIS.

3666 314 3780 365 416

262 452 509 508 rumque
565 434 814 489 lacrimis
870 434 1031 502 fusis,
1083 438 1148 489 ut
1190 434 1251 488 in
1298 435 1593 506 publicum
1650 435 1957 506 procedere
1986 437 2031 490 A
2069 433 2151 488 vit
2200 433 2405 503 (April.
2452 430 2559 501 10).
2616 428 2906 500 Reliquias
2971 445 3203 501 quoque
3254 434 3583 505 sanctorum
3626 446 3781 502 quas

260 530 609 580 vererentur.
642 522 936 577 Piissimus
965 523 1302 594 imperator,
1335 540 1465 594 quas
1502 523 1634 577 stilo
1686 524 1769 578 vel
1803 525 1956 593 lega-

263 613 412 670 torio
456 612 725 666 intimare
786 611 1171 678 dubitaverat,
1239 612 1352 666 fido
1421 612 1696 681 magistro
1748 612 1808 666 in
1871 628 1959 666 ar-

262 703 512 757 chanum
613 700 826 755 mentis
933 700 1301 755 secretarium
1389 700 1633 770 sapienti
1743 701 1956 754 trutina

264 790 526 845 lihranda
581 789 966 843 commendat.
1051 789 1341 859 Reliquias
1389 788 1814 854 nichilominus,
1866 789 1958 843 in-

265 880 491 946 tegrum
525 877 787 930 videlicet
806 893 1014 946 corpus
1043 876 1224 930 sancti
1271 877 1645 946 Exuperantii
1682 877 1955 943 martiris,

263 967 490 1021 diaconi
529 967 706 1021 sancti
755 966 950 1021 Sabini
1002 966 1272 1037 episcopi,
1322 967 1591 1021 Goslaria:
1646 984 1749 1038 per
1794 967 1959 1021 illum

265 1056 474 1110 direxit
501 1055 716 1110 ibidem
749 1072 853 1108 sua
881 1055 1166 1109 industria
1192 1055 1254 1109 in
1284 1055 1493 1109 celebri
1552 1057 1674 1109 loco
1732 1055 1843 1126 (46)
1876 1072 1960 1109 re-

264 1145 578 1216 ponendas.
635 1144 945 1213 Episcopus
996 1160 1225 1214 quoque
1283 1144 1505 1197 mellito
1564 1144 1831 1198 affamine
1897 1148 1961 1197 ut

266 1230 637 1303 magisteriali
667 1230 1083 1295 moderamine,
1116 1236 1176 1283 ut
1207 1231 1496 1300 quondam
1530 1247 1708 1300 puero
1740 1230 1957 1284 allude-

261 1319 380 1385 bat,
412 1320 632 1389 agenda
672 1335 919 1390 qumque
954 1319 1455 1383 commemorabat,
1511 1319 1787 1388 fugienda
1842 1334 1962 1372 sua-

262 1408 432 1462 debat
450 1407 615 1474 vicia,
650 1424 836 1461 mores
866 1407 1125 1461 omnium
1159 1407 1448 1477 aequitatis
1478 1408 1639 1462 lance
1694 1422 1956 1478 pensare,

262 1496 601 1568 patientiam
656 1495 1162 1550 familiarissimam
1205 1496 1267 1550 in
1319 1496 1535 1551 cunctis
1595 1496 1959 1550 vernaculam

264 1584 715 1651 sibiconciliare,
751 1589 881 1638 ante
922 1584 1136 1653 omnia,
1184 1601 1256 1639 ne
1312 1585 1451 1655 quid
1502 1584 1746 1639 nimium
1797 1582 1962 1653 perti-

263 1673 485 1729 naciter
535 1673 796 1727 intentet.
838 1673 933 1726 His
979 1673 1153 1744 gestis
1229 1673 1564 1727 unanimem
1623 1672 1959 1741 magistrum

264 1763 325 1817 in
381 1762 701 1832 hospitium
758 1762 990 1828 ducens,
1050 1762 1348 1832 exquisitis
1397 1761 1560 1816 donis
1592 1765 1956 1826 remunerat;

266 1851 471 1907 deinde
500 1850 808 1921 apostolico
861 1856 1187 1917 convocato,
1222 1850 1626 1904 benedictione
1692 1850 1823 1903 data
1868 1866 1960 1902 ca-

263 1940 558 1994 rissimum
590 1940 932 2009 magistrum
958 1939 1109 1993 inter
1137 1939 1329 1992 oscula
1372 1940 1572 1993 ﬂentes
1621 1937 1719 1993 Dei
1776 1937 1959 2009 gratia

200 2076 203 2079 ,
266 2041 405 2096 pace
435 2024 753 2079 dimittunt.
780 2025 970 2080 Socios
1002 2041 1233 2096 quoque
1266 2026 1370 2079 via:
1427 2042 1491 2079 ex
1550 2024 1667 2079 suis
1709 2024 1960 2094 impera-

264 2119 358 2169 tor
410 2130 539 2168 cum
578 2112 677 2167 illo
722 2113 935 2184 dirigit,
969 2114 1070 2185 qui
1100 2131 1234 2169 eum
1290 2115 1597 2180 deducant,
1630 2114 1699 2167 ad
1734 2131 1792 2168 se
1824 2129 1963 2184 quo-

270 2218 381 2273 que
460 2206 800 2268 remeantes,
879 2202 1032 2256 illius
1087 2204 1352 2269 salutem,
1444 2201 1669 2257 itineris
1729 2217 1961 2272 quoque

266 2289 707 2362 prosperitatem
735 2295 1044 2361 exponant.
1092 2291 1279 2344 Rebus
1335 2290 1530 2361 itaque
1571 2290 1671 2344 Dei
1711 2290 1958 2343 elemen-

270 2379 349 2433 tia
379 2384 579 2432 votum
634 2378 987 2446 cedentibus,
1044 2378 1280 2448 Papiam
1346 2377 1632 2447 pervenit,
1691 2378 1788 2431 ubi
1838 2376 1961 2446 ejus

268 2468 576 2522 adventum
623 2468 897 2538 praesules
926 2483 990 2521 ac
1018 2468 1255 2520 comites
1294 2466 1470 2520 totius
1506 2465 1750 2536 Liguria;
1790 2483 1959 2537 expe-

272 2557 520 2611 ctabant.
558 2556 774 2620 Quibus
805 2556 1155 2627 legationem
1187 2555 1548 2625 imperatoris
1582 2555 1758 2624 dedit,
1791 2560 1961 2625 atque

269 2645 333 2699 in
363 2645 574 2715 placito
612 2644 935 2711 considens,
994 2646 1161 2713 plura
1186 2661 1315 2698 cum
1350 2645 1463 2697 illis
1485 2644 1555 2697 de
1604 2644 1685 2698 rei
1718 2644 1962 2714 publicze

271 2733 618 2788 utilitatibus
654 2733 913 2786 contulit.
957 2732 1116 2786 Illius
1183 2748 1432 2803 namque
1480 2732 1720 2786 consilio
1776 2733 1962 2786 cuncti

265 2822 562 2895 parebant,
596 2822 753 2892 quia,
787 2827 1069 2892 quantum
1102 2821 1169 2875 ab
1202 2822 1545 2891 imperatore
1598 2821 1959 2891 diligeretur,

270 2910 538 2965 sciebant.
573 2911 682 2964 Leo
714 2909 928 2980 quippe
957 2909 1328 2963 Vercellensis
1367 2909 1689 2979 episcopus,
1749 2909 1834 2962 vir
1866 2909 1959 2964 lit-

2064 521 2305 587 advexit,
2342 536 2551 591 magno
2584 519 2804 573 honore
2836 517 2896 571 in
2927 518 3180 572 azcclesia
3209 517 3497 585 condidit;
3528 517 3778 572 immen-

2067 628 2187 665 sam
2218 625 2449 682 quoque
2495 608 2802 678 pecuniam
2833 608 2894 660 in
2938 607 3133 661 altaris
3173 608 3473 660 servitium
3502 612 3675 678 atque
3711 606 3779 660 in

2065 715 2202 753 usus
2258 712 2579 769 pauperum
2639 694 2924 765 expendit.
2984 696 3191 749 Totum
3245 700 3438 749 autem
3503 695 3775 749 aestivum

2065 793 2295 857 tempus
2349 786 2409 840 in
2465 786 2849 839 exstructione
2902 799 3201 837 murorum
3264 783 3529 851 civitatis,
3589 798 3775 853 quam

2067 874 2494 931 Hildenesheim
2545 874 2930 934 inchoaverat.
2999 872 3227 940 institit,
3269 872 3560 928 interdum
3593 873 3773 927 etiam

2066 965 2226 1037 gravi
2272 964 2549 1019 stomachi
2591 963 2854 1018 molestia
2891 962 3191 1017 laboravit.

2136 1057 2225 1109 28.
2279 1055 2502 1107 Interea
2557 1052 2739 1119 affuit,
2788 1052 2858 1105 ab
2940 1050 3249 1121 apostolico
3312 1055 3370 1104 et
3416 1049 3772 1121 imperatore

2066 1143 2187 1196 vice
2208 1159 2369 1213 papae
2399 1142 2664 1209 directus,
2716 1139 3019 1195 cardinalis
3059 1139 3341 1210 presbiter
3393 1139 3765 1206 Fritliericus,

2067 1231 2334 1285 omnibus
2372 1230 2636 1302 insigniis
2718 1228 3043 1299 apostolicis
3102 1228 3214 1282 acsi
3267 1244 3418 1298 papa
3493 1228 3774 1297 procedat

2067 1319 2363 1384 infulatus,
2424 1319 2587 1390 equis
2646 1318 2955 1388 apostolica
3049 1317 3186 1370 sella
3253 1318 3512 1370 Romano
3602 1329 3771 1368 more

2069 1412 2224 1461 ostro
2244 1408 2540 1461 instratus.
2577 1407 2799 1476 Scripta
2829 1422 3061 1477 quoque
3091 1423 3123 1459 a
3155 1422 3305 1476 papa
3328 1410 3384 1459 et
3413 1404 3772 1474 imperatore

2069 1496 2348 1567 episcopis
2395 1501 2452 1550 et
2503 1496 2724 1550 cceteris
2782 1494 3138 1566 principibus
3186 1494 3512 1560 mittuntur,
3556 1498 3620 1547 ut
3650 1493 3771 1547 lto-

2070 1601 2303 1639 manum
2345 1586 2599 1656 legatum
2658 1584 2834 1654 digno
2886 1584 3106 1638 honore
3140 1583 3475 1653 suscipiant,
3527 1582 3774 1653 ejusque

2069 1673 2345 1743 legationi
2428 1672 2827 1727 indubitanter
2900 1688 3123 1738 omnes,
3184 1671 3350 1741 quasi
3417 1670 3773 1740 apostolicus

2069 1777 2320 1831 praesens
2350 1765 2635 1826 cernatur,
2682 1759 2975 1814 obcediant
3005 1758 3089 1811 ¹⁰².
3143 1759 3545 1813 Convenerunt
3567 1757 3773 1827 itaque

2067 1850 2277 1905 Palithi
2307 1850 2377 1903 ad
2424 1849 2705 1920 synodum
2770 1848 2993 1902 decimo
3026 1845 3094 1881 ¹⁰³
3139 1847 3422 1902 Kalendas
3447 1846 3584 1900 Julii
3616 1848 3768 1915 (Jun.

2068 1939 2180 2006 22),
2240 1938 2402 2008 juxta
2432 1937 2725 1991 decretum
2766 1936 3063 2006 apostolici
3096 1936 3498 2006 praescriptum
3536 1933 3622 1988 1°“.
3667 1934 3771 1988 Le-

2068 2032 2264 2098 gatum
2305 2042 2442 2096 ergo
2489 2026 2645 2079 vario
2707 2025 2910 2080 affectu
2942 2024 3271 2094 excipiunt;
3305 2023 3771 2094 archiepiscopus

2067 2132 2201 2170 vero
2235 2120 2291 2169 et
2319 2115 2418 2185 qui
2445 2115 2497 2168 ei
2526 2114 2792 2168 favebant
2822 2114 2969 2167 mira
3020 2113 3421 2184 indignatione
3452 2117 3507 2165 et
3539 2128 3771 2166 execra-

2067 2204 2219 2258 tione
2253 2204 2415 2258 illum
2440 2203 2805 2272 spernebant.
2833 2203 3144 2273 Episcopus
3196 2218 3328 2255 vero
3369 2200 3768 2267 Bernwardus,

2068 2297 2126 2345 et
2158 2291 2387 2345 Lievezo
2422 2289 2492 2329 ι⁰⁵
2526 2289 3112 2361 Hammenburgensis
3143 2289 3511 2359 archiprmsul
3553 2288 3771 2358 aliique

2068 2381 2392 2450 conplures,
2418 2383 2741 2433 reverenter
2800 2395 2932 2433 eum
2986 2379 3307 2432 tractabant
3360 2376 3772 2447 praecipuoque

2069 2469 2287 2523 honore
2319 2468 2603 2522 colebant.
2645 2467 2751 2522 Sed
2808 2472 3113 2538 postquam
3167 2467 3239 2520 ad
3295 2466 3602 2519 concilium
3637 2481 3774 2518 ven-

2071 2562 2195 2611 tum
2225 2561 2329 2622 est,
2360 2557 2447 2610 vix
2481 2556 2592 2609 dici
2622 2556 2854 2626 poterit,
2889 2560 3103 2625 quanta
3124 2554 3405 2608 seditione
3431 2559 3488 2608 et
3509 2554 3768 2608 tumultu

2010 2700 2015 2701 ,
2068 2645 2407 2715 agitaretur.
2455 2646 2597 2698 Nam
2620 2660 2724 2698 nec
2778 2645 2936 2698 locus
2967 2642 3235 2698 sessionis
3293 2643 3502 2697 vicario
3532 2648 3768 2713 aposto-

2070 2733 2164 2787 lici
2194 2734 2435 2788 idoneus
2463 2732 2814 2799 conceditur,
2848 2731 3137 2786 horribilis
3186 2732 3459 2801 strepitus
3516 2730 3771 2801 ingemi-

2070 2827 2257 2889 natur,
2291 2822 2387 2892 jus
2441 2822 2637 2892 fasque
2680 2820 2747 2857 ιοθ
2795 2821 3245 2891 contempnitur,
3301 2820 3573 2874 canonica
3604 2820 3773 2873 disci-

2070 2911 2230 2981 plina
2268 2911 2617 2964 annullatur.
2672 2909 2922 2963 Vicarius
2973 2910 3119 2964 inter
3158 2910 3455 2980 episcopos
3510 2909 3770 2962 Lievizo-

275 2999 415 3054 teris
443 2998 720 3064 eruditus,
761 2997 920 3051 fandi
970 3013 1202 3068 quoque
1265 2997 1430 3067 copia
1484 2997 1849 3065 exercitatus,
1891 3000 1960 3053 ad
1991 3000 2029 3055 C
2069 3016 2197 3055 nem
2233 2997 2301 3038 ¹⁰⁷
2327 3005 2384 3053 et
2413 2998 2778 3054 Berwardum
2840 3000 3062 3066 sedens,
3117 2998 3416 3069 apostolici
3470 2997 3681 3067 scripta
3712 3002 3775 3051 et

271 3104 437 3142 suam
459 3086 746 3141 civitatem
776 3086 1024 3139 maximo
1082 3086 1303 3141 honore
1332 3091 1389 3139 et
1418 3086 1623 3140 affectu
1656 3087 1823 3141 illum
1879 3086 1965 3141 in-

271 3175 505 3244 vitavit;
536 3175 627 3228 vix
661 3190 893 3246 quoque
922 3174 1196 3239 obtinuit;
1238 3175 1707 3246 praeveniensque
1733 3176 1965 3230 collecto

274 3264 523 3319 maximo
575 3262 643 3299 ¹υ¹
699 3263 837 3316 cleri
891 3262 1208 3334 populique
1265 3267 1431 3330 coetu,
1490 3263 1550 3317 in
1602 3263 1827 3318 laudem
1866 3264 1966 3318 Dei

274 3352 490 3408 cunctis
548 3351 943 3422 psallentibus,
972 3351 1265 3422 campanis
1320 3367 1552 3423 quoque
1584 3353 1966 3422 Tpersonanti-

273 3443 402 3510 bus,
451 3457 569 3496 non
626 3440 841 3494 minori
888 3440 1106 3494 ambitu
1141 3454 1315 3511 quam
1366 3440 1413 3494 si
1465 3457 1616 3511 papa
1672 3442 1968 3497 adveniret

274 3535 532 3601 excepto,
559 3530 870 3599 omniaque
913 3529 973 3583 in
1023 3529 1343 3583 ministerio
1372 3530 1495 3599 ejus
1526 3529 1967 3599 opulentissimo

274 3620 411 3674 luxu
456 3623 735 3690 quantum
770 3617 1139 3687 imperatum,
1170 3622 1254 3672 est
1274 3617 1573 3688 impendit,
1603 3618 1769 3672 donis
1822 3635 1967 3689 quo-

277 3724 390 3780 que
430 3707 651 3761 eximiis
674 3706 999 3761 honoravit.
1030 3706 1224 3761 Socios
1255 3722 1487 3777 quoque
1510 3722 1637 3760 cum
1668 3707 1766 3760 illo
1792 3707 1967 3774 misit,

277 3797 379 3869 qui
409 3796 671 3867 sequenti
724 3796 815 3849 die
855 3796 1174 3865 hospitium
1231 3795 1416 3866 plenis
1468 3795 1646 3865 copiis
1703 3797 1967 3866 provide-

277 3886 437 3940 bant.
493 3885 630 3939 Inde
682 3900 786 3955 per
836 3885 1056 3939 diversa
1121 3886 1243 3938 loca
1307 3888 1364 3938 et
1415 3884 1665 3939 civitates
1711 3885 1968 3953 veniens,

279 3973 668 4046 plurimorum
725 3973 1079 4044 benignitate
1116 3973 1175 4027 in
1207 3973 1401 4027 multis
1445 3973 1580 4028 locis
1636 3990 1788 4039 usus,
1843 3974 1968 4028 clu-

277 4080 368 4118 sas
407 4063 701 4129 excedens,
766 4061 1005 4132 Alpibus
1052 4063 1158 4131 (47)
1220 4063 1320 4116 Dei
1382 4062 1599 4133 pietate
1666 4063 1966 4133 superatis,

277 4151 627 4207 Octodorum
657 4150 771 4221 (48)
804 4155 1260 4222 praetergressus,
1291 4152 1596 4221 Agaunum
1628 4150 1740 4221 (49)
1806 4150 1967 4216 adiit,

274 4240 472 4333 ibique
516 4257 550 4294 a
605 4239 871 4333 Rodulfo,
936 4255 1076 4333 rege
1135 4239 1499 4333 Burgundiae,
1566 4238 1967 4333 liberalissime
1997 4280 2039 4333 Β

277 4328 577 4399 excipitur.
642 4327 750 4392 Qui
832 4328 1067 4382 tradidit
1122 4328 1389 4399 episcopo
1443 4328 1504 4381 in
1556 4327 1967 4397 proprietatem

277 4417 428 4472 infra
455 4418 691 4488 Papiam
723 4432 852 4470 cum
884 4419 1272 4487 manuscripto
1302 4421 1417 4470 tres
1469 4416 1718 4483 curtiles,
1759 4420 1817 4470 et
1868 4432 1970 4470 sua

278 4505 697 4576 subscriptione
762 4506 1032 4576 anulique
1070 4505 1451 4575 impressione
1485 4503 1796 4560 roboravit.
1830 4504 1967 4559 Inde

282 4594 384 4647 Dei
408 4594 592 4663 gratia
630 4593 887 4647 munitus
918 4594 1225 4661 divertens,
1274 4608 1552 4664 prospero
1612 4592 1713 4646 Dei
1760 4592 1970 4662 pietate

278 4682 482 4735 itinere
517 4682 945 4737 Hildenesheim
985 4699 1115 4737 cum
1165 4682 1416 4737 maximo
1475 4680 1612 4735 cleri
1669 4680 1969 4752 plebisque

277 4771 536 4842 tripudio
563 4772 624 4825 in
661 4777 855 4827 sancta
878 4772 1184 4829 festivitate
1242 4773 1505 4842 heroycae
1556 4786 1732 4825 omna:
1787 4770 1969 4825 intra-

2073 3088 2416 3160 legationem
2450 3088 2518 3142 ad
2549 3087 2848 3157 episcopos
2870 3104 2926 3141 se
2956 3088 3194 3153 habere;
3250 3087 3578 3142 facultatem
3637 3102 3771 3140 exe-

2075 3177 2288 3250 quendi
2330 3193 2460 3248 quas
2514 3177 2680 3241 ferat,
2728 3176 2837 3231 sibi
2885 3176 3142 3231 exhiberi
3173 3177 3390 3230 orabat.
3455 3178 3773 3246 Impetrato

2073 3266 2325 3337 denique
2380 3264 2450 3299 “’3
2481 3264 2733 3327 silentio,
2764 3265 2952 3335 primo
2980 3265 3134 3320 dulci
3164 3264 3431 3319 affamine
3463 3263 3772 3334 episcopos

2076 3357 2146 3411 de
2203 3370 2342 3425 pace
2373 3361 2427 3410 et
2456 3354 2691 3408 caritate
2722 3361 2778 3408 et
2822 3354 3127 3408 concordia
3148 3358 3495 3419 commonet,
3554 3352 3771 3406 deinde

2078 3445 2376 3514 epistolam
2426 3458 2591 3512 papae
2626 3442 3059 3521 archiepiscopo
3113 3443 3436 3513 specialiter
3489 3441 3772 3495 directam

2076 3530 2316 3601 profert,
2339 3528 2685 3600 publiceque
2731 3529 2790 3583 in
2822 3530 3059 3583 auribus
3090 3529 3349 3583 omnium
3382 3528 3607 3582 recitari
3643 3544 3775 3598 pre-

2076 3625 2255 3673 catur.
2290 3619 2473 3683 Quam
2506 3634 2636 3670 cum
2678 3618 3141 3689 archiepiscopus
3171 3623 3405 3689 tangere
3462 3618 3545 3670 vel
3576 3617 3773 3670 videre

2079 3707 2487 3776 dedignaretur
2537 3703 2633 3773 W9,
2684 3707 3085 3777 episcoporum
3101 3707 3319 3777 judicio
3342 3707 3529 3778 palam
3562 3711 3649 3760 est
3680 3722 3771 3759 re-

2076 3794 2275 3850 citata:
2318 3794 2381 3848 in
2436 3810 2551 3865 qua
2604 3795 2728 3865 ipse
2764 3795 3064 3866 episcopus
3090 3801 3283 3866 aperte
3335 3794 3645 3864 corripitur
3677 3792 3770 3860 ιιο,

2078 3889 2135 3939 et
2155 3883 2225 3938 de
2245 3885 2498 3937 fraterna
2526 3884 2837 3938 concordia
2866 3889 2922 3938 et
2982 3884 3331 3939 oboedientia
3381 3887 3771 3938 ammonetur.

2078 3972 2332 4027 Vicarius
2361 3977 2554 4027 autem
2583 3973 2847 4044 quamvis
2872 3974 2931 4008 1“
2995 3972 3482 4044 archiepiscopum
3540 3971 3774 4025 irritare

2078 4077 2288 4133 magno
2315 4061 2500 4115 studio
2546 4066 2826 4131 parceret,
2854 4066 3048 4115 tamen
3080 4060 3206 4115 miti
3248 4062 3443 4127 affatu,
3474 4075 3770 4131 quascum-

2079 4166 2191 4222 que
2238 4149 2323 4203 illi
2379 4149 2743 4220 objiciantur,
2804 4149 3159 4204 obmtlienter
3209 4150 3453 4204 fratrum
3499 4149 3771 4203 consultu

2078 4237 2419 4306 satisfacere,
2475 4239 2786 4309 apostolica
2824 4239 3162 4293 auctoritate
3208 4243 3554 4293 commonet.
3586 4237 3775 4307 Super

2078 4326 2187 4395 his,
2223 4326 2331 4380 etsi
2352 4326 2707 4396 indignatus,
2747 4327 3051 4381 consilium
3074 4344 3107 4381 a
3136 4327 3408 4382 fratribus
3461 4328 3518 4380 et
3562 4325 3775 4396 praeci—

2077 4432 2190 4486 pue
2244 4415 2313 4469 ab
2395 4415 2817 4487 archiepiscopo
2876 4415 3176 4471 Lievizone
3231 4416 3456 4486 quaerit.
3514 4417 3596 4469 Ad
3653 4416 3778 4470 haec

2078 4504 2195 4572 ille,
2218 4503 2437 4558 bonum
2470 4504 2580 4558 sibi
2613 4505 2810 4573 videri,
2841 4505 2977 4576 quia
3005 4506 3169 4560 laesus
3199 4505 3374 4559 frater
3403 4504 3778 4559 dominorum

2080 4598 2427 4657 nostrorum,
2458 4594 2780 4664 apostolici,
2828 4601 2885 4648 et
2937 4594 3322 4665 imperatoris,
3372 4595 3645 4665 suffragia
3675 4612 3781 4666 pe-

2078 4682 2188 4744 tiit.
2224 4698 2420 4736 coram
2447 4682 2656 4737 vicario
2715 4683 2902 4750 illum,
2962 4683 3364 4754 episcoporum
3416 4682 3634 4754 judicio
3683 4702 3781 4739 sa-

2080 4770 2345 4825 tisfaciat.
2404 4771 2604 4825 Januaa
2654 4770 2888 4826 interim
2932 4772 3200 4826 aecclesiaa
3250 4773 3606 4843 panduntur,
3647 4772 3782 4828 laici

1696 4929 1933 4983 VABUE
1970 4928 2370 4985 LECTIONES.

352 5040 420 5079 ¹⁰¹
462 5043 719 5098 collectio
799 5042 1052 5097 maxima
1138 5045 1186 5097 ί.

1278 5042 1361 5096 hic
1416 5045 1600 5112 pergit
1652 5045 1704 5096 2.
1785 5041 1857 5079 ¹⁰³
1909 5044 1970 5097 Χ.
2035 5044 2124 5098 Kl.
2157 5042 2291 5097 Julii
2343 5046 2393 5098 2.
2471 5042 2541 5082 ¹⁰⁸
2587 5043 2971 5113 Proscriptum

280 5114 485 5169 affectu
516 5114 809 5183 excipiunt
840 5114 1323 5184 archiepiscopus,
1358 5118 1415 5184 et
1454 5114 1552 5183 qui
1579 5130 1710 5168 eum
1734 5114 2000 5168 favebant
2056 5117 2108 5167 2.
2189 5113 2257 5152 ³0³
2306 5114 2511 5169 lieuizo
2560 5116 2849 5171 hammab.
2901 5120 2953 5170 2.

3074 5044 3247 5115 uippe
3307 5044 3571 5115 legatum,
3620 5046 3783 5101 vario

3033 5114 3103 5152 ιυδ
3131 5114 3188 5170 et
3233 5116 3317 5170 fas
3371 5120 3423 5171 2.
3505 5114 3573 5155 ²⁰⁷
3615 5117 3785 5173 Haul—

282 5201 483 5240 zonem
510 5188 763 5256 2swpius.
848 5183 918 5222 ¹⁰⁸
956 5183 1152 5256 itaque
1209 5188 1262 5239 2.
1345 5183 1413 5221 “’9
1441 5184 1745 5257 indignum
1775 5186 2007 5239 duceret
2035 5187 2088 5238 2.
2165 5184 2236 5223 ¹1⁰
2257 5186 2510 5257 carpitur
2540 5191 2591 5241 2.
2675 5186 2737 5224 ⁸η
2769 5203 3119 5258 quamquam
3157 5190 3213 5242 2.

1916 5310 2139 5365 NOTrE.

356 5424 467 5494 (46)
494 5426 747 5480 Goslaria
775 5426 953 5495 igitur
985 5442 1050 5480 eo
1073 5426 1194 5495 jam
1226 5429 1499 5497 tempore,
1543 5424 1972 5497 metallifodinis

284 5494 491 5549 Ottone
522 5497 563 5549 Ι.
598 5494 874 5566 regnante
910 5494 1165 5565 detectis,
1200 5494 1438 5552 celebris
1484 5502 1606 5553 erat
1658 5501 1714 5552 et
1766 5494 1973 5552 diocesi

289 5565 766 5622 Hildesheimensi
786 5567 1089 5640 adscripta.

2156 5425 2264 5493 (47)
2305 5427 2491 5480 Monte
2523 5426 2694 5480 Jovis.

2156 5496 2265 5566 (48)
2304 5497 2642 5551 Martiuach.

2159 5568 2269 5637 (49)
2298 5568 2354 5622 S.
2388 5568 2600 5622 Moritz.
