3944 6324
164 307 270 361 417

164 520 521 591 Mogontinis
579 519 969 573 exultantibus
1000 517 1072 557 ¹¹²
1104 534 1261 572 arma
1290 521 1605 590 exposcunt
1650 523 1737 585 ¹¹³,
1762 520 1876 574 im-

164 626 401 665 mensas
436 610 623 663 minas
669 609 941 680 ingerunt
987 606 1058 644 ‘“
1085 608 1356 662 adversus
1401 608 1695 679 apostolici
1722 610 1876 663 vica-

165 700 323 753 rium
357 704 416 752 et
470 699 873 752 Bernwardum
904 697 1256 768 episcopum.
1314 699 1555 768 Legatus
1602 701 1790 751 autem
1820 703 1878 751 et

169 788 482 858 episcopus
518 787 910 849 Bernwardus,
968 802 1073 840 nec
1125 787 1381 840 tumultu
1438 785 1597 851 moti,
1630 802 1735 840 nec
1767 787 1871 840 mi-

169 878 258 930 nis
290 875 501 942 territi,
557 875 689 929 licet
737 875 1160 929 numerosiores
1190 875 1469 929 haberent
1501 875 1747 929 militum
1781 892 1874 929 co-

169 966 317 1036 pias,
354 980 470 1018 non
503 980 663 1017 arma
717 964 991 1029 fremunt,
1047 964 1145 1018 sed
1213 963 1556 1017 seditionem
1617 980 1871 1033 compes-

170 1059 328 1108 cunt.
368 1053 627 1124 Episcopi
675 1052 973 1123 negotium
1026 1052 1087 1105 in
1127 1060 1420 1123 posterum
1470 1052 1623 1106 diem
1675 1057 1875 1122 prote-

170 1142 413 1199 landum
447 1140 512 1178 “3
561 1147 896 1212 suggerunt,
953 1141 1014 1195 in
1076 1142 1248 1195 fidem
1308 1157 1468 1195 suam
1533 1141 1871 1210 suscipiunt,

170 1229 669 1301 archiepiscopum
718 1229 1098 1284 adventurum
1147 1228 1552 1300 justiciamque
1592 1229 1876 1284 oboedien-

168 1326 258 1374 ter
284 1326 682 1374 executurum.

239 1412 330 1465 29.
390 1410 616 1463 Interea
661 1407 1123 1479 archiepiscopus
1175 1406 1368 1461 furore
1410 1407 1591 1461 nimio
1638 1422 1869 1461 succen-

170 1513 263 1552 sus
296 1499 616 1569 egreditur,
648 1514 820 1568 quem
877 1496 1027 1551 infra
1057 1514 1325 1551 coronam
1357 1497 1600 1551 fratrum
1629 1497 1872 1551 vicarius

168 1588 517 1657 insequitur,
577 1592 635 1641 et
678 1588 867 1640 hanno
909 1586 1233 1656 apostolicae
1274 1586 1627 1640 auctoritatis
1678 1586 1747 1641 ad
1781 1603 1869 1657 sy-

168 1676 393 1729 nodum
428 1676 487 1729 in
532 1676 773 1730 eandem
806 1674 1119 1728 ecclesiam
1161 1673 1423 1744 sequenti
1454 1675 1705 1728 diluculo
1733 1675 1873 1727 invi-

172 1769 284 1831 tat;
347 1765 540 1835 sicque
605 1765 701 1817 illa
757 1765 902 1817 actio
934 1764 1120 1817 soluta
1149 1761 1216 1801 ¹¹⁶
1239 1768 1341 1818 est.
1380 1763 1654 1818 Matutino
1680 1763 1873 1833 itaque

170 1854 511 1925 crepusculo
544 1854 707 1923 clam,
741 1852 1221 1922 archiepiscopus,
1282 1851 1548 1905 omnibus
1596 1851 1872 1921 ignoran-

169 1942 347 2009 tibus,
376 1960 505 1997 cum
554 1942 668 1995 suis
707 1942 995 1997 abscessit.
1040 1941 1293 1994 Vicarius
1324 1945 1514 1994 autem
1576 1938 1640 1974 “7
1671 1956 1874 1993 secun-

169 2033 302 2087 dam
338 2032 619 2087 actionem
676 2032 876 2102 synodi
920 2032 1176 2101 sequenti
1210 2030 1302 2083 die
1361 2029 1509 2095 (Jun.
1570 2032 1659 2093 23)
1719 2028 1876 2082 ador-

172 2138 289 2188 sus,
325 2120 385 2174 in
435 2120 723 2191 principio
778 2118 1018 2173 actionis
1071 2118 1561 2189 archiepiscOpum
1603 2116 1873 2188 inquirit;

172 2223 369 2277 quem,
393 2205 532 2276 quia
558 2221 672 2258 non
719 2204 937 2271 aderat,
967 2204 1038 2257 ab
1088 2203 1246 2257 omni
1278 2202 1582 2273 episcopali
1616 2202 1873 2255 ministe-

173 2295 258 2348 rio
305 2310 487 2365 usque
541 2294 606 2347 ad
649 2292 1016 2363 praesentiam
1067 2308 1231 2362 papas
1288 2291 1602 2361 suspendit.
1647 2290 1874 2343 Cunctis

172 2400 307 2437 vero
340 2382 625 2453 episcopis
654 2381 938 2452 synodum
968 2381 1027 2433 in
1060 2380 1233 2434 natali
1262 2379 1492 2434 Domini
1521 2379 1589 2433 ad
1620 2394 1872 2449 praesen-

171 2472 312 2527 tiam
361 2486 527 2542 papas
587 2470 896 2542 apostolica
946 2469 1283 2524 auctoritate
1326 2468 1873 2537 indicit;archiepi-

170 2576 344 2631 scopo
389 2560 768 2614 nihilominus
817 2559 1027 2628 scripta
1082 2558 1142 2610 in
1194 2558 1347 2611 hunc
1387 2557 1622 2610 modum
1646 2555 1870 2624 dirigit:

173 2650 316 2715 Quia
366 2649 570 2717 synodo
617 2654 669 2703 te
723 2648 1054 2703 subtraxisti
1083 2651 1132 2700 et
1148 2647 1321 2715 jussis
1355 2647 1583 2701 Romani
1593 2645 1872 2714 pontiﬁcis

169 2738 499 2793 inobcediens
552 2736 734 2805 fuisti,
793 2738 1116 2790 auctoritate
1171 2739 1480 2789 sanctorum
1510 2734 1871 2802 apostolorum

170 2830 321 2883 Petri
360 2832 411 2881 et
441 2826 620 2895 Pauli,
674 2831 723 2880 et
779 2828 995 2879 illorum
1052 2826 1251 2878 vicarii
1300 2839 1463 2892 papae
1493 2823 1743 2877 Silvestri
1772 2819 1864 2886 “8,

171 2917 238 2970 ab
272 2919 421 2971 omni
471 2915 794 2970 sacerdotali
842 2916 1023 2983 ofﬁcio
1069 2913 1212 2967 scias
1271 2918 1319 2966 te
1372 2928 1541 2982 usque
1596 2912 1670 2966 ad
1723 2927 1869 2980 prae-

170 3009 402 3060 sentiam
431 3004 583 3060 illius
637 3019 971 3073 suspensum.
1034 3002 1125 3057 Sic
1157 3000 1229 3037 “9
1282 3002 1531 3056 secunda
1577 3002 1720 3055 actio
1746 3005 1867 3054 ter-

170 3095 392 3149 minata
425 3099 527 3148 est.

242 3182 331 3234 30.
366 3178 619 3232 Vicarius
671 3182 860 3230 autem
892 3174 961 3211 ¹²⁰
1013 3191 1143 3229 cum
1193 3174 1401 3229 domno
1436 3173 1702 3244 episcopo
1737 3174 1867 3229 Ber-

170 3269 403 3323 nwardo
450 3250 810 3337 aliquantum
850 3269 1129 3332 moratus,
1169 3263 1474 3335 prmcipuis
1531 3264 1867 3317 muneribus

169 3359 289 3429 ipse
320 3361 377 3411 et
406 3372 604 3410 omnes
636 3354 723 3408 sui
771 3353 1141 3418 remunerati,
1188 3352 1247 3405 in
1277 3368 1415 3422 pace
1462 3351 1729 3406 dimissus
1755 3356 1867 3419 est;

168 3446 621 3517 perveniensque
675 3444 737 3478 ¹²¹
787 3443 857 3496 ad
907 3441 1278 3512 apostolicum
1337 3446 1392 3495 et
1436 3440 1864 3511 imperatorem,

168 3533 476 3606 legationis
516 3532 776 3587 ordinem
809 3531 1053 3600 aperuit.
1079 3530 1262 3599 Super
1291 3546 1406 3600 quo
1447 3530 1695 3597 graviter
1725 3528 1871 3583 indi-

170 3622 440 3696 guati‘”,
495 3622 702 3693 jubent
750 3619 1044 3673 universos
1090 3618 1419 3671 Theotiscos
1458 3617 1522 3653 ¹²³
1574 3617 1869 3689 episcopos

172 3715 318 3767 circa
348 3712 537 3766 natale
560 3708 879 3764 Dominiad
909 3708 1137 3761 illorum
1182 3707 1549 3777 praesentiam
1579 3706 1867 3774 festinare,

173 3820 288 3857 non
320 3802 506 3855 solum
537 3800 605 3853 ad
648 3798 951 3871 synodum,
1015 3797 1109 3851 sed
1142 3812 1271 3850 cum
1315 3796 1474 3850 omni
1505 3811 1608 3850 suo
1639 3796 1871 3849 vassati-

175 3909 239 3947 co
264 3894 369 3959 (50)
398 3890 476 3944 ita
498 3892 564 3925 ¹²⁴
582 3888 905 3951 instructos,
937 3890 1000 3940 ut
1022 3886 1087 3939 ad
1121 3885 1356 3951 bellum,
1385 3900 1745 3956 quocumque
1770 3885 1874 3939 im-

176 3987 410 4052 perator
437 3978 752 4049 praecipiat,
784 3978 1017 4047 possent
1045 3974 1372 4045 procedere.
1407 3973 1678 4027 Praefatus
1729 3991 1870 4045 quo-

177 4086 288 4141 que
330 4068 670 4123 Frithericus
725 4082 838 4119 non
869 4065 1052 4119 multo
1090 4067 1220 4134 post
1266 4063 1649 4133 episcopalem
1678 4064 1871 4117 cathe-

180 4159 340 4213 dram
373 4159 659 4212 Ravennae
692 4154 955 4209 obtinuit.

251 4250 338 4301 3|.
378 4248 659 4300 Praeterea
713 4244 1011 4315 episcopus
1066 4241 1435 4296 Bernwardus
1483 4257 1716 4311 sperans
1774 4241 1873 4295 Dei

1552 306 1718 362 VITA
1757 308 1812 362 S.
1856 309 2307 365 BERNWARDI.

162 430 661 496 intromittuntur,
720 429 788 484 ﬁt
842 427 1113 500 strepitus
1176 429 1573 500 tumultusque
1628 431 1869 501 validus,
1902 435 1943 487 A

3577 318 3727 376 418⁷

1986 431 2061 485 sis
2088 433 2203 501 (51)
2233 432 2521 499 aecclesiaa,
2558 432 2665 488 sibi
2697 434 2767 489 ab
2794 433 3141 505 imperatore
3170 436 3460 505 traditam,
3492 445 3549 495 et
3567 442 3680 495 sol-

1985 521 2201 591 lempni
2232 521 2446 592 abipso
2485 522 2843 577 dedicatione
2882 523 3243 578 devotissime
3269 534 3677 595 consecratam,

1984 613 2039 663 et
2103 610 2295 664 divino
2351 610 2579 664 servitio
2640 612 2938 675 excultam,
2992 612 3363 684 pluribusque
3391 615 3681 671 beneﬁciis

1984 713 2048 751 ac
2090 698 2256 752 donis
2287 699 2355 753 ab
2404 715 2470 753 eo
2497 700 2758 768 ditatam,
2790 701 2888 754 ubi
2920 701 3091 755 etiam
3123 718 3223 754 sua
3282 704 3681 758 materteram

1983 788 2181 840 matris
2240 788 2496 858 regimen
2540 790 2764 858 agebat,
2797 788 2855 843 in
2886 791 3180 860 praecipua
3207 791 3524 860 ,‘festivitate
3556 794 3680 848 illa-

1984 891 2111 928 rum
2147 873 2213 910 ¹²⁷
2266 876 2423 930 adire
2453 876 2811 946 disponebat,
2864 878 3159 948 praemisso
3210 880 3366 933 omni
3403 888 3681 952 apparatu

1984 964 2053 1016 ad
2085 969 2299 1017 tantam
2331 965 2813 1035 sollempnitatem
2868 968 3288 1021 conﬂuentibus
3342 972 3676 1027 necessario.

1985 1052 2124 1105 Cum
2168 1052 2287 1120 jam
2334 1052 2528 1105 omnia
2584 1058 2780 1124 parata
2835 1060 3025 1109 essent
3053 1060 3108 1109 et
3164 1056 3287 1126 ipse
3326 1057 3383 1111 in
3425 1061 3680 1130 proximo

1982 1139 2207 1194 futurus
2238 1145 2403 1207 esset,
2469 1143 2933 1212 supervenientes
2985 1149 3265 1198 nocturno
3295 1151 3552 1217 tempore
3585 1150 3682 1203 ho-

1982 1229 2166 1283 mines
2197 1229 2607 1301 archiepiscopi
2637 1236 2841 1286 cuncta
2869 1232 3202 1288 invadentes
3232 1235 3673 1305 dissipaverunt,

1984 1318 2307 1389 aliquantos
2339 1335 2470 1372 vero
2501 1319 2840 1373 domesticos
2889 1321 3140 1391 episcopi
3168 1322 3475 1378 crudeliter
3502 1341 3677 1380 caesos

1985 1407 2349 1461 dimiserunt.

2056 1497 2141 1548 32.
2202 1496 2315 1548 Hac
2368 1494 2583 1565 injuria
2624 1499 2837 1562 exacta,
2896 1496 3240 1551 venerabilis
3288 1500 3494 1568 praesul
3548 1502 3685 1557 Gan-

1985 1583 2456 1637 denesheimeuse
2469 1584 2790 1637 coenobium
2806 1584 2963 1638 adire
2977 1590 3033 1639 et
3048 1602 3293 1656 quaeque
3324 1590 3682 1646 emendanda

1985 1676 2173 1725 essent
2226 1671 2511 1742 corrigere
2561 1673 2922 1743 disponebat,
2956 1690 3027 1727 ne
3063 1691 3176 1746 qua
3220 1692 3320 1729 sua
3349 1679 3514 1749 culpa
3537 1685 3682 1734 esset

1982 1761 2328 1829 neglectum.
2389 1761 2491 1815 Cui
2546 1761 2763 1816 obstitit
2836 1762 3118 1816 immensa
3178 1765 3487 1820 multitudo
3565 1785 3680 1823 non

1980 1850 2173 1903 minus
2226 1850 2400 1902 armis
2429 1850 2724 1915 instructa,
2759 1867 2931 1920 quam
2963 1852 3010 1904 si
3031 1851 3099 1905 ad
3145 1853 3440 1922 publicum
3466 1856 3680 1913 bellum

1978 1941 2338 2006 cogerentur.
2405 1939 2513 1991 Hos
2571 1938 2813 1991 concivit
2844 1936 2916 1974 ¹²⁸
2959 1939 3206 2010 Sophya,
3253 1946 3484 1997 cunctos
3524 1945 3677 2000 vide-

1980 2028 2110 2080 licet
2167 2043 2311 2097 quos
2362 2028 2451 2081 vel
2516 2028 2585 2081 de
2667 2028 2942 2081 vassatico
3002 2030 3414 2101 archiepiscopi
3471 2033 3557 2087 vel
3608 2036 3678 2089 de

1978 2115 2197 2169 familia
2235 2115 2389 2169 illius
2444 2131 2755 2170 convocare
2783 2122 3033 2187 poterat,
3090 2134 3290 2172 omnes
3343 2138 3474 2174 suos
3512 2128 3679 2176 notos

1980 2207 2037 2256 et
2059 2202 2388 2267 familiares,
2421 2207 2475 2256 et
2507 2203 2575 2257 de
2614 2203 2849 2274 propria
2878 2204 3096 2258 familia
3135 2221 3371 2260 manum
3397 2208 3672 2275 validam;

1977 2295 2165 2345 turres
2196 2295 2250 2345 et
2274 2290 2586 2345 munitiora
2616 2292 2737 2345 loca
2763 2292 2914 2346 circa
2943 2293 3255 2348 mcclesiam
3287 2302 3505 2349 armato
3531 2314 3679 2351 com-

1978 2379 2141 2451 plent
2166 2380 2368 2445 milite,
2401 2384 2459 2433 et
2475 2385 2671 2434 contra
2688 2397 2867 2435 unum
2892 2382 3209 2448 hominem,
3228 2399 3395 2437 suum
3416 2385 3679 2442 videlicet

1980 2468 2712 2540 episcopum,inermem,et
2732 2469 3318 2525 benedictionemillis
3331 2478 3673 2544 portantem,

1977 2557 2058 2611 ita
2115 2558 2410 2611 castellum
2473 2559 2763 2624 muniunt,
2823 2559 2987 2629 quasi
3047 2560 3343 2615 barbarico
3378 2563 3675 2632 procinctu

1978 2662 2036 2700 se
2093 2646 2398 2700 defendere
2447 2651 2651 2717 parent
2698 2646 2802 2712 "9;
2836 2651 2898 2700 ut
2948 2648 3223 2701 veraciter
3251 2649 3390 2703 illud
3424 2653 3674 2721 Apostoli

1975 2733 2276 2805 impletum
2308 2734 2369 2789 in
2398 2736 2496 2790 illo
2529 2735 2813 2789 videatur:
2836 2736 3026 2791 Omnes
3049 2738 3147 2805 qui
3174 2740 3264 2805 pie
3282 2740 3467 2793 volunt
3498 2743 3678 2795 vivere

1975 2824 2034 2876 in
2083 2824 2305 2877 Christo
2358 2826 2775 2892 persecutionem
2828 2826 3108 2893 patientur
3138 2826 3235 2893 (II
3267 2828 3401 2879 Tim.
3439 2844 3518 2891 Ill,
3568 2832 3672 2898 l2).

1976 2910 2071 2965 His
2096 2912 2303 2981 praesul
2357 2911 2583 2979 auditis,
2618 2928 2747 2965 suos
2781 2912 2919 2983 quid
2950 2919 3083 2981 agat
3135 2915 3403 2969 consulit.
3474 2917 3673 2972 Cuncti

1975 3000 2229 3070 periculo
2257 3000 2573 3054 cedendum
2625 3005 2911 3068 statuunt;
2945 3001 3275 3071 diriguntur
3306 3020 3537 3075 quoque
3577 3007 3672 3077 qui

1977 3090 2271 3143 veritatem
2330 3090 2635 3160 diligenter
2708 3090 3080 3159 investigent;
3148 3091 3246 3161 qui
3299 3093 3492 3147 omnia
3546 3110 3675 3166 qua:

1977 3184 2304 3250 sparserant
2346 3176 2416 3214 ¹³⁰
2447 3195 2595 3242 vera,
2633 3182 2690 3233 et
2719 3178 2807 3233 his
2833 3179 3051 3249 majora
3075 3181 3431 3235 renunciant.

2048 3271 2136 3323 33.
2189 3269 2283 3321 His
2328 3268 2436 3321 hoc
2480 3267 2646 3321 modo
2677 3268 2870 3338 gestis,
2904 3268 3155 3339 episcopi
3188 3269 3514 3340 hujusmodi
3547 3289 3678 3328 con-

1977 3355 2311 3409 troversiam
2370 3356 2430 3409 in
2497 3356 2748 3409 aecclesia
2797 3356 3043 3425 grassari
3096 3364 3393 3412 cernentes
3454 3361 3539 3426 ιιι,
3580 3378 3673 3415 su-

1976 3457 2194 3512 perque
2248 3441 2393 3494 tanti
2449 3442 2556 3495 viri
2604 3448 2721 3495 tam
2773 3442 3043 3497 inauditis
3108 3449 3166 3498 et
3216 3445 3674 3502 intolerabilibus

1978 3529 2203 3599 injuriis
2217 3529 2458 3583 nimium
2486 3530 2761 3596 dolentes,
2786 3536 3127 3586 conventum
3146 3533 3579 3590 Francanavord
3607 3541 3674 3577 ¹³²

1980 3623 2108 3687 post
2155 3617 2603 3688 assumptionem
2657 3623 2865 3672 sanctas
2926 3619 3115 3674 Mariae
3170 3627 3462 3689 expetunt.
3524 3624 3673 3678 Invi-

1978 3711 2171 3760 tantor
2196 3706 2369 3760 etiam
2400 3705 2813 3777 archiepiscopi
2831 3708 3182 3763 Coloniensis
3210 3715 3265 3764 et
3291 3712 3671 3769 Treverensis.

1980 3796 2225 3849 Ventum
2271 3800 2327 3849 et
2377 3795 2447 3849 ad
2502 3795 2653 3849 diem
2703 3796 2951 3865 concilii,
3010 3798 3447 3868 praesidentibus
3496 3802 3675 3856 archi-

1982 3883 2285 3954 episcopis,
2347 3884 2634 3953 Willegiso
2692 3886 3095 3955 Mogontieusi,
3161 3886 3460 3943 Heriberto
3510 3890 3672 3944 Colo-

1983 3973 2187 4041 niensi,
2224 3973 2481 4027 Liudolfo
2536 3973 2887 4043 Treverensi,
2928 3991 3057 4029 cum
3089 3977 3304 4030 caeteris
3336 3979 3511 4032 servis
3550 3980 3673 4051 Dei,

1983 4064 2253 4119 Bethario
2312 4063 2854 4129 Patherbrunnensi,
2905 4064 3189 4119 Rodberto
3242 4065 3515 4135 Spirensi,
3571 4070 3672 4121 Be-

1983 4153 2213 4221 ringero
2272 4152 2339 4187 ¹³³
2406 4152 2696 4219 Vardensi,
2775 4153 3109 4221 Eggehardo
3181 4153 3529 4208 Sleswicensi
3583 4157 3671 4212 ¹³²³.

1982 4241 2087 4295 Sed
2146 4239 2280 4310 quia
2335 4241 2703 4310 Eggehardus
2765 4239 2831 4277 ¹³⁵
2870 4241 2990 4311 ipse
3025 4242 3441 4296 Hildenesheim
3473 4243 3672 4314 hospi-

181 4337 361 4407 gratia
394 4340 450 4389 et
502 4339 879 4403 utrorumque
921 4330 1246 4403 principum
1290 4329 1614 4397 clementia,
1649 4346 1873 4383 summa
1900 4314 1943 4366 D
1982 4330 2226 4395 tabatur,
2259 4329 2557 4384 barbarico
2612 4331 2863 4384 tumultu
2916 4346 3018 4383 sua
3054 4330 3274 4384 civitate
3316 4335 3371 4385 et
3421 4333 3676 4387 ecclesia

178 4442 315 4498 pace
366 4441 425 4479 se
477 4429 963 4488 conversaturum,
1008 4420 1295 4475 ahbatiam
1330 4417 1399 4455 ¹²⁵
1454 4418 1872 4473 Hildewarden-

1983 4417 2350 4488 depopulata,
2370 4418 2616 4472 domnus
2641 4418 3013 4473 Bernwardus
3044 4416 3113 4453 ¹³⁶
3131 4420 3389 4473 molestia
3419 4422 3675 4490 corporis

1592 4576 1824 4629 VAllle
1856 4576 2253 4631 LECTIONES.

242 4708 323 4743 ⁴¹²
365 4706 741 4762 excitantibus
791 4708 845 4759 2.
906 4701 973 4740 ¹¹³

1030 4706 1273 4773 poscunt
1322 4705 1383 4757 2.
1424 4700 1513 4773 ν¹¹⁴
1588 4700 1883 4773 ingerunt,
1920 4717 2065 4773 _cum
2111 4706 2303 4754 tamen
2364 4700 2514 4773 apud
2570 4700 2849 4757 vicarium
2906 4708 2962 4758 et
3018 4706 3338 4763 dominum.
3410 4711 3468 4764 Β.
3529 4715 3677 4767 esset

173 4795 517 4835 numerosus
567 4777 870 4831 exercitus.
931 4770 1049 4829 Sed
1094 4790 1199 4827 nec
1252 4772 1503 4826 tumultu
1562 4773 1701 4827 moti
1755 4775 1806 4825 2.
1872 4770 1940 4808 “5

1981 4774 2264 4843 protelare
2305 4770 2417 4843 _2.'
2443 4770 2517 4807 ¹¹⁶
2576 4772 2773 4828 relicta
2829 4790 2969 4828 corr.
3024 4778 3209 4832 soluta
3239 4782 3291 4833 2.
3348 4783 3415 4817 ¹¹⁷
3443 4798 3575 4836 vero
3618 4786 3671 4836 2.

174 4851 244 4888 με
290 4855 349 4905 in
405 4865 581 4916 marg.
624 4848 720 4918 qui
770 4846 1077 4901 Cerberum
1122 4843 1280 4918 2-119
1338 4844 1416 4918 si;
1447 4850 1608 4918 “eis.
1666 4847 1724 4918 2.
1756 4838 2107 4918 nonamque
2140 4846 2191 4918 2.
2251 4838 2335 4918 "‘_
2375 4843 2714 4897 Perveniens
2763 4851 2956 4918 autem
3007 4848 3074 4901 ad
3105 4852 3155 4902 2.
3224 4849 3293 4886 ¹²²
3320 4854 3588 4906 commoti
3618 4858 3670 4906 2.

174 4921 244 4958 ¹²³
294 4913 604 4976 theutiscos
641 4913 707 4972 '2.
770 4918 840 4954 1"
895 4918 1039 4970 deest
1084 4918 1137 4968 2.
1174 4915 1243 4951 ⁴²⁵
1298 4932 1349 4968 a.
1403 4914 1886 4968 liildiuuardensis
1953 4913 2220 4967 aacclesiaa
2285 4914 2358 4967 ab
2436 4917 2889 4970 antecessoribus
2959 4919 3075 4971 suis
3163 4920 3356 4975 divino
3436 4923 3673 4977 servicio

172 4994 447 5048 excultam
480 4998 650 5060 atque
681 4988 1065 5053 exercitatam,
1095 4987 1228 5060 ‘sihi
1271 5002 1506 5060 quoque
1548 4986 1619 5039 ab
1676 4986 2019 5060 imperatore
2049 4986 2339 5060 traditam,
2386 4985 2479 5038 ubi
2512 4989 2592 5060 2._
2617 4987 2681 5021 ²²⁸
2737 4988 2794 5040 in
2824 5003 2997 5056 marg.
3035 4990 3269 5043 [lemma
3316 4994 3673 5047 sanctissima

170 5081 273 5135 per
309 5054 806 5135 quaru_Dominus
857 5057 1218 5135 multa__facit
1275 5054 1547 5135 miracula
1605 5060 1656 5109 2.
1706 5054 1777 5093 "7
1826 5057 2059 5135 illo-rum
2118 5059 2170 5110 2.
2231 5054 2301 5091 ⁸³⁸
2350 5056 2623 5135 conscivit
2676 5060 2725 5110 1.
2756 5054 3118 5135 conciverat_
3148 5063 3199 5113 2.
3246 5060 3336 5097 "9
3388 5071 3593 5133 parant
3624 5070 3668 5119 1.

169 5127 397 5206 parent.
470 5132 963 5207 Mittunt_tamen__
996 5129 1216 5198 aliquos
1265 5127 1364 5198 qui
1409 5142 1705 5207 accensum
1749 5128 2018 5207 non_sine
2071 5144 2278 5196 magno
2310 5128 2988 5207 periculo‘temptandum
3031 5132 3308 5207 referant;
3352 5127 3674 5189 consulcius

171 5197 289 5260 fore
342 5207 466 5259 loco
515 5202 851 5257 cedendum.
911 5201 1007 5254 Sin
1057 5197 1217 5253 secus
1273 5197 1445 5267 agere
1493 5197 1785 5263 deliberet,
1836 5198 2110 5252 nimirum
2179 5197 2494 5252 maximum
2553 5197 2869 5267 dampnum
2924 5202 3207 5256 conciliet.

3286 5204 3383 5258 His
3463 5208 3673 5276 praesul

173 5277 378 5330 auditis
422 5278 477 5330 2.
534 5272 607 5311 ¹³⁰
762 5274 911 5325 fama
963 5273 1247 5342 sparser‘at
1294 5271 1345 5323 2.
1405 5266 1467 5304 ¹³¹
1534 5284 1581 5321 c.
1636 5285 1680 5322 s.
1750 5276 1790 5323 t.
1850 5286 1900 5323 v.
1959 5274 2001 5322 t.
2066 5270 2104 5325 i.
2162 5275 2220 5323 et
2275 5269 2313 5323 i.
2372 5269 2411 5324 i.
2458 5286 2515 5324 n.
2566 5271 2620 5325 d.
2655 5266 2849 5326 desunt
2906 5273 2958 5327 2.
3018 5270 3089 5309 ³³³
3149 5266 3571 5331 francanafordi
3615 5280 3669 5331 2.

174 5345 243 5381 £53
265 5350 542 5381 λοηηηοιιη
572 5346 604 5381 ι)
686 5348 731 5381 ιι
757 5342 1139 5381 αιὶοςιιυίρρηαί
1169 5344 1200 5381 ⁶)
1257 5338 1325 5379 1³⁵
1346 5340 1489 5381 donet
1517 5342 1545 5381 ⁵)
1594 5335 1664 5375 1³0
1696 5339 2045 5381 pniqnnnne‘)

174 5345 243 5382 ⁸⁸³
262 5350 542 5417 berngero
572 5346 627 5400 2.

757 5335 1143 5397 sliesuvicensi
1169 5344 1220 5395 2.
1257 5338 1325 5379 ⁸³⁵
1346 5340 1489 5393 deest
1517 5342 1569 5394 2.
1594 5335 1664 5375 ¹³⁶
1696 5339 1991 5411 episcopus
2014 5343 2074 5396 2.

1808 5453 1850 5505 N
1860 5452 2028 5506 OTIE.

243 5564 353 5636 (50)
384 5561 761 5615 Vassallorum
791 5562 959 5612 cuitu.

2047 5554 2160 5624 (51)
2222 5554 2717 5612 Hilwardshausen
2749 5558 2819 5613 ad
2863 5560 3154 5627 Wiscram,
3204 5561 3351 5616 infra
3382 5564 3669 5621 Mundam.
