3944 6306
253 288 357 342 419

1245 283 1651 339 THANGMARI
1699 281 2133 340 PRESBYTER!
2174 277 2762 334 Hll.DESHElMENS.

3659 279 3771 334 420

253 409 582 480 impeditus,
647 408 714 463 ad
774 411 1116 462 conventum
1166 406 1286 462 vice
1345 424 1446 461 sua
1502 406 1663 462 illum
1723 405 1947 467 direxit,
1981 409 2027 461 Α
2068 403 2292 470 missus,
2343 401 2727 474 plurimorum
2787 399 3177 456 benivolentia
3233 417 3339 472 per
3389 401 3541 456 viam
3580 403 3773 472 gratia

255 499 467 553 addens
507 497 559 552 ei
609 498 825 552 socium
856 495 921 533 ³³⁷
976 498 1401 568 Thangmarum
1435 494 1521 562 ³³⁸,
1569 496 1953 566 presbiterum

257 592 313 640 et
360 586 692 640 monasterii
738 586 1039 652 decauum,
1089 585 1186 656 qui
1221 583 1678 639 subcenturiatus
1708 585 1950 650 adesset,

256 677 302 730 si
334 677 472 746 quid
514 675 659 729 forte
711 674 932 727 adversi
991 689 1055 726 ex
1105 677 1263 744 parte
1319 671 1731 742 archiepiscopi
1767 687 1952 724 emer-

257 764 440 818 sisset.
473 764 534 817 In
594 761 877 833 principio
903 762 1095 832 itaque
1151 760 1350 830 primae
1381 757 1449 795 ¹³⁹
1499 760 1739 816 actionis
1761 759 1954 814 archi—

259 853 557 923 episcopus
607 851 822 906 mitiori
865 851 1048 904 relatu
1077 849 1348 904 fratribus
1401 849 1716 904 absentiam
1745 847 1952 917 Idomni

258 941 579 996 Bernwardi
635 941 1022 1010 conqueritur,
1083 937 1367 1008 justitiam
1417 937 1668 992 fraterno
1713 936 1950 1008 judicio,

257 1030 304 1083 si
353 1030 592 1096 adesset,
649 1044 706 1082 se
737 1028 816 1082 illi
871 1028 1153 1082 facturum
1210 1027 1432 1082 asserit.
1463 1028 1700 1083 Econtra
1743 1031 1955 1080 nonte-

255 1119 519 1173 meritate
550 1118 636 1172 vel
675 1115 1086 1172 inobaedientia
1114 1117 1307 1171 deesse
1338 1114 1636 1182 refellitur,
1671 1115 1774 1170 sed
1794 1114 1956 1186 gravi

256 1205 506 1276 corporis
558 1204 822 1258 molestia
899 1203 1273 1273 impeditum:
1346 1218 1727 1274 quazcumque
1797 1218 1956 1256 sacer

254 1297 564 1349 conventus
611 1293 804 1348 divino
859 1292 1000 1347 flatu
1034 1289 1102 1328 ¹⁴⁰
1139 1292 1460 1346 illustratus
1509 1291 1950 1358 deliberet,sta-

253 1387 398 1448 tuat,
449 1381 536 1435 vel
593 1381 859 1450 imperet,
918 1379 1272 1433 oboedienter
1319 1396 1376 1433 se
1422 1380 1829 1434 obsecuturum
1886 1395 1952 1434 ac

253 1475 609 1525 servaturum
635 1470 720 1524 1“.
755 1469 844 1523 Sic
880 1483 1111 1540 quoque
1145 1473 1345 1522 mutua
1373 1467 1771 1523 benedictione
1795 1468 1945 1533 data,

253 1558 378 1629 ipsa
409 1557 499 1612 dic
541 1557 686 1611 actio
719 1556 881 1610 ﬁnita
911 1561 1012 1610 est.
1055 1557 1325 1626 Sequenti
1358 1557 1449 1610 die
1474 1556 1948 1627 archiepiscopus,

255 1645 462 1714 quibus
501 1644 930 1715 impellentibus
956 1644 1259 1711 incertum,
1294 1644 1614 1698 mordacior
1643 1643 1710 1680 ¹⁴²
1733 1643 1804 1698 ad
1827 1660 1949 1698 ses-

253 1733 475 1787 sionem
524 1733 913 1803 progreditur.
962 1731 1156 1802 Aliqui
1205 1748 1455 1802 namque
1509 1736 1564 1786 et
1609 1732 1842 1803 quidam
1877 1732 1946 1785 de

254 1821 534 1892 episcopis
589 1818 678 1888 ηδ,
709 1820 900 1874 favore
949 1819 1104 1874 illius
1153 1820 1404 1884 adducti,
1464 1821 1793 1891 episcopum
1824 1823 1948 1876 Ber-

254 1910 546 1964 nwardum
579 1909 806 1980 publice
836 1909 893 1962 in
930 1909 1142 1980 synodo
1179 1909 1592 1980 requirendum
1623 1909 1949 1964 suadent'“

254 1999 651 2068 Thangmarus
717 2004 905 2052 autem
993 1997 1276 2068 presbiter
1352 1997 1596 2052 domnos
1651 1998 1950 2069 episcopos

253 2091 596 2150 commonet,
660 2092 726 2140 ut
779 2086 1268 2157 archiepiscopum
1299 2103 1331 2140 a
1364 2086 1639 2157 pertinaci
1674 2086 1948 2140 animosi—

250 2181 363 2229 tate
401 2179 784 2244 compescant.
847 2176 1102 2246 Denique
1157 2175 1255 2230 Dei
1285 2176 1498 2246 pietate
1532 2175 1726 2230 mitior
1757 2176 1945 2230 archi-

252 2264 464 2333 prazsul
515 2263 787 2330 eflicitur;
841 2263 1181 2318 instantibus
1219 2269 1414 2318 tamen
1453 2266 1697 2333 cunctis,
1757 2270 1822 2318 ut
1846 2281 1947 2319 ve-

255 2353 518 2406 stituram
585 2351 1193 2406 Gandenesheimensis
1259 2352 1504 2406 caanobii
1578 2353 1949 2407 Bernwardus

254 2441 460 2510 praesul
505 2440 843 2510 possideret,
902 2440 1058 2493 nullo
1111 2440 1280 2494 modo
1312 2440 1613 2512 episcopus
1642 2441 1947 2509 consensit,

255 2529 352 2582 sed
381 2534 443 2582 ut
472 2525 540 2564 ¹⁴⁵
585 2533 788 2582 neuter
817 2529 1070 2595 illorum,
1107 2545 1287 2600 usque
1335 2534 1561 2583 octavas
1590 2535 1949 2600 pentecostes

255 2616 555 2671 Fridislare
621 2615 688 2652 ¹¹³⁶
743 2617 810 2671 ad
872 2617 1148 2687 palatium
1189 2617 1553 2682 conveniant,
1581 2634 1640 2671 se
1678 2620 1744 2654 “7
1776 2619 1951 2673 intro-

254 2705 463 2760 mittat.
493 2705 698 2777 Sicque
728 2705 1028 2760 concilium
1057 2705 1153 2759 Dei
1184 2707 1366 2776 gratia
1388 2707 1636 2761 solutum
1683 2709 1788 2760 est.

325 2797 414 2852 34.
468 2796 778 2866 Episcopus
843 2797 1082 2867 perinde
1134 2797 1381 2851 domnus
1439 2797 1808 2851 Beruwardus
1849 2813 1947 2866 ge-

255 2885 413 2940 mina
466 2885 644 2954 gratia
695 2885 917 2938 Italiam
975 2885 1210 2940 ardebat
1267 2886 1445 2950 adire,
1485 2891 1774 2956 praecepto
1801 2884 1950 2939 vide-

2064 491 2281 548 domini
2309 491 2396 545 sui
2432 508 2585 556 usus,
2631 491 3042 560 imperatorem
3075 491 3134 544 in
3165 491 3476 561 Spolitanis
3505 491 3772 560 partibus

2063 581 2339 653 repperit,
2367 599 2398 635 a
2445 597 2560 652 quo
2591 580 2793 634 merito
2824 581 3022 634 domui
3053 581 3307 651 episcopi
3347 579 3770 649 benignissime

2065 675 2381 740 susceptus,
2432 668 2727 739 apostolici
2777 669 3083 723 adventum
3126 669 3587 740 praestolabatur.
3621 668 3768 731 Qui-

2063 760 2170 814 bus
2215 758 2710 825 convenientibus,
2770 757 3118 828 legationem
3153 763 3210 810 et
3259 757 3469 826 scripta
3507 755 3769 823 tradidit,

2063 849 2410 919 imperatore
2476 848 2786 901 clementer
2846 847 2999 915 apud
3073 845 3450 917 apostolicum
3505 844 3772 915 episcopi

2061 953 2289 992 causam
2347 941 2755 1007 prosequente.
2817 935 3034 990 Deinde
3074 935 3312 1005 jubetur
3361 933 3645 1005 synodum
3677 950 3774 986 ex-

2061 1032 2308 1098 pectare,
2337 1041 2467 1096 quas
2521 1025 2671 1095 apud
2700 1024 3071 1078 Tudertinam
3099 1023 3387 1078 civitatem
3433 1023 3544 1092 (52)
3580 1023 3634 1075 in
3671 1037 3770 1074 na-

2059 1117 2172 1168 tale
2227 1115 2456 1169 Domini
2503 1113 2696 1168 futura
2742 1117 2883 1177 erat,
2943 1113 3108 1167 bonis
3162 1112 3432 1166 omnibus
3481 1128 3547 1165 ex
3602 1115 3770 1181 parte

2060 1203 2360 1275 utriusque
2377 1201 2653 1274 principis
2681 1201 3114 1273 opulentissime
3144 1205 3498 1255 sustentatus
3531 1198 3618 1253 ‘5’.

2132 1295 2218 1348 35.
2268 1292 2484 1348 Eodem
2507 1295 2762 1362 tempore
2795 1291 3137 1362 quibusdam
3158 1289 3332 1359 jussis
3353 1287 3769 1360 iimperialibus

2061 1381 2473 1447 obnitentibus,
2499 1380 2704 1450 {frater
2747 1378 3067 1436 Bernwardi
3096 1379 3331 1433 Tammo
3366 1384 3557 1431 comes
3585 1375 3771 1446 impe-

2059 1471 2236 1526 ratori
2260 1475 2477 1542 gratus,
2509 1469 2596 1524 vir
2637 1473 2792 1524 certe
2849 1460 3014 1526 omni
3045 1483 3270 1523 morum
3301 1465 3586 1538 probitate
3610 1481 3767 1533 prae-

2060 1561 2264 1623 clarus,
2317 1560 2386 1613 ad
2435 1559 2588 1630 regis
2617 1557 2926 1630 imperium
2980 1557 3046 1593 ¹³³
3070 1558 3375 1620 Paternum
3399 1554 3536 1624 (53),
3567 1553 3768 1608 muni-

2061 1653 2184 1702 tum
2219 1647 2382 1702 valde
2430 1647 2745 1712 castellum,
2799 1645 3036 1711 insedit;
3087 1645 3251 1714 cujus
3291 1643 3544 1702 seihrtia
3590 1646 3768 1713 atque

2057 1735 2341 1790 industria
2367 1735 2425 1789 in
2457 1734 2571 1789 illis
2597 1733 2736 1788 locis
2764 1733 2909 1788 bene
2930 1734 3201 1788 tuebatur
3225 1749 3316 1786 res
3339 1731 3586 1802 publica.

2128 1827 2214 1879 36.
2247 1829 2414 1879 Anno
2463 1823 2772 1894 singularis
2800 1822 3108 1876 nativitatis
3149 1820 3378 1875 Domini
3409 1819 3588 1874 nostri
3628 1820 3774 1876 ἔθει

2058 1913 2267 1968 Christi
2307 1912 2613 1967 millesimo
2647 1913 2916 1980 secundo,
2938 1910 3252 1964 indictione
3305 1914 3390 1970 15.
3414 1908 3767 1979 apostolicus

2057 2019 2184 2056 cum
2217 2002 2564 2073 imperatore
2615 1999 2938 2056 Tudertinaa
2973 2000 3162 2053 natale
3220 1998 3449 2052 Domini
3506 1998 3766 2050 celebra-

2057 2092 2163 2158 vit;
2216 2090 2316 2145 ubi
2364 2090 2423 2145 iu
2477 2089 2779 2144 festivitate
2837 2087 3020 2141 sancti
3090 2087 3323 2141 Joannis
3393 2086 3764 2155 evangelistaa

2059 2179 2219 2249 (Dec.
2296 2178 2386 2250 27)
2439 2176 2748 2231 concilium
2802 2175 3158 2229 coadunatur
3203 2174 3601 2246 episcoporum
3655 2189 3767 2242 per

2059 2266 2397 2321 Romaniam
2445 2271 2502 2318 et
2529 2265 2856 2335 aliquorum
2908 2264 2976 2318 de
3029 2263 3232 2318 Tuscia
3274 2262 3425 2316 et‘“
3465 2261 3648 2315 Italia.
3678 2262 3765 2314 De

2057 2353 2268 2408 nostris
2327 2368 2559 2424 quoque
2615 2353 2999 2406 consederunt
3048 2353 3330 2420 Notgerus
3380 2349 3760 2412 Leodicensis,

2058 2442 2299 2497 Sifridus
2349 2441 2748 2512 Augustensis,
2804 2441 2965 2511 Hugo
3023 2439 3336 2494 Citiceusis.
3370 2439 3522 2492 lnter
3559 2437 3764 2491 missa-

2059 2547 2187 2584 rum
2221 2530 2416 2600 itaque
2448 2527 2514 2564 ¹⁵⁵
2555 2529 2899 2600 sollempnia
2947 2527 3378 2582 considentibus
3409 2525 3481 2579 ad
3520 2525 3766 2595 triginta

2059 2619 2338 2691 patribus,
2384 2617 2830 2688 praesidentibus
2885 2633 3118 2688 quoque
3151 2616 3379 2670 domuis
3403 2613 3764 2685 principibus

2063 2707 2228 2763 Urbis
2275 2706 2342 2741 ¹⁶⁶
2389 2722 2537 2776 papa
2585 2711 2757 2777 atque
2809 2706 3171 2777 imperatore,
3223 2710 3358 2775 post
3401 2705 3465 2740 ¹⁵τ
3513 2718 3764 2773 evange-

2058 2797 2202 2852 lium
2249 2795 2498 2849 recitatis
2541 2811 2609 2851 ex
2665 2795 2906 2850 decretis
2939 2797 3261 2849 sanctorum
3293 2794 3522 2847 Patrum
3547 2791 3761 2862 aliqui-

2059 2885 2166 2939 bus
2203 2883 2490 2954 capitulis,
2573 2883 2646 2939 ad
2694 2884 3057 2955 praesentiam
3117 2882 3318 2953 synodi
3365 2897 3470 2952 per
3519 2880 3761 2935 oblatio-

257 2974 387 3027 licet
415 2972 711 3043 apostolici
769 2970 839 3008 “‘3
885 2973 1227 3038 satisfacere,
1277 2979 1332 3026 et
1389 2973 1746 3027 carissimum
1789 2973 1950 3027 dom-
1984 2977 2024 3031 C
2062 2974 2290 3028 narium
2348 2973 2568 3043 legatus
2621 2973 2961 3027 venerabilis
3015 2970 3082 3008 ⁸⁵⁸
3124 2967 3447 3026 Bernwardi
3503 2968 3762 3042 episcopi

256 3077 397 3116 num
446 3076 637 3130 regem
692 3057 760 3100 1"9
811 3060 1023 3126 videre,
1057 3075 1229 3130 quem
1261 3060 1373 3114 vita
1419 3061 1825 3131 preciosiorem
1865 3077 1953 3115 co-

260 3151 432 3204 lebat.
469 3148 539 3192 ¹⁵⁰
573 3149 783 3204 Direxit
835 3154 1024 3204 autem
1074 3150 1502 3220 Thangmarum
1560 3153 1622 3188 ¹⁸ί
1669 3150 1946 3220 presbite-

254 3255 384 3294 rum
415 3238 534 3292 vice
590 3254 710 3305 sua,
759 3240 854 3309 qui
905 3243 961 3292 et
1009 3237 1186 3309 priori
1218 3255 1367 3293 anno
1397 3254 1587 3292 comes
1616 3240 1943 3310 peregrina-

2061 3067 2305 3117 statutus
2335 3059 2403 3098 “9
2433 3067 2536 3116 est.
2590 3061 2669 3116 Ad
2703 3077 2873 3132 quem
2912 3059 2982 3098 ¹⁶⁰
3013 3061 3356 3131 apostolicus
3379 3059 3550 3114 dixit:
3580 3080 3601 3107 α
3633 3059 3758 3125 Dic,

2055 3169 2169 3224 qua
2225 3167 2395 3205 causa
2441 3151 2512 3206 ad
2560 3155 2814 3204 nostram
2858 3149 3226 3220 praesentiam
3286 3148 3511 3203 veneris
3543 3145 3633 3214 “5‘,
3667 3149 3757 3201 vel

2055 3241 2195 3312 quid
2249 3241 2321 3294 ad
2367 3239 2650 3310 synodum
2693 3238 2922 3293 habeas.
2952 3259 2972 3287 ›
3037 3239 3158 3293 Mox
3207 3239 3428 3307 legatus
3473 3235 3762 3306 presbiter

251 3328 424 3383 tionis
453 3327 576 3397 ejus
602 3327 753 3398 apud
785 3327 1191 3398 imperatorem
1239 3327 1444 3392 fuerat,
1477 3327 1577 3398 qui
1619 3344 1651 3382 a
1673 3331 1946 3399 primaeva
2051 3331 2446 3400 Thangmarus
2483 3334 2606 3383 toto
2636 3343 2871 3398 corpore
2903 3327 2975 3382 ad
3008 3331 3220 3381 terram
3260 3330 3596 3396 prostratus,
3629 3340 3757 3378 ere-

247 3417 547 3486 juventute
580 3430 761 3486 usque
791 3415 863 3469 ad
897 3414 1172 3469 caniciem
1205 3414 1406 3468 scolari
1446 3415 1635 3470 studio
1666 3415 1940 3484 intentus,
2054 3423 2293 3488 ctusque
2319 3416 2632 3470 faventium
2667 3416 2951 3483 manibus,
2983 3415 3225 3487 pedibus
3258 3414 3556 3484 utriusque
3590 3413 3756 3484 prin-

250 3503 570 3558 nutriendis
593 3503 789 3573 pueris
839 3518 1074 3572 operam
1104 3503 1304 3560 dabat.
1361 3503 1460 3557 Hic
1487 3503 1555 3558 ad
1579 3506 1942 3574 praesentiam
2054 3505 2195 3577 cipis
2268 3505 2656 3577 provolvitur;
2726 3519 3199 3576 consurgensque
3253 3504 3333 3558 ita
3391 3500 3461 3538 ¹⁶²
3519 3501 3755 3571 incipit:

249 3607 416 3664 papae
448 3595 504 3645 et
557 3591 926 3662 imperatoris
970 3606 1102 3645 cum
1162 3591 1420 3662 epistolis
1465 3607 1530 3646 ac
1585 3592 1947 3648 mandaticiis
2057 3616 2084 3643 α
2135 3595 2413 3649 Dominus
2487 3609 2650 3649 meus
2693 3595 3050 3664 apostolatus
3105 3591 3277 3647 vestri
3332 3589 3757 3659 auctoritatem,

1660 3744 1744 3796 VA
1754 3743 1891 3797 ΗΙᾸΞ
1938 3743 2328 3800 LECTIONES.

337 3842 408 3882 ⁸³⁷
456 3843 744 3898 notarium
798 3847 849 3898 3.
914 3839 983 3877 ⁸³⁸
1031 3844 1092 3898 Τ.
1168 3846 1222 3914 2.
1283 3841 1354 3880 ¹³⁹
1407 3860 1606 3914 prona:
1668 3849 1722 3898 1.
1784 3843 1856 3881 ἰο
1905 3851 2054 3901 statu
2122 3851 2165 3902 l.
2244 3847 2386 3902 ﬂatu
2455 3851 2510 3901 2.
2573 3845 2641 3884 ⁸⁸⁸
2701 3851 3082 3902 servaturum.
3141 3844 3446 3900 Acerbiora
3503 3859 3759 3914 namque

250 3915 561 3987 utrobique,
608 3914 865 3987 asperius
914 3918 1073 3983 gesta
1105 3930 1136 3967 a
1163 3913 1452 3987 fratribus
1488 3923 1622 3970 ante
1668 3917 2090 3985 processionem
2123 3918 2559 3972 consedentibus
2589 3923 2722 3972 sunt
2773 3919 2999 3987 publice
3031 3917 3353 3987 explanata,
3395 3931 3522 3986 quae
3553 3915 3646 3987 in_
3668 3913 3758 3967 isi-

246 3987 401 4061 nodo
457 3984 1052 4061 reticere_imperant,
1111 4000 1184 4038 ne
1228 3984 1372 4061 forte
1421 3986 1576 4040 litem
1633 3984 1927 4061 generent.
1981 3989 2070 4043 Sic
2109 3991 2170 4061 72.
2221 3989 2294 4026 ¹⁴²
2352 3991 2389 4043 i.
2448 4005 2504 4061 q.
2561 3988 2599 4043 i.
2650 3984 2824 4059 paulo
2874 4004 2951 4042 m.
3009 3991 3062 4042 2.
3103 3984 3170 4024 “5
3227 4004 3277 4040 e.
3312 3984 3470 4041 metu
3499 4001 3566 4061 ac
3623 3984 3660 4038 f.
3695 3989 3754 4040 2.

249 4057 319 4094 ⁸⁸⁸⁸
377 4058 634 4130 suadent.
691 4056 962 4130 Directos
997 4071 1228 4127 quoque
1267 4056 1337 4109 ab
1385 4072 1474 4121 eo,
1525 4065 1582 4111 et
1639 4056 1922 4130 puezipue
1973 4060 2394 4130 presbyterum,
2455 4056 2841 4126 commonent,
2897 4062 3256 4112 sacramento
3309 4061 3374 4111 ut
3420 4057 3756 4130 episcopum

247 4134 490 4210 ercuset;
526 4129 624 4210 Ille
675 4127 743 4210 de
775 4127 966 4210 se‘nil
995 4142 1392 4208 praesumens,
1432 4144 1572 4210 cum
1631 4127 1827 4184 tamen
1855 4127 2158 4210 sepissime
2205 4130 2476 4210 sinodicis
2517 4131 2856 4210 interfuerit
2896 4129 3169 4210 conciliis,
3223 4145 3353 4182 cum
3407 4127 3623 4208 caeteris
3653 4128 3759 4196 qui

245 4199 408 4272 illum
462 4199 726 4253 favebant
756 4199 1312 4270 archiepiscoporum
1345 4205 1799 4272 caeterorumque
1847 4199 2098 4269 clericos,
2134 4203 2234 4272 qui
2265 4203 2324 4256 in
2353 4201 2561 4256 divinis
2607 4201 2945 4272 peritissimi
2991 4201 3249 4272 aderant,
3281 4200 3582 4269 negocium
3614 4214 3756 4267 per—

245 4271 497 4340 pendere
536 4269 1189 4342 orat;isacramentum,
1223 4269 1382 4342 quod
1431 4271 1538 4324 sibi
1591 4269 1911 4336 intendant,
1946 4269 2245 4342 nunquam
2304 4273 2416 4326 nisi
2447 4269 2732 4326 canonum
2784 4270 3121 4325 auctoritate
3168 4271 3400 4342 subeat;
3462 4277 3753 4339 postremo

245 4341 790 4413 conventumnulla
843 4341 1179 4395 auctoritate
1220 4340 1549 4410 subnixum,
1584 4358 1754 4413 quem
1809 4359 1983 4412 super
2036 4340 2407 4412 apostolicam
2463 4344 2729 4398 sinodum
2769 4342 3150 4409 conciverint;
3203 4341 3501 4413 humiliter
3529 4356 3588 4392 se
3615 4356 3755 4413 sup-

243 4413 456 4482 plicare
485 4417 542 4466 et
571 4412 888 4484 obsecrare,
920 4417 984 4465 ut
1014 4413 1281 4466 dominos
1320 4413 1393 4482 (a)
1427 4411 1724 4484 episcopos
1770 4411 2196 4476 commoueant,
2231 4419 2296 4468 ut
2344 4415 2834 4484 archiepiscopum
2858 4430 2894 4484 Δξι
2924 4413 3239 4484 pertinacia
3286 4419 3343 4465 et
3380 4411 3756 4484 animositate

243 4481 627 4552 Compescant.
714 4483 854 4553 Cum
907 4488 1060 4553 post
1113 4484 1221 4553 hoc
1299 4484 1398 4536 Dei
1459 4481 1668 4553 pietate
1726 4483 1921 4537 mitior
1977 4485 2339 4553 archipraesul
2398 4481 2643 4538 efﬁcitur
2696 4481 2752 4539 2.
2812 4481 2879 4527 1⁸⁸
2925 4481 3086 4538 ’ἄθρει
3148 4487 3195 4537 1.
3249 4483 3316 4518 ¹⁴⁶
3370 4481 3641 4536 fridislari
3674 4483 3751 4553 2.

245 4554 312 4634 ff"
369 4549 513 4634 deost
565 4557 625 4634 1.
686 4551 768 4634 ης
803 4549 998 4634 aplicp.
1153 4549 1224 4590 “9
1275 4554 1419 4608 deest
1460 4549 1566 4634 '2.‘
1605 4552 1675 4588 ⁴⁵⁰
1730 4555 1988 4634 coleba_t_._
2051 4549 2162 4634 Sed
2217 4556 2521 4634 frequenti
2554 4556 2724 4634 febre.
2768 4555 3036 4634 laborans
3102 4557 3328 4634 tantum
3394 4553 3504 4634 iter
3535 4552 3755 4634 .subire

243 4624 504 4678 timebat.
565 4623 777 4695 Direxit
829 4621 883 4678 2.
922 4621 1002 4695 1⁵⁸
1057 4624 1486 4695 Thangmarum
1539 4627 1574 4695 2
1628 4629 1844 4692 saepius.
1917 4624 1988 4660 ¹⁶²
2035 4621 2407 4681 sustentatus.
2484 4625 2728 4680 Romani
2784 4642 2920 4678 vero
2975 4625 3371 4695 imperialibus
3404 4623 3578 4692 jussis
3601 4623 3753 4677 obti-

244 4700 460 4756 nentes,
491 4695 689 4766 crebra
721 4693 1049 4766 incursione
1073 4693 1405 4766 fatigantur.
1445 4694 1635 4765 Copiae
1662 4695 2024 4766 imperatoris
2053 4699 2360 4751 Paternum
2413 4698 2701 4750 munitum
2755 4697 2917 4750 valde
2966 4693 3260 4749 castellum
3289 4695 3624 4758 insidentes,
3660 4694 3756 4747 in-

243 4764 877 4838 cessanterirruptione
907 4764 1415 4838 etdepraedatione
1447 4764 1534 4838 eti
1559 4764 1870 4821 multorum
1901 4783 2032 4838 sepe
2063 4768 2459 4822 internecione
2499 4769 2752 4838 graviter
2799 4767 2929 4821 illos
2954 4768 3249 4820 vexabant.
3283 4766 3501 4838 AFrater
3527 4766 3746 4838 quippe

244 4835 568 4908 Bernwardi
630 4835 881 4908 episcopi
934 4837 1181 4908 ~Tariumo
1238 4853 1448 4895 comes.
1498 4836 1830 4908 imperatori
1889 4835 2104 4907 gratus,
2165 4855 2296 4893 cum
2355 4835 2647 4908 aliqu—ibus
2709 4839 2907 4903 vassis,
2967 4853 3111 4908 quos
3151 4835 3422 4908 praefatus
3451 4836 3756 4908 episcopus

242 4907 302 4960 in
333 4923 493 4961 arma
539 4906 862 4975 imperialia
917 4906 1320 4972 destinaverat,
1362 4907 1704 4978 praesidium
1765 4906 2091 4974 servabant,
2144 4914 2199 4962 et
2245 4909 2318 4962 ad
2371 4906 2605 4962 illorum
2662 4915 2868 4962 nutum
2913 4906 3169 4962 bellicus“
3208 4907 3758 4978 apparatus_ageba-

242 4982 356 5032 tur.
415 4973 780 5049 Apostolicus
836 4978 1077 5048 perinde
1136 4973 1448 5032 Tudertine
1495 4979 1843 5048 singularem
1897 4979 2101 5032 Christi
2154 4980 2511 5034 nativitatem
2567 4981 2891 5034 celebravit.
2945 4981 2998 5032 2.
3050 4981 3124 5045 cf.
3171 4973 3300 5047 cui):
3357 4981 3445 5033 35.
3477 4973 3548 5013 1⁵³
3594 4973 3636 5030 1.
3667 4977 3758 5030 de

239 5048 828 5118 Sommerschenburg
875 5055 1181 5118 paternum
1212 5050 1271 5102 in
1330 5049 1438 5102 loco
1491 5063 1616 5103 raso
1663 5052 1714 5114 3;
1778 5052 2032 5104 correctio
2087 5053 2402 5119 insipientis
2453 5051 2697 5116 librarii,
2761 5052 2858 5120 qui
2922 5051 3212 5104 Paternum
3268 5051 3328 5102 in
3387 5049 3550 5102 Italia
3597 5049 3755 5120 igne:

239 5136 392 5189 rans,
454 5122 542 5174 hic
589 5120 662 5189 de,
705 5121 922 5174 castello
982 5121 1294 5189 Tammqnis
1345 5123 1574 5187 paterno
1625 5120 1777 5189 Aquod
1834 5117 2376 5189 Summerscheaburg
2449 5125 2621 5189 fuisse
2680 5117 2939 5184 Credidit,
2988 5133 3278 5174 sermonem
3325 5133 3436 5172 esse
3487 5117 3752 5187 putabat!

243 5188 316 5261 ⁶ξ⁶
371 5193 457 5245 vel
505 5194 563 5246 2.
632 5188 704 5226 ¹⁵⁵
742 5206 988 5261 namque
1041 5192 1094 5244 2.
1147 5187 1217 5261 t5“
1270 5190 1424 5243 orbis
1461 5193 1514 5245 2.
1575 5187 1655 5225 “7’
1696 5198 1829 5244 ante
1878 5194 1938 5246 2.
1991 5189 2063 5224 ⁸⁵³
2114 5187 2536 5247 γθηθιιεῐὶάὶ2.
2593 5189 2664 5228 "9
2717 5193 2988 5246 statuitur
3031 5192 3086 5244 2.
3134 5190 3206 5228 ¹⁶⁰
3261 5206 3324 5260 q.
3378 5189 3669 5243 domnusa
3696 5191 3752 5242 2.

243 5258 313 5296 ¹⁶¹
343 5263 570 5316 venires
591 5265 646 5318 2.
679 5262 750 5298 ¹⁶¹
767 5258 1132 5331 Consurgens
1163 5260 1358 5330 itaque
1396 5262 1450 5316 2.

315 5421 419 5489 (52)
450 5420 604 5475 Todi.
1882 5330 2104 5387 NOTIL
2123 5423 2198 5494 (a)
2219 5422 2469 5477 dimiuos
2500 5425 2554 5477 2.

312 5521 421 5592 (53)
454 5521 714 5578 Paterno.
