3944 6324
134 275 231 328 421
1520 274 1683 332 νιΤΑ

1520 274 1683 332 νιΤΑ
1725 277 1779 331 S.
1824 278 2268 335 BERNWABDI.

3545 290 3651 343 422

134 395 501 465 imperialem
534 410 764 466 quoque
822 397 1178 467 majestatem
1232 397 1535 468 magnitice
1587 404 1842 469 gratatus
1872 406 1912 457 A
1953 402 2065 455 cias
2100 404 2163 438 ‘7‘
2204 420 2217 457 :
2251 419 2379 458 cum
2402 407 2591 458 autem
2618 404 2952 460 nullomodo
2982 406 3107 461 fieri
3138 414 3327 479 posset
3357 415 3418 465 ut
3445 428 3649 468 conve-

135 489 223 538 est
254 481 328 519 ²⁶³
363 501 469 555 pro
492 485 781 539 cunctisin
804 486 1012 556 quibus
1034 487 1343 541 clementer
1365 503 1466 557 pro
1489 504 1591 541 sua
1609 489 1846 543 ecclesia

136 574 464 629 laborastis.
514 573 658 637 Quid
692 580 883 628 autem
918 573 986 610 1"
1019 576 1243 646 legatus
1286 582 1474 630 vester
1522 577 1844 646 profecerit,

136 670 238 716 aut
258 662 398 733 quid
450 661 502 715 ei
550 662 610 715 in
649 677 753 715 sua
795 662 1083 732 legatione
1116 663 1449 729 occurrerit,
1513 662 1657 733 ipse,
1713 665 1849 734 quia

134 766 397 821 praesens
427 752 528 816 est,
563 749 768 804 melius
806 754 1072 819 exponet.
1124 753 1256 805 Post
1286 751 1596 806 discessum
1653 756 1845 807 autem

134 840 292 893 illius
326 838 602 909 episcopi,
634 839 1078 893 dolenteslitem
1127 845 1182 893 et
1220 841 1669 894 controversiam
1721 842 1844 895 diu-

139 928 257 981 tius
319 928 574 991 bacbari,
656 935 1003 982 conventum
1061 928 1514 983 Francanavordi
1565 934 1842 983 statuunt.

139 1016 225 1071 Ad
256 1032 434 1087 quem
465 1032 593 1069 cum
622 1032 782 1069 meus
816 1017 1009 1070 senior
1038 1018 1231 1071 venire
1285 1034 1402 1071 non
1450 1023 1664 1088 posset,
1721 1035 1845 1072 cor-

141 1105 301 1176 poris
334 1105 494 1175 gravi
526 1104 857 1159 inﬁrmitate
886 1105 1216 1176 impeditus,
1254 1106 1373 1159 vice
1405 1107 1561 1160 illius
1610 1122 1701 1160 me
1754 1107 1846 1161 di-

140 1193 313 1247 rexit.
340 1194 595 1247 Tandem
625 1194 687 1246 in
726 1210 1031 1248 commune
1087 1195 1387 1248 reverendi
1443 1201 1632 1264 patres
1660 1196 1848 1249 decre-

142 1287 375 1345 verunt,
410 1286 473 1335 ut
513 1298 698 1353 neque
736 1282 1203 1353 archiepiscopus
1235 1298 1337 1336 nec
1372 1300 1532 1336 meus
1563 1282 1757 1337 senior
1787 1283 1846 1336 in

145 1370 745 1424 Gandenesheimense
787 1369 1113 1424 caenobium
1148 1387 1205 1425 se
1236 1371 1601 1437 intromittat,
1662 1387 1845 1442 usque

142 1463 274 1529 post
307 1464 533 1513 octavas
553 1464 931 1529 pentecostes,
964 1465 1022 1513 et
1058 1463 1193 1514 tunc
1223 1460 1536 1514 Frideslare
1576 1460 1645 1513 ad
1685 1477 1847 1530 syno-

143 1547 282 1600 dum
324 1563 429 1618 pro
451 1548 695 1618 hacipsa
723 1564 893 1602 causa
932 1549 1292 1603 conveniant.
1330 1551 1395 1603 Et
1439 1549 1575 1620 quia
1606 1550 1727 1603 haec
1775 1550 1841 1602 ad

144 1636 502 1705 apostolatus
573 1637 745 1691 vestri
811 1637 1004 1691 sedem
1085 1638 1292 1705 delata,
1353 1637 1557 1691 vestris
1620 1637 1844 1707 scriptis

147 1725 491 1778 multociens
522 1731 606 1779 est
666 1724 736 1759 ¹⁶⁵
765 1727 1076 1789 annullata,
1135 1732 1388 1780 vestrum
1447 1728 1661 1796 expetit
1693 1726 1845 1797 judi-

147 1813 325 1879 cium,
357 1819 421 1866 ut
449 1819 636 1867 vestra
683 1815 986 1868 auctoritas
1037 1815 1257 1883 jubeat,
1294 1815 1355 1868 in
1412 1831 1526 1886 quo
1593 1815 1717 1869 foro
1757 1815 1844 1868 vel

148 1902 251 1954 sub
288 1902 502 1973 quibus
524 1902 815 1971 judicibus
870 1918 1098 1956 causam
1133 1904 1444 1957 terminare
1491 1903 1712 1958 debeat.
1760 1904 1847 1957 Ad

148 1992 518 2060 praesentiam
564 1991 978 2045 nichilominus
1011 1992 1184 2061 hujus
1224 1991 1564 2045 sanctissimi
1603 2008 1847 2045 conven-

147 2082 259 2145 tus,
312 2078 499 2147 gratia
526 2078 703 2131 sancti
735 2079 978 2149 Spiritus
1010 2080 1102 2133 hic
1133 2096 1236 2150 per
1266 2096 1365 2133 vos
1430 2081 1726 2151 aggregati
1748 2079 1844 2149 ιδθ,

148 2165 489 2235 parvitatem
548 2183 735 2221 meam
815 2168 1142 2235 destinavit,
1224 2174 1289 2223 ut
1357 2171 1544 2223 omnis
1615 2175 1846 2223 senatus

146 2255 475 2325 apostolica?
510 2256 776 2309 ascclesite
804 2257 1030 2326 publice
1081 2267 1405 2329 cognoscat,
1454 2259 1618 2312 illum
1668 2259 1843 2313 devo-

147 2343 370 2397 tissimo
400 2344 608 2398 affectu
661 2344 871 2398 domno
934 2347 1250 2415 apostolico
1305 2352 1360 2401 et
1404 2347 1675 2401 Romanae
1725 2347 1845 2401 sedi

149 2432 409 2486 oboedire
441 2437 496 2486 et
534 2434 879 2499 consentire,
921 2441 977 2487 et
1024 2441 1208 2488 vestro
1262 2436 1478 2503 judicio
1541 2436 1844 2489 adinventa

148 2522 231 2574 vel
267 2522 496 2575 decreta
543 2538 777 2592 poscere
810 2522 880 2557 ¹⁶⁷
931 2527 986 2575 et
1030 2540 1137 2594 pro
1193 2541 1359 2594 posse
1418 2529 1699 2594 perpetuo
1728 2541 1844 2577 ser-

147 2626 295 2663 vare.
351 2630 378 2660 ν
431 2611 515 2664 Ad
546 2611 667 2664 haec
727 2612 1017 2665 domnus‘
1049 2611 1390 2681 apostolicus
1435 2612 1843 2667 oboedientiam

145 2698 343 2753 domui
376 2700 630 2769 episcopi
667 2703 721 2753 et
751 2700 1112 2754 devotionem
1146 2716 1210 2754 ac
1264 2700 1514 2755 studium
1545 2700 1844 2771 magnifice

145 2786 452 2853 collaudat,
502 2788 868 2858 prosequitur
919 2803 1149 2859 quoque
1190 2788 1528 2843 venerabilis
1554 2789 1846 2843 Ravenna-

143 2874 213 2927 tis
250 2876 522 2929 mcclesiee
569 2878 1042 2947 metropolitanus
1091 2877 1405 2932 Fridericus
1456 2876 1546 2944 “‘3,
1619 2882 1674 2931 et
1714 2894 1843 2947 qua:

1958 490 2169 557 nirent,
2251 492 2533 562 presbiter
2563 490 2634 526 ¹⁷²
2693 495 3069 564 Tangmarus,
3122 502 3182 550 ut
3239 498 3647 568 absolveretur,

1955 581 2112 634 omni
2146 581 2271 635 nisu
2302 581 2510 635 institit
2551 581 2641 636 ‘7‘.
2700 582 2894 635 Tercia
2952 582 3147 654 itaque
3196 585 3346 639 Ydus
3389 588 3647 641 Januarii

1957 676 2062 734 (an.
2092 671 2245 723 1002.
2287 672 2425 724 Jan.
2466 674 2573 740 i3),
2613 669 2929 741 imperator
2960 673 3176 727 dimisit
3224 692 3255 728 a
3294 692 3353 729 se
3392 677 3645 747 legatum

1956 757 2069 811 cari
2098 757 2359 828 magistri
2412 759 2499 811 sui
2552 760 2874 814 Bernwardi
2923 762 3196 832 episcopi,
3247 780 3398 834 saepe
3437 765 3651 820 dictum

1954 847 2339 916 presbiterum
2404 847 2727 917 largissime
2830 857 3286 906 remuneratum.
3375 854 3651 923 Episcopo

1956 935 2171 1005 quippe
2212 952 2450 988 munera
2471 936 2759 1007 praecipua
2789 937 3032 1005 direxit;
3082 939 3232 994 inter
3276 940 3390 995 alia
3440 942 3653 996 onichi—

1955 1039 2094 1077 num
2122 1039 2219 1077 vas
2248 1024 2445 1094 magni
2475 1025 2689 1095 praecii,
2736 1026 2953 1096 species
2993 1043 3224 1100 quoque
3284 1029 3652 1084 medicinales

1954 1111 2223 1178 diversas,
2247 1111 2542 1182 pigmenta
2566 1115 2735 1167 etiam
2760 1115 3003 1168 diversa.

2027 1203 2115 1255 37.
2173 1201 2298 1255 Jam
2350 1218 2483 1255 vero
2531 1202 2591 1255 in
2644 1202 2904 1273 proximo
2940 1202 3281 1260 imminebat
3310 1205 3653 1262 miserabilis

1954 1288 2097 1353 dies,
2128 1289 2316 1343 obitus
2360 1290 2620 1344 videlicet
2652 1291 2941 1346 mitissimi
2982 1292 3365 1363 imperatoris.
3412 1295 3644 1350 Confes-

1955 1393 2050 1431 sus
2098 1382 2183 1431 est
2220 1394 2469 1448 namque
2513 1379 2856 1449 presbitero,
2878 1396 3008 1434 cum
3034 1381 3105 1435 ab
3135 1382 3237 1435 illo
3269 1382 3649 1453 interrogare-

1954 1470 2067 1532 tur,
2119 1466 2388 1520 leviterse
2418 1466 2752 1521 febricitari.
2787 1469 3219 1539 ingravescente
3248 1486 3384 1541 ergo
3418 1471 3649 1526 cottidie

1955 1555 2180 1621 morbo,
2215 1556 2528 1609 astantibus
2572 1556 2853 1627 episcopis
2884 1558 3272 1612 communitus
3292 1565 3647 1614 sacramento

1958 1643 2212 1714 corporis
2233 1648 2289 1696 et
2318 1644 2612 1713 sanguinis
2648 1645 2895 1712 Domini,
2947 1646 3097 1700 inter
3126 1647 3296 1702 verba
3322 1663 3483 1718 pura:
3520 1664 3650 1703 con-

1958 1731 2242 1795 fessionis,
2280 1734 2344 1785 10
2388 1733 2667 1786 Kalendas
2730 1733 3022 1787 Februarii
3080 1736 3195 1803 (53)
3258 1738 3396 1800 (Jan.
3428 1737 3517 1806 23)
3550 1737 3652 1790 mi-

1958 1819 2211 1873 tissimus
2241 1836 2305 1873 ac
2332 1819 2690 1875 humillimus
2720 1820 3036 1891 imperator
3059 1838 3186 1876 cum
3218 1822 3436 1894 ingenti
3456 1825 3648 1879 dolore

1957 1908 2216 1962 omnium
2240 1909 2525 1962 bonorum
2555 1909 2824 1979 spiritum
2859 1909 3090 1963 efﬂavit.
3152 1910 3288 1974 Quis
3338 1914 3489 1967 valet
3519 1913 3648 1967 stilo

1957 1997 2276 2067 exprimere
2308 1998 2393 2050 vel
2428 1998 2600 2051 fando
2631 1997 2909 2051 disserere
2943 1998 3434 2053 inremediabilem
3484 2001 3649 2054 dolo-

1957 2101 2078 2140 rem
2139 2086 2394 2155 undique
2444 2086 2514 2139 ad
2564 2086 2834 2156 exequias
2881 2086 3340 2141 confluentium?
3396 2088 3647 2143 Funerea

1955 2173 2149 2243 itaque
2178 2173 2542 2227 Theutonum
2576 2173 2746 2243 legio,
2782 2174 3119 2244 praeparatis
3169 2175 3387 2228 cunctis
3419 2175 3488 2229 ad
3538 2176 3650 2229 iter

1956 2260 2210 2331 indignis
2266 2277 2474 2332 corpus
2509 2261 2755 2332 piissimi
2803 2261 3021 2315 domini
3074 2262 3250 2332 Aquis
3316 2264 3645 2332 portabant;

1956 2354 2398 2422 susceptumque
2429 2355 2514 2403 est
2550 2354 2744 2404 sancta
2774 2350 2867 2404 die
2922 2351 3247 2421 palmarum
3311 2354 3498 2417 (Mart.
3558 2356 3649 2420 29)

1955 2436 2155 2491 festivo
2187 2437 2463 2507 obsequio
2501 2438 2676 2491 totius
2706 2437 2894 2507 regni,
2928 2438 3262 2509 cunctisque
3296 2439 3651 2511 principibus

1955 2523 2248 2593 praecipuo
2300 2522 2503 2576 affectu
2562 2524 2631 2576 ad
2686 2523 2959 2593 exequias
2987 2524 3419 2592 famulantibus,
3454 2526 3644 2596 sepul-

1954 2615 2162 2682 tusque
2194 2616 2279 2665 est
2309 2612 2367 2665 in
2406 2611 2596 2665 medio
2620 2610 2813 2664 choro.

2028 2702 2116 2754 38.
2160 2700 2385 2753 Interea
2430 2705 2561 2753 vota
2591 2699 2916 2770 principum
2949 2699 3007 2753 in
3057 2700 3281 2755 diversa
3319 2702 3646 2772 rapiuntur,

1956 2788 2245 2859 plerisque
2276 2787 2442 2857 regni
2472 2787 2760 2857 fastigium
2820 2788 2943 2841 sine
2998 2792 3259 2860 respectu
3300 2789 3523 2843 timoris
3547 2791 3648 2845 Dei

1956 2893 2231 2945 usurpare
2281 2876 2617 2931 nitentibus.
2654 2876 2812 2931 Unde
2870 2878 3134 2947 princeps
3180 2877 3413 2948 quidam
3454 2880 3646 2934 Bruno

146 2964 351 3017 Palithi
392 2964 476 3018 illi
519 2968 690 3035 atque
749 2965 809 3018 in
848 2970 966 3019 tota
1006 2966 1293 3035 legatione
1335 2984 1435 3020 sua
1491 2967 1843 3020 occurrerint
1873 2964 1912 3019 C
1952 2965 2207 3031 nomine,
2240 2965 2422 3018 sciens
2452 2964 2843 3019 venerabilem
2881 2966 3284 3020 Bernwardum
3313 2966 3648 3037 episc0pum

143 3052 459 3117 contexuit,
519 3053 938 3123 archiepiscopi
994 3054 1486 3122 inoboedientiam,
1546 3056 1840 3125 injuriam,

144 3146 540 3211 contemptum
583 3140 752 3194 etiam
787 3142 1060 3196 Romana?
1118 3143 1286 3198 sedis.
1348 3144 1592 3196 Econtra
1646 3143 1844 3197 domui

145 3230 466 3283 Bernwardi
522 3230 956 3301 benignitatem,
1017 3232 1313 3285 caritatem
1376 3230 1445 3265 “‘9
1502 3233 1758 3302 exponit,
1789 3238 1845 3285 et

144 3318 294 3389 quod
316 3318 388 3371 ab
408 3317 505 3371 illo
540 3319 827 3389 praecipuo
850 3321 1070 3374 honore
1099 3321 1172 3373 sit
1200 3320 1430 3374 habitus
1461 3324 1519 3373 et
1544 3320 1838 3373 affluentia

144 3406 404 3460 omnium
442 3406 725 3460 bonorum
777 3409 1214 3478 opulentissime
1282 3408 1542 3462 refertus.
1606 3409 1689 3462 Ad
1725 3409 1845 3463 hinc

145 3496 474 3549 animositas
523 3496 938 3567 archiepiscopi
982 3498 1173 3567 palam
1221 3497 1291 3551 ab
1349 3497 1614 3551 omnibus
1645 3496 1844 3550 Roma-

143 3585 230 3638 nis
261 3584 543 3654 episcopis
574 3585 899 3655 improbata
932 3584 1024 3652 17°,
1048 3586 1338 3639 temeritas
1372 3583 1843 3655 presumptionis

145 3672 299 3725 illius
328 3673 602 3742 carpitur.
630 3674 693 3727 In
750 3689 1057 3727 commune
1086 3680 1281 3728 tamen
1312 3673 1500 3727 cuncti
1528 3672 1845 3726 deliberant

146 3760 541 3815 Coloniensem
605 3762 1072 3833 archiprzesulem
1118 3768 1467 3831 caaterosque
1524 3760 1839 3831 episcopos,

146 3850 244 3920 qui
274 3852 530 3920 proxime
562 3851 787 3905 venturi
844 3856 1027 3917 erant,
1072 3851 1487 3921 expectandos;
1532 3851 1845 3905 mittuntur

145 3939 315 3991 etiam
361 3939 574 4005 nuncii,
638 3940 737 4011 qui
786 3941 841 3993 in
867 3941 1178 4011 epiphania
1231 3940 1459 3993 Domini
1488 3939 1558 3993 ad
1599 3955 1844 4010 praesen-

146 4026 284 4079 tiam
313 4028 611 4097 utriusque
665 4028 944 4099 principis
1002 4030 1133 4082 illos
1183 4027 1662 4097 venirejubeant.
1736 4027 1842 4082 Sed

147 4130 273 4168 cum
327 4115 567 4170 minime
634 4118 916 4183 venirent,
975 4121 1351 4188 expectantur
1405 4117 1474 4171 ad
1527 4121 1641 4169 tres
1680 4115 1841 4170 indu-

1951 3054 2162 3108 domno
2192 3054 2456 3108 Heinrico
2506 3053 2638 3107 duci
2660 3054 3124 3109 reverentissimo
3154 3071 3275 3109 esse
3306 3055 3649 3111 fidissimum

1949 3142 2156 3195 timens
2180 3158 2248 3195 ne
2278 3140 2477 3212 cceptis
2509 3142 2631 3210 ejus
2660 3142 3060 3196 adversaretur
3090 3144 3138 3196 si
3171 3142 3308 3213 quid
3343 3143 3648 3215 inciperet,

1950 3244 2341 3298 quoscumque
2374 3227 2431 3280 in
2460 3228 2706 3281 exicium
2728 3228 2884 3281 illius
2916 3230 2999 3283 vel
3025 3230 3082 3282 in
3112 3230 3426 3300 dampnum
3458 3232 3651 3286 Ililde-

1951 3315 2364 3369 nesheimensis
2396 3316 2665 3369 mcclesiae
2696 3332 2922 3369 armare
2971 3322 3218 3387 poterat,
3266 3334 3372 3388 pro
3431 3320 3649 3374 viribus

1952 3403 2178 3469 institit,
2232 3402 2367 3457 hinc
2396 3403 2603 3472 praedis
2659 3408 2716 3456 et
2766 3404 2981 3474 rapinis
3027 3405 3239 3474 passim
3286 3407 3557 3461 bachatus
3590 3409 3647 3462 in

1949 3492 2075 3546 loca
2104 3497 2161 3545 et
2193 3491 2455 3545 homines
2484 3491 2753 3561 episcopi.
2779 3491 2885 3546 Sed
2917 3493 3013 3546 ille
3044 3509 3205 3547 more
3236 3510 3338 3547 suo
3363 3511 3647 3566 nusquam

1954 3597 1985 3634 a
2043 3580 2157 3634 ﬁde
2213 3579 2546 3643 desciverat,
2577 3580 2840 3650 quamvis
2878 3581 3075 3635 multis
3124 3598 3275 3652 saepe
3323 3583 3648 3639 lascessitus

1951 3669 2199 3739 injuriis.
2252 3669 2403 3723 More
2483 3673 2673 3722 autem
2725 3669 3129 3739 sapientissimi
3175 3672 3471 3726 architecti
3509 3690 3648 3744 pru-

1952 3758 2323 3811 dentissimus
2359 3758 2571 3828 praesul
2635 3758 2976 3812 fundamina
3034 3759 3170 3813 novi
3199 3761 3363 3831 regni
3412 3777 3648 3831 precum

1950 3846 2139 3901 iniciis
2167 3845 2471 3899 inchoavit.
2508 3845 2715 3900 Omnes
2746 3862 2996 3918 namque
3024 3847 3265 3903 fratrum
3295 3865 3359 3902 ac
3389 3867 3648 3906 sororum

1950 3941 2200 3989 catervas
2233 3950 2362 4005 quae
2409 3934 2617 3988 divinis
2671 3935 2911 4005 sceptris
2941 3936 3044 3989 sub
3078 3937 3198 4007 ejus
3228 3938 3447 3991 vexillis
3492 3939 3649 3993 mili—

1949 4025 2164 4091 tabant,
2199 4024 2421 4077 intenta
2449 4024 2869 4095 supplicatione
2909 4024 2969 4078 in
2992 4030 3151 4079 tanta
3182 4041 3377 4080 rerum
3405 4030 3649 4081 necessi-

1948 4118 2062 4169 tate
2110 4112 2420 4182 advigilare
2472 4112 2763 4167 monebat.
2823 4113 2947 4184 Ipse
2994 4129 3225 4184 quoque
3259 4115 3411 4185 quod
3454 4119 3646 4171 tamen

1564 4272 1801 4327 VARle
1849 4270 2231 4325 LECTIONES

218 4403 289 4437 ¹⁶³
318 4406 577 4471 gratatur
604 4406 656 4458 2.
737 4404 807 4440 ¹⁶⁴
837 4421 888 4457 a.
921 4405 1004 4458 vel
1038 4405 1075 4459 l.
1106 4407 1157 4458 2.
1241 4406 1308 4441 ¹⁶⁵
1338 4408 1471 4457 sunt
1502 4400 1559 4457 2.
1637 4404 1706 4439 ¹⁶⁰
1744 4420 1801 4473 p.
1827 4400 2160 4471 congregati
2190 4402 2242 4473 2.
2326 4397 2393 4435 ¹⁶⁷
2422 4416 2476 4469 p.
2512 4399 2655 4473 scire
2687 4405 2743 4453 et
2775 4417 2831 4470 p.
2861 4403 2913 4453 2.
2995 4401 3066 4434 ηδ
3097 4401 3272 4455 ριιίιὴ,
3324 4404 3377 4455 2,
3460 4401 3532 4436 169
3556 4420 3649 4457 σε,

147 4470 490 4545 ritatemque
539 4476 615 4545 2.,
672 4474 742 4510 ¹τ⁰
793 4475 1152 4545 improbatur
1198 4478 1251 4530 2.
1332 4476 1395 4510 ¹τ¹
1450 4477 1487 4529 l.
1523 4476 1661 4528 Nam
1710 4470 1811 4545 per
1857 4470 2354 4545 omnesiregiones
2383 4470 2691 4545 comitatus
2727 4477 2782 4524 et
2814 4486 3029 4524 mereas
3087 4473 3326 4543 dispersi
3350 4475 3649 4545 sedebant,

146 4543 307 4597 sicuti
340 4541 657 4616 necessaria
685 4541 941 4599 invenire
974 4551 1259 4616 poterant.
1294 4546 1435 4600 Cum
1489 4547 1540 4598 2.
1624 4541 1887 4616 "Vdecst
1918 4547 1979 4616 2._
2048 4544 2127 4616 '7"
2166 4541 2423 4616 institit._
2456 4542 3048 4616 lnimensa__namque
3090 4541 3331 4616 penuria
3384 4541 3644 4601 omnium

145 4619 479 4686 sumptuum
512 4615 917 4671 miserabiliter
953 4611 1317 4684 laborabant;
1348 4623 1406 4670 et
1439 4616 1557 4685 jam
1581 4616 1641 4668 in
1673 4615 1931 4686 proximo
1966 4611 2309 4686 imminebat
2351 4611 2693 4686 miserabilis
2722 4611 2876 4686 dies,
2923 4611 3115 4686 obitus
3148 4615 3410 4671 videlicet
3464 4616 3646 4669 mitis-

148 4683 286 4737 simi,
313 4685 674 4755 imperatoris
708 4689 906 4754 nostri,
932 4704 1060 4742 cum
1092 4694 1285 4741 tamen
1307 4683 1755 4741 validissime—se
1778 4686 2171 4755 haberet,nec
2202 4684 2432 4755 signium
2454 4684 2687 4755 aliquod
2717 4683 3072 4737 infirmitatis
3123 4687 3274 4739 ullus
3331 4687 3390 4740 in
3420 4704 3487 4741 eo
3519 4705 3647 4741 sen-

146 4756 297 4834 tiret.
326 4754 522 4834 Tereia
554 4758 685 4834 ldus
726 4759 1004 4825 Januarii,
1066 4758 1285 4812 dimisit
1314 4775 1372 4834 a_
1392 4775 1449 4834 se
1501 4759 1725 4826 legatus
1746 4756 1872 4834 _cari
1903 4754 2161 4821 magistri
2189 4757 2277 4806 sui
2319 4754 2641 4834 Bernwa‘rdi
2698 4755 2956 4834 episcopi
2987 4773 3119 4834 sepe
3168 4758 3381 4834 dictum
3406 4761 3645 4834 presby-

146 4830 329 4879 terum
367 4827 431 4898 Τ.
463 4828 781 4897 largissime
846 4836 1297 4883 remuneratum.
1335 4825 1612 4897 Episcopo
1662 4827 1877 4898 quippe
1909 4841 2153 4898 munera
2210 4825 2505 4898 praecipua
2533 4825 2768 4898 direxit;
2832 4826 2983 4878 inter
3032 4828 3143 4880 alia
3188 4825 3520 4883 onirhui—um
3552 4825 3649 4883 vas

147 4896 382 4971 maximi
415 4896 614 4971 precii,
664 4899 881 4969 species
933 4916 1162 4971 quoque
1219 4896 1587 4971 medicinales
1637 4896 1906 4971 diversas,
1966 4897 2257 4971 pigmenta
2324 4896 2512 4947 etiam.
2573 4896 2876 4971 Confessus
2913 4912 3142 4967 nanque
3174 4901 3504 4971 presbytero
3564 4904 3651 4953 est

149 4982 274 5020 cum
319 4970 526 5042 hocab
575 4969 674 5042 illo
694 4966 1103 5042 interrogaret,
1154 4972 1354 5025 leviter
1385 4986 1464 5042 se
1512 4969 1843 5042 febricitari,
1886 4970 1989 5042 Se_d
2032 4968 2462 5042 ingravescente
2494 4966 2700 5042 cotidie
2729 4966 2948 5033 morbo,
2974 4966 3313 5042 instantibus
3340 4966 3647 5042 episcopis,

147 5039 539 5112 communitus
570 5041 745 5112 etiam
788 5037 1144 5096 sacramento
1174 5041 1427 5112 corporis
1477 5046 1534 5093 et
1581 5039 1876 5110 sanguinis
1934 5038 2182 5112 Domini,
2227 5037 2378 5089 inter
2433 5037 2823 5112 verbapura!
2854 5037 3226 5112 confessionis
3258 5042 3320 5092 lO
3343 5037 3471 5095 Kal.
3537 5037 3647 5094 'Fe-'

152 5108 725 5182 bruariimitissimus
778 5127 842 5165 ac
874 5113 1231 5167 humillimus
1273 5106 1595 5182 imperator
1633 5106 1772 5182 cu'mi
1819 5111 2050 5182 ingenti
2068 5109 2266 5182 dolore
2309 5106 2590 5182 omnium
2628 5107 2687 5159 in
2733 5108 3058 5182 vespertino
3098 5112 3433 5179 crepUsculo
3474 5113 3649 5181 spiri-

149 5185 298 5253 tum__
328 5180 557 5253 efﬂavit.
602 5183 734 5235 Post
764 5183 932 5253 cujus
964 5185 1298 5248 discessum,
1333 5178 1543 5236 domno
1582 5180 1847 5253 lleinrico
1892 5178 2192 5250 regalibus
2239 5178 2476 5253 sceptris
2503 5178 2594 5253 dei
2644 5178 2829 5253 gratia
2859 5179 3060 5253 potito,
3096 5178 3212 5253 non
3241 5182 3431 5234 minor
3462 5178 3650 5236 fuerat

149 5250 410 5325 predictm
436 5251 804 5325 dissentionis
838 5248 1187 5325 'deceptatio.
1238 5255 1391 5325 Rege
1422 5267 1672 5323 namque
1714 5248 2220 5306 Patherbrunnum
2274 5248 2455 5302 sancti
2514 5249 2805 5304 Laurentii
2838 5250 3025 5303 natale
3055 5251 3403 5321 celebrante,
3434 5254 3647 5308 domne

151 5321 489 5391 tlunigunda
516 5325 661 5391 (etc.,
685 5340 738 5379 υ.
773 5326 930 5392 infra
965 5321 1085 5395 cap.
1121 5328 1233 5395 39).
1327 5321 1349 5325 ⁷
1578 5321 1597 5323 “
2896 5342 2899 5345 λ

1790 5428 2015 5481 NOTAE.

224 5536 337 5607 (54)
374 5537 455 5589 Ita
476 5540 533 5590 et
563 5538 711 5591 Ann.
738 5536 992 5593 Hildesh.
1020 5540 1077 5592 et
1114 5536 1343 5591 Einsidl.
1378 5566 1443 5574 —-
1468 5539 1497 5589 9
1534 5535 1619 5591 Kl.
1646 5532 1806 5587 Febr.
1841 5535 1990 5586 Ann.
2016 5531 2213 5597 Quedl.
2249 5530 2452 5586 Tietm.
2478 5534 2535 5585 et
2558 5531 2721 5587 Necr.
2747 5530 2907 5586 Fuld.
