3944 6298
296 289 400 343 423

1297 282 1702 338 TllANGMARI
1743 279 2176 338 PRESBYTERI
2218 278 2805 336 lIILDESllElMENS.

3711 277 3825 330 424-

297 416 529 466 cunctos
559 410 796 474 celabat,
819 411 941 462 arta
972 407 1316 462 abstinentia
1342 405 1568 460 Domini
1613 405 1974 459 clementiam
2007 409 2050 460 Α
2090 406 2370 459 immensa
2425 403 2674 457 militum
2713 419 2886 457 manu
2916 406 3163 469 secutus,
3211 391 3656 473 vigilantissimo
3711 403 3820 457 ob-

300 501 589 556 exorabat.
624 500 781 554 Unde
813 498 878 552 ﬁt
926 497 1204 551 mirabilis
1237 495 1337 550 Dei
1395 496 1607 566 pietate
1657 494 1713 547 in
1755 495 1996 547 electum

307 590 599 654 adunatio,
632 586 1072 656 utpopularium
1106 589 1237 638 vota
1264 584 1580 654 primorum
1611 582 1999 652 praevenirent

307 678 516 732 studia.
555 678 695 730 Nam
751 674 932 728 sicubi
982 672 1196 744 publici
1255 676 1571 726 conventus
1622 671 1993 741 cogebantur,

298 782 403 820 vox
469 781 585 818 una
655 763 1001 833 vulgarium,
1083 762 1360 815 domuum
1412 760 1735 814 Heinricum
1789 759 1995 813 debere-

302 853 620 924 imperare;
664 853 874 922 ipsum,
927 867 1041 904 non
1095 850 1269 903 alium
1325 849 1658 920 quemlibet,
1695 847 1863 900 rebus
1904 848 1993 900 de-

299 942 436 996 bere
490 957 754 1011 prmesse.
807 939 1086 993 Omnibus
1125 954 1262 1007 ergo
1295 937 1421 1007 pari
1452 940 1582 989 voto
1613 935 1673 989 in
1717 934 1996 988 electione

301 1028 458 1083 illius
493 1027 989 1093 concordantibus,
1048 1025 1371 1096 Willegisus
1427 1023 1885 1095 archiepiscopus
1941 1028 1998 1076 et

308 1117 678 1171 Bernwardus
713 1116 920 1186 praesul
981 1129 1110 1167 cum
1151 1114 1373 1168 caeteris
1414 1113 1580 1183 regni
1638 1111 1998 1183 principibus

305 1206 586 1260 domnum
628 1204 922 1258 Heinicum
953 1203 1299 1273 Mogontiam
1359 1218 1488 1256 cum
1520 1217 1746 1256 summo
1776 1200 1997 1254 honore

304 1295 596 1362 ducentes,
658 1291 950 1345 Dominica
1005 1296 1200 1344 octava
1263 1291 1625 1344 Pentecostes
1687 1290 1836 1358 (Mai.
1907 1291 1994 1353 3t)

299 1382 560 1453 regimen
585 1380 867 1450 etregiam
899 1384 1241 1449 potestatem
1265 1394 1395 1432 cum
1418 1377 1705 1432 dominica
1734 1379 1896 1431 hasta
1922 1375 1994 1413 ¹⁷⁴

299 1470 386 1524 illi
425 1469 816 1535 tradiderunt;
869 1483 931 1521 ac
997 1467 1202 1522 deinde
1253 1467 1360 1520 rite
1407 1466 1674 1520 omnibus
1730 1465 1990 1535 peractis,

301 1573 434 1613 cum
494 1557 745 1610 maximo
811 1556 1064 1626 tripudio
1129 1555 1530 1610 universorum
1589 1554 1987 1624 sollempniter

302 1648 467 1702 illum
494 1647 592 1700 Dei
621 1645 803 1716 gratia
833 1650 1140 1698 unxerunt.

376 1738 462 1790 39.
501 1736 686 1789 Novus
747 1739 938 1787 autem
988 1750 1084 1787 rex
1132 1732 1587 1787 Paderbrunnun
1613 1731 1790 1785 sancti
1851 1731 1992 1786 Lau-

301 1824 472 1878 rentii
531 1823 720 1876 natale
772 1823 942 1890 (Aug.
1008 1820 1094 1891 10)
1134 1821 1457 1888 celebravit,
1530 1820 1726 1890 ibique
1777 1821 1990 1874 domna

303 1911 644 1982 Cunigunda
698 1912 949 1980 regalem
1008 1926 1278 1964 coronam
1333 1915 1385 1964 et
1443 1909 1901 1964 benedictionem
1967 1926 1997 1962 a

301 1999 609 2056 venerabili
690 1999 982 2070 Willegiso
1011 1999 1438 2069 archiepiscopo
1499 1999 1739 2069 accepit.
1788 1998 1999 2070 Sophia

300 2106 434 2144 vero
485 2089 553 2142 ad
587 2086 655 2122 ¹⁷⁵
707 2087 1295 2143 Gandenesheimense
1351 2086 1609 2156 regimen
1635 2088 1811 2141 electa
1842 2104 1996 2142 more

302 2194 428 2244 suo,
465 2177 621 2230 velut
650 2176 711 2230 in
743 2192 898 2230 sacro
928 2176 1211 2230 velamine
1249 2176 1548 2246 proprium
1588 2175 1886 2246 repudiata
1915 2181 1997 2230 est

302 2260 656 2337 episcopum,
686 2263 768 2318 ita
788 2281 937 2319 nunc
957 2280 1186 2335 quoque
1218 2264 1524 2334 dedignata
1553 2280 1586 2317 a
1615 2279 1716 2317 suo
1750 2267 1998 2334 pastore,

302 2361 360 2409 et
394 2359 554 2425 patre
595 2353 893 2422 regiminis
947 2355 1015 2389 ¹τ⁶
1074 2358 1130 2407 et
1162 2352 1650 2407 consecrationem
1680 2352 1998 2424 percipere,

302 2449 528 2498 tumore
577 2447 631 2496 et
675 2443 818 2497 fastu
856 2441 1121 2496 vanitatis
1176 2459 1209 2496 a
1246 2441 1524 2512 palligero
1580 2439 1840 2494 benedici
1897 2442 1999 2496 ob-

301 2537 468 2586 tentu
513 2531 663 2602 regis
710 2535 766 2584 et
810 2530 1025 2600 reginae
1075 2546 1139 2584 ac
1185 2530 1516 2600 principum
1550 2529 1783 2599 expetit,
1830 2530 2000 2583 Dom-

300 2638 408 2675 nus
447 2624 634 2674 autem
698 2619 764 2654 ¹⁷⁷
825 2621 1216 2686 Bernwardus,
1294 2635 1409 2673 non
1472 2618 1667 2672 valens
1737 2617 2000 2674 resistere

299 2708 523 2763 annuH.

369 2799 457 2852 40.
494 2799 655 2851 Anno
689 2793 760 2830 ¹⁷⁸
808 2793 1218 2849 incarnationis
1252 2793 1475 2848 Domini
1525 2793 1830 2848 millesimo
1887 2797 1999 2846 ter-

301 2885 386 2940 cio
413 2901 508 2939 rex
537 2884 811 2938 orationis
840 2899 1011 2936 causa
1057 2881 1342 2952 episc0pia
1374 2887 1429 2934 et
1461 2881 1739 2945 abbatias,
1798 2882 1998 2951 fsancta

301 2974 564 3029 videlicet
613 2975 755 3040 loca,
803 2971 1166 3036 circumiens,
1197 2970 1297 3024 ubi
1330 2971 1474 3023 servi
1510 2970 1608 3023 Dei
1640 2970 1725 3022 vel
1779 2969 1998 3023 ancilla

297 3061 624 3133 religiosius
670 3061 731 3115 in
771 3059 964 3114 divino
1003 3058 1234 3114 servitio
1286 3058 1661 3120 excubabant,
1703 3062 1767 3111 ut
1805 3075 1864 3112 se
1916 3075 1996 3112 re-

299 3167 594 3222 gnumque
639 3147 708 3184 ‘79
765 3148 1040 3204 divinitus
1068 3147 1152 3201 illi
1178 3147 1448 3200 collatum
1476 3146 1704 3200 illorum
1734 3147 1998 3217 precibus

297 3245 573 3305 tueretur,
608 3237 1034 3294 Hildenesheim
1088 3236 1245 3290 adire
1279 3234 1581 3306 magniﬁce
1608 3236 1993 3300 desiderabat,

298 3329 406 3384 Sed
437 3329 571 3400 quia
600 3328 791 3381 nullus
845 3341 1050 3397 regum
1083 3329 1213 3377 ante
1245 3324 1406 3378 illum
1447 3323 1724 3394 religione
1783 3325 1890 3379 loci
1936 3325 1997 3380 id

298 3417 533 3489 aggredi
559 3415 896 3487 temptabat,
955 3412 1356 3468 Bernwardum
1397 3412 1728 3484 episcopum
1793 3431 1996 3469 conve-

295 3507 414 3574 nit;
457 3521 571 3577 qua
616 3505 842 3559 ratione
913 3508 1171 3557 sanctum
1228 3502 1418 3555 locum
1472 3501 1701 3557 visitare
1765 3503 1990 3572 audeat,

298 3594 568 3648 consulit.
624 3592 874 3646 Licentia
901 3607 1128 3662 quoque
1163 3590 1234 3644 ab
1267 3589 1365 3644 illo
1396 3595 1643 3661 accepta,
1700 3597 1830 3646 ante
1869 3592 1988 3662 pal-

296 3695 525 3733 marum
553 3678 662 3748 (55)
694 3683 954 3732 sanctum
974 3677 1123 3730 diem
1158 3676 1454 3747 praefatam
1493 3676 1804 3731 acclesiam
1855 3677 1996 3732 adiit

293 3773 706 3838 susceptusque
739 3770 824 3820 est
851 3765 1155 3836 sollempni
1179 3764 1414 3820 honore.
1472 3766 1598 3836 Ipse
1647 3782 1879 3837 quoque
1931 3766 1992 3820 in

296 3856 490 3911 altaris
523 3871 586 3909 ac
611 3855 849 3909 fratrum
894 3854 1278 3909 ministerium
1305 3855 1656 3925 praecipuam
1685 3854 1989 3926 pecuniam

292 3943 554 4014 largitus,
585 3944 770 3997 locum
803 3943 982 3997 ditare
1014 3948 1068 3997 et
1098 3944 1378 3998 honorare
1409 3943 1697 4014 promisit,
1733 3947 1903 4014 atque
1925 3959 1992 3997 ex

292 4049 504 4104 magna
522 4039 683 4104 parte
705 4031 1112 4102 benignissime
1141 4032 1397 4102 perfecit.

363 4132 451 4185 41.
497 4132 633 4200 (An.
686 4130 842 4200 1006)
894 4129 1091 4184 Tercio
1145 4126 1218 4164 ¹⁸⁰
1254 4134 1444 4183 autem
1490 4139 1618 4200 post
1674 4129 1796 4183 haec
1841 4145 1991 4183 anno

2108 493 2306 564 sequio
2333 493 2398 547 ad
2432 493 2674 564 gratiam
2699 491 2998 554 militabat,
3030 491 3399 562 Expeditione
3431 508 3562 545 vero
3597 493 3817 556 soluta,

2106 582 2256 653 quod
2293 581 2452 650 prius
2475 587 2605 634 voto
2618 581 2963 648 decreverat,
2983 581 3052 634 ad
3070 586 3331 634 sanctum
3363 582 3675 635 Martinum
3699 580 3818 652 (56)

2106 671 2367 734 tetendit,
2425 685 2540 723 non
2591 671 2804 740 absque
2846 669 3025 739 regali
3075 675 3269 723 tamen
3317 669 3552 723 licentia
3601 669 3816 722 frater—

2106 776 2292 830 naque
2333 760 2732 830 episcoporum
2784 759 3197 812 muniﬁcentia.
3249 757 3389 812 Suos
3440 758 3639 828 itaque
3685 773 3816 811 om-

2107 865 2205 902 nes
2236 849 2362 914 iter,
2406 849 2558 918 quod
2620 848 2996 917 disposuerat,
3055 846 3496 916 diligentissime
3563 847 3810 913 celabat,

2105 936 2490 1007 quiaillorum
2547 936 2808 990 lacrimas
2859 952 2931 989 ne
2984 941 3176 1004 posset
3229 934 3468 989 sufferre
3521 934 3805 1000 timebat;

2103 1026 2226 1094 regi
2257 1030 2450 1078 tamen
2481 1024 2913 1089 commendatis,
2942 1040 3060 1077 non
3115 1023 3311 1077 multis
3345 1023 3650 1077 comitatus
3697 1024 3814 1076 iter

2104 1130 2426 1185 aggressus,
2463 1114 2710 1168 Parisius
2745 1113 2893 1182 apud
2922 1117 3180 1166 sanctum
3213 1112 3535 1166 Dionisium
3584 1111 3817 1182 aliquot

2107 1203 2225 1257 dies
2255 1203 2590 1268 consistens,
2625 1207 2816 1254 sancta
2867 1203 2984 1254 loca
3017 1201 3336 1270 lustrando,
3371 1217 3581 1271 magna
3622 1200 3817 1254 animi

2104 1291 2444 1344 contritione
2467 1296 2652 1344 totum
2681 1306 2739 1344 se
2774 1290 3013 1344 Domino
3047 1289 3330 1343 mactavit.
3362 1289 3503 1343 Inde
3562 1289 3816 1343 Turonis

2104 1381 2363 1447 tendens,
2389 1395 2594 1448 magna
2623 1378 2923 1432 sedulitate
2946 1377 3214 1432 Rodberti
3243 1378 3398 1448 regis
3428 1377 3487 1431 in
3534 1377 3624 1430 via
3673 1391 3816 1430 usus

2105 1473 2207 1522 est.
2263 1468 2347 1522 Ibi
2392 1468 2564 1522 etiam
2606 1469 2986 1538 septimanam
3013 1472 3403 1536 conversatus,
3449 1483 3640 1520 coram
3711 1465 3816 1536 pio

2103 1563 2346 1628 patrono
2368 1573 2469 1610 sua
2519 1573 2868 1628 suorumque
2919 1557 3222 1611 commissa
3253 1556 3583 1611 cottidianis
3631 1555 3813 1610 uber-

2102 1647 2205 1701 tim
2235 1647 2488 1700 laerimis
2519 1646 2709 1700 deﬂet.
2746 1647 3064 1699 Honoratus
3094 1645 3341 1716 denique
3382 1662 3414 1698 a
3441 1659 3576 1716 rege
3606 1649 3662 1698 et
3683 1644 3815 1714 epi-

2107 1735 2289 1806 scopis
2311 1733 2760 1805 praeciosissimis
2796 1735 2948 1788 beati
2980 1735 3200 1788 Martini
3240 1735 3310 1788 de
3341 1750 3498 1788 sacro
3567 1749 3814 1804 corpore

2105 1823 2388 1895 reliquiis,
2445 1840 2576 1877 nam
2630 1825 2940 1877 maximum
2989 1824 3406 1889 aestimabatur,
3465 1823 3629 1876 sicui
3701 1822 3811 1876 ali-

2108 1916 2318 1982 quanta
2343 1912 2621 1982 particula
2661 1911 2730 1965 de
2766 1912 2956 1965 casula
3011 1911 3125 1964 sive
3183 1911 3404 1965 cazteris
3449 1911 3810 1981 paramentis

2107 2001 2284 2054 sancti
2333 2000 2670 2054 confessoris
2715 2005 2906 2070 posset
2980 1999 3340 2070 contingere,
3392 1999 3511 2071 ipse
3589 1999 3812 2054 caelesti

2107 2090 2376 2144 thesauro
2418 2095 2814 2144 remuneratus
2866 2095 2923 2143 et
2952 2090 3195 2143 aliorum
3226 2089 3609 2160 complurium
3669 2104 3811 2141 san-

2108 2183 2349 2246 ctorum,
2383 2194 2512 2232 cum
2540 2177 2938 2232 benedictione
2968 2182 3025 2232 et
3056 2178 3239 2250 gratia
3271 2182 3609 2232 cunctorum
3671 2176 3811 2230 inde

2108 2266 2417 2337 digressus,
2442 2267 2688 2322 Parisius
2715 2268 3073 2338 perveniens,
3112 2268 3328 2338 aliquot
3387 2267 3508 2321 dies
3529 2271 3810 2320 consueto

2108 2355 2376 2409 exercitio
2435 2372 2671 2426 precum
2720 2355 2992 2422 intentus,
3079 2353 3492 2408 nichilominus
3543 2354 3719 2408 etiam
3780 2371 3815 2407 a

2108 2444 2350 2515 praefato
2389 2444 2650 2515 principe
2677 2449 2733 2497 et
2757 2444 3039 2515 episcopis
3094 2443 3515 2514 praeciosissimi
3550 2443 3814 2497 martiris

2111 2533 2350 2587 Dionisii
2395 2533 2794 2605 sociorumque
2833 2534 2955 2603 ejus
3015 2532 3384 2586 sacrosanctis
3463 2531 3812 2602 pignoribus

2108 2623 2412 2694 perceptis,
2445 2639 2573 2677 cum
2598 2621 2998 2676 benedictione
3021 2625 3077 2675 et
3116 2621 3300 2690 gratia
3339 2621 3407 2676 ab
3441 2621 3554 2675 illis
3583 2621 3810 2691 digres-

2109 2728 2224 2778 sus,
2266 2711 2417 2766 felici
2450 2728 2617 2766 cursu
2670 2711 2917 2782 patriam
2961 2710 3288 2780 repedabat.
3325 2711 3392 2764 Et
3445 2725 3812 2781 quamquam

2109 2804 2241 2870 post
2305 2801 2447 2854 tanti
2503 2800 2724 2854 itineris
2774 2799 3180 2854 difﬁcillimum
3238 2799 3516 2862 laborem,
3558 2798 3808 2852 celerem

2111 2889 2357 2942 reditum
2390 2893 2515 2942 vota
2547 2888 2806 2942 omnium
2835 2891 3244 2958 praeoptarent,
3276 2887 3410 2941 vicit
3439 2893 3632 2942 tamen
3664 2887 3808 2941 affe-

2108 2981 2250 3041 ctus,
2309 2993 2421 3047 quo
2466 2993 2692 3046 semper
2747 2977 2992 3031 dominis
3051 2976 3492 3047 obsequebatur,
3546 2981 3600 3029 et
3637 2975 3808 3030 beni-

2109 3064 2450 3135 gnissimum
2489 3082 2684 3136 regem
2720 3066 2896 3137 Aquis
2947 3065 3199 3136 positum
3249 3066 3408 3120 adiit.
3440 3069 3483 3119 A
3525 3081 3638 3136 quo
3664 3065 3808 3119 aﬁ‘e-

2107 3153 2461 3207 ctuosissime
2501 3154 2804 3224 excipitur,
2866 3170 2980 3224 qua
3011 3154 3132 3224 jam
3179 3154 3278 3208 diu
3311 3170 3463 3225 aegre
3514 3153 3680 3208 illum
3721 3154 3810 3207 vi-

2107 3242 2241 3297 dere
2272 3243 2557 3314 cupiebat.
2589 3245 2729 3297 Nam
2770 3243 3100 3314 Bavenberg
3153 3243 3330 3314 regali
3383 3244 3528 3311 loco,
3561 3243 3662 3314 qui
3693 3243 3811 3298 sibi

2105 3331 2470 3386 haereditario
2493 3331 2623 3400 jure
2655 3349 2684 3385 a
2723 3331 3040 3402 majoribus
3084 3331 3200 3385 suis
3245 3332 3629 3402 competebat,
3683 3331 3810 3401 epi-

2109 3421 2390 3491 scopalem
2423 3421 2617 3474 sedem
2659 3421 2879 3474 noviter
2909 3421 3214 3475 instituere
3245 3420 3604 3491 disponebat.
3639 3420 3811 3475 Unde

2107 3509 2392 3580 synodum
2462 3509 2723 3563 omnium
2801 3509 3205 3580 episcoporum
3258 3509 3319 3563 in
3363 3509 3805 3564 Francanavord

2103 3598 2375 3652 adunavit
2427 3597 2635 3668 scripta
2685 3599 2928 3652 Romani
3001 3597 3287 3668 pontiﬁcis
3345 3614 3518 3668 super
3568 3597 3678 3652 hoc
3750 3602 3810 3652 et

2104 3685 2328 3740 decreta
2361 3685 2655 3740 communi
2680 3685 3328 3756 judiciocomprobaret.
3375 3685 3480 3739 Cui
3518 3685 3803 3740 taxationi

2101 3774 2385 3846 insignem
2457 3775 2557 3829 Dei
2614 3791 2839 3830 servum
2903 3779 2959 3829 et
3015 3775 3326 3828 antistitem
3393 3775 3804 3829 Bernwardum

2102 3863 2288 3933 primo
2337 3863 2545 3934 regalis
2607 3862 2893 3934 majestas,
2995 3867 3119 3916 tum
3165 3862 3498 3934 episcopalis
3545 3863 3804 3933 dignitas

2100 3951 2375 4005 interesse
2407 3951 2590 4023 magis
2627 3951 2912 4021 prmeibus
2955 3951 3356 4022 postulabant;
3415 3967 3520 4005 nec
3574 3951 3798 4020 abnuit,

2101 4040 2241 4111 quin
2270 4040 2695 4110 promptissima
2727 4039 3074 4094 oboedientia
3137 4040 3415 4094 domuum
3458 4057 3652 4111 regem
3685 4041 3801 4094 ho-

2101 4129 2339 4183 noravit.
2366 4130 2644 4183 Reversus
2684 4145 2816 4182 vero
2857 4128 3539 4195 Hildenesheim,delatas
3570 4134 3800 4183 sancto-
3857 4157 3867 4166 -

290 4219 735 4274 occidentalibus
791 4217 982 4287 iGallis
1043 4234 1165 4272 rem
1220 4218 1507 4290 publicam
1562 4217 1986 4286 infestantibus,
2019 4217 2062 4272 D
2102 4233 2232 4272 rum
2261 4216 2532 4289 reliquias
2572 4217 2938 4272 veneratione
3002 4217 3286 4288 condigna
3321 4217 3626 4272 servandas
3653 4219 3804 4272 loca-

292 4308 446 4362 idem
498 4308 815 4378 imperator
894 4305 1193 4361 Heinricus
1257 4305 1680 4378 expeditionem
1725 4305 1990 4359 adversus

289 4395 632 4451 illosmovit.
695 4396 868 4465 Cujus
925 4411 1084 4448 arma
1131 4395 1492 4449 venerandus
1531 4393 1793 4464 pontifex
1850 4395 1992 4448 Ber-

296 4485 581 4550 nwardus,
624 4483 788 4554 juxta
835 4488 1186 4554 praeceptum
1228 4483 1478 4544 Domini,
1521 4498 1648 4553 quae
1699 4481 1797 4537 Dei
1827 4488 1992 4538 erant

298 4571 432 4637 Deo,
479 4588 609 4642 quae
650 4572 885 4626 Caesaris
929 4571 1136 4627 Caesari
1189 4571 1436 4627 ﬁdeliter
1479 4571 1802 4636 restituens,
1855 4587 1988 4626 cum

2101 4306 2198 4372 vit,
2253 4310 2431 4360 semet
2486 4305 2677 4377 ipsum
2749 4307 2809 4360 in
2856 4306 3238 4360 sanctimonia
3281 4307 3446 4360 solita
3495 4306 3803 4361 sollicitius

2100 4394 2305 4450 diatim
2345 4395 2613 4462 exercuit,
2665 4394 3028 4466 episcopatus
3093 4394 3181 4449 sui
3224 4395 3498 4449 terminos
3548 4394 3802 4466 antiqui-

2098 4489 2190 4539 tus
2235 4483 2500 4554 przeﬁxos
2543 4483 2737 4540 labore
2799 4483 2979 4539 nimio
3041 4488 3098 4539 et
3126 4483 3508 4539 sollicitudine
3549 4483 3806 4538 custodi-

2100 4573 2182 4627 vit
2214 4571 2306 4627 “‘1.
2385 4590 2389 4593 ·

1709 4701 1942 4754 VARle
1977 4702 2375 4758 LECTIONES.

365 4811 439 4850 ¹⁷¹⁶
496 4814 815 4890 conbusta
859 4814 1004 4868 deest
1035 4810 1256 4890 _t.‘__”~'j
1283 4828 1335 4868 a.
1371 4828 1426 4883 g.
1477 4829 1526 4866 r.
1562 4830 1732 4890 e._m.
1788 4831 1831 4868 s.
1882 4817 2004 4890 jam
2040 4833 2197 4890 erasa
2236 4821 2291 4871 2.
2373 4815 2443 4890 ίῖθ
2476 4816 2734 4890 regimen
2775 4820 2828 4872 2.
2911 4815 2983 4853 177
3016 4834 3243 4889 quoque
3263 4819 3314 4872 2.
3397 4817 3466 4854 ¹τ⁸
3497 4819 3590 4874 hoc
3633 4828 3804 4890 caput

289 4887 435 4941 deest
471 4889 522 4939 2.
595 4883 666 4920 “9
725 4900 963 4954 regnum
1026 4887 1074 4939 1.
1121 4881 1192 4917 ¹⁸⁰
1237 4885 1331 4938 hoc
1379 4881 1542 4953 caput
1594 4885 1741 4940 deest
1783 4890 1837 4940 2.
1884 4881 1986 4920 "3‘
2043 4889 2130 4942 hic
2184 4891 2244 4942 in
2285 4891 2338 4942 3.
2395 4889 2447 4941 4.
2483 4881 2568 4942 5.’
2600 4889 2851 4954 leguntur
2880 4881 3494 4944 nonnulla-Annalibus
3565 4881 3798 4948 Hidésh.

289 4975 344 5012 a.
398 4959 554 5012 1013.
587 4958 803 5029 innima,
854 4957 947 5011 sed
1000 4970 1118 5029 qua
1152 4969 1313 5029 _v_o_ces
1360 4955 1558 5029 beatus
1605 4962 1656 5010 et
1685 4962 1895 5010 sanctae
1940 4957 2086 5012 Hild.
2120 4958 2365 5012 civitatis
2403 4965 2680 5029 patronus
2720 4961 3112 5028 posterioribus
3164 4962 3371 5015 saeculis
3427 4963 3636 5014 inserta
3685 4978 3804 5018 esse

289 5031 476 5102 docent
509 5047 518 5081 :
556 5029 673 5102 Illis
705 5028 905 5102 diebus
937 5025 1278 5102 miserabilis
1311 5028 1644 5102 cunctisque
1701 5029 2158 5102 sanctematrisi
2184 5025 2422 5102 ecclesia
2456 5031 2612 5102 ﬁliis,
2669 5025 2944 5101 perpetuo
2978 5101 2981 5102 ν
3012 5031 3377 5084 lacrimabilis
3411 5032 3611 5096 luctus,
3661 5049 3799 5102 pec-

288 5101 428 5154 catis
465 5099 675 5154 nostris
706 5098 1080 5168 exigentibus,
1114 5100 1342 5168 exortus
1373 5102 1476 5161 est,
1506 5097 1585 5150 ita
1614 5103 1679 5151 ut
1707 5101 1772 5151 t2
1821 5099 2087 5153 Kalentas
2123 5100 2410 5156 Februarii
2444 5101 2635 5154 nobile
2669 5097 3090 5155 monasterium
3137 5110 3328 5156 sancte
3391 5097 3801 5158 Hildenne'nse-

290 5171 502 5243 mensis
549 5166 1128 5243 ecclesia—diabolica
1193 5166 1420 5243 fraudis
1461 5168 1660 5221 faculis
1701 5175 2146 5243 nostrorumque
2192 5173 2502 5225 criminum
2544 5173 2791 5226 ﬂammis
2843 5189 2990 5241 pene
3037 5173 3300 5226 incendio
3338 5175 3628 5243 perditum
3688 5182 3794 5229 est.

291 5242 433 5324 Itlam
471 5243 532 5295 in
564 5242 765 5324 eadem
791 5245 980 5305 nocte,
1011 5237 1193 5324 prime
1242 5238 1452 5317 quietis
1468 5243 1774 5324 tempore,
1812 5237 2229 5324 cunctis’l‘nfra‘
2260 5243 2461 5324 urbem
2493 5237 2982 5324 commorantibus
3021 5246 3204 5315 magis
3235 5237 3598 5324 peccatorum
3641 5261 3797 5315 pon-

291 5314 424 5367 dere
458 5313 655 5383 sopitis
685 5326 860 5382 quam
897 5309 1088 5364 somni
1119 5309 1353 5363 alterius
1382 5309 1610 5380 quietis,
1646 5309 1872 5376 deditis,
1908 5312 2141 5382 grandis
2170 5313 2268 5369 ille
2305 5314 2468 5368 dolor
2495 5314 2662 5368 nobis
2691 5313 2915 5369 miseris
2945 5309 3296 5386 supervenit.
3330 5315 3540 5370 Verum
3599 5309 3796 5372 sancte

1974 5435 2192 5490 NOTAE.

364 5533 472 5603 (55)
499 5532 636 5596 Quae
668 5548 735 5586 eo
767 5547 916 5586 anno
947 5530 1008 5583 in
1037 5530 1090 5584 d.
1124 5532 1186 5583 2t
1243 5527 1426 5584 Martii
1455 5528 1673 5584 incidit.
2161 5531 2272 5601 (56)
2301 5528 2560 5585 Turonis.
