3944 6326
148 297 252 350 425

1538 303 1695 359 VITA
1734 304 1786 357 S.
1832 302 2271 359 BERNWARDI.

3552 304 3655 358 426

220 414 312 467 42.
361 414 433 449 1⁸³
468 416 693 470 Interea
738 415 952 470 domna
986 418 1367 487 Rothegardis
1397 420 1587 490 dignae
1634 438 1849 475 memo-
1880 427 1923 477 A
1967 423 2308 476 dissidentes
2355 422 2502 477 forte
2538 424 2811 494 repperit,
2847 429 2947 477 aut
2990 425 3182 479 statim
3231 428 3656 499 reconciliabat,

150 501 252 556 ria).
309 504 789 557 Hildewardensis
848 506 1117 559 meclesia:
1163 507 1467 575 abbatissa,
1514 510 1854 563 venerabilis

152 593 481 646 Bernwardi
526 594 780 663 episcopi
828 602 1159 661 matertera,
1194 596 1419 650 diutina
1466 599 1718 667 corporis
1759 599 1853 651 iu-

149 681 429 735 ﬁrmitate
477 683 769 752 castigata,
821 684 1186 737 resolutionis
1231 701 1348 738 suae
1381 685 1532 739 diem
1567 687 1674 740 sibi
1704 703 1849 740 sem-

149 784 254 838 per
305 770 643 839 optabilem,
679 770 870 824 divino
912 776 972 824 ut
1004 772 1255 825 creditur
1298 772 1591 837 instinctu,
1640 773 1850 826 instare

149 858 441 926 cognovit.
495 859 650 912 Unde
683 859 740 911 in
771 860 1152 913 sacratissima
1182 866 1346 914 nocte
1394 862 1705 915 Dominicaa
1750 878 1849 915 na-

149 945 387 999 tivitatis
438 948 582 1014 (Dec.
627 948 720 1017 25)
770 948 836 1000 ad
873 948 1104 1001 missam
1147 967 1174 999 ι(
1211 950 1482 1002 Dominus
1523 950 1664 1003 dixit
1710 969 1736 1001 »
1789 951 1851 1003 in

149 1034 469 1088 (ecclesiam
499 1051 555 1087 se
585 1035 720 1088 ferri
753 1038 1027 1107 prmcepit
1055 1054 1068 1090 :
1102 1037 1296 1108 ibique
1332 1038 1614 1092 Dominiei
1658 1056 1851 1110 corpo-

149 1125 224 1177 ris
253 1141 323 1177 ac
352 1125 652 1194 sanguinis
679 1125 943 1179 viaticum
976 1127 1244 1196 percepit.
1283 1128 1438 1194 Inde,
1474 1126 1581 1182 rite
1608 1129 1850 1197 peractis

146 1214 438 1280 omnibus,
488 1213 677 1268 denuo
715 1215 782 1268 ad
813 1214 1023 1268 lectum
1055 1221 1347 1286 reportata
1390 1222 1494 1278 est,
1527 1218 1849 1273 convocatis

149 1302 444 1356 sororibus
494 1304 571 1357 ita
611 1319 808 1357 exorsa
856 1310 943 1358 est
974 1320 987 1357 :
1019 1306 1119 1357 Ere
1155 1306 1254 1359 hac
1286 1308 1401 1358 vita
1439 1322 1519 1360 me
1556 1307 1732 1371 hodie,
1766 1323 1849 1360 ca-

146 1395 401 1459 rissimae,
455 1409 558 1460 quo
613 1395 755 1446 Deus
798 1394 1028 1461 jusserit
1058 1396 1306 1460 invitari,
1355 1396 1504 1449 vobis
1548 1396 1847 1462 denuncio;

146 1481 237 1534 sed
268 1483 367 1534 hoc
408 1484 533 1551 quia
570 1484 723 1548 infra
759 1484 985 1551 majoris
1017 1486 1195 1537 missae
1235 1485 1554 1552 soltempnia
1599 1487 1847 1549 futurum

146 1585 257 1623 esse
303 1586 414 1624 non
460 1574 667 1636 ignoro,
720 1586 785 1624 ne
818 1586 927 1639 qua
975 1572 1155 1625 divini
1198 1574 1501 1638 famulatus
1535 1577 1632 1640 ﬁat
1677 1576 1845 1627 inter-

146 1661 352 1726 ruptio,
388 1674 501 1722 vos,
535 1659 727 1712 audita
750 1675 867 1712 mea
898 1665 1084 1725 morte,
1114 1663 1335 1714 minime
1359 1662 1573 1714 turbari
1601 1662 1843 1730 deposco.

150 1750 245 1801 Dei
290 1762 529 1815 namque
577 1752 725 1800 tanto
772 1750 939 1801 michi
982 1749 1191 1815 largius
1231 1751 1502 1803 aumilium
1549 1751 1851 1817 affuturum

149 1850 258 1888 esse
281 1836 509 1903 conﬁdo,
544 1838 594 1888 si
615 1835 769 1889 modo
790 1837 943 1889 nulla
971 1837 1087 1905 ejus
1117 1839 1330 1890 servitii
1359 1840 1461 1891 mei
1489 1853 1654 1891 causa
1681 1842 1850 1905 fuerit

150 1927 502 1977 intermissio.
557 1926 766 1977 Divinis
812 1927 996 1993 itaque
1042 1926 1373 1995 sollempniis
1414 1943 1481 1980 ex
1513 1943 1657 1981 more
1702 1944 1849 1982 com-

149 2014 333 2080 pletis,
394 2012 468 2064 ad
516 2013 976 2066 communiendam
1033 2016 1240 2068 exitum
1291 2031 1466 2069 meum
1531 2019 1849 2084 quantocius

151 2116 430 2153 occurrere
474 2102 750 2165 festinate,
799 2116 999 2169 suoque
1039 2106 1271 2156 creatori
1302 2107 1541 2157 animam
1584 2106 1849 2174 praacibus

152 2192 416 2241 attentius
467 2190 836 2263 commendare
892 2198 1096 2255 curate,
1141 2198 1483 2262 vestrumque
1532 2208 1738 2261 semper
1775 2195 1846 2259 fi-

152 2294 269 2332 nem
300 2283 606 2346 suspectum
636 2279 907 2347 habentes,
954 2282 1010 2333 in
1040 2281 1133 2333 illo
1160 2282 1431 2335 tremendo
1456 2281 1687 2349 judicio,
1722 2281 1851 2335 dum

154 2368 363 2421 licitum
395 2372 495 2435 est,
532 2383 632 2436 per
662 2368 798 2421 bona
830 2384 993 2437 opera
1020 2372 1121 2422 Deo
1152 2368 1331 2434 dignm
1368 2372 1605 2424 inveniri
1632 2373 1847 2436 satagi-

155 2462 212 2509 te.
249 2457 347 2511 llis
378 2456 564 2524 dictis,
616 2473 711 2511 eas
742 2462 1037 2527 stupentes
1078 2459 1322 2512 nimium
1376 2460 1586 2529 pariter
1631 2476 1696 2513 ac
1745 2460 1848 2512 mi-

153 2552 345 2598 rantes
390 2545 545 2598 abire
580 2546 859 2615 permisit.
896 2546 1054 2610 Quod
1101 2547 1233 2617 quia
1265 2548 1470 2617 spiritu
1513 2548 1849 2618 prophetico

153 2633 501 2704 praeviderit,
553 2634 637 2688 rei
701 2640 964 2705 patenter
1015 2635 1223 2699 exitus,
1253 2636 1519 2690 ostendit.
1576 2637 1739 2703 Nam,
1788 2642 1851 2690 ut

156 2724 517 2791 praedixerat,
565 2722 715 2776 infra
762 2722 1041 2792 majorem
1095 2723 1349 2791 missam,
1405 2723 1716 2794 incipiente
1761 2741 1847 2777 se-

152 2812 407 2882 quentia,
440 2817 635 2864 sancta
666 2812 819 2864 illius
869 2812 1060 2865 anima
1088 2813 1273 2866 carnis
1311 2817 1396 2866 est
1442 2814 1729 2882 ergastulo
1760 2830 1849 2866 so-

154 2900 287 2952 luta.
340 2900 500 2954 Unde
550 2901 849 2954 manifeste
898 2902 1068 2954 datur
1115 2901 1382 2971 intelligi,
1430 2902 1655 2956 beatam
1704 2903 1851 2956 hanc

152 2987 428 3041 feminam
457 2988 586 3057 plus
616 2988 831 3059 aliquid
861 2989 1080 3042 caeteris
1108 2990 1447 3043 mortalibus
1477 2990 1684 3043 divinae
1713 3007 1848 3060 gra-
1882 2983 1921 3037 C

152 3076 245 3129 tim
276 3076 626 3145 concepisse,
657 3076 747 3131 cui
792 3094 909 3131 non
942 3078 1126 3130 solum
1161 3094 1277 3131 suae
1316 3078 1501 3130 carnis
1546 3079 1850 3133 absolutio-

155 3182 281 3218 nem
314 3171 433 3219 tam
469 3165 762 3219 evidenter
793 3181 1125 3218 concessum
1157 3170 1240 3218 est
1277 3166 1543 3234 praescire
1574 3166 1847 3236 potuisse,

153 3271 353 3308 verum
384 3254 557 3307 etiam
605 3269 671 3306 eo
703 3253 793 3307 die
836 3254 1133 3323 prmsentis
1181 3255 1309 3306 vitae
1341 3253 1630 3308 miseriam
1670 3254 1847 3309 felici-

154 3349 239 3397 ter
267 3343 533 3408 evasisse,
585 3342 739 3412 qnod
772 3342 838 3396 ad
875 3358 1001 3395 eam
1050 3358 1155 3411 pro
1193 3341 1371 3395 totius
1419 3342 1621 3395 mundi
1668 3343 1848 3395 salute

153 3431 512 3485 tolerandam
563 3432 911 3500 Redemptor
939 3430 1177 3484 humani
1224 3430 1451 3499 generis
1482 3446 1544 3481 ex
1579 3429 1848 3483 inviolato

157 3520 400 3591 Virginis
469 3526 629 3574 utero
688 3519 1057 3574 inetlabiliter
1116 3519 1384 3589 prodiens
1444 3518 1697 3573 creditur
1750 3518 1847 3572 ad-

154 3610 395 3665 venisse.

220 3702 318 3754 43.
371 3701 535 3753 Anno
580 3702 771 3752 autem
818 3695 889 3730 ³⁸³
934 3695 1345 3750 incarnationis
1386 3694 1623 3749 Domini
1672 3694 1851 3747 nostri

150 3789 283 3842 Jesu
351 3785 561 3841 Christi
626 3785 930 3839 millesimo
996 3784 1263 3853 septimo,
1333 3799 1432 3836 rex
1493 3783 1851 3836 venerandus

157 3875 451 3930 llcinricus
500 3872 569 3907 1⁸⁸
617 3874 794 3927 totius
849 3872 1090 3926 Romani
1145 3872 1380 3941 imperii
1416 3871 1850 3941 potentissimus

156 3964 360 4017 Palitlii
408 3962 593 4016 natale
640 3961 869 4015 Domini
920 3958 991 3995 ¹⁸⁵
1031 3977 1160 4014 cum
1195 3961 1443 4013 maxima
1474 3959 1661 4029 gloria
1702 3958 1849 4013 cele-

156 4051 358 4106 bravit.
406 4052 777 4121 Quocumque
819 4066 952 4104 vero
1004 4048 1074 4083 ¹⁸⁶
1117 4047 1572 4119 sapientissimus
1596 4047 1851 4118 impera-

1963 514 2051 565 vel
2089 512 2135 564 si
2179 513 2487 582 quicquam
2539 512 2779 580 obstitit,
2824 520 2885 566 ut
2914 513 2972 567 id
3021 530 3136 567 non
3170 522 3363 584 posset
3409 518 3655 583 efﬁcere,

1963 615 2281 669 numquam
2315 607 2505 654 mente
2543 601 2806 667 feriabat,
2841 602 3019 655 donec
3052 603 3325 655 violatam
3364 604 3656 659 caritatem

1964 688 2325 742 reformabat.
2372 690 2530 753 Quod
2581 690 2753 743 etiam
2801 695 2938 743 tunc
2966 690 3025 743 in
3057 690 3181 759 ipso
3229 692 3371 745 festo
3404 692 3649 761 singula-

1964 776 2042 830 ris
2075 779 2389 832 nativitatis
2438 779 2623 832 facere
2672 777 2743 812 1⁸⁸
2783 780 3099 849 prudenter
3142 780 3346 833 institit
3390 778 3479 835 1⁸9.
3518 782 3656 835 Nam

1962 871 2122 920 vetus
2172 867 2390 934 odium,
2460 868 2612 937 quod
2682 868 3149 938 archiepiscopus
3212 869 3533 939 Willegisus
3587 872 3657 923 ad

1962 952 2585 1010 Hildenesheimensem
2630 957 3033 1009 Bernwardum
3079 956 3415 1026 episcopum
3466 954 3536 990 19°
3576 959 3656 1011 le-

1960 1042 2123 1095 vibus
2179 1044 2247 1097 de
2304 1044 2488 1097 causis
2519 1049 2878 1114 conceptum,
2933 1044 3095 1097 saevis
3142 1045 3360 1098 irarum
3409 1044 3657 1099 stimulis

1959 1130 2473 1186 inremediabiliter
2519 1132 2622 1185 sub
2672 1138 2861 1186 mente
2908 1132 3215 1198 nutriebat,
3267 1134 3473 1205 sapius
3514 1134 3657 1188 deli-

1959 1218 2084 1272 nire
2127 1221 2381 1289 cupiens,
2443 1221 2802 1274 animositate
2840 1220 2992 1273 illius
3034 1220 3215 1274 victus
3263 1222 3500 1277 destitit.
3553 1223 3655 1276 Ve-

1960 1313 2283 1362 rumtamen
2317 1324 2507 1362 coram
2541 1308 2735 1362 multis
2783 1308 3061 1378 episcopis
3112 1308 3353 1379 aliisque
3385 1309 3654 1380 principi-

1957 1396 2085 1464 bus,
2119 1397 2219 1467 qui
2247 1394 2313 1430 ¹⁹¹
2349 1398 2416 1451 ad
2460 1397 2741 1466 palatium
2775 1397 2834 1450 in
2865 1397 2962 1450 illa
3012 1382 3304 1467 praecipua
3350 1398 3655 1452 festivitate

1959 1487 2345 1552 confluebant,
2392 1486 2554 1539 illum
2591 1484 2659 1518 ¹⁹²
2705 1485 3070 1551 conveniens,
3119 1490 3278 1538 tanta
3320 1488 3655 1540 auctoritate

1959 1572 2332 1645 pertinaciam
2365 1572 2545 1625 animi
2575 1572 2730 1626 illius
2766 1570 2836 1605 ³9³
2874 1572 3049 1641 digna
3082 1572 3401 1627 invectione
3432 1575 3655 1627 confre-

1960 1663 2062 1733 git,
2096 1668 2159 1715 ut
2205 1678 2264 1714 se
2303 1666 2598 1731 totamque
2646 1660 3094 1714 controversiam
3143 1661 3298 1714 illius
3337 1661 3556 1730 judicio
3604 1667 3659 1715 et

1959 1753 2202 1805 fratrum
2251 1750 2611 1803 submitteret
2645 1747 2737 1817 19",
2793 1749 2935 1803 etin
2981 1750 3140 1802 nullo
3186 1750 3271 1803 vel
3322 1750 3444 1819 ejus
3482 1752 3657 1819 jussis

1959 1840 2047 1893 vel
2094 1839 2337 1892 fratrum
2389 1838 2535 1891 votis
2580 1838 2831 1891 obstaret
2880 1833 2969 1890 ‘95.
3031 1836 3247 1890 Deinde
3301 1837 3647 1906 sapientissi-

1960 1943 2087 1981 mus
2134 1944 2234 1980 rex
2274 1926 2483 1996 saepius
2519 1926 2894 1996 interceptam
2947 1924 3015 1958 ‘95
3051 1925 3658 1979 Gandenesheimensis

1960 2015 2213 2068 ecclesias
2266 2014 2683 2068 dedicationem
2729 2015 2787 2067 in
2849 2014 3045 2084 vigilia
3102 2014 3427 2083 epiplianiee
3471 2014 3656 2067 Domi-

1962 2102 2022 2155 ni
2071 2102 2301 2166 indixit,
2346 2118 2475 2172 quai
2521 2107 2658 2155 tune
2702 2100 2892 2171 prima
2937 2100 3079 2154 feria
3111 2100 3425 2154 Dominicaa
3469 2116 3653 2153 resur-

1960 2191 2227 2244 rectionis
2275 2190 2513 2259 accidit;
2563 2191 2905 2244 velationem
2950 2188 3121 2243 etiam
3178 2189 3515 2242 ancillarum
3558 2190 3655 2242 Dei

1959 2279 2019 2332 in
2059 2280 2183 2349 ipsa
2213 2279 2305 2333 die
2336 2279 2797 2349 epiphaniarum.
2853 2277 3203 2331 Venerabilis
3232 2278 3408 2346 igitur
3438 2278 3653 2347 episeo-

1962 2385 2068 2439 pus
2112 2369 2480 2422 Bernwardus
2521 2367 2872 2436 Willegisum
2917 2365 3415 2436 archiepiscopum
3456 2374 3509 2419 et
3543 2382 3656 2419 eaa—

1962 2463 2112 2510 teros
2174 2456 2377 2510 fratres
2443 2456 2503 2509 in
2567 2457 2843 2509 auxilium
2898 2454 2986 2508 sui
3043 2456 3113 2508 ad
3172 2455 3656 2507 consecrationem

1961 2544 2309 2616 praescripta:
2361 2545 2630 2597 ascclesize
2683 2544 2945 2597 invitavit
3004 2544 3126 2611 (an:
3174 2544 3327 2609 1007,
3381 2543 3517 2594 Jan.
3579 2542 3652 2610 5).

1962 2635 2073 2687 Nec
2107 2648 2288 2697 mora,
2341 2633 2500 2686 adest
2546 2648 2703 2685 sacra
2733 2630 3166 2700 sollempuitas;
3212 2628 3655 2682 consecrationis

1961 2722 2216 2775 misteria
2257 2737 2322 2774 ex
2349 2725 2634 2790 praecepto
2666 2719 2864 2774 domni
2893 2718 3220 2773 Bernwardi
3253 2717 3505 2787 episcopi
3535 2717 3656 2770 dis-

1962 2815 2282 2880 ponuntur;
2331 2810 2477 2862 ﬁunt
2519 2809 2716 2862 omnia
2764 2808 3013 2861 fraterna
3055 2805 3308 2869 caritate,
3352 2805 3430 2858 ita
3472 2810 3535 2858 ut
3562 2821 3651 2858 ar-

1960 2898 2354 2970 chiepiscopus
2392 2898 2451 2950 in
2500 2896 2827 2967 aspersione
2876 2895 3128 2966 primum
3177 2896 3363 2947 locum
3412 2899 3652 2959 teneret,

1960 2995 2169 3042 etcum
2201 2988 2299 3041 illo
2348 2988 2648 3057 episcopus
2692 2985 3087 3039 Bernwardus.
3130 2985 3191 3037 ln
3221 2982 3474 3036 aecrlesia
3521 2998 3654 3035 vero

1962 3076 2103 3146 ipse,
2135 3077 2296 3145 cujus
2326 3075 2627 3146 parrochia
2656 3080 2796 3139 erat,
2830 3072 3085 3126 misteria
3121 3068 3189 3105 ¹⁹⁷
3219 3070 3655 3125 consecrationis

1962 3165 2233 3219 fratribus
2280 3163 2675 3234 dispensabat;
2709 3162 2962 3233 primum
2994 3176 3242 3230 namque
3275 3161 3520 3230 gradum
3560 3159 3653 3212 ille

1963 3251 2277 3306 obtinebat.
2326 3251 2571 3322 Expletis
2614 3251 2806 3321 itaque
2860 3248 2958 3302 Dei
3001 3249 3182 3317 gratia
3230 3248 3496 3300 omnibus
3535 3246 3655 3300 fra-

1962 3346 2123 3394 terna
2157 3341 2410 3399 caritate,
2458 3356 2549 3392 rex
2601 3356 2728 3392 cum
2773 3337 3197 3406 archiepiscopo
3227 3342 3284 3388 et
3315 3336 3535 3388 caeteris
3583 3334 3651 3387 ad

1965 3430 2237 3499 populum
2274 3444 2626 3498 progressus,
2663 3427 2741 3480 sic
2770 3430 3105 3495 prosecutus
3136 3429 3220 3478 est
3252 3440 3265 3477 :
3300 3426 3652 3486 Diuturnam,

1962 3520 2195 3588 peccatis
2247 3517 2552 3585 agentibus,
2601 3516 3041 3578 controversiam,
3092 3514 3371 3566 karissimi
3416 3508 3508 3577 ‘93,
3561 3512 3652 3565 ho-

1965 3607 2052 3660 die
2104 3606 2363 3675 deponere
2392 3610 2442 3658 et
2490 3606 2781 3658 terminare
2829 3602 3095 3656 debemus.
3148 3601 3392 3668 Agnosco
3437 3601 3578 3653 enim
3605 3605 3657 3653 et

1962 3698 2070 3749 scio
2128 3696 2263 3747 hanc
2309 3694 2604 3747 ecclesiam
2650 3697 2701 3746 et
2755 3691 3067 3759 adjacentes
3126 3690 3289 3743 vittas
3345 3688 3419 3742 ad
3467 3687 3653 3742 Hilde-

1961 3784 2342 3837 nesheimenses
2395 3784 2669 3853 episcopos
2729 3795 2937 3849 semper
2989 3780 3276 3848 pertinere,
3328 3783 3377 3829 et
3425 3778 3492 3830 ab
3543 3778 3654 3830 illis

1962 3872 2162 3940 absque
2191 3871 2613 3925 contradictione
2650 3884 2955 3938 possessam
2983 3883 3093 3931 esse
3125 3864 3214 3918 199.
3250 3869 3334 3919 Ad
3380 3866 3503 3919 haec
3533 3880 3656 3918 ver-

1963 3958 2035 4011 ba
2094 3957 2459 4027 imperatoris
2526 3956 2846 4026 Willegisus
2913 3954 3371 4024 archiepiscopus
3428 3953 3653 4007 tandem

1965 4047 2063 4101 Dei
2095 4046 2305 4115 pietate
2348 4046 2409 4098 in
2442 4061 2500 4098 se
2547 4044 2792 4109 rediens,
2826 4047 2883 4096 et
2929 4042 3201 4113 quicquid
3253 4040 3486 4111 proprio
3526 4057 3655 4095 rea-

155 4157 247 4195 ror
280 4138 349 4173 ¹⁸⁷
384 4156 484 4194 ora
508 4140 592 4193 sui
627 4138 990 4193 sacratissimi
1018 4139 1204 4192 vultus
1233 4137 1601 4203 circumtulit,
1629 4136 1676 4189 si
1702 4153 1844 4206 quos
1879 4137 1920 4190 D
1961 4140 2022 4189 tu
2052 4136 2140 4189 vel
2169 4135 2412 4188 aliorum
2443 4132 2715 4186 instinctu
2746 4131 2805 4184 in
2836 4132 3015 4185 Deum
3039 4137 3093 4184 et
3120 4133 3373 4183 sanctam
3405 4129 3528 4198 ejus
3559 4128 3657 4182 Ge—

1575 4323 1810 4377 VARI/E
1849 4320 2242 4375 LECTIONES.

159 4498 258 4553 Dei
307 4495 604 4554 Genitricis
660 4495 985 4549 interventu
1034 4498 1481 4563 sanctorumque
1528 4487 2001 4563 nostrorumpie
2048 4490 2279 4563 precatu
2327 4485 2403 4556 (a)
2441 4483 2791 4563 dominique
2839 4482 3030 4563 nostri.
3076 4478 3419 4563 venerabilis
3481 4481 3655 4563 Bern-

156 4551 639 4639 vvardi—iepiscolii
671 4566 1050 4639 acerbissimo
1103 4551 1597 4639 plorat_u,_.omnis
1654 4562 1752 4614 ille
1809 4551 2116 4639 vehemens
2147 4551 2602 4639 .ardorfdivini
2656 4551 2801 4639 roris
2859 4553 3148 4639 infusione
3200 4551 3488 4639 extinctus
3549 4556 3656 4615 est,

156 4638 213 4695 et
242 4642 383 4694 illud
417 4624 737 4692 i'enerabile
785 4638 1064 4706 templum
1104 4624 1348 4706 ‘mansit'
1373 4634 1683 4706 incolume,
1731 4637 2020 4706 servatum
2065 4627 2161 4706 Dei
2199 4626 2565 4706 gratia,___nisi
2621 4626 2775 4695 quod
2810 4624 2973 4706 nobis
3017 4628 3293 4706 perpetuo
3339 4628 3424 4676 est
3453 4624 3656 4703 lugen-

158 4693 315 4775 dum,
363 4693 531 4781 quod
585 4725 713 4762 cum
770 4693 1192 4777 preciosissimo
1252 4704 1489 4781 missali_
1533 4693 1872 4781 ornamento
1930 4693 2345 4781 inexplicabilis
2402 4693 2685 4781 librorum
2728 4696 2900 4781 ‘copia
2958 4693 3429 4781 peiriiﬁqposque
3488 4693 3660 4764 spiri-

158 4766 610 4836 tualiiim‘nostri
658 4766 952 4832 arm‘orum
1001 4778 1250 4831 inermes
1282 4775 1536 4846 reliquit.
1592 4774 1723 4844 Ipso
1757 4788 1988 4843 quoque
2022 4766 2178 4846 anno
2218 4770 2414 4846 beatus
2446 4766 2817 4846 Dernarardus
2866 4772 3056 4820 sancte
3101 4766 3659 4846 Hildeiinensemen-

159 4835 234 4905 sis
270 4852 513 4905 civitatis
576 4850 651 4919 (b)
704 4856 999 4920 patronus,
1054 4835 1638 4920 sequentiomnium-
1672 4835 2020 4920 sanctor-uin
2055 4839 2376 4920 festivitatis
2432 4838 2764 4920 d‘ie,“a_ltare
2820 4852 3119 4920 summum
3165 4842 3366 4920 san-etc.
3417 4835 3515 4889 Dei
3554 4835 3659 4887 Ge-

158 4924 398 4988 nitricis,
449 4905 844 4991 quiod,'p'roch
883 4905 1068 4973 dolor!
1120 4905 1364 4991 peccatis
1405 4916 1614 4991 nostris
1646 4912 2145 4991 promerentibus,
2171 4910 2380 4991 valida,
2422 4909 2737 4991 nt__dictum
2771 4912 2873 4974 est,
2918 4905 3482 4991 .ignis‘inundacioq‘e
3521 4920 3660 4958 con-

160 4978 398 5048 fractuni
439 4978 561 5047 erat
599 4978 964 5044 devotissima
1013 4978 1217 5043 meritis
1250 4988 1598 5047 inteneione,
1634 4978 1670 5040 4ἷ
1698 4987 1885 5039 Nonas
1917 4983 2250 5038 Novembris
2280 4983 2339 5034 in
2384 4980 2588 5033 melius
2620 4979 3049 5048 restauravitiet
3078 4978 3387 5040 benedixit,
3429 4978 3659 5048 Deoque

162 5046 461 5135 accepcius
499 5062 944 5135 hominibusque
1002 5060 1349 5135 laudabilius
1393 5058 1539 5135 auri,
1582 5046 1804 5135 argenti
1856 5068 2333 5135 gemmarumque
2371 5051 2638 5135 plaritante
2688 5049 2898 5135 effecit;
2941 5047 3158 5135 mutuae
3202 5052 3369 5135 caput
3416 5046 3560 5135 dies}
3604 5048 3656 5135 2Σ

167 5113 447 5189 iis"$é}l}'
473 5113 1167 5188 νψίθίὴάθεξιήᾎηΠ¹⁸⁸
1224 5132 1281 5184 D.
1332 5113 1813 5183 celebravitvcum
1856 5113 2073 5196 magno
2124 5113 2337 5197 honore
2370 5126 2424 5176 2.
2517 5119 2600 5197 ff“
2632 5127 2823 5174 autem
2976 5116 3090 5197 η¹⁸⁷
3115 5135 3220 5197 rex
3262 5113 3327 5197 2.⁸
3416 5113 3487 5150 1⁸⁸
3517 5116 3662 5169 deest

164 5210 214 5261 2.
265 5205 337 5241 “’9
358 5211 438 5259 ita
476 5208 526 5259 2.
562 5204 813 5257 instituit
849 5219 985 5257 corr.
1021 5201 1228 5256 institit
1262 5205 1309 5255 1.
1389 5197 1461 5234 ¹⁹⁰
1491 5189 2001 5252 hildheseimenses
2050 5196 2432 5265 episcopos2.
2513 5189 2580 5226 ¹⁹¹
2608 5207 2805 5265 verum
2854 5189 3217 5265 dissidentes
3241 5189 3661 5265 episcoposnpo-

164 5256 283 5331 ram
332 5256 747 5345 fratribusiqui
799 5256 893 5329 2.77
934 5273 1004 5308 ¹⁹²
1036 5274 1180 5327 deest
1206 5275 1261 5345 2.
1307 5342 1321 5345 _
1364 5269 1437 5305 19³
1468 5268 1843 5345 pertinaciam
1878 5256 2109 5322 illorum
2246 5256 2263 5265 ’
2292 5264 2381 5345 19⁸.
2411 5263 2839 5345 summitterent
2867 5264 2920 5316 2.
3002 5259 3073 5293 ¹⁹⁵
3100 5256 3324 5314 obstare
3370 5261 3423 5312 2.
3506 5256 3577 5291 ¹⁹⁶
3616 5273 3659 5312 s.

168 5350 205 5402 i.
236 5350 428 5403 desunt
449 5352 504 5402 2.
583 5335 999 5400 ‘W‘ministeria
1036 5347 1095 5399 2.
1182 5342 1255 5377 ¹⁹⁸
1285 5342 1428 5397 deest
1461 5335 1506 5396 t.
1584 5337 1655 5374 ‘99
1685 5340 1751 5394 ad
1786 5339 1906 5394 haec
1927 5354 2096 5407 usque
2126 5337 2318 5391 dicens
2344 5335 2539 5391 desunt
2569 5337 2621 5387 2.

238 5528 310 5595 (a)
342 5524 379 5577 S
433 5540 491 5577 n.
522 5523 830 5592 deprecatu
857 5520 911 5576 4.
1876 5512 1951 5581 (b)
1979 5511 2224 5566 Ecclesia
2256 5512 2307 5564 4.

526 5629 802 5694 ΡΑΤΒΟῙ..
856 5625 1033 5692 CXL.
3276 5616 3356 5672 «14
