3944 6316
168 327 269 379 429
1546 326 1708 382 νιΤΑ
1749 328 1803 382 S.
1850 330 1864 383 I

2047 331 2193 385 WAR
2204 332 2293 385 DI.
3564 337 3670 391 430

164 450 447 517 praesente
493 447 707 501 domno
745 446 820 481 ²¹⁹
865 447 1128 502 Heinrico
1179 447 1592 518 benignissimo
1633 448 1708 483 ²²⁰
1757 450 1862 503 im-
1898 454 1942 505 A
1983 454 2099 507 Hoc
2130 457 2321 507 autem
2352 469 2471 524 pra:
2500 452 2816 507 devotionis
2843 470 2986 524 opus
3017 471 3186 526 quam
3222 460 3442 512 mature
3475 459 3667 513 animo

164 542 429 606 peratore
476 542 534 589 et
582 536 819 589 diversis
869 536 1166 607 episcopis,
1214 553 1344 591 cum
1393 536 1709 591 astantibus
1750 539 1862 591 cle-

162 624 293 677 ricis
326 629 384 678 et
425 624 673 695 populis,
721 640 792 678 ne
821 631 947 694 post
997 629 1324 695 susceptum
1365 625 1625 695 regimen
1657 630 1863 679 sanctae

163 712 719 766 llildenesheimensi
765 712 1031 767 aacclesias
1077 714 1314 768 inferret
1364 714 1635 783 injuriam
1693 730 1865 784 super

162 802 471 871 parrochia
516 801 969 856 Gandenesbeim
1015 802 1183 856 dicta.
1234 803 1393 866 Quod
1426 802 1483 855 id
1527 802 1718 871 ipsum
1758 801 1865 856 ite-

162 906 292 943 rum
334 890 405 923 ²²¹
460 889 689 959 repetiit
719 894 775 943 et
824 890 1203 957 confirmavit,
1251 891 1387 945 dum
1435 891 1598 944 illum
1641 891 1714 924 ²²²
1748 891 1863 943 vice

163 994 259 1031 sua
332 977 391 1031 in
459 977 954 1048 archiepiscopum
1019 979 1363 1033 venerabilis
1437 980 1509 1012 “3
1570 979 1861 1049 Eggehar—

163 1067 267 1119 dus
301 1067 380 1100 ²²⁴
407 1066 707 1136 episcopus
736 1068 1106 1120 consecravit.
1137 1066 1243 1121 Sed
1274 1067 1427 1137 quod
1456 1072 1591 1120 tunc
1623 1067 1863 1121 subdole

162 1156 451 1225 promisit,
521 1160 815 1224 grassante
867 1155 1117 1209 stulticia
1171 1160 1301 1226 post
1354 1155 1576 1209 fefellit.
1621 1157 1684 1209 In
1744 1155 1865 1224 ipsa

165 1243 320 1296 enim
379 1244 745 1313 promotione
806 1259 907 1296 sua
982 1241 1055 1276 ²²⁵
1120 1243 1397 1297 domuum
1464 1243 1862 1297 Bernwardum

165 1332 500 1402 episcopum
532 1331 665 1385 ficta
710 1348 847 1402 pace
874 1348 979 1402 per
1009 1333 1258 1401 legatum
1291 1348 1459 1385 suum
1489 1331 1775 1397 convenit,
1810 1338 1865 1385 et

165 1437 270 1491 per
349 1422 493 1475 falsa
568 1420 837 1475 salutaria
909 1420 1333 1491 querimoniam
1400 1437 1572 1490 super
1642 1422 1865 1475 Gande-

167 1510 429 1563 nesheim
476 1510 791 1580 temptavit.
822 1510 923 1564 Cui
964 1510 1210 1563 domnus
1240 1509 1611 1562 Bernwardus
1641 1510 1862 1579 episco-

164 1614 289 1668 pus,
343 1598 535 1652 divina
565 1598 938 1668 inspiratione
972 1598 1186 1664 doctus,
1221 1614 1337 1650 non
1388 1598 1508 1668 ejus
1534 1598 1862 1668 vaniloquio

165 1687 490 1752 attendens,
548 1685 911 1756 obligationis
967 1702 1081 1739 sum
1131 1686 1435 1739 anathema
1499 1686 1585 1739 illi
1632 1686 1857 1746 retexit,

164 1774 380 1841 dicens,
411 1773 517 1827 sibi
564 1774 643 1827 nil
691 1790 998 1827 commune
1028 1790 1157 1827 cum
1191 1774 1288 1827 illo
1334 1773 1408 1807 ²²⁶
1453 1791 1596 1842 esse,
1629 1774 1673 1828 si
1719 1776 1860 1829 bene

165 1864 355 1930 vellet,
391 1863 502 1916 nisi
532 1879 599 1916 ea
636 1879 763 1933 quae
797 1862 893 1917 Dei
928 1868 1145 1927 essent;
1180 1863 1249 1915 de
1279 1862 1578 1932 parrochia
1629 1879 1759 1916 vero
1789 1862 1861 1896 ²²⁷

164 1968 266 2004 sua
315 1951 530 2022 absque
583 1952 757 2005 dubio
804 1950 980 2005 nichil
1025 1950 1133 2004 sibi
1178 1952 1431 2004 cessisse.
1482 1952 1593 2004 Hac
1624 1966 1861 2020 respon-

163 2042 325 2095 sione
384 2040 700 2095 obstruitur
754 2040 1102 2094 machinatio
1168 2038 1618 2110 archiepiscopi;
1675 2043 1731 2092 et
1788 2038 1863 2072 ³³⁸

165 2146 340 2200 super
368 2129 474 2183 hac
518 2146 578 2183 re
607 2145 711 2183 nec
751 2126 826 2163 9’9
856 2129 1064 2182 mutire
1106 2126 1181 2161 93°
1211 2128 1444 2197 quidem
1485 2144 1659 2181 ausus
1690 2132 1774 2182 est
1804 2129 1860 2181 in

167 2218 280 2270 vita
310 2216 655 2270 venerabilis
684 2215 1004 2270 Bernwardi
1032 2216 1287 2285 episcopi
1317 2216 1387 2249 ²³¹
1420 2214 1548 2285 (57).

234 2305 305 2357 49
332 2304 428 2356 ²³².
458 2306 621 2357 Anno
655 2305 891 2373 perinde
932 2305 1200 2371 secundo,
1235 2306 1340 2358 hoc
1371 2311 1474 2371 est,
1503 2320 1653 2358 anno
1681 2305 1863 2358 incar-

167 2390 415 2444 nationis
445 2390 755 2445 Dominicas
789 2394 945 2458 1022,
974 2392 1140 2462 regni
1172 2398 1360 2446 autem
1387 2393 1583 2446 domui
1616 2393 1864 2446 Heinrici

164 2479 531 2548 imperatoris
560 2483 650 2548 21,
682 2479 1061 2533 ordinationis
1089 2496 1223 2534 vero
1255 2481 1576 2535 Bernwardi
1614 2481 1863 2551 episcopi

167 2570 249 2629 30,
301 2567 615 2622 indictione
675 2571 724 2634 5,
783 2571 813 2621 3
873 2556 1153 2622 Kalendas
1211 2569 1468 2623 Octobris
1523 2570 1695 2639 (Sept.
1752 2570 1859 2635 29).

167 2655 561 2725 supradictum
608 2656 1043 2721 monasterium,
1087 2657 1154 2710 ad
1189 2656 1495 2711 utilitatem
1531 2658 1862 2711 monasticae

165 2742 294 2795 vitae
334 2749 745 2811 constructum,
793 2744 1232 2814 multiplicique,
1283 2745 1440 2798 velut
1478 2744 1645 2798 hodie
1680 2750 1859 2815 patet,

167 2834 373 2884 ornatu
425 2832 764 2902 perfectum,
817 2832 1139 2887 dedicatum
1188 2837 1272 2886 est
1313 2848 1443 2886 cum
1492 2832 1650 2886 omni
1691 2834 1861 2886 devo-

164 2920 319 2974 tione
363 2921 772 2974 azcclesiasticaa
816 2920 1113 2991 religionis
1157 2938 1190 2975 a
1231 2922 1558 2975 venerando
1603 2922 1860 2990 ejusdem

165 3009 432 3062 Ecclesia:
478 3010 767 3078 provisore
817 3010 1158 3063 Bernwardo
1206 3008 1500 3078 pontifice,
1553 3013 1611 3063 et
1651 3010 1721 3063 ab
1758 3009 1858 3063 ho-
1893 2994 1932 3049 Ο

164 3095 409 3148 norabili
482 3096 761 3149 Unewano
828 3095 1231 3165 archipraasule
1282 3097 1862 3165 Hammenburgeusis

162 3185 449 3250 (ecclesiae,
503 3184 573 3237 ab
626 3185 956 3254 Eggehardo
1004 3184 1369 3239 Sleswicense
1419 3185 1702 3255 episcopo,
1746 3189 1802 3238 et
1831 3203 1863 3239 a

166 3274 433 3326 Beunone
466 3274 955 3343 Aldenburgensis
986 3274 1254 3327 aecclesiae
1281 3274 1735 3327 reverentissimo
1769 3290 1864 3326 an-

166 3361 359 3427 tistite,
395 3361 454 3415 in
484 3362 701 3416 honore
732 3362 1036 3416 Salvatoris
1068 3362 1296 3416 Domini
1326 3362 1506 3416 nostri
1534 3364 1666 3416 Jesu
1701 3362 1861 3416 Chri-

166 3452 253 3517 sti,
287 3455 345 3504 et
373 3452 495 3520 ejus
524 3450 895 3505 sanctissima),
926 3452 1226 3505 Geuitricis
1253 3467 1594 3523 semperque
1616 3451 1863 3521 Virginis

166 3539 377 3608 Mariae,
409 3556 475 3592 ac
503 3539 781 3594 salutiferi
812 3539 955 3609 ligni
982 3540 1285 3595 adoranda:
1317 3545 1371 3594 et
1397 3540 1633 3593 viviticae.
1658 3539 1860 3603 crucis,

165 3633 220 3681 et
244 3628 314 3682 ad
348 3628 593 3698 speciale
622 3628 1005 3698 patrocinium
1057 3628 1237 3681 sancti
1266 3628 1592 3682 Michahelis
1622 3628 1862 3681 archan-

166 3714 298 3785 geli,
349 3716 641 3785 totiusque
692 3715 913 3768 militia:
947 3715 1091 3783 caeli,
1143 3719 1197 3769 et
1247 3716 1315 3769 ad
1348 3715 1576 3769 laudem
1629 3730 1864 3768 venera-

164 3803 337 3856 tionis
368 3804 627 3857 omnium
658 3808 987 3857 sanctorum
1021 3804 1137 3857 Dei.

236 3893 322 3945 50.
395 3892 502 3945 Sed
553 3907 686 3946 mox
755 3892 1013 3961 ejusdem
1072 3891 1408 3946 monasterii
1469 3891 1864 3945 habitaculum

165 3980 537 4034 commissum
584 3986 670 4035 est
715 3981 787 4035 ad
816 3982 1135 4051 regendum
1183 3980 1402 4035 abbatis
1447 3980 1634 4035 ofﬁcio
1682 3980 1864 4035 Gode-

163 4085 403 4131 rammo,
436 4069 679 4123 coenobii
697 4070 875 4123 sancti
901 4070 1262 4123 Pantaleouis
1284 4070 1611 4140 praeposito.

235 4162 323 4212 51.
355 4158 605 4213 Tandem
653 4175 786 4212 vero
818 4158 999 4212 sancti
1043 4158 1371 4213 Michahelis
1418 4158 1732 4212 mcclesiam
1781 4156 1865 4211 vir

1974 540 2305 608 intenderit,
2357 558 2470 613 quo
2514 542 2736 597 fervore
2785 548 2945 596 nacta
3006 544 3390 613 oportunitate
3437 563 3667 617 aggres-

1975 646 2070 683 sus
2102 630 2193 697 sit,
2244 647 2358 701 qua
2404 630 2697 699 vigilantia
2736 635 2794 684 et
2845 630 3175 686 assiduitate
3224 633 3513 699 institerit,
3556 652 3669 706 qua

1975 718 2211 772 caritate
2258 719 2657 772 sufﬁcientiam
2710 720 3059 773 exteriorum
3091 721 3143 773 ei
3186 722 3519 791 providerit,
3557 740 3668 793 qua

1976 806 2235 860 libertate
2292 807 2688 875 construxerit,
2761 824 2875 877 qua
2935 810 3272 863 auctoritate
3335 810 3665 877 ﬁrmaverit,

1976 898 2256 965 quantum
2297 895 2471 949 etiam
2526 896 2648 965 ipse
2688 895 2922 949 interim
2962 896 3155 951 divino
3204 902 3386 951 tactus
3436 899 3669 952 verbere

1974 983 2295 1053 profecerit,
2352 983 2531 1054 ipsius
2587 983 2774 1037 verbis
2825 985 3032 1038 melius
3087 987 3468 1055 proferemus.
3526 988 3670 1041 Dicit

1975 1071 2130 1124 enim
2157 1072 2279 1140 ipse
2311 1071 2369 1124 in
2401 1071 2700 1143 privilegio
2739 1072 2923 1125 eidem
2955 1073 3217 1127 coenobio
3249 1074 3417 1128 dato:

2047 1176 2075 1207 ‹‹
2117 1159 2315 1212 Omnis
2346 1164 2604 1214 creatura
2635 1161 2807 1214 homo
2834 1161 3065 1215 nomine
3093 1161 3221 1215 ideo
3252 1178 3285 1215 a
3314 1177 3415 1215 suo
3440 1162 3667 1217 condita

1975 1267 2001 1293 »
2045 1250 2130 1299 est
2172 1248 2461 1314 Creatore,
2501 1256 2565 1302 ut
2616 1248 2777 1316 juxta
2831 1249 3004 1303 ritum
3046 1252 3267 1303 naturae
3321 1251 3511 1319 potius
3566 1267 3668 1304 suo

1980 1356 1999 1383 ι
2046 1334 2254 1389 serviat
2282 1336 2532 1390 Creatori
2565 1352 2735 1406 quam
2781 1342 3075 1392 creaturae.
3109 1338 3282 1408 Cujus
3312 1338 3667 1393 habitudinis

1977 1441 2002 1473 ι)
2045 1427 2225 1477 status
2254 1424 2391 1477 dum
2422 1424 2486 1478 ﬁt
2512 1440 2704 1478 rerum
2729 1424 2971 1478 discolor
3001 1442 3152 1490 usus,
3184 1426 3443 1480 animum
3472 1431 3665 1480 tamen

1980 1530 2004 1562 ι)
2045 1511 2284 1565 rationis
2332 1517 2653 1582 compotem
2689 1528 2916 1583 semper
2944 1513 3188 1567 reﬂectit
3217 1514 3287 1567 ad
3330 1531 3447 1567 suae
3476 1515 3667 1568 condi-

1976 1617 2003 1648 »
2046 1598 2219 1652 tionis
2262 1600 2575 1653 tramitem.
2621 1602 2726 1654 Sed
2771 1618 2885 1671 quo
2919 1601 3164 1669 amplius
3211 1618 3498 1673 quemque
3540 1619 3666 1656 cor-

1976 1707 2001 1735 »
2044 1688 2255 1742 rexerit
2307 1688 2555 1743 divinior
2604 1690 2860 1753 haustus,
2912 1694 3070 1743 tanto
3130 1690 3376 1745 divinius
3430 1708 3488 1745 se
3554 1692 3665 1744 Deo

1976 1794 2000 1825 ››
2044 1776 2287 1847 quisque
2342 1777 2558 1847 obligat
2608 1778 2670 1830 in
2718 1778 2987 1832 omnibus
3034 1778 3225 1833 rebus.
3278 1779 3490 1832 Et.hoc
3543 1781 3665 1833 fieri

1974 1883 2001 1914 ι)
2045 1865 2262 1935 nequit,
2317 1864 2426 1918 nisi
2467 1864 2565 1920 ubi
2605 1865 2791 1920 valida
2839 1866 2939 1919 Dei
2971 1882 3175 1920 manus
3224 1883 3512 1937 quemque
3560 1868 3666 1921 sibi

1973 1974 1998 2001 ››
2043 1954 2355 2007 attraxerit.
2394 1955 2552 2008 Unde
2585 1955 2641 2007 in
2675 1954 2932 2024 appetitu
2963 1955 3161 2025 gratiae
3191 1971 3248 2008 se
3282 1955 3488 2026 cuique
3518 1956 3665 2009 ima-

1973 2062 1999 2088 »
2043 2042 2205 2110 ginat
2235 2048 2290 2096 et
2319 2043 2633 2096 conformat
2672 2042 2945 2113 protectio
2995 2044 3202 2097 divinas
3233 2042 3663 2098 misericordiae.

1972 2150 1998 2178 »
2043 2131 2215 2199 Cujus
2247 2130 2330 2183 rei
2361 2131 2818 2200 experimentum
2850 2130 2986 2184 dum
3025 2132 3399 2194 consulimus,
3437 2148 3465 2185 e
3495 2134 3665 2185 vesti-

1974 2238 1999 2265 »
2042 2216 2135 2285 gio
2194 2218 2358 2271 nobis
2416 2220 2664 2272 occurrit
2718 2218 2977 2272 divinum
3038 2235 3403 2288 responsum,
3472 2221 3666 2290 quod,

1974 2327 1999 2355 »
2042 2312 2310 2375 peccante
2353 2307 2531 2360 Adam
2564 2312 2620 2360 et
2650 2307 2781 2361 inde
2811 2306 2965 2361 exilii
3008 2307 3179 2376 longa
3211 2307 3512 2377 dispendia
3540 2325 3667 2378 per-

1972 2414 1998 2444 »
2040 2395 2278 2459 ferente,
2313 2395 2617 2449 credidisse
2670 2395 2955 2449 Abraham
2989 2397 3101 2449 Deo
3134 2399 3189 2448 et
3236 2397 3342 2449 hoc
3383 2397 3467 2450 illi
3496 2413 3666 2466 repu-

1973 2503 2000 2534 »
2041 2489 2223 2537 tatum
2256 2500 2377 2536 esse
2418 2483 2486 2537 ad
2524 2483 2832 2553 justiciam.
2877 2484 3157 2554 Cumque,
3207 2489 3265 2537 et
3288 2484 3480 2538 divina
3511 2501 3666 2555 prae-

1975 2591 2000 2621 ι)
2044 2570 2306 2624 veniente
2358 2571 2678 2636 clementia,
2730 2576 2851 2624 tum
2908 2577 2964 2624 et
3011 2570 3369 2640 exigentibus
3426 2572 3665 2637 meritis,

1973 2680 1999 2707 »
2043 2659 2374 2728 accipimus,
2417 2658 2556 2728 legis
2595 2660 2833 2712 latorem
2883 2660 3109 2729 Moysen
3161 2659 3364 2713 ducem
3412 2675 3475 2713 ac
3519 2676 3670 2730 prte-

1975 2767 2001 2797 »
2044 2753 2333 2817 ceptorem
2396 2746 2643 2800 extitisse
2704 2746 2902 2817 populi
2964 2748 3154 2809 Israel,
3216 2746 3341 2816 pari
3407 2748 3668 2802 examine

1975 2856 2001 2887 »
2044 2836 2357 2890 sanctitatis
2411 2836 2708 2897 miramur,
2764 2836 3172 2889 miraculorum
3230 2835 3507 2890 factorem
3555 2838 3668 2890 He-

1976 2947 2001 2973 ››
2045 2926 2194 2995 lyam
2226 2924 2463 2978 humani
2494 2924 2599 2978 aevi
2629 2923 2886 2978 nondum
2934 2923 3271 2993 cognovisse
3303 2928 3538 2989 metam,
3571 2927 3667 2979 sed

1974 3033 1999 3064 »
2041 3028 2211 3066 curru
2242 3012 2414 3082 igneo
2446 3013 2732 3069 sublatum
2765 3028 2886 3065 esse
2916 3012 3119 3065 ultimo
3150 3013 3494 3066 smeulorum
3526 3012 3670 3082 judi-

1978 3122 1996 3147 ι)
2042 3099 2147 3153 cio.
2199 3100 2425 3153 Excedit
2458 3106 2713 3154 mentem
2747 3116 2851 3153 nec
2878 3099 3065 3169 capiet
3092 3099 3289 3166 ﬁnem,
3323 3101 3367 3154 si
3397 3102 3466 3155 de
3496 3100 3586 3155 his
3615 3108 3671 3155 el

1973 3210 1998 3235 ››
2043 3189 2246 3242 borum
2298 3188 2581 3241 similibus
2628 3192 2821 3241 nostra
2869 3188 3013 3241 ratio
3063 3189 3304 3241 ulterius
3344 3204 3401 3241 se
3434 3188 3670 3242 tendere

1974 3296 1999 3327 η
2044 3276 2307 3330 voluerit.
2343 3276 2489 3330 Satis
2532 3276 2743 3330 indicio
2776 3281 2878 3343 est,
2920 3282 3169 3346 quantus
3210 3278 3581 3329 assurrexerit
3610 3277 3670 3329 in

1973 3384 2000 3414 η
2041 3362 2257 3433 prmliis
2307 3363 2475 3417 David
2532 3379 2707 3416 manu
2755 3362 2938 3428 fortis,
2996 3367 3051 3415 et
3100 3364 3217 3416 sole
3271 3362 3516 3417 lucidius
3566 3370 3667 3429 est,

1974 3470 2000 3501 »
2043 3454 2252 3503 structo
2284 3450 2647 3503 tabernaculo
2686 3449 2807 3513 Dei,
2839 3448 3068 3518 quantis
3098 3448 3443 3517 religionum
3465 3449 3670 3503 ritibus

1977 3560 1997 3585 ι
2042 3543 2099 3593 et
2128 3537 2469 3592 libaminum
2501 3536 2737 3590 misticis
2776 3536 3023 3591 cultibus
3053 3552 3111 3590 se
3160 3538 3273 3591 Deo
3302 3536 3667 3607 approxima-

1974 3648 2002 3677 »
2042 3626 2187 3681 verit
2237 3632 2463 3680 sanctus
2518 3626 2803 3693 Salemon,
2839 3625 3001 3693 cujus
3049 3625 3405 3695 pmnitentiae
3454 3626 3671 3680 meritis

1975 3736 2001 3765 »
2040 3716 2236 3769 nullus
2266 3730 2543 3784 umquam
2576 3725 2839 3784 repertus
2868 3719 2952 3766 est
2980 3713 3204 3769 similis.
3240 3713 3456 3778 Quibus
3486 3714 3672 3768 omni-

1978 3827 1998 3854 ι
2041 3804 2147 3858 bus
2176 3804 2247 3858 ad
2294 3803 2689 3857 habitudinem
2738 3803 3019 3856 factorum
3069 3802 3339 3856 revelavit
3387 3804 3536 3856 Deus
3586 3819 3671 3856 se-

1973 3916 1999 3943 ››
2043 3896 2196 3946 creta
2226 3892 2593 3959 meritorum,
2632 3896 2698 3944 ut
2728 3891 3123 3960 temporaliter
3170 3892 3376 3945 merito
3425 3895 3480 3944 et
3510 3907 3675 3961 opere

1975 4003 2001 4031 »
2044 3980 2311 4035 omnibus
2343 3996 2571 4051 semper
2600 3984 2794 4033 essent
2839 3979 3111 4049 dispares,
3166 3979 3402 4050 insuper
3432 3986 3673 4033 aeterna-

1976 4091 2003 4123 »
2044 4071 2175 4125 liter
2225 4069 2496 4139 angelicis
2550 4068 2843 4139 spiritibus
2896 4068 3099 4121 tierent
3148 4068 3483 4137 coaequales.
3546 4069 3673 4120 Ηωο

1974 4179 2000 4211 ››
2044 4175 2150 4229 ego
2214 4157 2583 4211 considerans
2647 4154 3039 4219 Bernwardus,
3114 4154 3211 4207 Dei
3273 4155 3673 4224 praeelectione

165 4247 365 4301 beatus
393 4252 696 4318 postquam
719 4246 951 4318 prazdiis
983 4247 1416 4317 opulentissime
1448 4245 1681 4309 dotavit,
1712 4262 1862 4315 prze-
1895 4267 1937 4320 ι)
1980 4268 2006 4299 ››
2049 4262 2165 4301 non
2206 4245 2349 4299 meis
2398 4245 2617 4298 meritis
2680 4243 2864 4296 dictus
2931 4243 3258 4311 episcopus,
3304 4248 3361 4295 et
3405 4241 3675 4297 diuturna

167 4341 328 4389 sente
379 4335 681 4405 apostolici
737 4336 948 4407 legato,
995 4352 1110 4389 uno
1153 4335 1419 4390 videlicet
1468 4335 1863 4401 cardinalium,

167 4440 297 4478 cum
343 4424 611 4478 undecim
652 4424 956 4495 episcopis,
999 4440 1221 4478 necnon
1252 4429 1308 4478 et
1349 4424 1702 4478 diversarum
1740 4440 1869 4492 pro-

169 4512 482 4567 fessionum
523 4513 800 4585 personis,
848 4513 1026 4568 banni
1056 4514 1144 4567 sui
1172 4514 1513 4568 auctoritate
1558 4511 1865 4565 roboravit.

1982 4357 2003 4384 ι
2048 4334 2423 4388 meditatione
2454 4334 2703 4396 volvens,
2741 4347 2855 4401 qua
2902 4330 3238 4382 meritorum
3274 4330 3672 4397 architectura,

1984 4446 2005 4473 ι
2048 4438 2231 4493 quove
2263 4437 2454 4475 rerum
2492 4419 2684 4491 precio
2712 4433 2937 4489 possem
2970 4418 3211 4471 mercari
3242 4418 3510 4484 caelestia,
3541 4434 3671 4472 cum

1981 4532 2008 4563 »
2051 4524 2231 4563 essem
2281 4508 2517 4562 audicus
2571 4506 2755 4561 scriba
2804 4505 3001 4559 doctus
3050 4510 3108 4559 et
3150 4504 3331 4558 beatae
3382 4505 3671 4560 memoriae

1587 4701 1819 4755 VARle
1872 4698 2155 4754 LECTION
2167 4698 2262 4751 ES.

238 4856 313 4895 ²¹⁹
343 4858 489 4913 deest
537 4862 591 4913 2.
669 4858 743 4894 ²²⁰
787 4860 1138 4931 beniguoi2.
1216 4862 1286 4895 ²²¹
1339 4862 1495 4931 deest"
1534 4864 1587 4915 2.
1666 4862 1739 4895 ²²²
1773 4877 1901 4914 eum
1929 4862 1999 4931 _2.
2108 4857 2184 4931 ’33
2231 4857 2382 4931 deest
2415 4858 2502 4931 2._
2548 4856 2618 4931 “f
2664 4853 2857 4931 egltib.
2906 4856 2957 4931 2_.
3040 4856 3111 4931 “5.
3159 4855 3249 4931 sui
3281 4857 3354 4931 2A..
3410 4857 3487 4931 ²²⁶ξ
3530 4870 3579 4909 c.

170 4930 361 4984 desunt
423 4933 476 4983 2.
555 4931 626 4965 ²²⁷
682 4931 825 4985 deest
878 4924 953 4985 2:
1007 4930 1082 4985 ’33
1138 4948 1244 4985 nec
1296 4935 1349 4986 2.
1429 4930 1502 4965 “9
1552 4934 1695 4985 deest
1743 4934 1795 4986 2.
1872 4929 1948 4964 ²³⁰
1993 4928 2229 4982 muttire
2275 4924 2537 4979 audentis
2588 4924 2645 4977 in
2695 4924 2809 4977 vita
2860 4925 3117 4995 episcopi
3155 4928 3208 4979 2.
3286 4925 3355 4958 ²³¹
3399 4925 3672 4995 episcopi.

170 5000 409 5071 Explicit
460 5001 833 5070 Tangmarus.
886 5002 1128 5066 Interea,
1184 5008 1282 5057 etc.
1343 5006 1393 5057 3.
1450 5003 1601 5068 Quod
1641 5007 1763 5071 jam
1820 5002 2145 5055 auctoritate
2200 4998 2441 5051 codicum
2491 4998 2511 5071 1
2571 5000 2619 5048 et
2664 4996 2696 5047 2
2734 4996 3157 5071 reret-litatur:
3197 4998 3477 5071 Antiquus
3530 4996 3675 5071 alius

169 5066 355 5125 auctor
383 5071 449 5124 de
490 5066 965 5153 Tra'nstationeAS.
1001 5073 1331 5127 Bernwardi
1355 5066 1627 5153 expressis
1641 5066 1853 5153 '_verbis
1882 5073 2038 5140 dicit,
2074 5073 2440 5153 Tangr‘nurun}
2470 5066 2539 5153 de
2578 5067 3085 5153 conuersationtsls.
3119 5066 3672 5153 Iternwardinsﬁn'cltrt-

170 5147 616 5284 gfeéageszgriégz
633 5146 1077 5269 ἀῖἕὶιὲἇιίζίΐξεὲιὶα
1121 5150 1171 5199 et
1231 5136 1469 5199 transitu
1522 5145 1836 5214 plenissime
1889 5136 2169 5197 narrasse.
2227 5141 2332 5196 Nec
2379 5139 2553 5207 stylns
2610 5136 2780 5190 alium
2828 5137 3017 5205 prodit
3064 5142 3322 5190 autorcm.
3386 5137 3670 5192 LEIBNIZ.

1806 5334 2035 5389 ΝΟΤίΕ.

242 5460 354 5527 (57)
406 5459 731 5513 Beruwardi
760 5460 1225 5513 constitutionem
1278 5460 1349 5514 de
1392 5459 1620 5530 synodis
1671 5463 1875 5530 quater
1988 5458 2121 5510 1020
2164 5456 2219 5510 d.
2259 5458 2289 5509 6
2343 5453 2473 5509 Idus
2523 5452 2751 5508 Octobr.
2804 5451 3017 5507 editam
3066 5467 3117 5505 v.
3164 5451 3374 5523 Legum
3427 5457 3467 5509 t.
3512 5455 3579 5510 ll.
3616 5455 3674 5510 Β.

178 5545 485 5617 quotannis
543 5546 604 5601 in
643 5547 853 5604 diocesi
907 5547 1462 5602 Hildenesheimensi
1503 5544 1779 5602 habendis
1820 5562 1867 5599 a.
1989 5548 2109 5614 172,
2150 5547 2268 5599 173.
