3944 6298
303 321 398 372 431

309 465 331 494 ι
375 443 538 499 tercii
567 442 793 498 Ottonis
832 441 1198 512 imperatoris
1229 439 1550 495 didascalus
1581 439 1750 493 simul
1782 444 1838 492 et
1869 438 1996 508 pri-
2025 443 2071 493 A
2111 460 2138 489 »

306 554 333 584 η
377 532 722 599 miscrinius,
757 531 951 585 divina
981 535 1164 585 tactus
1194 530 1398 600 gratia,
1433 535 1625 582 reatus
1657 528 1768 581 mei
1796 544 1999 598 super-

311 645 332 669 ι
376 622 491 677 flua
543 622 1002 691 perhorrescens,
1065 619 1433 688 divinamque
1491 618 1733 687 gratiam
1792 633 1999 671 concu-

307 732 332 758 η
379 710 620 781 piscens,
683 709 916 763 distraxi
974 708 1230 761 animum
1291 705 1351 758 in
1410 705 1651 771 diversa,
1711 705 2000 776 quomodo

309 818 336 850 io
378 805 605 852 interna:
665 797 1043 851 satisfacerem
1105 794 1505 848 misericordia
1563 794 1756 862 sicque
1814 810 1998 848 reme-

309 906 336 937 ››
378 887 536 940 dium
563 902 704 939 mea:
735 886 1049 938 obtincrcm
1083 883 1309 936 animae.
1342 883 1448 936 Sed
1473 882 1532 934 in
1560 882 1838 936 tenuitate
1863 887 2001 935 tunc

307 993 335 1026 ιο
379 990 520 1028 meae
560 973 869 1044 qualitatis,
904 971 1174 1042 quicquid
1221 970 1414 1023 animo
1446 971 1858 1040 proponebam,
1904 975 2002 1023 aut

307 1085 334 1112 n
377 1063 464 1116 vix
497 1061 902 1124 inchoandum,
951 1065 1049 1113 aut
1081 1075 1396 1130 numquam
1449 1059 1555 1113 hoc
1585 1059 1998 1128 perficiendum

307 1171 333 1203 ν
375 1151 667 1205 timebam.
713 1149 952 1203 Animus
1000 1154 1188 1202 tamen
1240 1147 1423 1216 magis
1463 1163 1527 1200 ac
1571 1148 1752 1217 magis
1799 1147 2000 1200 ardore

306 1262 331 1288 ››
376 1239 552 1293 sancti
615 1238 890 1309 propositi
951 1237 1279 1303 desudabat,
1345 1237 1476 1290 licet
1526 1243 1662 1289 tunc
1721 1236 1998 1305 temporis

306 1349 333 1380 »
373 1329 604 1382 fortuna
667 1328 802 1398 quid
858 1327 1153 1379 inchoasse
1210 1325 1475 1392 vetabat;
1535 1341 1662 1378 cum
1718 1341 1843 1378 ecce
1900 1325 1999 1379 Dei

304 1436 331 1468 »
375 1417 575 1470 electio
628 1423 1046 1485 senatuunique
1113 1414 1452 1467 declamatio
1512 1430 1603 1467 me
1658 1414 1999 1484 pontificalis

307 1527 332 1555 ι)
375 1503 571 1574 gloriae
599 1504 738 1556 solio
763 1503 1260 1556 inthronizandum
1289 1501 1656 1570 prmeligunt;
1685 1505 1741 1552 et
1769 1516 1839 1552 ne
1862 1516 1999 1570 grex

305 1613 331 1642 ι)
378 1591 606 1646 Domini
639 1592 970 1644 turbaretur
1001 1591 1124 1643 sine
1156 1596 1404 1660 pastore,
1439 1605 1510 1641 ne,
1539 1587 1789 1641 mcclesia
1820 1595 2000 1642 mater

306 1700 332 1730 »
378 1687 567 1733 nostra
600 1685 748 1732 esset
792 1677 955 1749 quasi
1007 1679 1197 1738 vidua,
1232 1677 1288 1729 in
1323 1677 1600 1730 electione
1649 1676 1775 1728 novi
1807 1676 1997 1746 ponti-

305 1791 332 1817 ››
376 1767 497 1821 ficis
545 1782 643 1820 cor
681 1783 858 1820 unum
916 1771 972 1819 et
1021 1765 1270 1818 animam
1325 1780 1499 1817 unam
1550 1764 1818 1818 omnibus
1867 1765 2000 1818 fecit

304 1881 329 1905 ν
373 1856 583 1909 habere
650 1855 882 1924 spiritus
937 1855 1111 1923 pacis.
1175 1853 1597 1906 lnthronizatus
1658 1853 1996 1924 Bennopoli-

310 1966 329 1991 ι
375 1949 522 1996 tanae
555 1945 666 2010 (58)
711 1942 998 2006 ecclesias,
1043 1942 1193 2012 quod
1229 1943 1325 1994 diu
1365 1956 1733 2009 conceperam
1781 1941 1995 2008 animo,

305 2053 330 2082 ι)
371 2047 544 2102 opere
569 2031 858 2100 complere
887 2030 1171 2093 volebam,
1203 2029 1464 2083 videlicet
1499 2031 1680 2082 beatae.
1708 2030 1998 2083 memoria:

303 2140 328 2169 n
371 2121 594 2172 tradere
626 2119 857 2171 titulum
906 2118 1159 2170 nominis
1205 2118 1338 2183 mei,
1373 2117 1655 2170 mcclesias
1705 2118 1998 2185 struxisse,

308 2231 326 2255 ι
371 2223 436 2261 ac
465 2207 652 2260 officia
683 2207 794 2260 Deo
825 2207 1193 2259 servientium
1225 2205 1364 2258 inibi
1394 2206 1711 2271 ordinasse,
1745 2222 2000 2259 omnem-

306 2317 330 2345 »
373 2312 484 2366 que
519 2294 910 2349 facultatulam
947 2310 1131 2347 meam
1175 2293 1414 2346 Domino
1448 2296 1713 2347 lucrasse.
1769 2295 1833 2347 Et
1864 2294 2000 2364 quia

307 2405 331 2433 »
375 2389 505 2437 sunt
535 2385 754 2437 occulta
789 2383 886 2436 Dei
912 2383 1147 2451 judicia,
1185 2397 1412 2450 semper
1448 2389 1638 2434 tamen
1659 2382 1832 2450 justa,
1865 2397 2000 2436 con-

303 2493 331 2522 ι)
373 2488 540 2526 sensu
573 2478 629 2524 et
660 2473 886 2524 hortatu
919 2470 1126 2524 Christi
1158 2470 1410 2523 fidelium
1445 2487 1650 2524 novam
1687 2469 1785 2523 Dei
1810 2471 2000 2524 recole-

302 2583 328 2610 »
371 2561 512 2614 siam
546 2561 790 2613 condere
839 2559 1006 2628 ccepi,
1037 2559 1095 2610 in
1145 2574 1259 2628 qua
1291 2559 1358 2612 ad
1400 2558 1628 2612 laudem
1664 2564 1721 2612 et
1753 2559 1996 2628 gloriam

302 2667 329 2698 ι)
372 2649 619 2702 nominis
651 2647 894 2712 Domini,
918 2651 973 2699 et
1003 2647 1121 2699 voti
1145 2647 1252 2699 mei
1287 2647 1643 2717 propositum
1667 2646 1994 2718 adimplevi,

300 2760 326 2785 ››
371 2743 427 2790 et
456 2742 664 2790 sanctae
699 2735 1131 2798 Christianitati,
1167 2735 1439 2788 adhibitis
1473 2736 1586 2788 Deo
1631 2734 1852 2789 dilectis
1883 2735 1994 2789 fra-

304 2846 329 2875 ι)
368 2825 572 2890 tribus,
619 2824 897 2878 consului.
951 2823 1207 2877 Fundato
1237 2824 1390 2876 enim
1435 2824 1660 2876 novello
1710 2839 1907 2892 opere,
1942 2829 1998 2877 et

301 2934 326 2960 ιο
369 2912 682 2982 designatis
712 2927 778 2963 eo
811 2910 920 2963 loci
952 2911 1205 2962 locorum
1247 2909 1640 2979 qualitatibus,
1676 2926 1745 2962 ne
1777 2910 1995 2964 occasio

302 3018 328 3050 ι
363 3004 613 3052 terrenae
660 2997 975 3068 vagationis
1023 3002 1170 3049 esset
1217 2997 1413 3050 dilatio
1463 2996 1673 3066 incepti
1708 2997 1898 3065 operis
1929 3028 1992 3036 —
2028 3005 2066 3056 ι]

307 3107 331 3139 ιι
374 3089 558 3158 gloria
607 3087 728 3148 tibi,
777 3083 1026 3140 Christe!
1061 3114 1129 3126 —
1171 3093 1348 3138 tactus
1396 3085 1569 3138 febris
1612 3086 1992 3152 incommodo,

304 3197 326 3224 ι
371 3181 651 3244 aegrotare
701 3174 844 3243 coepi
876 3173 1292 3244 quinquennio.
1344 3173 1410 3226 Et
1457 3173 1593 3226 dum
1635 3172 1806 3226 nichil
1841 3175 1904 3226 fit
1934 3174 1993 3226 in

299 3282 329 3315 υ
371 3264 538 3318 terris
587 3264 708 3316 sine
755 3279 942 3324 causa,
995 3262 1275 3330 castigans
1319 3261 1614 3331 castigavit
1662 3277 1749 3314 me
1802 3262 1992 3315 Domi-

301 3371 328 3402 »
369 3368 497 3416 nus,
530 3359 586 3404 et
621 3351 791 3404 morti
824 3367 935 3403 non
971 3349 1204 3402 tradidit
1232 3365 1344 3414 me,
1390 3355 1455 3402 ut
1483 3349 1653 3402 credo
1685 3355 1740 3402 et
1769 3351 1991 3404 confido

303 3461 324 3489 ι
368 3440 426 3493 in
486 3441 749 3504 Domino,
805 3456 878 3493 ne
935 3437 1194 3491 absentia
1250 3453 1391 3490 meas
1451 3437 1772 3507 praesentiae
1830 3439 1992 3492 fieret

299 3549 326 3580 ι)
370 3529 628 3599 quaedam
661 3526 1009 3581 intermissio
1053 3526 1170 3596 spei
1206 3542 1366 3580 meae.
1403 3527 1506 3580 Cui
1537 3527 1679 3592 loco,
1717 3527 1829 3580 Deo
1859 3543 1988 3580 san-

302 3641 321 3666 ι
365 3625 584 3687 ctteque
615 3617 765 3669 cruci
798 3621 1205 3685 perpetuaeque
1231 3615 1448 3685 Virgini
1473 3614 1658 3668 Mariae
1680 3621 1989 3685 sanctoque

298 3725 325 3756 ι)
373 3705 671 3759 Michaheli
721 3703 1063 3772 archangelo
1116 3703 1360 3766 titulato,
1423 3704 1720 3756 monastici
1774 3703 1989 3756 ordinis

295 3815 322 3844 ››
366 3792 549 3846 indidi
599 3808 897 3863 personas;
953 3809 1094 3862 quas
1142 3808 1208 3844 ea
1265 3791 1487 3845 ratione
1538 3791 1878 3857 eoadunavi,
1927 3797 1990 3845 ut

295 3901 323 3930 s
365 3881 511 3934 sicut
557 3881 718 3950 juxta
775 3880 1165 3933 monachicam
1226 3895 1487 3932 normam
1546 3885 1679 3933 sunt
1726 3895 1757 3932 a
1797 3881 1987 3934 sreculi

298 3993 318 4015 ιι
363 3969 583 4023 actibus
631 3968 822 4035 alieni,
875 3969 954 4021 ita
1009 3973 1197 4021 essent
1243 3968 1313 4020 ab
1358 3967 1512 4019 omni
1568 3967 1984 4038 impedimento

293 4079 320 4109 ››
362 4057 646 4111 saecularis
682 4057 905 4139 ‘servitii
958 4056 1142 4109 liberi.
1199 4054 1450 4110 Consilio
1494 4055 1688 4126 itaque
1749 4057 1984 4111 senioris

295 4168 316 4194 ι
361 4147 475 4200 mei
515 4146 876 4216 imperatoris
926 4143 1191 4209 Heinrici,
1242 4148 1298 4196 et
1339 4143 1598 4212 magistri
1647 4145 1760 4199 mei
1803 4146 1986 4199 archi-

290 4255 316 4286 ι)
358 4235 612 4304 episcopi
648 4232 1009 4296 Erkenhaldi,
1055 4247 1227 4300 quem
1275 4230 1395 4300 ipse
1427 4247 1532 4299 ego
1577 4247 1704 4285 cum
1753 4234 1978 4288 confra-

288 4344 314 4376 ι)
357 4332 508 4378 trum
544 4337 799 4376 meorum
835 4326 1116 4374 conventu
1155 4319 1214 4372 in
1248 4318 1740 4390 archiepiscopum
1774 4337 1973 4376 conce-

287 4432 314 4464 ››
357 4412 529 4477 cravi,
581 4409 848 4480 quicquid
897 4415 1256 4462 terrenarum
1307 4406 1637 4462 facultatum
1685 4408 1742 4462 in
1782 4409 1974 4478 curtis,

290 4523 310 4548 ι
355 4500 672 4566 curtilihus,
733 4497 920 4562 terris,
985 4495 1229 4565 pascuis.
1295 4495 1478 4566 aquis,
1534 4496 1708 4562 silvis,
1775 4498 1976 4567 pratis,

288 4610 307 4635 ι
353 4587 642 4651 mcclesiis,
675 4601 1000 4640 sanctorum
1033 4585 1385 4654 pigneribus,
1435 4585 1613 4650 libris,
1644 4591 1882 4655 argento
1921 4592 1977 4639 et

286 4697 312 4726 ν
353 4691 514 4742 auro,
561 4680 617 4728 et
663 4673 931 4744 quicquid
988 4673 1042 4727 id
1097 4678 1180 4726 est
1227 4674 1383 4744 quod
1434 4674 1794 4728 hmreditario
1845 4675 1975 4743 jure

284 4785 310 4816 io
353 4763 577 4835 possedi
619 4769 717 4816 aut
747 4761 1003 4816 simulari
1049 4762 1410 4832 coemptione
1449 4764 1743 4832 acquirere
1788 4762 1971 4832 potui,

284 4874 306 4900 ι
350 4851 593 4922 eXreptis
624 4850 906 4920 plurimis,
940 4867 1064 4921 quas
1095 4851 1258 4904 altari
1292 4861 1499 4905 sanctae
1529 4850 1713 4905 Mariae
1738 4850 1797 4904 in
1821 4851 1972 4920 prin-

279 4963 305 4995 »
345 4941 513 5012 cipali
543 4939 796 4994 azcclesia
825 4940 884 4993 in
915 4940 1138 4994 coronis
1169 4940 1377 5006 aureis,
1425 4939 1716 5005 calicibus,
1762 4938 1968 4993 cande-

1288 313 1707 370 THANGMARI
1746 315 2182 371 PRESBYTERI
2223 313 2822 371 HILDESHEIMENS.

2033 1724 2068 1774 Β

3699 317 3805 370 432

2181 438 2374 507 labris,
2425 437 2614 508 palliis
2656 437 2895 508 aliisque
2944 437 3332 490 (ecclesiastici
3377 437 3596 491 ordinis
3643 453 3814 491 orna-

2112 549 2140 577 »
2182 528 2387 582 mentis
2427 526 2661 591 contuli,
2708 531 2892 580 totum
2941 526 3139 581 usibus
3187 526 3425 579 fratrum
3457 542 3561 595 per
3606 543 3813 580 manus

2116 637 2138 665 ι
2181 616 2435 670 advocati
2479 617 2593 669 mei
2619 615 2849 680 tradidi,
2885 617 2997 670 Deo
3031 620 3087 668 et
3119 616 3330 668 sanctis
3371 615 3515 685 ejus,
3544 631 3649 684 pro
3685 615 3809 668 ani-

2111 727 2138 754 »
2181 706 2384 759 mabus
2415 705 2818 775 praedictorum
2855 703 3150 757 seniorum
3201 719 3460 757 meorum
3494 705 3810 774 imperato-

2115 815 2138 843 ι
2181 810 2306 847 rum
2341 798 2397 847 et
2435 809 2563 847 mea
2596 793 2972 862 omniumque
3027 809 3415 846 successorum
3462 808 3726 846 meorum
3761 796 3816 845 et

2115 903 2136 927 ι
2182 897 2379 934 eorum
2438 897 2685 951 quorum
2753 881 3099 950 patrimonia
3168 879 3460 951 acquisivi,
3527 887 3813 950 quatenus

2114 988 2140 1020 ν)
2182 971 2482 1023 servitores
2513 969 2720 1024 Christi
2759 970 2830 1022 ab
2872 970 3028 1023 omni
3081 975 3309 1023 terreno
3356 969 3586 1022 servitio
3623 969 3809 1032 liberi,

2112 1080 2138 1109 ι)
2175 1059 2279 1112 sub
2309 1059 2638 1113 defensione
2668 1063 2723 1113 et.
2748 1057 3079 1128 patrociniis
3112 1073 3500 1111 suceessorum
3549 1073 3810 1110 meorum

2111 1167 2138 1198 ι)
2181 1147 2534 1218 praemuniti,
2565 1148 2622 1200 in
2654 1163 2792 1216 pace
2821 1153 2878 1201 et
2909 1147 3291 1200 misericordia
3325 1147 3519 1216 quieta
3547 1151 3812 1216 tempora

2112 1256 2138 1287 »
2180 1238 2392 1290 ducant
2422 1241 2477 1288 et
2507 1236 2562 1289 in
2594 1237 2834 1288 salutem
2885 1235 3196 1288 viventium
3230 1234 3411 1288 beatae
3458 1233 3813 1303 contempla-

2110 1345 2136 1374 »
2180 1323 2322 1377 tioni
2369 1324 2705 1376 inhaereant.
2756 1322 2813 1376 Si
2862 1322 2992 1392 quis
3028 1328 3218 1376 autem
3253 1323 3363 1375 mei
3413 1322 3632 1375 ordinis
3680 1339 3818 1374 suc-

2113 1433 2140 1462 »
2180 1427 2370 1466 cessor
2396 1417 2495 1465 aut
2536 1412 2728 1482 aliqua
2772 1410 3060 1464 saecularis
3090 1427 3329 1481 persona
3361 1410 3470 1464 ho‘c
3503 1410 3816 1480 effringere

2112 1520 2138 1550 ι)
2180 1500 2424 1553 voluerit
2453 1505 2510 1552 et
2557 1501 2678 1552 haec
2721 1499 3034 1568 tyrannicae
3080 1499 3186 1552 sibi
3218 1515 3496 1568 usurpare
3528 1514 3815 1569 prensum-

2112 1608 2138 1640 ν)
2181 1589 2374 1658 pserit,
2409 1589 2599 1659 gladio
2633 1588 2788 1642 verbi
2817 1588 2914 1642 Dei
2945 1604 2976 1640 a
3011 1589 3122 1641 Deo
3153 1594 3209 1641 et
3238 1588 3446 1641 sanctis
3492 1588 3615 1655 ejus
3644 1587 3814 1639 illum

2112 1699 2138 1726 »
2182 1677 2510 1742 submoveo,
2567 1682 2629 1730 ut
2659 1677 3025 1729 incumbente
3057 1692 3228 1746 super
3271 1676 3434 1730 illum
3477 1675 3634 1728 omni
3683 1690 3814 1727 ma-

2112 1785 2137 1815 »
2181 1766 2481 1819 ledictione
2513 1773 2702 1818 careat
2731 1764 3152 1831 benedictione,
3182 1765 3376 1834 sicque
3399 1763 3816 1817 exterminatus

2114 1875 2134 1899 ι
2179 1871 2212 1907 a
2241 1853 2383 1907 coelo
2417 1857 2472 1906 et
2515 1858 2686 1918 terra,
2737 1858 2959 1922 partem
2992 1851 3200 1906 habeat
3247 1868 3374 1905 cum
3406 1852 3550 1904 Juda
3590 1855 3643 1903 et
3676 1865 3808 1903 cum

2110 1961 2136 1993 »
2179 1941 2266 1995 his
2316 1941 2506 2012 quiin
2555 1940 2889 1994 haereditate
2921 1941 3213 2012 possident
3261 1940 3648 1993 sanctuarium
3685 1940 3808 1992 Dei.

2111 2049 2136 2080 ››
2179 2031 2418 2098 Insuper
2465 2029 2744 2091 haeredes,
2782 2030 2881 2084 Dei
2929 2035 2986 2084 et
3028 2035 3220 2083 nostra
3270 2028 3515 2093 licentia,
3565 2028 3626 2080 in
3675 2043 3810 2080 suos
3848 2086 3854 2088 _

2111 2137 2137 2167 ν
2179 2133 2314 2170 usus
2344 2132 2445 2170 sua
2493 2117 2762 2170 studeant
2806 2124 3084 2187 repetere,
3135 2117 3270 2170 dum
3305 2117 3500 2169 vident
3549 2117 3806 2169 alienum

2111 2225 2135 2256 »
2179 2205 2500 2258 invasorem
2526 2204 2582 2258 in
2615 2205 2730 2258 suis
2761 2205 3123 2274 patrimoniis
3153 2203 3468 2258 debachare
3497 2203 3591 2257 ³³³.
3630 2224 3658 2254 n

2179 2297 2262 2348 52.
2299 2295 2429 2349 Haec
2477 2293 2629 2346 beati
2673 2294 2781 2346 viri
2811 2293 2958 2346 dicta
3003 2294 3388 2347 consideranti
3435 2292 3600 2347 facile
3641 2299 3806 2363 pate-

2107 2382 2210 2449 bit,
2243 2389 2460 2452 quanta
2503 2383 2588 2435 vel
2639 2382 2760 2453 ipse
2792 2381 2851 2436 in
2895 2383 3071 2436 Deum
3125 2382 3428 2436 devotione
3475 2382 3808 2452 profecerit,

2107 2470 2191 2522 vel
2225 2475 2434 2539 quanta
2487 2470 2719 2538 superni
2769 2478 3059 2539 respeclus
3099 2470 3358 2540 dignatio
3394 2485 3526 2523 eum
3576 2485 3807 2522 assum-

2108 2564 2300 2627 pSerit.
2334 2557 2443 2621 Qui
2486 2559 2640 2611 enim
2670 2558 2769 2610 tali
2801 2559 3066 2611 insistens
3106 2558 3287 2628 operi,
3323 2558 3534 2612 caelesti
3565 2559 3808 2611 verbere

2107 2647 2435 2700 merebatur
2485 2646 2749 2717 eliquari,
2809 2647 3128 2701 manifestis
3175 2647 3400 2701 indiciis
3445 2647 3727 2718 probatur
3777 2665 3808 2700 a

2113 2735 2352 2788 Domino
2385 2734 2567 2805 diligi.

2178 2826 2264 2877 53.
2295 2825 2391 2878 His
2421 2823 2614 2894 itaque
2657 2824 2766 2893 pias
2797 2823 3111 2878 devotionis
3159 2824 3359 2878 studiis
3394 2825 3506 2877 Deo
3539 2823 3713 2894 digne
3751 2831 3809 2879 et

2108 2911 2439 2965 hominibus
2471 2912 2839 2966 laudabiliter
2878 2913 3035 2966 omni
3075 2913 3201 2966 vita:
3232 2929 3346 2966 suae
3379 2919 3636 2983 tempore
3669 2929 3805 2966 con-

2105 3006 2381 3067 versatus,
2415 3017 2565 3053 anno
2613 3001 2994 3054 ordinationis
3023 3018 3139 3054 suas
3167 3004 3253 3068 3|,
3302 3017 3434 3054 cum
3471 3002 3588 3071 jam
3619 3005 3806 3055 trans-

2103 3087 2215 3140 itus
2261 3088 2349 3140 sui
2399 3088 2572 3154 diem,
2632 3105 2802 3158 quem
2859 3105 3085 3159 semper
3128 3095 3443 3158 optaverat,
3494 3089 3804 3142 imminere

2106 3175 2460 3245 praevideret,
2511 3177 2784 3246 capellam
2835 3181 2984 3230 inter
3033 3179 3304 3231 sacellum
3349 3185 3556 3231 sancta,-
3602 3177 3804 3231 Crucis

2103 3269 2159 3317 et
2205 3265 2612 3318 monasterium
2661 3281 2828 3318 suum
2880 3270 3262 3319 constructam
3294 3266 3349 3318 in
3379 3265 3596 3320 honore
3643 3266 3800 3319 beati

2102 3351 2310 3405 Christi
2359 3353 2694 3406 confessoris
2746 3353 2967 3407 Martini
3006 3370 3038 3406 a
3077 3353 3387 3406 venerabili
3440 3354 3562 3406 viro
3610 3353 3798 3424 Egge-

2100 3441 2277 3495 hardo
2329 3440 2689 3495 Sleswicense
2729 3442 2998 3512 episcopo
3054 3440 3299 3494 dedicari
3346 3440 3498 3508 fecit,
3544 3441 3797 3496 ibidem-

2100 3545 2210 3600 que
2242 3545 2346 3599 pro
2379 3536 2689 3600 augmento
2719 3529 3011 3601 religionis
3051 3529 3173 3599 ipso
3221 3530 3311 3582 die
3347 3529 3606 3582 habitum
3639 3530 3799 3600 prio-

2100 3633 2220 3672 rem
2273 3623 2523 3686 mutans,
2573 3619 2919 3674 monachica:
2962 3616 3335 3688 professionis
3361 3617 3567 3688 jugum
3611 3634 3801 3672 susce-

2098 3707 2201 3777 pit.

2168 3795 2254 3848 54.
2287 3796 2489 3862 Tactus
2520 3795 2726 3849 deinde
2778 3794 3113 3848 infirmitate
3145 3793 3370 3861 ultima,
3419 3811 3548 3848 cum
3594 3796 3798 3851 adesse

2096 3883 2204 3936 sibi
2235 3884 2417 3937 exitus
2447 3885 2534 3937 sui
2574 3885 2773 3938 horam
2815 3883 3102 3948 sensisset,
3135 3882 3195 3936 in
3226 3883 3485 3937 eamdem
3515 3885 3797 3954 capellam

2095 3989 2152 4026 se
2183 3972 2329 4026 ferre
2359 3973 2652 4042 prmcepit,
2678 3974 2897 4042 justum
2947 3987 3068 4025 esse
3110 3988 3365 4025 asserens
3401 3971 3614 4025 ibidem
3663 3974 3795 4028 vitze

2093 4061 2402 4115 terminum
2435 4062 2646 4125 sortiri,
2680 4061 2774 4115 ubi
2808 4061 3096 4114 saecularis
3130 4061 3650 4114 ahreuunciationis
3682 4062 3794 4116 ha-

2092 4150 2212 4203 bitu
2245 4167 2302 4203 se
2332 4151 2663 4219 contigisset
2696 4149 2980 4220 insigniri.
3020 4149 3107 4202 Sic
3138 4149 3212 4186 ’3‘
3242 4151 3435 4218 itaque
3464 4150 3550 4203 vir
3579 4150 3791 4203 beatis-

2093 4238 2272 4292 simus
2313 4238 2537 4292 dintina
2583 4239 2894 4307 corporalis
2927 4239 3203 4291 molestiae
3233 4238 3562 4292 infirmitate
3594 4240 3790 4306 tritus,

2091 4326 2308 4381 bonum
2335 4332 2620 4380 certamen
2644 4332 2886 4392 certans,
2911 4341 3138 4378 cursum
3161 4342 3586 4391 consummatis,
3613 4328 3788 4382 fidem

2089 4431 2337 4480 serVans,
2386 4415 2534 4467 viam
2568 4412 2642 4448 ²³⁵
2686 4415 2965 4468 universae
3000 4414 3188 4466 carnis
3216 4413 3529 4483 ingressus,
3563 4420 3623 4467 ut
3663 4431 3786 4469 cre-

2087 4503 2276 4556 (limus
2335 4503 2542 4555 divinis
2593 4503 2848 4556 admixtn
2910 4502 3223 4572 spiritibus,
3283 4502 3424 4556 duce
3475 4503 3788 4559 Michahele

2087 4593 2453 4660 archangelo,
2513 4592 2692 4646 beatae
2751 4589 3172 4645 immortalitati
3233 4595 3318 4643 est
3384 4599 3782 4661 praesentatus.

2085 4677 2193 4741 Qui
2245 4675 2320 4710 ²³⁶
2379 4677 2752 4747 quoadusque
2810 4677 2966 4745 vixit,
3020 4676 3262 4730 Domino
3320 4693 3378 4730 se
3439 4678 3784 4733 sacrificium

2078 4764 2318 4831 justicias
2347 4765 2710 4831 sacrificavit;
2756 4765 2948 4836 sicque
2993 4765 3260 4835 plurimis
3308 4765 3645 4820 mirificatns
3693 4767 3784 4820 in-

2083 4851 2280 4921 signiis
2346 4849 2440 4918 ’37,
2494 4853 2704 4906 cmlesti
2763 4870 2899 4924 pace
2953 4854 3220 4925 quiescit.
3281 4855 3432 4909 Obiit
3470 4861 3661 4908 autem
3716 4859 3784 4910 l2

2083 4939 2361 4994 Kalendas
2410 4941 2736 4996 Decembris
2791 4945 2939 5011 (Nov.
2990 4944 3102 5008 20).
3155 4942 3312 4997 Sedit
3368 4947 3560 4996 autem
3601 4940 3676 4976 ⁸³³⁸
3720 4943 3781 4998 in

1690 5099 1921 5153 νΑΗΙᾹΞ
1961 5099 2351 5155 LECTIONES.

342 5207 414 5240 ³⁸³
449 5204 547 5276 qui
577 5209 722 5259 esset
762 5221 908 5276 pars
939 5209 993 5276 et
1038 5203 1524 5276 haeredita8__mea
1580 5201 1883 5276 addunt},
1926 5203 1979 5264 4,
2015 5205 2063 5276 5.

2144 5203 2218 5277 33°
2249 5205 2361 5277 ΔΙιίοΔ
2399 5205 2596 5277 iterum
2630 5207 2856 5277 incipit;
2886 5208 2918 5258 2
2956 5222 2967 5258 :
3002 5206 3222 5259 Interea
3258 5205 3507 5259 domnus
3555 5207 3773 5277 episco-

271 5292 376 5346 pus
411 5271 727 5330 deiutina
756 5271 1087 5330 infirmitate
1118 5275 1301 5327 tritus.
1338 5272 1410 5308 ³³⁸
1443 5271 1558 5325 vias
1589 5275 1639 5326 ‘2.
1677 5271 1751 5306 *3“
1785 5271 1929 5327 deest
1957 5277 2009 5327 ‘2.
2050 5271 2122 5307 ²³⁷
2152 5273 2396 5344 insignis
2423 5278 2473 5330 2.
2507 5273 2582 5309 ’3'
2611 5275 2712 5346 qui
2739 5271 2979 5330 sedebat
3008 5279 3062 5330 2.

1907 5428 2132 5484 ΝΟΤΔΕ.

343 5531 455 5598 (58)
494 5528 537 5580 Ι.
567 5544 596 5582 e
630 5526 1105 5582 Hildesheimensi
1140 5542 1152 5579 :
1183 5541 1232 5579 ν.
1269 5525 1512 5580 Annales
1541 5525 1790 5580 llildesh.
1826 5525 1916 5579 FS.
1951 5526 2041 5590 ΙΙΙ,
2081 5542 2207 5596 pag.
2243 5530 2328 5580 ‘22.
