3944 6302
135 295 226 348 433
1514 297 1668 352 νιτΑ
1708 301 1762 353 S.
1808 301 1827 354 Ι

2011 302 2257 358 WARDI.

130 416 400 471 cathedra
448 414 685 486 triginta
739 414 923 469 annis.
978 416 1151 485 Cujus
1206 416 1486 470 discessus
1540 418 1609 472 ad
1651 418 1831 474 Deum
1869 426 1914 478 A

131 499 261 553 fecit
321 515 423 552 nos
480 498 727 569 pupillos
785 498 1002 567 absque
1059 504 1243 569 patre,
1302 505 1541 554 matrem
1582 506 1834 557 nostram

132 592 387 641 sanctam
423 585 1054 642 Hildenesheimensem
1100 587 1413 641 zecclesiam
1448 586 1520 623 ²³⁹
1553 591 1715 659 quasi
1750 591 1834 645 vi-

131 676 301 729 duam
336 672 431 726 “0.
483 675 621 728 Nam
655 690 787 728 mox
816 675 962 727 tanti
1009 676 1187 743 patris
1218 692 1450 730 excessu
1486 682 1607 731 tota
1638 679 1834 734 civitas

132 776 398 833 permo‘a
426 763 779 833 congemuit,
814 767 869 816 et
898 768 1017 815 tam
1057 763 1192 816 cleri
1224 779 1395 833 quam
1428 765 1611 834 plebis
1658 772 1834 821 coetus

135 852 323 905 omnis
372 853 543 904 corde
586 855 752 904 tenus
795 849 1059 904 indoluit.
1108 850 1327 921 Ubique
1368 852 1696 907 vociferatio
1740 856 1834 908 lu-

135 940 331 1011 gubris
382 940 655 1000 exoritur,
691 955 903 993 mceror
933 938 1359 993 inconsolabilis
1388 942 1665 1012 cujusque
1697 959 1831 1013 pro-

136 1029 394 1083 fes>ionis
433 1028 690 1093 auditur;
743 1034 801 1081 et
852 1042 1025 1098 quem
1072 1044 1263 1080 secum
1307 1036 1634 1083 manentem
1675 1047 1827 1084 com-

138 1118 296 1170 muni
366 1116 569 1170 affectu
636 1132 859 1186 semper
922 1116 1433 1184 amplectebantur,
1503 1119 1655 1172 hunc
1718 1135 1834 1172 non

139 1206 427 1259 immerito
458 1206 827 1259 decedentem
862 1205 1156 1258 communi
1194 1206 1604 1261 lamentatione
1636 1225 1830 1277 prose-

138 1302 413 1365 quuntur.
449 1294 589 1348 Hinc
640 1309 981 1363 pauperum,
1016 1292 1149 1345 hinc
1200 1292 1499 1347 viduarum
1539 1296 1833 1364 orphano—

128 1378 382 1452 rumque
416 1383 583 1435 turba
614 1381 925 1434 miserabili
974 1383 1187 1449 ejulatu
1222 1388 1445 1450 patrem
1484 1399 1543 1436 se
1576 1384 1832 1437 amisisse

139 1473 469 1541 proclamat,
511 1471 645 1524 hinc
688 1469 885 1540 patriae
918 1470 1298 1535 defensorem,
1333 1470 1486 1540 pacis
1516 1477 1831 1527 amatorem

136 1579 197 1615 ac
229 1560 403 1614 totius
430 1560 514 1614 rei
561 1559 803 1628 publicae
847 1558 1276 1628 sagucissimum
1310 1559 1684 1629 provisorem,
1715 1568 1832 1616 tam

137 1650 415 1703 nobilium
471 1648 738 1719 dignitas,
799 1661 971 1717 quam
1024 1646 1283 1715 plebium
1333 1647 1648 1713 humilitas,
1696 1666 1827 1704 con-

136 1738 289 1792 cordi
320 1737 519 1791 dolore
549 1738 902 1789 subtractum
934 1750 1056 1787 esse
1087 1735 1364 1804 deplorat.
1402 1736 1602 1790 Mirum
1627 1755 1832 1809 nempe

136 1827 192 1880 in
226 1827 467 1879 modum
516 1824 600 1877 vir
628 1824 732 1877 iste
764 1823 1033 1877 omnibus
1080 1823 1272 1876 omnia
1302 1823 1501 1887 factus,
1554 1826 1703 1880 inter
1746 1829 1831 1881 di-

136 1916 274 1969 vites
320 1921 380 1967 et
425 1928 727 1984 pauperes,
760 1911 913 1965 inter
957 1913 1135 1965 elatos
1167 1918 1223 1965 et
1255 1912 1523 1981 humiles,
1575 1922 1830 1970 auctora-

135 2004 234 2057 bili
288 2004 536 2073 quadam
589 2002 869 2056 modestia
910 2001 1133 2054 medius
1172 2000 1499 2067 inCedebat;
1560 2010 1616 2057 et
1671 2010 1830 2057 utro-

137 2094 309 2163 bique
332 2093 491 2162 juste
542 2091 834 2161 providus,
886 2106 990 2143 nec
1018 2088 1254 2142 mitibus
1285 2089 1679 2157 intractabilis,
1728 2109 1832 2147 nec

138 2182 414 2252 protervis
447 2180 805 2251 despicabilis
850 2179 1180 2249 apparebat.
1231 2178 1532 2233 Communi
1576 2197 1734 2251 ergo,
1770 2188 1833 2236 ut

138 2271 349 2323 dictum
400 2274 505 2333 est,
543 2267 903 2339 querimonia
948 2265 1249 2319 defunctus
1293 2267 1687 2337 plangebatur,
1732 2270 1832 2340 qui

137 2356 432 2412 communi
480 2357 797 2411 dilectionis
844 2355 1064 2409 honore
1110 2354 1303 2407 vivens
1355 2357 1670 2414 colebatur.
1722 2358 1829 2413 Sed

137 2465 204 2502 ne
238 2446 707 2500 irrationabiliter
734 2460 894 2499 more
929 2458 1127 2497 eorum
1159 2442 1260 2512 qui
1290 2459 1448 2511 spem
1480 2461 1597 2499 non
1620 2446 1833 2501 habent

134 2537 558 2600 contristamur,
609 2534 655 2588 si
687 2535 1077 2587 consolantem
1128 2531 1389 2584 dolemus
1420 2534 1736 2603 perdidisse
1770 2535 1830 2589 in

134 2626 319 2691 terris,
378 2623 833 2695 patrocinantem
873 2621 1081 2675 habere
1132 2621 1486 2689 gaudeamus
1542 2624 1602 2676 in
1654 2623 1826 2689 caelis,

134 2719 186 2768 et
217 2713 299 2767 sic
344 2711 572 2781 corpori
615 2707 1023 2781 compassionis
1071 2706 1259 2760 ofﬁcia
1306 2707 1724 2780 impendamus,
1766 2717 1830 2765 ut

134 2802 304 2857 etiam
337 2800 568 2870 spiritui
616 2800 858 2855 feliciter
886 2812 1015 2852 cum
1053 2797 1166 2849 Deo
1215 2799 1481 2866 regnanti
1519 2806 1826 2871 congratu-

134 2892 360 2946 lationis
390 2890 580 2944 debita
610 2889 1019 2960 persolvamus.

200 2984 290 3035 55.
342 2981 698 3049 Praeceperat
741 2984 931 3033 autem
965 2982 1150 3035 adhuc
1183 2980 1392 3041 vivens,
1433 2981 1495 3031 ut
1534 2978 1827 3048 feretrum,

135 3087 242 3141 quo
298 3069 371 3122 ad
418 3068 821 3122 tumulandum
870 3085 1076 3139 corpus
1125 3071 1248 3139 ejus
1305 3067 1668 3132 efferebatur,
1712 3083 1827 3121 non

136 3160 328 3229 pallio,
362 3162 426 3211 ut
470 3156 645 3210 moris
693 3156 865 3210 estin
894 3159 1021 3212 talis
1077 3174 1333 3229 personae
1381 3158 1616 3211 funereo
1665 3157 1828 3210 obse-

134 3248 288 3319 quio,
341 3246 440 3301 sed
486 3244 668 3299 cilicio
713 3251 934 3300 tantum
984 3248 1326 3317 operiretur.
1374 3246 1531 3310 Quod
1580 3245 1708 3299 ideo
1737 3244 1829 3299 hic

134 3336 500 3390 inserendum
535 3334 884 3404 putavimus,
918 3341 980 3390 ut
1005 3337 1223 3390 cunctis
1262 3334 1583 3405 legentibus
1614 3338 1823 3405 pateat,

135 3430 349 3497 quanto
381 3424 466 3476 vir
515 3424 622 3477 iste
674 3439 706 3476 a
738 3425 983 3479 Domino
1043 3425 1217 3480 etiam
1264 3423 1565 3495 temporali
1607 3424 1826 3477 honore

134 3513 495 3573 sublimatus,
533 3512 904 3583 semetipsum
953 3513 1271 3567 humilitate
1312 3512 1672 3583 depresserit,
1723 3528 1823 3564 cu-

128 3604 218 3672 jus
266 3601 507 3656 viventis
539 3603 775 3672 spiritus
808 3602 1036 3657 devotio
1083 3606 1199 3657 tam
1234 3603 1450 3656 humile
1483 3600 1825 3671 obsequium

130 3694 411 3747 defunctae
456 3708 688 3762 quoque
735 3691 893 3744 carni
926 3691 1255 3761 providerit.
1294 3692 1444 3744 More
1493 3691 1684 3760 itaque
1716 3703 1827 3743 aec-

3528 312 3634 366 434

1943 442 2255 497 clesiastico
2302 444 2560 515 exequiis
2599 444 2705 500 rite
2757 447 3073 512 celebratis,
3124 464 3330 518 corpus
3380 450 3494 505 Deo
3548 452 3632 506 di-

1943 531 2075 585 lecti
2123 532 2385 602 praasulis
2422 534 2481 586 in
2520 533 2703 603 cripta
2735 534 2979 588 C(Bnuhii
3028 536 3183 605 quod
3212 536 3332 607 ipse
3363 537 3634 592 fundave-

1942 625 2049 685 rat,
2084 626 2216 674 aute
2249 622 2423 674 altare
2464 629 2671 675 sanctae
2699 623 2908 688 Mariae,
2942 624 3191 677 maxima
3220 641 3347 677 cum
3379 626 3634 683 ﬁdelium

1945 707 2152 762 Christi
2228 710 2530 763 devotione
2610 712 2903 780 sepelitur.
2982 712 3359 782 Sepulchrum
3442 721 3633 768 autem

1944 811 2111 849 suum
2166 802 2359 850 sancta
2415 798 2524 851 sibi
2571 799 2872 852 devotione
2918 799 3040 869 ipse
3089 809 3528 871 praeparaverat,
3579 807 3637 856 et

1941 885 2054 938 tale
2085 885 2267 940 solitae
2300 886 2640 939 humilitatis
2680 889 3065 959 epytaphyum
3115 890 3591 960 superscripserat
3620 906 3632 942 :

2008 991 2130 1039 Pars
2155 990 2384 1039 hominis
2416 993 2758 1041 Bernwartlns
2778 1007 2917 1041 eram
2940 1010 2952 1049 ;
2980 1008 3117 1043 nunc
3142 994 3361 1044 claudor
3389 996 3443 1044 in
3473 996 3572 1044 isto

2067 1053 2399 1116 sarcophago
2429 1054 2560 1111 diro,
2591 1055 2709 1103 vilis
2734 1061 2785 1103 et
2807 1070 2926 1103 eace
2956 1057 3104 1104 ciuis.

2006 1114 2141 1181 Proh
2172 1114 2525 1181 dolor,'ofttcii
2553 1117 2759 1165 culmen
2792 1118 2915 1179 quia
2940 1132 3045 1165 non
3069 1119 3201 1181 bene
3232 1118 3395 1181 gessi!

2067 1177 2145 1226 Sit
2170 1178 2255 1240 pia
2286 1192 2384 1241 pax
2415 1178 2623 1237 animae,
2646 1193 2739 1227 Vos
2768 1177 2821 1228 et
2848 1182 3012 1229 Amen
3042 1180 3242 1229 canite!

2014 1295 2096 1346 56.
2162 1291 2307 1356 Quid
2358 1293 2464 1347 hac
2520 1294 2670 1347 beati
2729 1294 2835 1346 viri
2889 1295 3325 1349 mansuetudine
3389 1295 3630 1360 dulcius,

1942 1380 2078 1451 quid
2128 1381 2446 1450 abjectione
2473 1380 2856 1436 laudabilius?
2889 1383 3010 1446 Quo
3041 1384 3194 1436 enim
3242 1399 3301 1436 se
3330 1383 3498 1435 vilius
3528 1384 3633 1436 sub

1942 1468 2282 1524 humilitatis
2325 1469 2595 1539 deprimit
2630 1470 2841 1536 modio,
2890 1486 2958 1523 eo
2991 1470 3233 1524 lucidius
3275 1471 3333 1524 in
3366 1471 3636 1526 aacclesim

1944 1565 2180 1629 apparet
2217 1559 2586 1625 candelabro;
2638 1563 2695 1612 et
2732 1566 3008 1629 quantum
3054 1577 3156 1613 suo
3191 1560 3408 1630 judicio
3458 1577 3634 1615 sacer-

1943 1648 2119 1703 dotali
2150 1649 2369 1702 honore
2413 1648 2682 1717 indignus
2713 1648 3041 1718 deputatur,
3077 1654 3298 1703 tantum
3331 1650 3633 1704 laudabilis

1942 1739 2071 1790 vitm
2102 1736 2431 1791 testimonio
2463 1736 2669 1805 dignus
2714 1752 2815 1805 per
2844 1738 3036 1790 omnia
3078 1738 3503 1807 comprobatur.
3540 1738 3634 1792 Pie

1942 1824 2189 1895 denique
2222 1824 2605 1878 consideranti
2640 1825 2874 1878 modum
2927 1826 3373 1878 conversationis
3416 1827 3538 1895 ejus
3581 1831 3637 1878 et

1941 1920 2146 1968 sanctae
2178 1931 2207 1967 a
2238 1929 2415 1983 puero
2448 1913 2841 1979 institutionis,
2892 1915 3088 1983 magni
3132 1913 3321 1967 meriti
3352 1915 3476 1967 luce
3515 1915 3632 1967 cla-

1940 2004 2059 2057 rius
2100 2003 2417 2073 apparebit,
2446 2003 2707 2073 qliamvis
2738 2004 2908 2072 longe
2959 2003 3125 2055 aliter
3152 2020 3210 2055 se
3242 2003 3357 2073 ipse
3386 2002 3631 2055 estima-

1940 2093 2103 2145 verit.
2154 2093 2336 2145 Valles
2364 2091 2538 2157 enim,
2577 2092 2890 2145 secundum
2932 2090 3308 2156 Psalmistam,
3347 2091 3633 2144 frumento

1939 2181 2254 2246 abundant,
2304 2180 2410 2233 hoc
2459 2185 2561 2245 est,
2618 2180 2864 2233 humiles
2913 2179 3118 2250 spiritu
3170 2179 3490 2248 potioribus
3542 2178 3632 2232 di-

1941 2269 2084 2323 vinae
2118 2267 2394 2339 largitatis
2424 2268 2761 2321 muneribus
2802 2268 3130 2322 exuberant.
3171 2268 3276 2322 Sed
3312 2267 3437 2338 pius
3473 2269 3634 2320 Pater

1941 2358 2055 2410 Deo
2107 2358 2278 2426 plane
2332 2361 2389 2409 et
2441 2356 2710 2409 aecclesiaa
2766 2356 3157 2427 dignissimus,
3217 2362 3272 2409 et
3321 2357 3473 2409 inter
3524 2371 3632 2409 cae-

1940 2449 2090 2497 teras
2148 2447 2402 2509 virtutes,
2468 2443 2679 2515 quibus
2730 2446 3035 2498 adornatus
3092 2450 3231 2513 erat,
3291 2445 3632 2499 humilitatis

1939 2533 2123 2586 cultor
2174 2533 2519 2603 praecipuus,
2569 2532 2706 2601 quid
2743 2550 2845 2603 pro
2886 2533 3011 2602 ipsa
3066 2533 3255 2587 cordis
3311 2535 3631 2587 humilitate

1938 2620 2358 2682 consolationis,
2410 2620 2548 2691 quid
2588 2621 2722 2674 tidei
2761 2636 2824 2674 ac
2874 2621 2996 2690 spei
3046 2622 3392 2691 conceperit,
3442 2620 3631 2674 mani-

1938 2710 2103 2764 festat
2131 2710 2191 2762 in
2222 2709 2387 2763 titulo
2438 2725 2609 2779 quem
2640 2709 2729 2763 his
2776 2709 2964 2763 verbis
3013 2709 3301 2763 interioris
3353 2707 3629 2778 sarcofagi

1938 2797 2237 2869 insculpsit
2291 2797 2479 2851 loculo
2539 2814 2551 2851 :
2611 2798 2729 2853 Scio
2788 2798 2855 2833 ²⁴¹
2922 2799 3056 2867 (59),
3116 2798 3259 2866 quod
3310 2797 3629 2865 Redemptor

1939 2902 2084 2941 meus
2130 2889 2287 2952 vivit,
2322 2890 2373 2939 et
2420 2889 2479 2939 in
2531 2888 2820 2939 novissimo
2859 2886 2945 2939 die
2987 2886 3052 2939 de
3106 2892 3252 2938 terra
3289 2890 3627 2938 surrecturus

1863 2982 1902 3037 C
1940 2992 2079 3042 sum,
2128 2980 2177 3029 et
2218 2990 2435 3029 rursum
2485 2975 2859 3029 circumdabor
2900 2976 3038 3043 pelle
3086 2990 3224 3035 mea,
3270 2978 3321 3027 et
3363 2976 3421 3027 in
3467 2988 3627 3027 carne

1936 3081 2054 3119 mea
2104 3066 2292 3119 videbo
2346 3067 2519 3118 Deum
2568 3066 2891 3118 salvatorem
2943 3080 3136 3129 meum,
3196 3079 3355 3133 quem
3408 3065 3626 3117 visurus

1938 3170 2054 3208 sum
2108 3170 2201 3221 ego
2252 3156 2385 3222 ipse,
2441 3158 2490 3206 et
2536 3154 2676 3207 oculi
2722 3154 2827 3205 mei
2870 3155 3207 3221 conspecturi
3256 3158 3381 3206 sunt
3426 3156 3476 3205 et
3522 3166 3628 3205 non

1934 3245 2077 3298 alius
2110 3239 2204 3294 “3.
2254 3243 2511 3313 chosz‘tu
2558 3247 2636 3295 est
2668 3242 2775 3295 haec
2804 3239 2877 3275 "3
2919 3256 3040 3310 spes
3070 3256 3188 3294 mea
3229 3244 3289 3294 in
3335 3243 3462 3295 sinu
3490 3256 3621 3295 meo.

1937 3333 2072 3397 Quae
2116 3331 2395 3385 nimirum
2449 3330 2596 3384 dicta
2648 3346 2714 3383 eo
2766 3329 2969 3398 spiritu
3021 3329 3092 3382 ab
3140 3329 3262 3398 ipso
3317 3329 3626 3382 creduntur

1935 3421 2199 3491 repetita,
2234 3435 2348 3489 quo
2379 3419 2632 3488 primum
2676 3434 2741 3471 ea
2770 3422 2991 3470 constat
3018 3417 3190 3470 fuisse
3239 3418 3480 3486 prolata,
3511 3418 3625 3470 acsi

1936 3510 2061 3563 aliis
2116 3507 2302 3561 verbis
2359 3506 2610 3577 apertius
2664 3506 2875 3560 diceret
2916 3523 2928 3559 :
2976 3526 3001 3554 κ
3058 3506 3278 3559 Bonum
3334 3510 3624 3559 certamen

1934 3597 2161 3665 certavi,
2210 3611 2438 3650 cursum
2469 3594 2878 3660 consummavi,
2934 3593 3108 3647 ﬁdem
3152 3592 3388 3660 servavi,
3432 3593 3503 3648 de
3541 3609 3598 3646 re

1936 3688 2091 3758 liquo
2122 3685 2368 3756 reposita
2397 3689 2485 3738 est
2514 3683 2688 3738 michi
2717 3699 2928 3737 corona
2950 3682 3198 3753 justiciae
3226 3680 3316 3735 ηδ.

1546 3848 1772 3902 unus
1813 3845 2205 3901 LECTIONES.
2286 3920 2288 3922 ν

194 3975 266 4011 *³9
350 3991 396 4027 s.
458 3975 524 4028 ll.
580 3990 631 4027 e.
693 3974 885 4028 desunt
942 3980 994 4028 2.
1074 3972 1147 4009 ²¹³⁰
1213 3976 1425 4044 reliqua
1481 3973 1674 4026 desunt
1728 3975 1787 4025 in
1842 3974 2048 4044 2,77qui
2099 3986 2280 4044 eorum
2338 3970 2478 4044 loco_
2506 3970 2613 4023 haec
2670 3968 3081 4044 subjungt'tl'u.
3120 3967 3249 4044 ητα
3308 3965 3620 4044 ὓρςξθὴςξνρέ

126 4048 361 4116 episcopi
415 4045 621 4099 edenda
667 4061 679 4099 :
722 4046 826 4098 Sed
896 4061 985 4111 ne,
1042 4050 1138 4099 etc.
1240 4035 1543 4116 2“.SCIO,
1588 4044 1755 4097 ENIM
1820 4035 2008 4106 QUOD
2073 4045 2177 4094 etc.
2247 4041 2652 4116 Sarcophagus.
2714 4039 2820 4116 “_’j_
2864 4038 3085 4116 ALIUltt
3145 4037 3296 4116 Sa_rc.
3360 4035 3429 4116 ²⁴ῗ
3488 4037 3623 4116 HEC

128 4107 314 4174 Sam.-
358 4118 430 4153 ³⁸⁸
484 4118 543 4169 in
591 4118 621 4170 3
680 4117 787 4170 hac
841 4107 1180 4183 inseruntur,
1227 4131 1345 4186 quae
1395 4115 1545 4168 haud
1599 4119 1723 4186 ante
1783 4129 1985 4186 annum
2047 4116 2202 4186 “95,
2268 4114 2480 4186 scripta
2511 4124 2665 4186 .esse,
2716 4110 2910 4186 ultima
2964 4108 3128 4186 verba
3185 4107 3617 4186 demonstrant;

132 4190 241 4243 Ista
271 4204 385 4258 que
444 4196 760 4258 sequuntur
790 4186 848 4239 in
882 4176 1178 4258 plerisque,
1234 4176 1393 4240 libris
1442 4190 1500 4238 et
1526 4182 2267 4258 codicibus,inveniuntur
2313 4176 2394 4235 de'
2431 4179 2591 4233 obitu
2646 4179 3134 4258 sancti‘presulis.
3185 4176 3478 4232 Transitus
3515 4176 3619 4258 viri

132 4261 231 4314 Dei
287 4247 632 4311 sanctissimi
686 4247 929 4325 presulis
999 4247 1177 4310 nostri
1240 4256 1563 4310 Bernwardi
1620 4254 1912 4326 nonnullis
1968 4253 2241 4326 divinitus
2295 4258 2554 4326 ostensus
2595 4256 2711 4326 est,
2772 4247 2891 4326 sed'
2921 4251 2989 4303 ad
3055 4250 3168 4326 ista
3222 4247 3620 4326 prosequenda

131 4331 269 4385 libet.
322 4329 516 4397 priora
547 4318 845 4396 paululum
885 4328 1194 4382 attendere.
1231 4328 1472 4382 Sedebat
1525 4326 1835 4398 aliquando
1864 4324 1949 4377 vir
1980 4324 2079 4398 Dei
2125 4323 2519 4398 Bernwardus_
2543 4321 2727 4398 adhuc
2755 4321 2949 4373 vivens
2994 4336 3123 4398 cum
3157 4318 3473 4398 hospitibus
3505 4318 3620 4370 suis

132 4401 186 4453 in
219 4391 353 4453 aula
385 4415 502 4452 sua.
549 4391 839 4453 'Scholaris
886 4416 1016 4452 vero
1067 4399 1301 4468 quidam
1336 4414 1551 4468 pauper
1593 4391 1725 4469 a'nte
1742 4396 1901 4469 fores
1949 4391 2581 4469 elemosinaspetendo,
2616 4392 2776 4469 pium
2826 4391 3136 4469 presulem,
3166 4395 3231 4469 ut
3259 4391 3346 4442 sui
3381 4391 3621 4469 misere-

131 4479 310 4535 retur,
377 4469 673 4523 invocavit.
729 4470 893 4533 Quod
960 4458 1197 4524 audi'ens
1256 4458 1856 4540 homo.propheticus
1912 4471 1968 4518 et
2024 4464 2248 4540 spirit_u_
2297 4458 2395 4540 Dei
2451 4458 2673 4540 plenus,
2716 4458 2909 4540 jussit,
2973 4467 3035 4515 ut
3090 4460 3417 4540 episcopnus'
3459 4458 3622 4513 Colo-

131 4531 347 4597 niensis
407 4540 544 4594 foris
605 4531 766 4593 stans
830 4556 957 4594 mox
1016 4531 1507 4594 introduceretur:
1553 4531 1853 4592 currentes
1920 4531 2068 4603 ergo
2114 4533 2359 4610 ministri
2412 4533 2913 4610 renunciaverunt,
2973 4534 3263 4610 neminem
3318 4531 3621 4610 foris.esse

129 4620 324 4683 preter
349 4612 511 4665 illum
561 4612 879 4664 scholarem
935 4627 1267 4683 pauperem.
1325 4612 1561 4666 Sanctus
1595 4614 1783 4683 autem
1838 4602 2225 4683 Bernvvardus.,
2254 4605 2550 4683 affirmans
2573 4604 2765 4683 ipsum
2815 4619 2936 4656 esse
2973 4602 3618 4683 Coloniensemepisco-

133 4673 292 4754 pum,
326 4683 664 4754 festinanter
694 4683 899 4737 adduci
934 4673 1211 4753 precepit;
1235 4753 1240 4754 ν
1262 4683 1685 4754 adductumque
1732 4678 1979 4747 benigne
2009 4676 2342 4754 suscipiens,
2376 4676 2432 4727 in
2464 4675 2646 4754 capite
2689 4689 2907 4754 mensae
2940 4673 3622 4754 pauperem_reuit_ent_em

133 4743 445 4808 collocavit.
498 4754 616 4819 Cui,
658 4758 786 4825 post
836 4743 1121 4825 mensam-
1159 4743 1367 4825 rubore
1414 4743 1643 4822 perfuso
1691 4755 1748 4804 et
1767 4743 2100 4825 Averécundo
2150 4743 2618 4825 pro__reverencia
2657 4745 2765 4798 sibi
2816 4760 2850 4797 a
2879 4750 3041 4825 tanto
3079 4744 3307 4824 presule
3346 4743 3619 4823 exhibita,

132 4827 215 4879 vir
255 4828 476 4887 beatus,
517 4816 678 4893 quod
705 4826 826 4893 ipse
874 4824 1227 4878 Coloniensis
1257 4816 1559 4893 episcopus
1589 4825 1736 4874 esset
1760 4821 2008 4893 futurus,
2052 4816 2327 4893 predixit;
2372 4816 2667 4893 humiliter
2694 4831 2955 4881 exorans,
2990 4820 3051 4893 ut
3078 4816 3323 4893 primam
3354 4816 3619 4893 missam;

134 4912 304 4967 quam
339 4896 395 4948 in
445 4884 679 4967 Colonia
729 4884 1064 4967 celebraret,
1098 4911 1201 4965 pro
1235 4884 1488 4965 paupere
1521 4891 1858 4947 Bernwardo
1885 4884 2257 4967 decantaret.
2295 4892 2365 4967 At.
2408 4888 2534 4967 ille,
2573 4903 2703 4940 cum
2742 4901 2968 4967 summa
3019 4884 3330 4967 devocion'e
3362 4885 3624 4967 precibus

136 4955 256 5035 éjus
300 4981 579 5032 annuens,
634 4955 1263 5035 benedictione'petita
1291 4955 1639 5033 et'accepta,
1696 4960 1929 5017 recessit
1966 4961 2036 5015 ab
2083 4976 2173 5014 eo.
2205 4961 2399 5014 Factus
2438 4958 2617 5029 igitur
2667 4957 3133 5028 archiepiscopus
3172 4955 3247 5025 (α)
3286 4956 3444 5025 juxta
3480 4955 3620 5007 vati-

1766 5116 1991 5172 NOTAE.

1939 5248 2069 5303 pars
2116 5232 2262 5286 hanc
2309 5229 2739 5300 inscriptionem
2792 5228 3020 5284 exhibet
3072 5245 3086 5283 :
3138 5227 3624 5282 BERNWARDUS

206 5240 314 5309 (59)
343 5237 643 5309 Inscriptio
674 5239 797 5292 haac
825 5237 1115 5307 hodieque
1144 5237 1205 5291 in
1234 5237 1585 5309 sarcophago
1619 5238 1828 5309 exstat;

1938 5314 2063 5375 EFS
2100 5320 2361 5374 SERVVS
2399 5318 2770 5374 SERVORVM
2808 5310 2938 5373 ΧβΙ.

140 5328 186 5388 v.
213 5305 385 5388 'liratz
430 5305 869 5388 descriptionem
920 5305 1172 5388 ecclesiae
1217 5305 1677 5388 metropolitanse
1718 5305 1831 5388 “Hilu-

139 5381 544 5435 desheimensis
594 5377 732 5434 tom.
788 5380 883 5450 IIl,
939 5379 1053 5433 tab.
1115 5382 1197 5433 t3.
1261 5377 1497 5432 Inferior
1550 5377 1828 5445 sarcofagi

216 5544 283 5612 ia)
318 5539 656 5611 Pilegrinus.
