3944 6300
252 300 355 355 435
658 317 664 323 ·
1244 295 1467 350 TIIANG
1479 294 1650 350 MARI
1696 291 2131 350 PRESBYTER!
2173 290 2214 345 Η
2227 286 2760 346 iLDESHElMENS.
3656 285 3764 338 436

328 428 412 476 37.
449 420 717 478 Cernitur
765 420 1173 476 nichilominus
1221 421 1289 475 ad
1323 420 1580 475 dextram
1612 425 1834 490 partem
1865 435 1947 472 se-
1978 419 2025 471 A
2062 414 2308 488 pulchri,
2356 429 2528 484 super
2571 412 3010 482 colnmpnarum
3057 407 3401 480 conscriptio
3431 406 3560 461 talis
3595 405 3721 477 (61)
3754 423 3767 460 :

2205 893 2472 900 _..___———

315 567 428 616 Hac
460 563 652 613 tumuli
681 564 822 612 fossa
850 563 1172 623 clauduntur
1199 561 1585 625 praesulisossa
2128 557 2258 625 Nam
2287 552 2657 625 fuit'gecclqsize
2687 551 2985 625 condignus
3010 550 3288 625 episcopus
3316 548 3430 625 il‘lei

325 610 360 663 ῘῘ
372 610 950 682 Dernv—val'di_§t5,imiri
972 610 1339 687 niagniﬁéique
1374 623 1486 670 viri.
2128 681 2166 687 _
2192 622 2357 687 Quem
2389 618 2526 687 Deus
2550 610 2874 687 Emmanuel
2890 610 3075 674 diligat
3103 615 3154 687 et
3173 610 3450 687 ltllicli'abel.

323 673 636 751 Qui'patriae
667 673 890 751 stemma
907 673 1121 751 radians
1150 691 1220 751 -ut_
1246 673 1453 751 gemma
1473 697 1675 736 serena.
2128 673 2469 751 Tandem‘bis
2501 676 2641 751 senis
2667 676 2881 751 undeno
2910 673 3092 751 mense
3113 673 3388 751 Kalendis.

385 735 643 813 cheptus
664 735 1489 811 Domino,complacuitvpopulo.
1670 735 1673 736 ν
2193 742 2336 790 Felix
2364 740 2503 789 hanc
2527 739 2685 788 vitam
2717 741 2884 786 mutat
2907 736 2962 784 in
2999 735 3308 798 angelicam.

747 1178 1542 1282 MIRACULA
1622 1173 2201 1279 SANCTA
2285 1168 3278 1273 BERNWARDI.

344 1374 391 1426 l.
454 1370 690 1435 Quantis
744 1367 816 1405 “5
875 1372 1002 1440 post
1060 1369 1176 1422 haec
1237 1368 1643 1422 miraculorum
1699 1364 1964 1436 insigniis
1999 1365 2036 1416 Β
2147 1365 2197 1417 3.
2241 1361 2368 1417 Fuit
2412 1362 2475 1415 in
2525 1360 2751 1414 civitate
2805 1363 3001 1413 nostra
3045 1359 3208 1412 miles
3242 1358 3776 1430 quidam.ministe-

270 1458 650 1512 confessorem
700 1473 868 1511 suum
925 1456 1200 1511 Dominus
1255 1454 1673 1524 glorificaverit,
1724 1469 1838 1506 non
1885 1456 1969 1505 est
2081 1453 2232 1505 rialis
2309 1449 2596 1505 habitans.
2667 1448 2838 1518 Cujus
2910 1447 3029 1502 ﬁlia
3094 1447 3379 1502 infantula
3445 1448 3777 1519 egritudine

273 1552 478 1601 nostra:
523 1546 821 1617 parvitatis
866 1547 1190 1616 explanare.
1244 1545 1348 1598 Sed
1380 1561 1451 1598 ne
1481 1549 1684 1596 cuncta
1728 1547 1966 1613 prteter-
2079 1556 2295 1611 pressa,
2328 1554 2458 1593 cum
2507 1538 2928 1608 desperaretur,
2970 1537 3171 1590 saltem
3211 1537 3481 1606 baptismi
3530 1537 3780 1608 gratiam

276 1635 382 1687 isse
413 1634 730 1695 videamur,
767 1649 946 1704 pauca
971 1633 1039 1686 de
1070 1632 1332 1702 pluribus
1363 1631 1731 1701 explicemus.
2081 1628 2335 1699 opperiri
2383 1642 2568 1698 posse,
2603 1631 2766 1697 pater
2809 1625 3010 1678 anxius
3065 1641 3135 1678 ne
3166 1624 3286 1679 sine
3325 1625 3783 1696 regenerationis

347 1728 398 1776 2.
433 1724 630 1777 Puella
686 1723 946 1792 quaedam
997 1722 1066 1775 de
1117 1721 1419 1791 Erpesford
1465 1720 1728 1787 oriunda,
1773 1719 1972 1773 Hilde—
2081 1721 2438 1772 sacramento
2484 1715 2768 1787 deperiret
2815 1713 3026 1781 anima,
3074 1730 3313 1768 eameam
3364 1714 3680 1785 imaginem
3712 1715 3783 1768 ad

279 1811 419 1880 gard
449 1810 704 1878 nomine,
744 1826 872 1864 cum
905 1811 1088 1863 multa
1119 1809 1515 1879 languentium
1549 1809 1714 1862 turba
1739 1807 1975 1862 diversis
2085 1807 2451 1878 sepulchrum
2499 1804 2651 1859 beati
2697 1803 3018 1858 Bernwardi
3064 1803 3286 1858 deferre
3316 1804 3489 1870 vovit,
3540 1807 3604 1858 ut
3657 1805 3788 1873 ejus

280 1899 696 1970 egritudinibus
746 1901 943 1952 vexata
995 1897 1394 1953 Hidenesheim
1443 1897 1692 1963 advenit,
1739 1897 1974 1950 misera-
2086 1892 2306 1948 meritis
2337 1892 2588 1963 spacium
2623 1891 2922 1946 infantqu
2972 1891 3041 1945 ad
3071 1890 3341 1962 baptismi
3389 1896 3617 1947 tantum
3653 1909 3789 1963 gra-

282 1989 456 2043 bilem
502 1988 560 2041 in
606 1987 840 2041 modum
874 1992 991 2040 tota
1030 1991 1340 2054 contracta,
1371 1987 1449 2040 ita
1495 1990 1560 2039 ut
1589 1985 1830 2057 genibus
1879 2003 1977 2056 pe-
2087 1982 2228 2037 tiam
2257 1981 2642 2052 accipiendam
2675 1980 3032 2050 optineretur
3071 1996 3101 2032 a
3133 1979 3396 2034 Domino.
3434 1980 3599 2034 Facto
3634 1984 3792 2042 voto,

283 2077 423 2131 ctori
450 2076 886 2142 inhaerentibus,
928 2091 1105 2130 manu
1136 2076 1366 2129 dextera
1395 2075 1712 2140 incurvata,
1745 2075 1980 2128 cubitali
2087 2071 2217 2124 ilico
2258 2087 2386 2124 cera
2433 2069 2704 2140 efﬁgiata,
2738 2069 2980 2138 nudipes
3007 2068 3077 2123 ad
3121 2069 3409 2122 tumulum
3465 2068 3793 2123 beatissimi

285 2181 555 2219 mensura
591 2164 678 2217 vix
710 2179 744 2216 a
788 2168 941 2217 terra
989 2165 1270 2229 subrecta,
1319 2179 1376 2216 se
1407 2164 1660 2234 rependo
1707 2165 1977 2218 traheret.
2090 2159 2352 2230 praesulis
2379 2158 2545 2223 adiit;
2591 2158 2692 2228 qui
2721 2157 2854 2212 inde
2887 2157 3135 2222 rediens,
3164 2156 3514 2211 infantulum
3547 2173 3610 2210 ex
3647 2157 3797 2211 inte—

283 2256 417 2318 Qum
447 2268 548 2323 per
578 2268 670 2305 sex
704 2267 930 2305 menses
961 2257 1019 2304 et
1047 2268 1115 2305 eo
1148 2251 1394 2321 amplius
1425 2253 1573 2306 circa
1611 2253 1734 2306 loca
1764 2258 1984 2306 sancto-
2091 2265 2194 2319 gro
2227 2247 2579 2302 convaluisse
2617 2247 2892 2318 repperit.

286 2357 413 2396 rum
463 2340 759 2411 reptando,
812 2340 1144 2394 mendicans
1173 2358 1205 2394 a
1239 2341 1352 2394 Deo
1401 2341 1663 2409 salutem,
1711 2357 1744 2394 a
1774 2341 1983 2412 populo
2162 2339 2215 2392 4.
2249 2337 2521 2401 Quasdam
2553 2337 2722 2390 etiam
2771 2337 2963 2406 puella
2993 2335 3054 2390 in
3083 2335 3530 2390 vico-Hanovere
3568 2333 3642 2370 ³⁸⁷
3675 2335 3794 2407 (62)

287 2431 514 2500 stipem,
568 2428 882 2496 admonita,
935 2433 998 2481 ut
1027 2428 1150 2499 ipsa
1191 2429 1492 2495 referebat,
1539 2445 1643 2500 per
1691 2446 1980 2495 somnum,
2096 2429 2254 2479 tanto
2299 2425 2658 2480 cruciabatur
2685 2426 2986 2479 oculorum
3039 2425 3252 2492 dolore,
3305 2429 3370 2478 ut
3402 2425 3631 2495 penitus
3661 2424 3798 2478 elici

288 2519 359 2574 ad
404 2518 690 2572 tumulum
720 2518 870 2572 beati
904 2517 1226 2572 Bernwardi
1273 2517 1549 2587 reptando
1593 2517 1880 2587 pervenit;
1933 2522 1988 2570 et
2096 2513 2328 2568 orbibus
2379 2513 2494 2567 suis
2543 2513 2653 2584 ipsi
2683 2512 2834 2566 oculi
2890 2515 3230 2582 putarentur
3258 2513 3312 2566 vi
3359 2513 3568 2568 doloris
3644 2514 3795 2567 Pro-

288 2605 644 2677 superposita
703 2605 888 2660 eidem
948 2605 1163 2659 tumbae
1223 2622 1386 2658 cerea
1443 2604 1652 2674 efﬁgie,
1714 2605 1985 2658 continuo
2019 2645 2058 2699 Ο
2100 2602 2273 2656 missa
2316 2601 2494 2671 igitur
2540 2601 2829 2655 oblatione
2877 2601 2945 2654 ad
2988 2601 3244 2656 tumbam
3293 2601 3472 2655 sancti
3505 2602 3794 2672 praesulis,

289 2712 477 2750 coram
510 2695 742 2765 populo,
775 2695 937 2764 cujus
966 2695 1166 2749 eodem
1211 2699 1466 2764 tempore
1503 2693 1810 2748 multitudo
1843 2694 1986 2747 forte
2023 2689 2058 2699 “
2096 2690 2224 2744 ilico
2257 2690 2526 2760 sospitate
2558 2689 2834 2743 redeunte
2864 2690 3190 2760 conquievit
3221 2689 3303 2743 vis
3331 2689 3561 2744 doloris.

291 2787 653 2849 convenerat,
712 2798 1022 2836 nervorum
1078 2782 1428 2836 distensione
1485 2782 1686 2837 durius
1747 2782 1987 2837 cruciari
2168 2782 2215 2834 5.
2281 2778 2464 2833 Simili
2531 2778 2794 2849 passione
2862 2778 3094 2848 quidam
3156 2777 3217 2832 in
3282 2777 3620 2849 Runeberge
3682 2778 3797 2849 (63)

292 2871 479 2941 cmpit.
516 2870 660 2934 Quid
710 2870 914 2940 plura?
952 2871 1102 2924 Infra
1150 2870 1388 2924 biduum
1439 2875 1624 2924 erecta
1657 2875 1760 2938 est,
1814 2871 1893 2924 ita
1926 2875 1989 2924 ut
2096 2873 2346 2928 vexatus,
2389 2867 2447 2920 in
2500 2872 2668 2921 nocte
2713 2867 3105 2921 decollationis
3151 2867 3329 2920 sancti
3370 2867 3644 2921 Johannis
3687 2869 3802 2921 Ba-

295 2975 409 3012 non
464 2965 596 3029 post
648 2962 888 3029 longum
937 2963 1164 3028 tempus
1213 2974 1350 3012 sana
1396 2959 1628 3012 rediret.
1682 2957 1858 3012 Testis
1906 2962 1992 3011 est
2098 2955 2309 3026 ptistas,
2357 2971 2487 3009 cum
2529 2956 2653 3027 .jam
2687 2956 2920 3026 penitus
2968 2956 3268 3010 oculorum
3311 2956 3554 3010 salutem
3593 2955 3803 3026 despe-

295 3051 415 3101 tota
445 3048 640 3101 civitas
689 3052 904 3112 nostra,
954 3047 1064 3113 cui,
1097 3045 1331 3100 miseria
1372 3045 1721 3110 notilicante,
1771 3046 1991 3100 dudum
2100 3048 2271 3111 raret,
2314 3045 2573 3099 invocato
2627 3045 2883 3116 ejusdem
2944 3045 3054 3098 viri
3112 3044 3350 3112 auxilio,
3410 3044 3469 3098 in
3528 3061 3806 3100 somnum

297 3139 418 3190 erat
446 3135 761 3190 notissima.
2101 3134 2385 3187 resolutus
2435 3137 2536 3187 est.
2587 3134 2754 3188 Facto
2805 3137 2996 3187 autem
3047 3132 3318 3201 diluculo,
3365 3132 3593 3203 penitus
3636 3135 3805 3189 omni

1708 3227 1943 3282 VABIZE
1984 3229 2380 3284 LECTIONES.

301 3327 516 3382 cinium
563 3327 669 3380 viri
708 3324 885 3379 sancti
924 3327 1198 3392 regnante
1235 3323 1446 3377 domno
1487 3323 1751 3379 Heinrico
1791 3325 1859 3379 de
1903 3325 2280 3390 Bavenberch,
2323 3342 2474 3379 anno
2527 3325 2755 3380 Domini
2803 3329 2934 3381 l023
2977 3326 3316 3380 duodecimo
3360 3327 3640 3381 Kalendas
3680 3328 3805 3382 De-

304 3399 549 3453 cembris
606 3397 678 3451 ad
731 3396 905 3469 altare
954 3395 1638 3469 _missam__celebraturus
1704 3396 1975 3450 accedens
2023 3397 2146 3469 ipse
2207 3397 2563 3469 Coloniensis
2629 3397 2947 3467 episc0pus,
2997 3403 3391 3469 cantoresquer
3436 3398 3801 3469 preveniens,

305 3470 536 3524 missam
577 3484 680 3536 pro
719 3466 1017 3538 defunctis,
1059 3464 1328 3538 omnibus
1367 3465 1746 3538 quiaderant
1788 3468 2174 3536 stupentibus.
2229 3467 2537 3526 inchoavit.
2584 3464 2686 3520 ne}.
2738 3464 3044 3522 immemor
3096 3464 3453 3538 interpretis'
3482 3468 3590 3534 sui,
3644 3469 3803 3523 beati

306 3540 518 3593 scilicet
571 3537 914 3603 Bernwardi,
947 3553 1097 3609 cnm_
1127 3536 1372 3609 venisset
1420 3536 1488 3590 ad
1521 3552 1821 3602 canonem,
1878 3537 2262 3605 devotissime,
2296 3538 2441 3592 sicut
2489 3539 2848 3608 promiserat,
2902 3536 3268 3593 memoriam_
3291 3539 3469 3609 ipsius
3499 3541 3616 3606 egit
3643 3539 3801 3594 inter

308 3611 480 3664 vivos.
522 3609 630 3665 Sed
691 3609 838 3661 inter
869 3607 1130 3660 salutaris
1181 3607 1405 3661 victima
1455 3609 1943 3661 consecracionem
1997 3609 2268 3662 transitus
2297 3609 2403 3662 viri
2454 3607 2554 3663 Dei
2583 3609 2855 3662 divinitus
2910 3610 2960 3662 ei
3005 3611 3288 3664 revelatus
3315 3607 3440 3674 est;
3472 3612 3620 3664 unde
3662 3627 3799 3665 mox

302 3680 486 3734 eciam
518 3681 578 3732 in
610 3678 950 3750 memorian
980 3678 1383 3750 defunctorum
1432 3678 1682 3750 nominis
1733 3680 1854 3750 ejus
1907 3679 2265 3734 mencionem
2309 3680 2479 3746 fecit;
2513 3685 2571 3733 et
2613 3681 2811 3734 omnia
2839 3697 2965 3750 quae
2994 3681 3335 3748 acciderant,
3394 3681 3558 3735 finita
3597 3682 3797 3746 missa,

308 3750 572 3805 ﬁdelibus
617 3748 945 3822 publicavit.
997 3749 1103 3812 Qui
1150 3748 1353 3801 celeste
1408 3748 2046 3822 miraculum'curiosus
2087 3751 2429 3821 investigare
2474 3751 2798 3822 cupientes,
2852 3748 3041 3805 missis
3089 3752 3545 3822 exploratoribus
3585 3752 3645 3805 in
3684 3753 3800 3806 Hil-

306 3823 560 3887 densem,
591 3818 930 3891 certissime
961 3823 1370 3891 cognoverunt,
1405 3819 1570 3891 quod,
1589 3820 1789 3874 eadem
1846 3821 2007 3886 hora,
2057 3818 2790 3891 quando—archiepiscopus
2839 3821 3084 3875 hostiam
3118 3818 3307 3875 nostra
3353 3822 3548 3875 salutis
3580 3822 3796 3876 immo-

307 3891 464 3956 lavit,
510 3890 700 3962 anima
728 3889 1080 3962 sanctissima
1129 3889 1308 3962 fidelis
1338 3894 1394 3942 et
1429 3890 1916 3962 prudentisservi
1969 3889 2196 3962 Domini
2229 3891 2407 3946 nostri
2437 3889 2566 3946 Jesu
2612 3889 2819 3947 Christi
2850 3893 3053 3947 celeste
3103 3893 3372 3962 gaudium
3414 3893 3689 3946 introivit.
3727 3924 3800 3933 -

308 3963 437 4034 Fuit
468 3961 873 4034 nichilominus
901 3961 959 4013 in
1007 3960 1254 4034 remotis
1298 3961 1555 4034 partibus
1586 3977 1620 4014 a
1646 3961 1895 4034 civitate,
1933 3961 2130 4016 Lunda
2161 3964 2272 4034 (a),
2306 3962 2375 4016 ad
2409 3966 2471 4016 l2
2517 3963 2770 4034 miliaria
2825 3964 2917 4030 (ὁ),
2949 3960 3154 4033 viginti
3202 3980 3298 4017 sex
3345 3963 3508 4017 annis
3555 3963 3798 4034 quidam

306 4033 559 4087 inclusus
590 4032 647 4085 in
681 4032 932 4103 quadam
976 4030 1124 4103 silva
1165 4031 1396 4084 devotus
1439 4032 1738 4103 beremita,
1792 4033 2092 4103 Anselmus
2122 4033 2374 4101 nomine,
2430 4033 2526 4103 qui
2563 4035 2756 4088 solitas
2788 4035 2900 4088 Deo
2929 4030 3124 4103 preces
3153 4035 3416 4100 fundens,
3465 4030 3658 4088 statim
3688 4036 3802 4090 fuit

306 4103 366 4157 in
395 4103 618 4174 spiritu.
655 4103 720 4174 Et
747 4101 888 4174 vidit
919 4102 1042 4173 ipsa
1073 4101 1183 4166 die,
1215 4118 1348 4174 qua
1380 4101 1575 4174 anima
1600 4102 1703 4155 viri
1755 4103 1854 4156 Dei
1887 4102 2118 4156 celestia
2144 4104 2388 4157 claustra
2417 4101 2634 4174 petivit,
2669 4106 2818 4160 celos
2866 4101 3093 4172 apertos
3124 4121 3255 4158 cum
3283 4105 3502 4170 ingenti
3536 4106 3754 4159 lumine
3780 4123 3793 4160 :

305 4179 362 4228 et
416 4172 629 4245 audivit
659 4173 808 4245 inter
838 4172 1062 4245 duléem
1119 4172 1428 4245 melodiam
1478 4173 1779 4245 beatorum
1836 4174 2140 4245 spirituum
2187 4175 2295 4228 hoc
2342 4172 2574 4229 carmen
2613 4176 2683 4229 ab
2744 4175 2961 4245 angelis
3011 4176 3250 4229 iterari:
3287 4195 3313 4226 «
3347 4177 3389 4231 Ο
3423 4176 3556 4230 felix
3601 4178 3799 4231 anima

310 4244 647 4309 Bernwardi,
686 4244 848 4312 cujus
907 4243 1111 4298 merita
1161 4244 1492 4298 hominibus
1543 4244 1729 4297 adhuc
1758 4250 1892 4297 sunt
1937 4244 2250 4311 incognita,
2302 4246 2418 4299 Deo
2471 4251 2660 4300 autem
2701 4251 2757 4300 et
2786 4243 2949 4299 nobis
2989 4247 3152 4300 valde
3206 4252 3355 4300 nota.
3410 4269 3430 4294 υ
3471 4249 3583 4302 Hec
3610 4247 3798 4302 tribus

305 4316 518 4370 vicibus
559 4314 848 4388 continuis
878 4314 970 4368 die
999 4313 1374 4388 deposicionis
1405 4313 1549 4388 vidit
1575 4318 1641 4388 et
1656 4314 1890 4388 audivit.
1936 4316 2254 4388 Predictam
2299 4316 2712 4388 revelacionem
2743 4317 2828 4369 vir
2857 4316 2961 4371 Dei
2990 4317 3128 4371 dum
3157 4333 3290 4388 sepe
3320 4334 3449 4370 cum
3484 4318 3797 4373 devocione

304 4389 636 4452 revolveret,
671 4385 771 4438 ubi
803 4391 995 4439 tamen
1022 4383 1173 4457 illius
1192 4385 1457 4457 nominis
1501 4383 1586 4438 vir
1630 4387 1744 4457 tam
1780 4385 1976 4438 beatus
2007 4386 2334 4453 habitasset,
2365 4385 2677 4457 ignoraret,
2719 4403 2845 4441 ecce
2875 4387 3057 4442 astitit
3083 4388 3134 4440 ei
3175 4383 3516 4442 venerabilis
3547 4405 3796 4457 persona

303 4473 536 4536 procera
567 4455 1260 4536 stature,venustajac‘ie,
1295 4455 1773 4535 respersa_canis,
1825 4459 1881 4509 et
1910 4457 2282 4536 operimentis
2331 4455 2752 4536 pontificalibus
2801 4459 3024 4536 vestita,
3073 4458 3392 4536 di_cens_ei.:
3425 4479 3450 4509 ‹‹
3498 4455 3617 4536 Ego
3663 4477 3793 4514 sum

307 4525 674 4600 Bernvvardus
704 4525 1023 4600 episcopus
1073 4525 1633 4600 Hildensemmensis,
1685 4541 1869 4600 quem
1888 4525 2039 4600 trina
2083 4528 2302 4600 visione
2332 4525 2406 4580 fin
2458 4529 2647 4600 choro,
2676 4525 3017 4600 angelorum
3059 4529 3373 4583 collaudari
3413 4525 3640 4584 audisti.
3680 4532 3794 4600 Ego

303 4597 672 4672 templumin
704 4597 1034 4672 Hildensem
1081 4597 1298 4672 angelis
1350 4597 1658 4672 construxi,
1707 4596 1762 4650 et
1807 4596 2059 4672 Yirginis
2107 4599 2312 4672 Filium
2341 4599 2676 4668 patrimonii
2723 4596 2836 4654 mei
2866 4615 3249 4654 successorem
3284 4600 3410 4672 feci,
3458 4596 3793 4672 cunctisque

304 4666 480 4741 seculi
511 4667 926 4741 voluptatibus
951 4667 1312 4741 renunciavi;
1349 4666 1608 4720 habitum
1655 4666 1976 4741 angelicum
2026 4669 2286 4738 suscepi;
2325 4666 2478 4724 nunc
2528 4687 2759 4741 quoque
2807 4672 3138 4740 centuplum
3181 4671 3371 4725 omnia
3405 4671 3603 4740 recipi,
3635 4666 3793 4726 ac'in

303 4740 400 4811 tali
440 4738 644 4811 jubilo,
706 4737 850 4811 sicut
877 4737 1087 4801 vidisti,
1137 4738 1312 4811 vitam
1362 4742 1641 4811 eternani
1667 4738 1950 4811 possideo.
1992 4761 2018 4788 η
2057 4741 2153 4794 His
2191 4737 2304 4794 sibi
2345 4756 2474 4794 cum
2523 4737 3020 4811 aliis—quibusdam
3062 4742 3339 4808 revelatis,
3389 4737 3539 4796 cum'
3566 4743 3792 4811 ingenti

303 4810 523 4863 lumine
553 4809 853 4884 disparuit,
885 4814 938 4862 et
969 4825 1074 4884 pro
1104 4808 1646 4884 gloriasanctiviri
1694 4809 1982 4863 solitarius
2029 4824 2139 4881 que
2171 4811 2427 4884 audierat
2476 4816 2537 4884 et
2560 4808 2776 4866 viderat
2805 4813 3031 4867 ﬁdelius
3070 4813 3360 4867 revelavit.
3413 4812 3561 4868 Obiit
3595 4808 3792 4884 itaque

301 4886 528 4954 sanctus
575 4880 769 4949 presul
800 4896 951 4954 anno
1008 4878 1236 4954 Domini
1292 4879 1422 4932 1023
1470 4883 1531 4932 ut
1560 4879 1774 4933 dictum
1830 4886 1932 4954 est,
1967 4885 2023 4935 et
2046 4878 2320 4954 sepultus
2373 4882 2433 4935 in
2462 4882 2643 4952 cripta
2673 4884 2905 4938 ecclesia
2956 4900 3075 4949 sue,
3128 4900 3302 4954 quam
3349 4878 3791 4951 construxerat;

300 4952 470 5023 latuit
520 4957 709 5023 autem
743 4951 847 5023 sub
896 4956 1049 5004 terra
1080 4949 1244 5004 annis
1289 4955 1519 5002 centum
1562 4952 2022 5023 et_septuaginta
2071 4949 2317 5006 duobus.
2365 4949 2606 5010 (ladem-4
2635 4971 2698 5008 ea
2726 4956 2867 5008 inter
2894 4949 3164 5008 miraculd
3199 4959 3324 5023 post
3355 4971 3474 5022 cap.
3510 4959 3539 5008 7
3572 4949 3790 5010 scribit.

396 5022 751 5148 hBerwardi.4
797 5020 869 5057 ²¹³⁶
926 5037 1045 5089 (μω
1092 5024 1392 5088 sequuntur
1444 5023 1501 5073 in
1549 5019 1740 5075 codice
1780 5026 1798 5075 l
1839 5023 1953 5075 alia
1998 5038 2183 5088 manu,
2241 5025 2426 5078 saeculi
2477 5029 2654 5079 tamen
2699 5025 3003 5080 duodecimi
3057 5019 3314 5094 ineuntis,
3369 5019 3585 5094 adjecta
3641 5033 3794 5082 sunt.

440 5108 688 5148 onovere
759 5132 771 5145 .

440 5108 688 5148 ODOVGPO
718 5108 771 5145 4.

1936 5164 2158 5216 ΝΟΤΑεῖ.

370 5260 479 5326 (61)
529 5261 665 5313 Eam
694 5275 728 5311 a
767 5260 1010 5312 Bemzone
1059 5258 1304 5325 episcopo
1344 5258 1606 5311 Misnensz'
1641 5259 1987 5326 compositam
2094 5257 2274 5328 igitur
2331 5261 2537 5314 saeculo
2587 5277 2641 5315 x1
2692 5266 2747 5317 et
2796 5278 2869 5315 xu
2921 5261 3153 5316 ineunte
3202 5261 3386 5315 vicum
3438 5261 3609 5317 fuisse
3659 5264 3797 5319 hinc

298 5345 424 5389 esse.
461 5331 632 5382 tradit
662 5331 930 5383 conversio
966 5329 1311 5383 Theutonica.
2094 5335 2332 5384 constat.

371 5400 478 5468 (62‘)
522 5399 935 5469 Antiquissima
983 5397 1222 5452 civitatis
1270 5396 1471 5468 patriae
1521 5397 1752 5462 mentio,
1812 5415 1984 5470 quam
2165 5400 2278 5471 (63)
2310 5401 2696 5472 Bonnenberg
2722 5418 2899 5474 prope
2929 5406 3244 5458 Hannover.

370 5504 442 5575 (a)
481 5505 715 5560 Luhnde
747 5505 817 5559 ab
840 5505 1058 5559 oriente
1083 5505 1452 5558 Hannoverze.
2166 5508 2231 5576 (ὁ)
2264 5508 2515 5562 Romana
