  <div class='ocr_page' id='page_1' title='image "/cluster/home/n/w/nwhite01/storage/ocr_20150623/140/umn.31951002477433x/252.png"; bbox 0 0 3944 6324; ppageno 0'>
   <div class='ocr_carea' id='block_1_1' title="bbox 168 318 2589 381">
    <p class='ocr_par' dir='ltr' id='par_1_1' title="bbox 168 318 2589 381">
     <span class='ocr_line' id='line_1_1' title="bbox 168 318 2589 381; baseline 0.005 -12"><span class='ocrx_word' id='word_1_1' title='bbox 168 318 265 370; x_wconf 62' lang='grc'><strong>437</strong></span> <span class='ocrx_word' id='word_1_2' title='bbox 1261 325 1610 381; x_wconf 80' lang='lat' dir='ltr'><strong>APPENDIX</strong></span> <span class='ocrx_word' id='word_1_3' title='bbox 1658 327 1747 380; x_wconf 76' lang='lat' dir='ltr'><strong>AD</strong></span> <span class='ocrx_word' id='word_1_4' title='bbox 1790 328 1991 381; x_wconf 83' lang='lat' dir='ltr'><strong>VITAM</strong></span> <span class='ocrx_word' id='word_1_5' title='bbox 2034 330 2089 381; x_wconf 93' lang='lat' dir='ltr'><strong>S.</strong></span> <span class='ocrx_word' id='word_1_6' title='bbox 2135 327 2589 381; x_wconf 77' lang='lat' dir='ltr'><strong>BERNWARDI.</strong></span> 
     </span>
    </p>
   </div>
   <div class='ocr_carea' id='block_1_2' title="bbox 3574 336 3676 391">
    <p class='ocr_par' dir='ltr' id='par_1_2' title="bbox 3574 336 3676 391">
     <span class='ocr_line' id='line_1_2' title="bbox 3574 336 3676 391; baseline 0 -1"><span class='ocrx_word' id='word_1_7' title='bbox 3574 336 3676 391; x_wconf 78' lang='grc'><strong>438</strong></span> 
     </span>
    </p>
   </div>
   <div class='ocr_carea' id='block_1_3' title="bbox 163 439 3674 523">
    <p class='ocr_par' dir='ltr' id='par_1_3' title="bbox 163 439 3674 523">
     <span class='ocr_line' id='line_1_3' title="bbox 163 439 3674 523; baseline 0.006 -31"><span class='ocrx_word' id='word_1_8' title='bbox 163 439 360 497; x_wconf 90' lang='lat' dir='ltr'><strong>dolore</strong></span> <span class='ocrx_word' id='word_1_9' title='bbox 391 442 591 514; x_wconf 86' lang='lat' dir='ltr'><strong>fugato</strong></span> <span class='ocrx_word' id='word_1_10' title='bbox 649 443 912 510; x_wconf 83' lang='lat' dir='ltr'><strong>surrexit,</strong></span> <span class='ocrx_word' id='word_1_11' title='bbox 956 446 1274 517; x_wconf 88' lang='lat' dir='ltr'><strong>eademque</strong></span> <span class='ocrx_word' id='word_1_12' title='bbox 1315 447 1407 501; x_wconf 91' lang='lat' dir='ltr'><strong>die</strong></span> <span class='ocrx_word' id='word_1_13' title='bbox 1456 464 1585 502; x_wconf 89' lang='lat' dir='ltr'><strong>cum</strong></span> <span class='ocrx_word' id='word_1_14' title='bbox 1630 449 1868 503; x_wconf 83' lang='lat' dir='ltr'><strong>testibus</strong></span> <span class='ocrx_word' id='word_1_15' title='bbox 1900 452 1944 504; x_wconf 85' lang='lat' dir='ltr'><strong>A</strong></span> <span class='ocrx_word' id='word_1_16' title='bbox 1983 448 2287 503; x_wconf 86' lang='lat' dir='ltr'><strong>circuitum</strong></span> <span class='ocrx_word' id='word_1_17' title='bbox 2315 449 2541 504; x_wconf 85' lang='lat' dir='ltr'><strong>assidue</strong></span> <span class='ocrx_word' id='word_1_18' title='bbox 2570 451 2873 505; x_wconf 84' lang='lat' dir='ltr'><strong>lambendo</strong></span> <span class='ocrx_word' id='word_1_19' title='bbox 2908 454 3262 523; x_wconf 81' lang='lat' dir='ltr'><strong>exosculans,</strong></span> <span class='ocrx_word' id='word_1_20' title='bbox 3308 456 3674 513; x_wconf 87' lang='lat' dir='ltr'><strong>devotissime</strong></span> 
     </span>
    </p>
   </div>
   <div class='ocr_carea' id='block_1_4' title="bbox 165 532 1865 608">
    <p class='ocr_par' dir='ltr' id='par_1_4' title="bbox 165 532 1865 608">
     <span class='ocr_line' id='line_1_4' title="bbox 165 532 1865 608; baseline 0.005 -26"><span class='ocrx_word' id='word_1_21' title='bbox 165 546 282 584; x_wconf 70' lang='lat' dir='ltr'><strong>sum</strong></span> <span class='ocrx_word' id='word_1_22' title='bbox 342 532 607 586; x_wconf 77' lang='lat' dir='ltr'><strong>sanitatis</strong></span> <span class='ocrx_word' id='word_1_23' title='bbox 651 533 723 587; x_wconf 89' lang='lat' dir='ltr'><strong>ad</strong></span> <span class='ocrx_word' id='word_1_24' title='bbox 774 534 1061 588; x_wconf 89' lang='lat' dir='ltr'><strong>tumulum</strong></span> <span class='ocrx_word' id='word_1_25' title='bbox 1123 535 1274 590; x_wconf 82' lang='lat' dir='ltr'><strong>beati</strong></span> <span class='ocrx_word' id='word_1_26' title='bbox 1322 537 1580 607; x_wconf 78' lang='lat' dir='ltr'><strong>przesulis</strong></span> <span class='ocrx_word' id='word_1_27' title='bbox 1656 539 1865 608; x_wconf 80' lang='lat' dir='ltr'><strong>gratias</strong></span> 
     </span>
    </p>
   </div>
   <div class='ocr_carea' id='block_1_5' title="bbox 164 621 599 674">
    <p class='ocr_par' dir='ltr' id='par_1_5' title="bbox 164 621 599 674">
     <span class='ocr_line' id='line_1_5' title="bbox 164 621 599 674; baseline 0.007 -3"><span class='ocrx_word' id='word_1_28' title='bbox 164 623 396 673; x_wconf 82' lang='lat' dir='ltr'><strong>acturus</strong></span> <span class='ocrx_word' id='word_1_29' title='bbox 428 621 599 674; x_wconf 85' lang='lat' dir='ltr'><strong>venit.</strong></span> 
     </span>
    </p>
   </div>
   <div class='ocr_carea' id='block_1_6' title="bbox 233 709 1863 779">
    <p class='ocr_par' dir='ltr' id='par_1_6' title="bbox 233 709 1863 779">
     <span class='ocr_line' id='line_1_6' title="bbox 233 709 1863 779; baseline 0.004 -18"><span class='ocrx_word' id='word_1_30' title='bbox 233 710 283 761; x_wconf 86' lang='lat'><strong>6.</strong></span> <span class='ocrx_word' id='word_1_31' title='bbox 311 709 604 764; x_wconf 87' lang='lat' dir='ltr'><strong>Bukenem</strong></span> <span class='ocrx_word' id='word_1_32' title='bbox 636 709 754 779; x_wconf 71' lang='grc'><strong>(64)</strong></span> <span class='ocrx_word' id='word_1_33' title='bbox 782 709 938 763; x_wconf 89' lang='lat' dir='ltr'><strong>vicus</strong></span> <span class='ocrx_word' id='word_1_34' title='bbox 969 715 1053 765; x_wconf 91' lang='lat' dir='ltr'><strong>est</strong></span> <span class='ocrx_word' id='word_1_35' title='bbox 1100 729 1129 765; x_wconf 93' lang='lat' dir='ltr'><strong>a</strong></span> <span class='ocrx_word' id='word_1_36' title='bbox 1165 712 1388 766; x_wconf 81' lang='lat' dir='ltr'><strong>civitate</strong></span> <span class='ocrx_word' id='word_1_37' title='bbox 1432 714 1863 769; x_wconf 87' lang='lat' dir='ltr'><strong>Hildenesheim</strong></span> 
     </span>
    </p>
   </div>
   <div class='ocr_carea' id='block_1_7' title="bbox 166 796 1866 871">
    <p class='ocr_par' dir='ltr' id='par_1_7' title="bbox 166 796 1866 871">
     <span class='ocr_line' id='line_1_7' title="bbox 166 796 1866 871; baseline 0.005 -23"><span class='ocrx_word' id='word_1_38' title='bbox 166 810 266 865; x_wconf 90' lang='lat' dir='ltr'><strong>per</strong></span> <span class='ocrx_word' id='word_1_39' title='bbox 293 796 404 849; x_wconf 90' lang='lat' dir='ltr'><strong>tria</strong></span> <span class='ocrx_word' id='word_1_40' title='bbox 436 796 651 849; x_wconf 82' lang='lat' dir='ltr'><strong>distans</strong></span> <span class='ocrx_word' id='word_1_41' title='bbox 690 796 935 851; x_wconf 89' lang='lat' dir='ltr'><strong>miliaria</strong></span> <span class='ocrx_word' id='word_1_42' title='bbox 980 800 1113 864; x_wconf 79' lang='grc'><strong>(65),</strong></span> <span class='ocrx_word' id='word_1_43' title='bbox 1173 800 1270 852; x_wconf 89' lang='lat' dir='ltr'><strong>ubi</strong></span> <span class='ocrx_word' id='word_1_44' title='bbox 1319 801 1476 854; x_wconf 84' lang='lat' dir='ltr'><strong>faber</strong></span> <span class='ocrx_word' id='word_1_45' title='bbox 1505 802 1735 871; x_wconf 91' lang='lat' dir='ltr'><strong>quidam</strong></span> <span class='ocrx_word' id='word_1_46' title='bbox 1765 802 1866 856; x_wconf 86' lang='lat' dir='ltr'><strong>fer-</strong></span> 
     </span>
    </p>
   </div>
   <div class='ocr_carea' id='block_1_8' title="bbox 164 882 1865 961">
    <p class='ocr_par' dir='ltr' id='par_1_8' title="bbox 164 882 1865 961">
     <span class='ocr_line' id='line_1_8' title="bbox 164 882 1865 961; baseline 0.004 -23"><span class='ocrx_word' id='word_1_47' title='bbox 164 882 368 948; x_wconf 81' lang='lat' dir='ltr'><strong>rarius,</strong></span> <span class='ocrx_word' id='word_1_48' title='bbox 426 884 584 938; x_wconf 92' lang='lat' dir='ltr'><strong>Dodo</strong></span> <span class='ocrx_word' id='word_1_49' title='bbox 642 885 896 951; x_wconf 89' lang='lat' dir='ltr'><strong>nomine,</strong></span> <span class='ocrx_word' id='word_1_50' title='bbox 955 890 1138 939; x_wconf 90' lang='lat' dir='ltr'><strong>tactus</strong></span> <span class='ocrx_word' id='word_1_51' title='bbox 1196 893 1280 940; x_wconf 90' lang='lat' dir='ltr'><strong>est</strong></span> <span class='ocrx_word' id='word_1_52' title='bbox 1337 888 1673 944; x_wconf 90' lang='lat' dir='ltr'><strong>inﬁrmitate</strong></span> <span class='ocrx_word' id='word_1_53' title='bbox 1704 892 1865 961; x_wconf 82' lang='lat' dir='ltr'><strong>gravi</strong></span> 
     </span>
    </p>
   </div>
   <div class='ocr_carea' id='block_1_9' title="bbox 164 973 1863 1049">
    <p class='ocr_par' dir='ltr' id='par_1_9' title="bbox 164 973 1863 1049">
     <span class='ocr_line' id='line_1_9' title="bbox 164 973 1863 1049; baseline 0.005 -24"><span class='ocrx_word' id='word_1_54' title='bbox 164 988 266 1043; x_wconf 87' lang='lat' dir='ltr'><strong>per</strong></span> <span class='ocrx_word' id='word_1_55' title='bbox 314 978 430 1026; x_wconf 89' lang='lat' dir='ltr'><strong>tres</strong></span> <span class='ocrx_word' id='word_1_56' title='bbox 491 973 871 1043; x_wconf 88' lang='lat' dir='ltr'><strong>septimanas;</strong></span> <span class='ocrx_word' id='word_1_57' title='bbox 930 974 1007 1028; x_wconf 92' lang='lat' dir='ltr'><strong>ita</strong></span> <span class='ocrx_word' id='word_1_58' title='bbox 1062 980 1125 1029; x_wconf 90' lang='lat' dir='ltr'><strong>ut</strong></span> <span class='ocrx_word' id='word_1_59' title='bbox 1180 992 1386 1030; x_wconf 90' lang='lat' dir='ltr'><strong>manus</strong></span> <span class='ocrx_word' id='word_1_60' title='bbox 1460 983 1515 1031; x_wconf 91' lang='lat' dir='ltr'><strong>et</strong></span> <span class='ocrx_word' id='word_1_61' title='bbox 1536 979 1708 1049; x_wconf 85' lang='lat' dir='ltr'><strong>pedes</strong></span> <span class='ocrx_word' id='word_1_62' title='bbox 1741 979 1863 1049; x_wconf 91' lang='lat' dir='ltr'><strong>jam</strong></span> 
     </span>
    </p>
   </div>
   <div class='ocr_carea' id='block_1_10' title="bbox 166 1066 1865 1135">
    <p class='ocr_par' dir='ltr' id='par_1_10' title="bbox 166 1066 1865 1135">
     <span class='ocr_line' id='line_1_10' title="bbox 166 1066 1865 1135; baseline 0.005 -22"><span class='ocrx_word' id='word_1_63' title='bbox 166 1066 548 1130; x_wconf 61' lang='lat' dir='ltr'><strong>praemortuos</strong></span> <span class='ocrx_word' id='word_1_64' title='bbox 622 1078 918 1116; x_wconf 89' lang='lat' dir='ltr'><strong>occasuros</strong></span> <span class='ocrx_word' id='word_1_65' title='bbox 967 1080 998 1116; x_wconf 90' lang='lat' dir='ltr'><strong>a</strong></span> <span class='ocrx_word' id='word_1_66' title='bbox 1054 1079 1156 1117; x_wconf 89' lang='lat' dir='ltr'><strong>sua</strong></span> <span class='ocrx_word' id='word_1_67' title='bbox 1224 1066 1560 1135; x_wconf 85' lang='lat' dir='ltr'><strong>compagine</strong></span> <span class='ocrx_word' id='word_1_68' title='bbox 1630 1068 1865 1121; x_wconf 89' lang='lat' dir='ltr'><strong>arbitra-</strong></span> 
     </span>
    </p>
   </div>
   <div class='ocr_carea' id='block_1_11' title="bbox 167 1149 1861 1225">
    <p class='ocr_par' dir='ltr' id='par_1_11' title="bbox 167 1149 1861 1225">
     <span class='ocr_line' id='line_1_11' title="bbox 167 1149 1861 1225; baseline 0.004 -23"><span class='ocrx_word' id='word_1_69' title='bbox 167 1155 346 1203; x_wconf 82' lang='lat' dir='ltr'><strong>retur.</strong></span> <span class='ocrx_word' id='word_1_70' title='bbox 388 1149 630 1204; x_wconf 87' lang='lat' dir='ltr'><strong>Vocatus</strong></span> <span class='ocrx_word' id='word_1_71' title='bbox 658 1156 847 1204; x_wconf 89' lang='lat' dir='ltr'><strong>autem</strong></span> <span class='ocrx_word' id='word_1_72' title='bbox 874 1152 1177 1220; x_wconf 80' lang='lat' dir='ltr'><strong>presbiter,</strong></span> <span class='ocrx_word' id='word_1_73' title='bbox 1210 1169 1340 1206; x_wconf 91' lang='lat' dir='ltr'><strong>cum</strong></span> <span class='ocrx_word' id='word_1_74' title='bbox 1383 1155 1501 1223; x_wconf 87' lang='lat' dir='ltr'><strong>jam</strong></span> <span class='ocrx_word' id='word_1_75' title='bbox 1530 1154 1861 1225; x_wconf 86' lang='lat' dir='ltr'><strong>desperare-</strong></span> 
     </span>
    </p>
   </div>
   <div class='ocr_carea' id='block_1_12' title="bbox 168 1236 1861 1314">
    <p class='ocr_par' dir='ltr' id='par_1_12' title="bbox 168 1236 1861 1314">
     <span class='ocr_line' id='line_1_12' title="bbox 168 1236 1861 1314; baseline 0.005 -25"><span class='ocrx_word' id='word_1_76' title='bbox 168 1240 275 1301; x_wconf 88' lang='lat' dir='ltr'><strong>tur,</strong></span> <span class='ocrx_word' id='word_1_77' title='bbox 321 1236 587 1303; x_wconf 87' lang='lat' dir='ltr'><strong>advenit;</strong></span> <span class='ocrx_word' id='word_1_78' title='bbox 639 1239 801 1308; x_wconf 86' lang='lat' dir='ltr'><strong>cujus</strong></span> <span class='ocrx_word' id='word_1_79' title='bbox 850 1239 1086 1293; x_wconf 91' lang='lat' dir='ltr'><strong>consilio</strong></span> <span class='ocrx_word' id='word_1_80' title='bbox 1132 1245 1566 1312; x_wconf 88' lang='lat' dir='ltr'><strong>ceterorumque</strong></span> <span class='ocrx_word' id='word_1_81' title='bbox 1626 1243 1861 1314; x_wconf 91' lang='lat' dir='ltr'><strong>propin-</strong></span> 
     </span>
    </p>
   </div>
   <div class='ocr_carea' id='block_1_13' title="bbox 166 1326 1861 1395">
    <p class='ocr_par' dir='ltr' id='par_1_13' title="bbox 166 1326 1861 1395">
     <span class='ocr_line' id='line_1_13' title="bbox 166 1326 1861 1395; baseline 0.005 -18"><span class='ocrx_word' id='word_1_82' title='bbox 166 1341 413 1395; x_wconf 90' lang='lat' dir='ltr'><strong>quorum</strong></span> <span class='ocrx_word' id='word_1_83' title='bbox 461 1326 630 1388; x_wconf 78' lang='lat' dir='ltr'><strong>vovit,</strong></span> <span class='ocrx_word' id='word_1_84' title='bbox 678 1331 741 1380; x_wconf 91' lang='lat' dir='ltr'><strong>ut</strong></span> <span class='ocrx_word' id='word_1_85' title='bbox 814 1327 861 1379; x_wconf 90' lang='lat' dir='ltr'><strong>si</strong></span> <span class='ocrx_word' id='word_1_86' title='bbox 919 1327 1068 1381; x_wconf 91' lang='lat' dir='ltr'><strong>infra</strong></span> <span class='ocrx_word' id='word_1_87' title='bbox 1116 1328 1369 1382; x_wconf 90' lang='lat' dir='ltr'><strong>triduum</strong></span> <span class='ocrx_word' id='word_1_88' title='bbox 1418 1330 1709 1384; x_wconf 90' lang='lat' dir='ltr'><strong>meliorari</strong></span> <span class='ocrx_word' id='word_1_89' title='bbox 1757 1348 1861 1386; x_wconf 67' lang='lat' dir='ltr'><strong>coa-</strong></span> 
     </span>
    </p>
   </div>
   <div class='ocr_carea' id='block_1_14' title="bbox 165 1413 1861 1490">
    <p class='ocr_par' dir='ltr' id='par_1_14' title="bbox 165 1413 1861 1490">
     <span class='ocr_line' id='line_1_14' title="bbox 165 1413 1861 1490; baseline 0.005 -24"><span class='ocrx_word' id='word_1_90' title='bbox 165 1413 359 1483; x_wconf 88' lang='lat' dir='ltr'><strong>pisset,</strong></span> <span class='ocrx_word' id='word_1_91' title='bbox 423 1416 749 1485; x_wconf 86' lang='lat' dir='ltr'><strong>sepulcrum</strong></span> <span class='ocrx_word' id='word_1_92' title='bbox 829 1415 984 1469; x_wconf 89' lang='lat' dir='ltr'><strong>beati</strong></span> <span class='ocrx_word' id='word_1_93' title='bbox 1066 1416 1173 1470; x_wconf 89' lang='lat' dir='ltr'><strong>viri</strong></span> <span class='ocrx_word' id='word_1_94' title='bbox 1251 1419 1571 1473; x_wconf 83' lang='lat' dir='ltr'><strong>Bernwardi</strong></span> <span class='ocrx_word' id='word_1_95' title='bbox 1651 1421 1861 1490; x_wconf 79' lang='lat' dir='ltr'><strong>gratias</strong></span> 
     </span>
    </p>
   </div>
   <div class='ocr_carea' id='block_1_15' title="bbox 165 1500 1863 1578">
    <p class='ocr_par' dir='ltr' id='par_1_15' title="bbox 165 1500 1863 1578">
     <span class='ocr_line' id='line_1_15' title="bbox 165 1500 1863 1578; baseline 0.005 -24"><span class='ocrx_word' id='word_1_96' title='bbox 165 1508 395 1557; x_wconf 84' lang='lat' dir='ltr'><strong>acturus</strong></span> <span class='ocrx_word' id='word_1_97' title='bbox 427 1504 702 1557; x_wconf 85' lang='lat' dir='ltr'><strong>visitaret.</strong></span> <span class='ocrx_word' id='word_1_98' title='bbox 751 1507 882 1559; x_wconf 65' lang='lat' dir='ltr'><strong>Haec</strong></span> <span class='ocrx_word' id='word_1_99' title='bbox 930 1521 1061 1558; x_wconf 92' lang='lat' dir='ltr'><strong>cum</strong></span> <span class='ocrx_word' id='word_1_100' title='bbox 1107 1500 1437 1576; x_wconf 75' lang='lat' dir='ltr'><strong>agerentur,</strong></span> <span class='ocrx_word' id='word_1_101' title='bbox 1470 1514 1673 1578; x_wconf 89' lang='lat' dir='ltr'><strong>quarta</strong></span> <span class='ocrx_word' id='word_1_102' title='bbox 1722 1510 1863 1569; x_wconf 84' lang='lat' dir='ltr'><strong>feria</strong></span> 
     </span>
    </p>
   </div>
   <div class='ocr_carea' id='block_1_16' title="bbox 161 1592 1860 1664">
    <p class='ocr_par' dir='ltr' id='par_1_16' title="bbox 161 1592 1860 1664">
     <span class='ocr_line' id='line_1_16' title="bbox 161 1592 1860 1664; baseline 0.004 -21"><span class='ocrx_word' id='word_1_103' title='bbox 161 1597 289 1644; x_wconf 90' lang='lat' dir='ltr'><strong>ante</strong></span> <span class='ocrx_word' id='word_1_104' title='bbox 346 1592 701 1646; x_wconf 89' lang='lat' dir='ltr'><strong>Dominicam</strong></span> <span class='ocrx_word' id='word_1_105' title='bbox 728 1592 1094 1663; x_wconf 85' lang='lat' dir='ltr'><strong>rogationum</strong></span> <span class='ocrx_word' id='word_1_106' title='bbox 1134 1594 1399 1664; x_wconf 86' lang='lat' dir='ltr'><strong>sequenti</strong></span> <span class='ocrx_word' id='word_1_107' title='bbox 1446 1595 1537 1649; x_wconf 91' lang='lat' dir='ltr'><strong>die</strong></span> <span class='ocrx_word' id='word_1_108' title='bbox 1582 1612 1646 1648; x_wconf 91' lang='lat' dir='ltr'><strong>ac</strong></span> <span class='ocrx_word' id='word_1_109' title='bbox 1698 1600 1860 1649; x_wconf 92' lang='lat' dir='ltr'><strong>nocte</strong></span> 
     </span>
    </p>
   </div>
   <div class='ocr_carea' id='block_1_17' title="bbox 160 1680 1861 1754">
    <p class='ocr_par' dir='ltr' id='par_1_17' title="bbox 160 1680 1861 1754">
     <span class='ocr_line' id='line_1_17' title="bbox 160 1680 1861 1754; baseline 0.002 -21"><span class='ocrx_word' id='word_1_110' title='bbox 160 1680 297 1734; x_wconf 84' lang='lat' dir='ltr'><strong>adeo</strong></span> <span class='ocrx_word' id='word_1_111' title='bbox 342 1681 649 1747; x_wconf 88' lang='lat' dir='ltr'><strong>convaluit,</strong></span> <span class='ocrx_word' id='word_1_112' title='bbox 683 1685 746 1734; x_wconf 87' lang='lat' dir='ltr'><strong>ut</strong></span> <span class='ocrx_word' id='word_1_113' title='bbox 792 1681 1049 1750; x_wconf 89' lang='lat' dir='ltr'><strong>proxima</strong></span> <span class='ocrx_word' id='word_1_114' title='bbox 1098 1688 1253 1736; x_wconf 89' lang='lat' dir='ltr'><strong>sexta</strong></span> <span class='ocrx_word' id='word_1_115' title='bbox 1299 1683 1438 1736; x_wconf 86' lang='lat' dir='ltr'><strong>feria</strong></span> <span class='ocrx_word' id='word_1_116' title='bbox 1485 1684 1727 1754; x_wconf 90' lang='lat' dir='ltr'><strong>nudipes</strong></span> <span class='ocrx_word' id='word_1_117' title='bbox 1757 1700 1861 1753; x_wconf 92' lang='lat' dir='ltr'><strong>per</strong></span> 
     </span>
    </p>
   </div>
   <div class='ocr_carea' id='block_1_18' title="bbox 157 1768 1859 1840">
    <p class='ocr_par' dir='ltr' id='par_1_18' title="bbox 157 1768 1859 1840">
     <span class='ocr_line' id='line_1_18' title="bbox 157 1768 1859 1840; baseline 0.003 -19"><span class='ocrx_word' id='word_1_118' title='bbox 157 1768 262 1823; x_wconf 89' lang='lat' dir='ltr'><strong>iter</strong></span> <span class='ocrx_word' id='word_1_119' title='bbox 295 1770 693 1840; x_wconf 59' lang='lat' dir='ltr'><strong>praescriptum</strong></span> <span class='ocrx_word' id='word_1_120' title='bbox 729 1770 1154 1824; x_wconf 81' lang='lat' dir='ltr'><strong>[lildenesheim</strong></span> <span class='ocrx_word' id='word_1_121' title='bbox 1198 1772 1511 1838; x_wconf 59' lang='lat' dir='ltr'><strong>adveniret,</strong></span> <span class='ocrx_word' id='word_1_122' title='bbox 1559 1772 1636 1825; x_wconf 91' lang='lat' dir='ltr'><strong>sic</strong></span> <span class='ocrx_word' id='word_1_123' title='bbox 1668 1777 1859 1826; x_wconf 89' lang='lat' dir='ltr'><strong>tamen</strong></span> 
     </span>
    </p>
   </div>
   <div class='ocr_carea' id='block_1_19' title="bbox 158 1858 1861 1931">
    <p class='ocr_par' dir='ltr' id='par_1_19' title="bbox 158 1858 1861 1931">
     <span class='ocr_line' id='line_1_19' title="bbox 158 1858 1861 1931; baseline 0.003 -22"><span class='ocrx_word' id='word_1_124' title='bbox 158 1858 378 1911; x_wconf 89' lang='lat' dir='ltr'><strong>luridus</strong></span> <span class='ocrx_word' id='word_1_125' title='bbox 427 1874 544 1924; x_wconf 89' lang='lat' dir='ltr'><strong>ore,</strong></span> <span class='ocrx_word' id='word_1_126' title='bbox 602 1863 665 1911; x_wconf 92' lang='lat' dir='ltr'><strong>ut</strong></span> <span class='ocrx_word' id='word_1_127' title='bbox 700 1858 823 1928; x_wconf 89' lang='lat' dir='ltr'><strong>ipsa</strong></span> <span class='ocrx_word' id='word_1_128' title='bbox 870 1858 1041 1912; x_wconf 88' lang='lat' dir='ltr'><strong>facies</strong></span> <span class='ocrx_word' id='word_1_129' title='bbox 1070 1866 1370 1931; x_wconf 87' lang='lat' dir='ltr'><strong>conspecta</strong></span> <span class='ocrx_word' id='word_1_130' title='bbox 1418 1860 1523 1913; x_wconf 89' lang='lat' dir='ltr'><strong>viri</strong></span> <span class='ocrx_word' id='word_1_131' title='bbox 1583 1861 1861 1915; x_wconf 87' lang='lat' dir='ltr'><strong>audienti-</strong></span> 
     </span>
    </p>
   </div>
   <div class='ocr_carea' id='block_1_20' title="bbox 160 1945 1005 2002">
    <p class='ocr_par' dir='ltr' id='par_1_20' title="bbox 160 1945 1005 2002">
     <span class='ocr_line' id='line_1_20' title="bbox 160 1945 1005 2002; baseline 0.002 -2"><span class='ocrx_word' id='word_1_132' title='bbox 160 1945 262 2000; x_wconf 87' lang='lat' dir='ltr'><strong>bus</strong></span> <span class='ocrx_word' id='word_1_133' title='bbox 282 1947 454 2001; x_wconf 90' lang='lat' dir='ltr'><strong>ﬁdem</strong></span> <span class='ocrx_word' id='word_1_134' title='bbox 486 1947 695 2001; x_wconf 85' lang='lat' dir='ltr'><strong>faceret</strong></span> <span class='ocrx_word' id='word_1_135' title='bbox 723 1946 1005 2002; x_wconf 90' lang='lat' dir='ltr'><strong>miraculi.</strong></span> 
     </span>
    </p>
   </div>
   <div class='ocr_carea' id='block_1_21' title="bbox 218 2035 1857 2107">
    <p class='ocr_par' dir='ltr' id='par_1_21' title="bbox 218 2035 1857 2107">
     <span class='ocr_line' id='line_1_21' title="bbox 218 2035 1857 2107; baseline 0.002 -19"><span class='ocrx_word' id='word_1_136' title='bbox 218 2040 273 2089; x_wconf 90' lang='lat'><strong>7.</strong></span> <span class='ocrx_word' id='word_1_137' title='bbox 310 2035 511 2089; x_wconf 78' lang='lat' dir='ltr'><strong>Mulier</strong></span> <span class='ocrx_word' id='word_1_138' title='bbox 548 2035 813 2107; x_wconf 72' lang='lat' dir='ltr'><strong>quaedam</strong></span> <span class='ocrx_word' id='word_1_139' title='bbox 868 2036 1239 2090; x_wconf 89' lang='lat' dir='ltr'><strong>Goslariensis</strong></span> <span class='ocrx_word' id='word_1_140' title='bbox 1288 2036 1509 2091; x_wconf 87' lang='lat' dir='ltr'><strong>Eilmod</strong></span> <span class='ocrx_word' id='word_1_141' title='bbox 1559 2036 1794 2091; x_wconf 90' lang='lat' dir='ltr'><strong>nomine</strong></span> <span class='ocrx_word' id='word_1_142' title='bbox 1826 2054 1857 2091; x_wconf 94' lang='lat' dir='ltr'><strong>a</strong></span> 
     </span>
    </p>
   </div>
   <div class='ocr_carea' id='block_1_22' title="bbox 156 2124 1854 2194">
    <p class='ocr_par' dir='ltr' id='par_1_22' title="bbox 156 2124 1854 2194">
     <span class='ocr_line' id='line_1_22' title="bbox 156 2124 1854 2194; baseline 0.001 -17"><span class='ocrx_word' id='word_1_143' title='bbox 156 2124 399 2177; x_wconf 89' lang='lat' dir='ltr'><strong>demone</strong></span> <span class='ocrx_word' id='word_1_144' title='bbox 431 2140 706 2194; x_wconf 83' lang='lat' dir='ltr'><strong>possessa,</strong></span> <span class='ocrx_word' id='word_1_145' title='bbox 750 2140 879 2178; x_wconf 93' lang='lat' dir='ltr'><strong>cum</strong></span> <span class='ocrx_word' id='word_1_146' title='bbox 928 2125 1175 2180; x_wconf 81' lang='lat' dir='ltr'><strong>venisset</strong></span> <span class='ocrx_word' id='word_1_147' title='bbox 1204 2125 1273 2179; x_wconf 91' lang='lat' dir='ltr'><strong>ad</strong></span> <span class='ocrx_word' id='word_1_148' title='bbox 1315 2125 1467 2179; x_wconf 86' lang='lat' dir='ltr'><strong>beati</strong></span> <span class='ocrx_word' id='word_1_149' title='bbox 1494 2126 1854 2189; x_wconf 90' lang='lat' dir='ltr'><strong>memoriam,</strong></span> 
     </span>
    </p>
   </div>
   <div class='ocr_carea' id='block_1_23' title="bbox 156 2211 1855 2283">
    <p class='ocr_par' dir='ltr' id='par_1_23' title="bbox 156 2211 1855 2283">
     <span class='ocr_line' id='line_1_23' title="bbox 156 2211 1855 2283; baseline 0.002 -20"><span class='ocrx_word' id='word_1_150' title='bbox 156 2226 254 2281; x_wconf 88' lang='lat' dir='ltr'><strong>per</strong></span> <span class='ocrx_word' id='word_1_151' title='bbox 300 2211 519 2283; x_wconf 86' lang='lat' dir='ltr'><strong>aliquot</strong></span> <span class='ocrx_word' id='word_1_152' title='bbox 568 2212 688 2265; x_wconf 90' lang='lat' dir='ltr'><strong>dies</strong></span> <span class='ocrx_word' id='word_1_153' title='bbox 719 2212 932 2266; x_wconf 90' lang='lat' dir='ltr'><strong>ibidem</strong></span> <span class='ocrx_word' id='word_1_154' title='bbox 970 2213 1233 2267; x_wconf 87' lang='lat' dir='ltr'><strong>horribili</strong></span> <span class='ocrx_word' id='word_1_155' title='bbox 1277 2214 1450 2267; x_wconf 90' lang='lat' dir='ltr'><strong>modo</strong></span> <span class='ocrx_word' id='word_1_156' title='bbox 1482 2219 1699 2280; x_wconf 91' lang='lat' dir='ltr'><strong>vexata,</strong></span> <span class='ocrx_word' id='word_1_157' title='bbox 1725 2230 1855 2283; x_wconf 90' lang='lat' dir='ltr'><strong>pre-</strong></span> 
     </span>
    </p>
   </div>
   <div class='ocr_carea' id='block_1_24' title="bbox 156 2300 1854 2372">
    <p class='ocr_par' dir='ltr' id='par_1_24' title="bbox 156 2300 1854 2372">
     <span class='ocr_line' id='line_1_24' title="bbox 156 2300 1854 2372; baseline 0.003 -19"><span class='ocrx_word' id='word_1_158' title='bbox 156 2300 311 2354; x_wconf 89' lang='lat' dir='ltr'><strong>cibus</strong></span> <span class='ocrx_word' id='word_1_159' title='bbox 360 2302 617 2370; x_wconf 82' lang='lat' dir='ltr'><strong>ejusdem</strong></span> <span class='ocrx_word' id='word_1_160' title='bbox 670 2301 1014 2355; x_wconf 88' lang='lat' dir='ltr'><strong>sanctissimi</strong></span> <span class='ocrx_word' id='word_1_161' title='bbox 1058 2302 1318 2372; x_wconf 68' lang='lat' dir='ltr'><strong>praasulis</strong></span> <span class='ocrx_word' id='word_1_162' title='bbox 1369 2307 1565 2356; x_wconf 89' lang='lat' dir='ltr'><strong>curata</strong></span> <span class='ocrx_word' id='word_1_163' title='bbox 1612 2308 1722 2358; x_wconf 88' lang='lat' dir='ltr'><strong>est.</strong></span> <span class='ocrx_word' id='word_1_164' title='bbox 1757 2304 1854 2358; x_wconf 89' lang='lat' dir='ltr'><strong>Se-</strong></span> 
     </span>
    </p>
   </div>
   <div class='ocr_carea' id='block_1_25' title="bbox 155 2388 1855 2461">
    <p class='ocr_par' dir='ltr' id='par_1_25' title="bbox 155 2388 1855 2461">
     <span class='ocr_line' id='line_1_25' title="bbox 155 2388 1855 2461; baseline 0.002 -20"><span class='ocrx_word' id='word_1_165' title='bbox 155 2394 307 2458; x_wconf 89' lang='lat' dir='ltr'><strong>ptem</strong></span> <span class='ocrx_word' id='word_1_166' title='bbox 340 2394 440 2442; x_wconf 90' lang='lat' dir='ltr'><strong>aut</strong></span> <span class='ocrx_word' id='word_1_167' title='bbox 461 2390 654 2460; x_wconf 88' lang='lat' dir='ltr'><strong>plures</strong></span> <span class='ocrx_word' id='word_1_168' title='bbox 685 2388 806 2443; x_wconf 90' lang='lat' dir='ltr'><strong>dies</strong></span> <span class='ocrx_word' id='word_1_169' title='bbox 837 2394 1032 2461; x_wconf 90' lang='lat' dir='ltr'><strong>postea</strong></span> <span class='ocrx_word' id='word_1_170' title='bbox 1061 2390 1357 2445; x_wconf 89' lang='lat' dir='ltr'><strong>nobiscum</strong></span> <span class='ocrx_word' id='word_1_171' title='bbox 1391 2390 1614 2452; x_wconf 88' lang='lat' dir='ltr'><strong>mansit,</strong></span> <span class='ocrx_word' id='word_1_172' title='bbox 1651 2392 1855 2446; x_wconf 89' lang='lat' dir='ltr'><strong>cotidie</strong></span> 
     </span>
    </p>
   </div>
   <div class='ocr_carea' id='block_1_26' title="bbox 155 2477 1854 2551">
    <p class='ocr_par' dir='ltr' id='par_1_26' title="bbox 155 2477 1854 2551">
     <span class='ocr_line' id='line_1_26' title="bbox 155 2477 1854 2551; baseline 0.004 -22"><span class='ocrx_word' id='word_1_173' title='bbox 155 2478 479 2546; x_wconf 87' lang='lat' dir='ltr'><strong>sepulcrum</strong></span> <span class='ocrx_word' id='word_1_174' title='bbox 544 2477 874 2548; x_wconf 89' lang='lat' dir='ltr'><strong>pontiﬁcale</strong></span> <span class='ocrx_word' id='word_1_175' title='bbox 922 2494 1053 2532; x_wconf 93' lang='lat' dir='ltr'><strong>cum</strong></span> <span class='ocrx_word' id='word_1_176' title='bbox 1114 2479 1479 2533; x_wconf 85' lang='lat' dir='ltr'><strong>devotissima</strong></span> <span class='ocrx_word' id='word_1_177' title='bbox 1539 2480 1854 2551; x_wconf 90' lang='lat' dir='ltr'><strong>gratiarum</strong></span> 
     </span>
    </p>
   </div>
   <div class='ocr_carea' id='block_1_27' title="bbox 155 2565 1855 2639">
    <p class='ocr_par' dir='ltr' id='par_1_27' title="bbox 155 2565 1855 2639">
     <span class='ocr_line' id='line_1_27' title="bbox 155 2565 1855 2639; baseline 0.002 -20"><span class='ocrx_word' id='word_1_178' title='bbox 155 2566 377 2619; x_wconf 89' lang='lat' dir='ltr'><strong>actione</strong></span> <span class='ocrx_word' id='word_1_179' title='bbox 409 2565 674 2631; x_wconf 87' lang='lat' dir='ltr'><strong>visitavit,</strong></span> <span class='ocrx_word' id='word_1_180' title='bbox 727 2567 925 2621; x_wconf 90' lang='lat' dir='ltr'><strong>crebro</strong></span> <span class='ocrx_word' id='word_1_181' title='bbox 973 2567 1188 2622; x_wconf 90' lang='lat' dir='ltr'><strong>ibidem</strong></span> <span class='ocrx_word' id='word_1_182' title='bbox 1245 2568 1473 2638; x_wconf 88' lang='lat' dir='ltr'><strong>corpori</strong></span> <span class='ocrx_word' id='word_1_183' title='bbox 1505 2574 1561 2621; x_wconf 89' lang='lat' dir='ltr'><strong>et</strong></span> <span class='ocrx_word' id='word_1_184' title='bbox 1589 2570 1855 2639; x_wconf 87' lang='lat' dir='ltr'><strong>sanguini</strong></span> 
     </span>
    </p>
   </div>
   <div class='ocr_carea' id='block_1_28' title="bbox 158 2654 1852 2728">
    <p class='ocr_par' dir='ltr' id='par_1_28' title="bbox 158 2654 1852 2728">
     <span class='ocr_line' id='line_1_28' title="bbox 158 2654 1852 2728; baseline 0.002 -21"><span class='ocrx_word' id='word_1_185' title='bbox 158 2654 385 2708; x_wconf 87' lang='lat' dir='ltr'><strong>Domini</strong></span> <span class='ocrx_word' id='word_1_186' title='bbox 444 2655 903 2709; x_wconf 90' lang='lat' dir='ltr'><strong>communicavit.</strong></span> <span class='ocrx_word' id='word_1_187' title='bbox 956 2656 1091 2709; x_wconf 92' lang='lat' dir='ltr'><strong>Inde</strong></span> <span class='ocrx_word' id='word_1_188' title='bbox 1124 2656 1470 2726; x_wconf 89' lang='lat' dir='ltr'><strong>digrediens,</strong></span> <span class='ocrx_word' id='word_1_189' title='bbox 1526 2661 1649 2727; x_wconf 91' lang='lat' dir='ltr'><strong>post</strong></span> <span class='ocrx_word' id='word_1_190' title='bbox 1680 2659 1852 2728; x_wconf 89' lang='lat' dir='ltr'><strong>septi-</strong></span> 
     </span>
    </p>
   </div>
   <div class='ocr_carea' id='block_1_29' title="bbox 154 2743 1854 2809">
    <p class='ocr_par' dir='ltr' id='par_1_29' title="bbox 154 2743 1854 2809">
     <span class='ocr_line' id='line_1_29' title="bbox 154 2743 1854 2809; baseline 0.002 -12"><span class='ocrx_word' id='word_1_191' title='bbox 154 2760 353 2797; x_wconf 88' lang='lat' dir='ltr'><strong>manas</strong></span> <span class='ocrx_word' id='word_1_192' title='bbox 400 2759 496 2797; x_wconf 84' lang='lat' dir='ltr'><strong>sex</strong></span> <span class='ocrx_word' id='word_1_193' title='bbox 536 2743 747 2797; x_wconf 91' lang='lat' dir='ltr'><strong>iterum</strong></span> <span class='ocrx_word' id='word_1_194' title='bbox 797 2743 985 2809; x_wconf 89' lang='lat' dir='ltr'><strong>rediit,</strong></span> <span class='ocrx_word' id='word_1_195' title='bbox 1017 2750 1073 2798; x_wconf 91' lang='lat' dir='ltr'><strong>et</strong></span> <span class='ocrx_word' id='word_1_196' title='bbox 1119 2761 1305 2798; x_wconf 89' lang='lat' dir='ltr'><strong>ceram</strong></span> <span class='ocrx_word' id='word_1_197' title='bbox 1354 2746 1577 2809; x_wconf 88' lang='lat' dir='ltr'><strong>duobus</strong></span> <span class='ocrx_word' id='word_1_198' title='bbox 1607 2746 1854 2800; x_wconf 90' lang='lat' dir='ltr'><strong>denariis</strong></span> 
     </span>
    </p>
   </div>
   <div class='ocr_carea' id='block_1_30' title="bbox 154 2833 1853 2904">
    <p class='ocr_par' dir='ltr' id='par_1_30' title="bbox 154 2833 1853 2904">
     <span class='ocr_line' id='line_1_30' title="bbox 154 2833 1853 2904; baseline 0.001 -17"><span class='ocrx_word' id='word_1_199' title='bbox 154 2838 541 2903; x_wconf 89' lang='lat' dir='ltr'><strong>comparatam</strong></span> <span class='ocrx_word' id='word_1_200' title='bbox 574 2833 785 2887; x_wconf 68' lang='lat' dir='ltr'><strong>tumba:</strong></span> <span class='ocrx_word' id='word_1_201' title='bbox 837 2848 1256 2902; x_wconf 88' lang='lat' dir='ltr'><strong>superponens,</strong></span> <span class='ocrx_word' id='word_1_202' title='bbox 1309 2850 1414 2904; x_wconf 91' lang='lat' dir='ltr'><strong>pro</strong></span> <span class='ocrx_word' id='word_1_203' title='bbox 1445 2834 1701 2888; x_wconf 90' lang='lat' dir='ltr'><strong>sanitatis</strong></span> <span class='ocrx_word' id='word_1_204' title='bbox 1735 2851 1853 2888; x_wconf 65' lang='lat' dir='ltr'><strong>sua&quot;:</strong></span> 
     </span>
    </p>
   </div>
   <div class='ocr_carea' id='block_1_31' title="bbox 154 2920 1852 2991">
    <p class='ocr_par' dir='ltr' id='par_1_31' title="bbox 154 2920 1852 2991">
     <span class='ocr_line' id='line_1_31' title="bbox 154 2920 1852 2991; baseline 0 -16"><span class='ocrx_word' id='word_1_205' title='bbox 154 2920 575 2991; x_wconf 88' lang='lat' dir='ltr'><strong>perseverantia</strong></span> <span class='ocrx_word' id='word_1_206' title='bbox 631 2920 828 2974; x_wconf 89' lang='lat' dir='ltr'><strong>retulit</strong></span> <span class='ocrx_word' id='word_1_207' title='bbox 876 2921 1105 2990; x_wconf 90' lang='lat' dir='ltr'><strong>gratias.</strong></span> <span class='ocrx_word' id='word_1_208' title='bbox 1163 2923 1342 2976; x_wconf 90' lang='lat' dir='ltr'><strong>Testis</strong></span> <span class='ocrx_word' id='word_1_209' title='bbox 1400 2927 1483 2976; x_wconf 90' lang='lat' dir='ltr'><strong>est</strong></span> <span class='ocrx_word' id='word_1_210' title='bbox 1540 2926 1657 2976; x_wconf 89' lang='lat' dir='ltr'><strong>tota</strong></span> <span class='ocrx_word' id='word_1_211' title='bbox 1711 2923 1852 2978; x_wconf 83' lang='lat' dir='ltr'><strong>Gus-</strong></span> 
     </span>
    </p>
   </div>
   <div class='ocr_carea' id='block_1_32' title="bbox 154 3006 1922 3081">
    <p class='ocr_par' dir='ltr' id='par_1_32' title="bbox 154 3006 1922 3081">
     <span class='ocr_line' id='line_1_32' title="bbox 154 3006 1922 3081; baseline 0.002 -19"><span class='ocrx_word' id='word_1_212' title='bbox 154 3009 313 3076; x_wconf 88' lang='lat' dir='ltr'><strong>laria,</strong></span> <span class='ocrx_word' id='word_1_213' title='bbox 341 3008 440 3062; x_wconf 92' lang='lat' dir='ltr'><strong>ubi</strong></span> <span class='ocrx_word' id='word_1_214' title='bbox 482 3026 583 3079; x_wconf 92' lang='lat' dir='ltr'><strong>pro</strong></span> <span class='ocrx_word' id='word_1_215' title='bbox 635 3009 991 3062; x_wconf 90' lang='lat' dir='ltr'><strong>mercimonii</strong></span> <span class='ocrx_word' id='word_1_216' title='bbox 1039 3009 1127 3063; x_wconf 91' lang='lat' dir='ltr'><strong>sni</strong></span> <span class='ocrx_word' id='word_1_217' title='bbox 1154 3010 1392 3081; x_wconf 85' lang='lat' dir='ltr'><strong>negocio</strong></span> <span class='ocrx_word' id='word_1_218' title='bbox 1431 3012 1706 3080; x_wconf 90' lang='lat' dir='ltr'><strong>probatur</strong></span> <span class='ocrx_word' id='word_1_219' title='bbox 1732 3028 1851 3065; x_wconf 89' lang='lat' dir='ltr'><strong>esse</strong></span> <span class='ocrx_word' id='word_1_220' title='bbox 1884 3006 1922 3059; x_wconf 86' lang='lat' dir='ltr'><strong>C</strong></span> 
     </span>
    </p>
   </div>
   <div class='ocr_carea' id='block_1_33' title="bbox 153 3097 472 3153">
    <p class='ocr_par' dir='ltr' id='par_1_33' title="bbox 153 3097 472 3153">
     <span class='ocr_line' id='line_1_33' title="bbox 153 3097 472 3153; baseline -0.009 0"><span class='ocrx_word' id='word_1_221' title='bbox 153 3097 472 3153; x_wconf 87' lang='lat' dir='ltr'><strong>notissima.</strong></span> 
     </span>
    </p>
   </div>
   <div class='ocr_carea' id='block_1_34' title="bbox 219 3185 1851 3256">
    <p class='ocr_par' dir='ltr' id='par_1_34' title="bbox 219 3185 1851 3256">
     <span class='ocr_line' id='line_1_34' title="bbox 219 3185 1851 3256; baseline 0.001 -14"><span class='ocrx_word' id='word_1_222' title='bbox 219 3191 273 3242; x_wconf 92' lang='lat'><strong>8.</strong></span> <span class='ocrx_word' id='word_1_223' title='bbox 304 3186 537 3241; x_wconf 84' lang='lat' dir='ltr'><strong>Juvenis</strong></span> <span class='ocrx_word' id='word_1_224' title='bbox 564 3185 799 3256; x_wconf 90' lang='lat' dir='ltr'><strong>quidam</strong></span> <span class='ocrx_word' id='word_1_225' title='bbox 822 3185 883 3239; x_wconf 90' lang='lat' dir='ltr'><strong>in</strong></span> <span class='ocrx_word' id='word_1_226' title='bbox 912 3186 1147 3241; x_wconf 89' lang='lat' dir='ltr'><strong>Boemia</strong></span> <span class='ocrx_word' id='word_1_227' title='bbox 1192 3186 1251 3240; x_wconf 92' lang='lat' dir='ltr'><strong>in</strong></span> <span class='ocrx_word' id='word_1_228' title='bbox 1283 3186 1659 3242; x_wconf 90' lang='lat' dir='ltr'><strong>sacratissima</strong></span> <span class='ocrx_word' id='word_1_229' title='bbox 1689 3192 1851 3243; x_wconf 89' lang='lat' dir='ltr'><strong>nocte</strong></span> 
     </span>
    </p>
   </div>
   <div class='ocr_carea' id='block_1_35' title="bbox 156 3274 1849 3331">
    <p class='ocr_par' dir='ltr' id='par_1_35' title="bbox 156 3274 1849 3331">
     <span class='ocr_line' id='line_1_35' title="bbox 156 3274 1849 3331; baseline 0 0"><span class='ocrx_word' id='word_1_230' title='bbox 156 3275 464 3331; x_wconf 69' lang='lat' dir='ltr'><strong>Dominicaa</strong></span> <span class='ocrx_word' id='word_1_231' title='bbox 494 3274 809 3328; x_wconf 89' lang='lat' dir='ltr'><strong>nativitatis</strong></span> <span class='ocrx_word' id='word_1_232' title='bbox 837 3290 967 3329; x_wconf 90' lang='lat' dir='ltr'><strong>cum</strong></span> <span class='ocrx_word' id='word_1_233' title='bbox 1020 3275 1243 3329; x_wconf 91' lang='lat' dir='ltr'><strong>duobus</strong></span> <span class='ocrx_word' id='word_1_234' title='bbox 1286 3276 1558 3330; x_wconf 88' lang='lat' dir='ltr'><strong>fratribus</strong></span> <span class='ocrx_word' id='word_1_235' title='bbox 1615 3278 1731 3331; x_wconf 90' lang='lat' dir='ltr'><strong>suis</strong></span> <span class='ocrx_word' id='word_1_236' title='bbox 1760 3294 1849 3331; x_wconf 89' lang='lat' dir='ltr'><strong>ce-</strong></span> 
     </span>
    </p>
   </div>
   <div class='ocr_carea' id='block_1_36' title="bbox 157 3361 1850 3436">
    <p class='ocr_par' dir='ltr' id='par_1_36' title="bbox 157 3361 1850 3436">
     <span class='ocr_line' id='line_1_36' title="bbox 157 3361 1850 3436; baseline 0.001 -17"><span class='ocrx_word' id='word_1_237' title='bbox 157 3365 407 3435; x_wconf 88' lang='lat' dir='ltr'><strong>terisque</strong></span> <span class='ocrx_word' id='word_1_238' title='bbox 458 3362 663 3417; x_wconf 74' lang='lat' dir='ltr'><strong>coaevis</strong></span> <span class='ocrx_word' id='word_1_239' title='bbox 703 3362 819 3417; x_wconf 91' lang='lat' dir='ltr'><strong>suis</strong></span> <span class='ocrx_word' id='word_1_240' title='bbox 852 3361 925 3397; x_wconf 83' lang='grc'><strong>²¹³⁸</strong></span> <span class='ocrx_word' id='word_1_241' title='bbox 949 3364 1101 3418; x_wconf 91' lang='lat' dir='ltr'><strong>ludis</strong></span> <span class='ocrx_word' id='word_1_242' title='bbox 1153 3364 1495 3435; x_wconf 88' lang='lat' dir='ltr'><strong>quibusdam</strong></span> <span class='ocrx_word' id='word_1_243' title='bbox 1525 3365 1850 3436; x_wconf 91' lang='lat' dir='ltr'><strong>invigilans,</strong></span> 
     </span>
    </p>
   </div>
   <div class='ocr_carea' id='block_1_37' title="bbox 156 3451 1852 3518">
    <p class='ocr_par' dir='ltr' id='par_1_37' title="bbox 156 3451 1852 3518">
     <span class='ocr_line' id='line_1_37' title="bbox 156 3451 1852 3518; baseline 0 -11"><span class='ocrx_word' id='word_1_244' title='bbox 156 3452 443 3508; x_wconf 90' lang='lat' dir='ltr'><strong>dirissimo</strong></span> <span class='ocrx_word' id='word_1_245' title='bbox 495 3451 727 3505; x_wconf 84' lang='lat' dir='ltr'><strong>demoui</strong></span> <span class='ocrx_word' id='word_1_246' title='bbox 785 3453 1068 3505; x_wconf 81' lang='lat' dir='ltr'><strong>vexandus</strong></span> <span class='ocrx_word' id='word_1_247' title='bbox 1133 3458 1218 3506; x_wconf 91' lang='lat' dir='ltr'><strong>est</strong></span> <span class='ocrx_word' id='word_1_248' title='bbox 1267 3453 1528 3518; x_wconf 88' lang='lat' dir='ltr'><strong>traditus,</strong></span> <span class='ocrx_word' id='word_1_249' title='bbox 1580 3453 1852 3507; x_wconf 89' lang='lat' dir='ltr'><strong>fratribus</strong></span> 
     </span>
    </p>
   </div>
   <div class='ocr_carea' id='block_1_38' title="bbox 156 3540 1849 3612">
    <p class='ocr_par' dir='ltr' id='par_1_38' title="bbox 156 3540 1849 3612">
     <span class='ocr_line' id='line_1_38' title="bbox 156 3540 1849 3612; baseline 0 -17"><span class='ocrx_word' id='word_1_250' title='bbox 156 3542 412 3612; x_wconf 89' lang='lat' dir='ltr'><strong>utrisque</strong></span> <span class='ocrx_word' id='word_1_251' title='bbox 436 3540 737 3593; x_wconf 90' lang='lat' dir='ltr'><strong>subitanea</strong></span> <span class='ocrx_word' id='word_1_252' title='bbox 769 3546 951 3593; x_wconf 90' lang='lat' dir='ltr'><strong>morte</strong></span> <span class='ocrx_word' id='word_1_253' title='bbox 978 3540 1303 3610; x_wconf 71' lang='lat' dir='ltr'><strong>prteventis,</strong></span> <span class='ocrx_word' id='word_1_254' title='bbox 1327 3542 1642 3612; x_wconf 85' lang='lat' dir='ltr'><strong>ceterisque</strong></span> <span class='ocrx_word' id='word_1_255' title='bbox 1664 3543 1849 3596; x_wconf 66' lang='lat' dir='ltr'><strong>omni-</strong></span> 
     </span>
    </p>
   </div>
   <div class='ocr_carea' id='block_1_39' title="bbox 156 3628 1851 3700">
    <p class='ocr_par' dir='ltr' id='par_1_39' title="bbox 156 3628 1851 3700">
     <span class='ocr_line' id='line_1_39' title="bbox 156 3628 1851 3700; baseline 0.001 -16"><span class='ocrx_word' id='word_1_256' title='bbox 156 3631 260 3684; x_wconf 89' lang='lat' dir='ltr'><strong>bus</strong></span> <span class='ocrx_word' id='word_1_257' title='bbox 290 3628 394 3700; x_wconf 88' lang='lat' dir='ltr'><strong>qui</strong></span> <span class='ocrx_word' id='word_1_258' title='bbox 417 3628 633 3682; x_wconf 87' lang='lat' dir='ltr'><strong>eisdem</strong></span> <span class='ocrx_word' id='word_1_259' title='bbox 680 3628 944 3682; x_wconf 86' lang='lat' dir='ltr'><strong>infaustis</strong></span> <span class='ocrx_word' id='word_1_260' title='bbox 983 3628 1132 3682; x_wconf 91' lang='lat' dir='ltr'><strong>ludis</strong></span> <span class='ocrx_word' id='word_1_261' title='bbox 1164 3628 1478 3683; x_wconf 89' lang='lat' dir='ltr'><strong>intererant</strong></span> <span class='ocrx_word' id='word_1_262' title='bbox 1528 3635 1627 3684; x_wconf 89' lang='lat' dir='ltr'><strong>aut</strong></span> <span class='ocrx_word' id='word_1_263' title='bbox 1670 3635 1851 3685; x_wconf 88' lang='lat' dir='ltr'><strong>morte</strong></span> 
     </span>
    </p>
   </div>
   <div class='ocr_carea' id='block_1_40' title="bbox 154 3716 1851 3789">
    <p class='ocr_par' dir='ltr' id='par_1_40' title="bbox 154 3716 1851 3789">
     <span class='ocr_line' id='line_1_40' title="bbox 154 3716 1851 3789; baseline 0.001 -18"><span class='ocrx_word' id='word_1_264' title='bbox 154 3716 477 3783; x_wconf 82' lang='lat' dir='ltr'><strong>subtractis,</strong></span> <span class='ocrx_word' id='word_1_265' title='bbox 502 3716 933 3769; x_wconf 91' lang='lat' dir='ltr'><strong>autdemonum</strong></span> <span class='ocrx_word' id='word_1_266' title='bbox 965 3716 1244 3770; x_wconf 89' lang='lat' dir='ltr'><strong>vexationi</strong></span> <span class='ocrx_word' id='word_1_267' title='bbox 1276 3717 1629 3771; x_wconf 82' lang='lat' dir='ltr'><strong>contraditis.</strong></span> <span class='ocrx_word' id='word_1_268' title='bbox 1658 3719 1851 3789; x_wconf 87' lang='lat' dir='ltr'><strong>Itaque</strong></span> 
     </span>
    </p>
   </div>
   <div class='ocr_carea' id='block_1_41' title="bbox 153 3804 1851 3877">
    <p class='ocr_par' dir='ltr' id='par_1_41' title="bbox 153 3804 1851 3877">
     <span class='ocr_line' id='line_1_41' title="bbox 153 3804 1851 3877; baseline 0.001 -17"><span class='ocrx_word' id='word_1_269' title='bbox 153 3811 279 3877; x_wconf 89' lang='lat' dir='ltr'><strong>post</strong></span> <span class='ocrx_word' id='word_1_270' title='bbox 300 3805 637 3870; x_wconf 90' lang='lat' dir='ltr'><strong>triennium,</strong></span> <span class='ocrx_word' id='word_1_271' title='bbox 663 3804 905 3858; x_wconf 88' lang='lat' dir='ltr'><strong>durante</strong></span> <span class='ocrx_word' id='word_1_272' title='bbox 923 3805 1135 3859; x_wconf 84' lang='lat' dir='ltr'><strong>infelici</strong></span> <span class='ocrx_word' id='word_1_273' title='bbox 1152 3806 1439 3876; x_wconf 91' lang='lat' dir='ltr'><strong>passione,</strong></span> <span class='ocrx_word' id='word_1_274' title='bbox 1455 3806 1681 3875; x_wconf 88' lang='lat' dir='ltr'><strong>juvenis</strong></span> <span class='ocrx_word' id='word_1_275' title='bbox 1697 3807 1851 3862; x_wconf 92' lang='lat' dir='ltr'><strong>idem</strong></span> 
     </span>
    </p>
   </div>
   <div class='ocr_carea' id='block_1_42' title="bbox 154 3893 1850 3965">
    <p class='ocr_par' dir='ltr' id='par_1_42' title="bbox 154 3893 1850 3965">
     <span class='ocr_line' id='line_1_42' title="bbox 154 3893 1850 3965; baseline 0.001 -16"><span class='ocrx_word' id='word_1_276' title='bbox 154 3894 371 3965; x_wconf 88' lang='lat' dir='ltr'><strong>ignaris</strong></span> <span class='ocrx_word' id='word_1_277' title='bbox 417 3893 750 3965; x_wconf 88' lang='lat' dir='ltr'><strong>parentibus</strong></span> <span class='ocrx_word' id='word_1_278' title='bbox 804 3894 915 3948; x_wconf 91' lang='lat' dir='ltr'><strong>huc</strong></span> <span class='ocrx_word' id='word_1_279' title='bbox 967 3894 1216 3965; x_wconf 91' lang='lat' dir='ltr'><strong>illucque</strong></span> <span class='ocrx_word' id='word_1_280' title='bbox 1266 3896 1565 3962; x_wconf 90' lang='lat' dir='ltr'><strong>cursitans,</strong></span> <span class='ocrx_word' id='word_1_281' title='bbox 1620 3896 1850 3951; x_wconf 88' lang='lat' dir='ltr'><strong>tandem</strong></span> 
     </span>
    </p>
   </div>
   <div class='ocr_carea' id='block_1_43' title="bbox 156 3981 1849 4053">
    <p class='ocr_par' dir='ltr' id='par_1_43' title="bbox 156 3981 1849 4053">
     <span class='ocr_line' id='line_1_43' title="bbox 156 3981 1849 4053; baseline 0.001 -16"><span class='ocrx_word' id='word_1_282' title='bbox 156 3983 581 4038; x_wconf 87' lang='lat' dir='ltr'><strong>Hildenesheim</strong></span> <span class='ocrx_word' id='word_1_283' title='bbox 614 3981 893 4051; x_wconf 87' lang='lat' dir='ltr'><strong>pervenit.</strong></span> <span class='ocrx_word' id='word_1_284' title='bbox 928 3982 1012 4035; x_wconf 94' lang='lat' dir='ltr'><strong>Ibi</strong></span> <span class='ocrx_word' id='word_1_285' title='bbox 1049 3982 1183 4036; x_wconf 91' lang='lat' dir='ltr'><strong>dum</strong></span> <span class='ocrx_word' id='word_1_286' title='bbox 1218 3984 1653 4053; x_wconf 80' lang='lat' dir='ltr'><strong>completorium</strong></span> <span class='ocrx_word' id='word_1_287' title='bbox 1683 4000 1849 4039; x_wconf 89' lang='lat' dir='ltr'><strong>cane-</strong></span> 
     </span>
    </p>
   </div>
   <div class='ocr_carea' id='block_1_44' title="bbox 155 4068 1848 4141">
    <p class='ocr_par' dir='ltr' id='par_1_44' title="bbox 155 4068 1848 4141">
     <span class='ocr_line' id='line_1_44' title="bbox 155 4068 1848 4141; baseline 0.002 -19"><span class='ocrx_word' id='word_1_288' title='bbox 155 4074 332 4135; x_wconf 88' lang='lat' dir='ltr'><strong>retur,</strong></span> <span class='ocrx_word' id='word_1_289' title='bbox 415 4068 832 4122; x_wconf 87' lang='lat' dir='ltr'><strong>monasterium</strong></span> <span class='ocrx_word' id='word_1_290' title='bbox 920 4068 1095 4122; x_wconf 89' lang='lat' dir='ltr'><strong>sancti</strong></span> <span class='ocrx_word' id='word_1_291' title='bbox 1172 4069 1459 4123; x_wconf 83' lang='lat' dir='ltr'><strong>Michaelis</strong></span> <span class='ocrx_word' id='word_1_292' title='bbox 1537 4070 1848 4141; x_wconf 90' lang='lat' dir='ltr'><strong>ingressus,</strong></span> 
     </span>
    </p>
   </div>
   <div class='ocr_carea' id='block_1_45' title="bbox 153 4156 1854 4225">
    <p class='ocr_par' dir='ltr' id='par_1_45' title="bbox 153 4156 1854 4225">
     <span class='ocr_line' id='line_1_45' title="bbox 153 4156 1854 4225; baseline 0.001 -13"><span class='ocrx_word' id='word_1_293' title='bbox 153 4164 270 4212; x_wconf 90' lang='lat' dir='ltr'><strong>tam</strong></span> <span class='ocrx_word' id='word_1_294' title='bbox 301 4158 443 4212; x_wconf 91' lang='lat' dir='ltr'><strong>dure</strong></span> <span class='ocrx_word' id='word_1_295' title='bbox 475 4162 605 4210; x_wconf 92' lang='lat' dir='ltr'><strong>ante</strong></span> <span class='ocrx_word' id='word_1_296' title='bbox 652 4158 829 4210; x_wconf 91' lang='lat' dir='ltr'><strong>altare</strong></span> <span class='ocrx_word' id='word_1_297' title='bbox 876 4162 1086 4211; x_wconf 72' lang='lat' dir='ltr'><strong>sanctte</strong></span> <span class='ocrx_word' id='word_1_298' title='bbox 1134 4156 1326 4212; x_wconf 91' lang='lat' dir='ltr'><strong>Crucis</strong></span> <span class='ocrx_word' id='word_1_299' title='bbox 1360 4163 1587 4213; x_wconf 84' lang='lat' dir='ltr'><strong>vexatus</strong></span> <span class='ocrx_word' id='word_1_300' title='bbox 1634 4163 1737 4225; x_wconf 91' lang='lat' dir='ltr'><strong>est,</strong></span> <span class='ocrx_word' id='word_1_301' title='bbox 1790 4164 1854 4213; x_wconf 89' lang='lat' dir='ltr'><strong>ut</strong></span> 
     </span>
    </p>
   </div>
   <div class='ocr_carea' id='block_1_46' title="bbox 155 4244 1853 4316">
    <p class='ocr_par' dir='ltr' id='par_1_46' title="bbox 155 4244 1853 4316">
     <span class='ocr_line' id='line_1_46' title="bbox 155 4244 1853 4316; baseline -0.001 -16"><span class='ocrx_word' id='word_1_302' title='bbox 155 4262 355 4300; x_wconf 90' lang='lat' dir='ltr'><strong>omnes</strong></span> <span class='ocrx_word' id='word_1_303' title='bbox 402 4244 503 4315; x_wconf 88' lang='lat' dir='ltr'><strong>qui</strong></span> <span class='ocrx_word' id='word_1_304' title='bbox 545 4245 782 4299; x_wconf 88' lang='lat' dir='ltr'><strong>aderant</strong></span> <span class='ocrx_word' id='word_1_305' title='bbox 840 4245 1081 4298; x_wconf 92' lang='lat' dir='ltr'><strong>horrore</strong></span> <span class='ocrx_word' id='word_1_306' title='bbox 1136 4244 1317 4298; x_wconf 91' lang='lat' dir='ltr'><strong>nimio</strong></span> <span class='ocrx_word' id='word_1_307' title='bbox 1361 4247 1575 4316; x_wconf 87' lang='lat' dir='ltr'><strong>stupidi</strong></span> <span class='ocrx_word' id='word_1_308' title='bbox 1607 4254 1662 4302; x_wconf 89' lang='lat' dir='ltr'><strong>et</strong></span> <span class='ocrx_word' id='word_1_309' title='bbox 1690 4247 1853 4301; x_wconf 90' lang='lat' dir='ltr'><strong>mise-</strong></span> 
     </span>
    </p>
   </div>
   <div class='ocr_carea' id='block_1_47' title="bbox 157 4334 1851 4406">
    <p class='ocr_par' dir='ltr' id='par_1_47' title="bbox 157 4334 1851 4406">
     <span class='ocr_line' id='line_1_47' title="bbox 157 4334 1851 4406; baseline -0.001 -17"><span class='ocrx_word' id='word_1_310' title='bbox 157 4336 378 4389; x_wconf 84' lang='lat' dir='ltr'><strong>ratione</strong></span> <span class='ocrx_word' id='word_1_311' title='bbox 434 4334 761 4404; x_wconf 90' lang='lat' dir='ltr'><strong>compuncti</strong></span> <span class='ocrx_word' id='word_1_312' title='bbox 816 4334 1207 4388; x_wconf 87' lang='lat' dir='ltr'><strong>redderentur.</strong></span> <span class='ocrx_word' id='word_1_313' title='bbox 1243 4335 1631 4389; x_wconf 91' lang='lat' dir='ltr'><strong>Introducitur</strong></span> <span class='ocrx_word' id='word_1_314' title='bbox 1658 4336 1851 4406; x_wconf 90' lang='lat' dir='ltr'><strong>itaque</strong></span> 
     </span>
    </p>
   </div>
   <div class='ocr_carea' id='block_1_48' title="bbox 156 4422 1851 4494">
    <p class='ocr_par' dir='ltr' id='par_1_48' title="bbox 156 4422 1851 4494">
     <span class='ocr_line' id='line_1_48' title="bbox 156 4422 1851 4494; baseline 0.001 -20"><span class='ocrx_word' id='word_1_315' title='bbox 156 4424 208 4476; x_wconf 90' lang='lat' dir='ltr'><strong>vi</strong></span> <span class='ocrx_word' id='word_1_316' title='bbox 260 4422 622 4493; x_wconf 87' lang='lat' dir='ltr'><strong>pellentium,</strong></span> <span class='ocrx_word' id='word_1_317' title='bbox 692 4422 937 4475; x_wconf 88' lang='lat' dir='ltr'><strong>nimium</strong></span> <span class='ocrx_word' id='word_1_318' title='bbox 993 4422 1245 4476; x_wconf 89' lang='lat' dir='ltr'><strong>renitens</strong></span> <span class='ocrx_word' id='word_1_319' title='bbox 1314 4422 1458 4494; x_wconf 92' lang='lat' dir='ltr'><strong>ipse,</strong></span> <span class='ocrx_word' id='word_1_320' title='bbox 1505 4424 1561 4479; x_wconf 91' lang='lat' dir='ltr'><strong>in</strong></span> <span class='ocrx_word' id='word_1_321' title='bbox 1612 4424 1851 4494; x_wconf 86' lang='lat' dir='ltr'><strong>criptam</strong></span> 
     </span>
    </p>
   </div>
   <div class='ocr_carea' id='block_1_49' title="bbox 156 4511 1853 4567">
    <p class='ocr_par' dir='ltr' id='par_1_49' title="bbox 156 4511 1853 4567">
     <span class='ocr_line' id='line_1_49' title="bbox 156 4511 1853 4567; baseline -0.001 0"><span class='ocrx_word' id='word_1_322' title='bbox 156 4515 225 4567; x_wconf 88' lang='lat' dir='ltr'><strong>ad</strong></span> <span class='ocrx_word' id='word_1_323' title='bbox 272 4512 424 4567; x_wconf 90' lang='lat' dir='ltr'><strong>beati</strong></span> <span class='ocrx_word' id='word_1_324' title='bbox 473 4511 791 4565; x_wconf 88' lang='lat' dir='ltr'><strong>Bernwardi</strong></span> <span class='ocrx_word' id='word_1_325' title='bbox 821 4511 1098 4565; x_wconf 85' lang='lat' dir='ltr'><strong>tumbam.</strong></span> <span class='ocrx_word' id='word_1_326' title='bbox 1140 4511 1245 4566; x_wconf 85' lang='lat' dir='ltr'><strong>Ubi</strong></span> <span class='ocrx_word' id='word_1_327' title='bbox 1285 4512 1498 4567; x_wconf 91' lang='lat' dir='ltr'><strong>diutius</strong></span> <span class='ocrx_word' id='word_1_328' title='bbox 1545 4513 1735 4567; x_wconf 91' lang='lat' dir='ltr'><strong>furore</strong></span> <span class='ocrx_word' id='word_1_329' title='bbox 1757 4528 1853 4565; x_wconf 86' lang='lat' dir='ltr'><strong>ro-</strong></span> 
     </span>
    </p>
   </div>
   <div class='ocr_carea' id='block_1_50' title="bbox 157 4599 1852 4672">
    <p class='ocr_par' dir='ltr' id='par_1_50' title="bbox 157 4599 1852 4672">
     <span class='ocr_line' id='line_1_50' title="bbox 157 4599 1852 4672; baseline -0.001 -17"><span class='ocrx_word' id='word_1_330' title='bbox 157 4606 308 4656; x_wconf 87' lang='lat' dir='ltr'><strong>tatus</strong></span> <span class='ocrx_word' id='word_1_331' title='bbox 364 4606 423 4654; x_wconf 90' lang='lat' dir='ltr'><strong>et</strong></span> <span class='ocrx_word' id='word_1_332' title='bbox 468 4600 640 4654; x_wconf 90' lang='lat' dir='ltr'><strong>verba</strong></span> <span class='ocrx_word' id='word_1_333' title='bbox 687 4600 1023 4669; x_wconf 87' lang='lat' dir='ltr'><strong>blasphema</strong></span> <span class='ocrx_word' id='word_1_334' title='bbox 1055 4599 1334 4669; x_wconf 90' lang='lat' dir='ltr'><strong>garriens,</strong></span> <span class='ocrx_word' id='word_1_335' title='bbox 1386 4608 1447 4654; x_wconf 93' lang='lat' dir='ltr'><strong>ut</strong></span> <span class='ocrx_word' id='word_1_336' title='bbox 1476 4601 1714 4672; x_wconf 91' lang='lat' dir='ltr'><strong>quidam</strong></span> <span class='ocrx_word' id='word_1_337' title='bbox 1746 4601 1852 4654; x_wconf 93' lang='lat' dir='ltr'><strong>lin-</strong></span> 
     </span>
    </p>
   </div>
   <div class='ocr_carea' id='block_1_51' title="bbox 158 4688 1854 4760">
    <p class='ocr_par' dir='ltr' id='par_1_51' title="bbox 158 4688 1854 4760">
     <span class='ocr_line' id='line_1_51' title="bbox 158 4688 1854 4760; baseline 0 -18"><span class='ocrx_word' id='word_1_338' title='bbox 158 4705 328 4760; x_wconf 91' lang='lat' dir='ltr'><strong>guam</strong></span> <span class='ocrx_word' id='word_1_339' title='bbox 356 4688 478 4759; x_wconf 84' lang='lat' dir='ltr'><strong>ejus</strong></span> <span class='ocrx_word' id='word_1_340' title='bbox 508 4688 915 4758; x_wconf 86' lang='lat' dir='ltr'><strong>intelligentes,</strong></span> <span class='ocrx_word' id='word_1_341' title='bbox 949 4689 1047 4758; x_wconf 93' lang='lat' dir='ltr'><strong>qui</strong></span> <span class='ocrx_word' id='word_1_342' title='bbox 1079 4694 1213 4742; x_wconf 91' lang='lat' dir='ltr'><strong>tunc</strong></span> <span class='ocrx_word' id='word_1_343' title='bbox 1241 4690 1384 4743; x_wconf 88' lang='lat' dir='ltr'><strong>forte</strong></span> <span class='ocrx_word' id='word_1_344' title='bbox 1434 4690 1691 4755; x_wconf 89' lang='lat' dir='ltr'><strong>aderant,</strong></span> <span class='ocrx_word' id='word_1_345' title='bbox 1724 4705 1854 4742; x_wconf 89' lang='lat' dir='ltr'><strong>cum</strong></span> 
     </span>
    </p>
   </div>
   <div class='ocr_carea' id='block_1_52' title="bbox 156 4776 1854 4849">
    <p class='ocr_par' dir='ltr' id='par_1_52' title="bbox 156 4776 1854 4849">
     <span class='ocr_line' id='line_1_52' title="bbox 156 4776 1854 4849; baseline -0.001 -17"><span class='ocrx_word' id='word_1_346' title='bbox 156 4782 389 4849; x_wconf 91' lang='lat' dir='ltr'><strong>stupore</strong></span> <span class='ocrx_word' id='word_1_347' title='bbox 439 4776 629 4847; x_wconf 90' lang='lat' dir='ltr'><strong>pavidi</strong></span> <span class='ocrx_word' id='word_1_348' title='bbox 674 4778 1011 4843; x_wconf 89' lang='lat' dir='ltr'><strong>retulerunt,</strong></span> <span class='ocrx_word' id='word_1_349' title='bbox 1048 4777 1281 4831; x_wconf 89' lang='lat' dir='ltr'><strong>tandem</strong></span> <span class='ocrx_word' id='word_1_350' title='bbox 1328 4778 1595 4845; x_wconf 90' lang='lat' dir='ltr'><strong>concidit,</strong></span> <span class='ocrx_word' id='word_1_351' title='bbox 1630 4782 1854 4847; x_wconf 89' lang='lat' dir='ltr'><strong>aperto-</strong></span> 
     </span>
    </p>
   </div>
   <div class='ocr_carea' id='block_1_53' title="bbox 158 4865 1855 4938">
    <p class='ocr_par' dir='ltr' id='par_1_53' title="bbox 158 4865 1855 4938">
     <span class='ocr_line' id='line_1_53' title="bbox 158 4865 1855 4938; baseline 0 -19"><span class='ocrx_word' id='word_1_352' title='bbox 158 4884 268 4938; x_wconf 89' lang='lat' dir='ltr'><strong>que</strong></span> <span class='ocrx_word' id='word_1_353' title='bbox 299 4883 397 4920; x_wconf 90' lang='lat' dir='ltr'><strong>ore</strong></span> <span class='ocrx_word' id='word_1_354' title='bbox 429 4865 677 4933; x_wconf 90' lang='lat' dir='ltr'><strong>inhians,</strong></span> <span class='ocrx_word' id='word_1_355' title='bbox 710 4866 993 4936; x_wconf 90' lang='lat' dir='ltr'><strong>liquorem</strong></span> <span class='ocrx_word' id='word_1_356' title='bbox 1053 4866 1484 4936; x_wconf 92' lang='lat' dir='ltr'><strong>spurcissimum</strong></span> <span class='ocrx_word' id='word_1_357' title='bbox 1519 4882 1647 4920; x_wconf 91' lang='lat' dir='ltr'><strong>cum</strong></span> <span class='ocrx_word' id='word_1_358' title='bbox 1678 4866 1855 4919; x_wconf 91' lang='lat' dir='ltr'><strong>fetore</strong></span> 
     </span>
    </p>
   </div>
   <div class='ocr_carea' id='block_1_54' title="bbox 157 4954 1856 5023">
    <p class='ocr_par' dir='ltr' id='par_1_54' title="bbox 157 4954 1856 5023">
     <span class='ocr_line' id='line_1_54' title="bbox 157 4954 1856 5023; baseline -0.001 -15"><span class='ocrx_word' id='word_1_359' title='bbox 157 4954 338 5008; x_wconf 91' lang='lat' dir='ltr'><strong>nimio</strong></span> <span class='ocrx_word' id='word_1_360' title='bbox 360 4958 641 5021; x_wconf 83' lang='lat' dir='ltr'><strong>eructans,</strong></span> <span class='ocrx_word' id='word_1_361' title='bbox 702 4954 1007 5009; x_wconf 91' lang='lat' dir='ltr'><strong>incolumis</strong></span> <span class='ocrx_word' id='word_1_362' title='bbox 1050 4955 1315 5008; x_wconf 84' lang='lat' dir='ltr'><strong>surrexit.</strong></span> <span class='ocrx_word' id='word_1_363' title='bbox 1368 4957 1601 5009; x_wconf 84' lang='lat' dir='ltr'><strong>Postera</strong></span> <span class='ocrx_word' id='word_1_364' title='bbox 1632 4955 1723 5009; x_wconf 91' lang='lat' dir='ltr'><strong>die</strong></span> <span class='ocrx_word' id='word_1_365' title='bbox 1756 4971 1856 5023; x_wconf 89' lang='lat' dir='ltr'><strong>po-</strong></span> 
     </span>
    </p>
   </div>
   <div class='ocr_carea' id='block_1_55' title="bbox 158 5042 1855 5112">
    <p class='ocr_par' dir='ltr' id='par_1_55' title="bbox 158 5042 1855 5112">
     <span class='ocr_line' id='line_1_55' title="bbox 158 5042 1855 5112; baseline 0.001 -18"><span class='ocrx_word' id='word_1_366' title='bbox 158 5043 293 5112; x_wconf 93' lang='lat' dir='ltr'><strong>pulo</strong></span> <span class='ocrx_word' id='word_1_367' title='bbox 336 5046 710 5112; x_wconf 64' lang='lat' dir='ltr'><strong>praesentatus</strong></span> <span class='ocrx_word' id='word_1_368' title='bbox 768 5047 855 5096; x_wconf 89' lang='lat' dir='ltr'><strong>est</strong></span> <span class='ocrx_word' id='word_1_369' title='bbox 900 5059 1088 5109; x_wconf 88' lang='lat' dir='ltr'><strong>sanus,</strong></span> <span class='ocrx_word' id='word_1_370' title='bbox 1123 5048 1180 5096; x_wconf 91' lang='lat' dir='ltr'><strong>et</strong></span> <span class='ocrx_word' id='word_1_371' title='bbox 1208 5060 1275 5098; x_wconf 91' lang='lat' dir='ltr'><strong>ex</strong></span> <span class='ocrx_word' id='word_1_372' title='bbox 1305 5060 1373 5097; x_wconf 89' lang='lat' dir='ltr'><strong>eo</strong></span> <span class='ocrx_word' id='word_1_373' title='bbox 1415 5059 1519 5112; x_wconf 93' lang='lat' dir='ltr'><strong>per</strong></span> <span class='ocrx_word' id='word_1_374' title='bbox 1572 5046 1630 5096; x_wconf 83' lang='lat' dir='ltr'><strong>l5</strong></span> <span class='ocrx_word' id='word_1_375' title='bbox 1675 5042 1855 5096; x_wconf 90' lang='lat' dir='ltr'><strong>ferme</strong></span> 
     </span>
    </p>
   </div>
   <div class='ocr_carea' id='block_1_56' title="bbox 157 5129 1857 5201">
    <p class='ocr_par' dir='ltr' id='par_1_56' title="bbox 157 5129 1857 5201">
     <span class='ocr_line' id='line_1_56' title="bbox 157 5129 1857 5201; baseline 0 -18"><span class='ocrx_word' id='word_1_376' title='bbox 157 5130 278 5184; x_wconf 90' lang='lat' dir='ltr'><strong>dies</strong></span> <span class='ocrx_word' id='word_1_377' title='bbox 328 5129 697 5199; x_wconf 87' lang='lat' dir='ltr'><strong>sepulchrum</strong></span> <span class='ocrx_word' id='word_1_378' title='bbox 751 5129 1143 5200; x_wconf 88' lang='lat' dir='ltr'><strong>frequentans,</strong></span> <span class='ocrx_word' id='word_1_379' title='bbox 1198 5136 1255 5185; x_wconf 89' lang='lat' dir='ltr'><strong>et</strong></span> <span class='ocrx_word' id='word_1_380' title='bbox 1304 5131 1697 5201; x_wconf 78' lang='lat' dir='ltr'><strong>pavimentum</strong></span> <span class='ocrx_word' id='word_1_381' title='bbox 1755 5146 1857 5199; x_wconf 89' lang='lat' dir='ltr'><strong>per</strong></span> 
     </span>
    </p>
   </div>
   <div class='ocr_carea' id='block_1_57' title="bbox 1975 537 3246 610">
    <p class='ocr_par' dir='ltr' id='par_1_57' title="bbox 1975 537 3246 610">
     <span class='ocr_line' id='line_1_57' title="bbox 1975 537 3246 610; baseline 0.005 -20"><span class='ocrx_word' id='word_1_382' title='bbox 1975 552 2103 591; x_wconf 92' lang='lat' dir='ltr'><strong>cum</strong></span> <span class='ocrx_word' id='word_1_383' title='bbox 2138 537 2383 591; x_wconf 90' lang='lat' dir='ltr'><strong>lacrimis</strong></span> <span class='ocrx_word' id='word_1_384' title='bbox 2409 537 2705 592; x_wconf 87' lang='lat' dir='ltr'><strong>liberatori</strong></span> <span class='ocrx_word' id='word_1_385' title='bbox 2732 556 2834 592; x_wconf 95' lang='lat' dir='ltr'><strong>suo</strong></span> <span class='ocrx_word' id='word_1_386' title='bbox 2867 540 3079 609; x_wconf 88' lang='lat' dir='ltr'><strong>gratias</strong></span> <span class='ocrx_word' id='word_1_387' title='bbox 3110 542 3246 610; x_wconf 87' lang='lat' dir='ltr'><strong>egit.</strong></span> 
     </span>
    </p>
   </div>
   <div class='ocr_carea' id='block_1_58' title="bbox 2046 626 3703 689">
    <p class='ocr_par' dir='ltr' id='par_1_58' title="bbox 2046 626 3703 689">
     <span class='ocr_line' id='line_1_58' title="bbox 2046 626 3703 689; baseline 0.005 -10"><span class='ocrx_word' id='word_1_388' title='bbox 2046 628 2097 680; x_wconf 90' lang='lat'><strong>9.</strong></span> <span class='ocrx_word' id='word_1_389' title='bbox 2123 626 2362 689; x_wconf 86' lang='lat' dir='ltr'><strong>Quidam</strong></span> <span class='ocrx_word' id='word_1_390' title='bbox 2409 633 2602 680; x_wconf 89' lang='lat' dir='ltr'><strong>autem</strong></span> <span class='ocrx_word' id='word_1_391' title='bbox 2655 632 2999 682; x_wconf 83' lang='lat' dir='ltr'><strong>mercatores</strong></span> <span class='ocrx_word' id='word_1_392' title='bbox 3049 631 3382 685; x_wconf 86' lang='lat' dir='ltr'><strong>Bremenses</strong></span> <span class='ocrx_word' id='word_1_393' title='bbox 3430 648 3558 686; x_wconf 93' lang='lat' dir='ltr'><strong>cum</strong></span> <span class='ocrx_word' id='word_1_394' title='bbox 3614 632 3703 689; x_wconf 79' lang='lat' dir='ltr'><strong>in</strong></span> 
     </span>
    </p>
   </div>
   <div class='ocr_carea' id='block_1_59' title="bbox 1975 714 3673 790">
    <p class='ocr_par' dir='ltr' id='par_1_59' title="bbox 1975 714 3673 790">
     <span class='ocr_line' id='line_1_59' title="bbox 1975 714 3673 790; baseline 0.005 -25"><span class='ocrx_word' id='word_1_395' title='bbox 1975 714 2117 767; x_wconf 91' lang='lat' dir='ltr'><strong>mari</strong></span> <span class='ocrx_word' id='word_1_396' title='bbox 2150 730 2345 768; x_wconf 90' lang='lat' dir='ltr'><strong>versus</strong></span> <span class='ocrx_word' id='word_1_397' title='bbox 2373 714 2639 785; x_wconf 85' lang='lat' dir='ltr'><strong>Angliam</strong></span> <span class='ocrx_word' id='word_1_398' title='bbox 2686 716 3041 786; x_wconf 87' lang='lat' dir='ltr'><strong>navigarent,</strong></span> <span class='ocrx_word' id='word_1_399' title='bbox 3080 723 3418 788; x_wconf 83' lang='lat' dir='ltr'><strong>tempestate</strong></span> <span class='ocrx_word' id='word_1_400' title='bbox 3459 720 3673 790; x_wconf 88' lang='lat' dir='ltr'><strong>gravis-</strong></span> 
     </span>
    </p>
   </div>
   <div class='ocr_carea' id='block_1_60' title="bbox 1974 801 3675 874">
    <p class='ocr_par' dir='ltr' id='par_1_60' title="bbox 1974 801 3675 874">
     <span class='ocr_line' id='line_1_60' title="bbox 1974 801 3675 874; baseline 0.006 -21"><span class='ocrx_word' id='word_1_401' title='bbox 1974 801 2117 855; x_wconf 90' lang='lat' dir='ltr'><strong>sima</strong></span> <span class='ocrx_word' id='word_1_402' title='bbox 2155 803 2429 872; x_wconf 68' lang='lat' dir='ltr'><strong>praeventi</strong></span> <span class='ocrx_word' id='word_1_403' title='bbox 2478 809 2629 871; x_wconf 87' lang='lat' dir='ltr'><strong>sunt,</strong></span> <span class='ocrx_word' id='word_1_404' title='bbox 2673 803 2751 857; x_wconf 92' lang='lat' dir='ltr'><strong>ita</strong></span> <span class='ocrx_word' id='word_1_405' title='bbox 2780 809 2862 872; x_wconf 91' lang='lat' dir='ltr'><strong>ut,</strong></span> <span class='ocrx_word' id='word_1_406' title='bbox 2907 811 3077 874; x_wconf 90' lang='lat' dir='ltr'><strong>rupto</strong></span> <span class='ocrx_word' id='word_1_407' title='bbox 3134 806 3267 860; x_wconf 89' lang='lat' dir='ltr'><strong>fune</strong></span> <span class='ocrx_word' id='word_1_408' title='bbox 3317 809 3588 873; x_wconf 90' lang='lat' dir='ltr'><strong>anchore,</strong></span> <span class='ocrx_word' id='word_1_409' title='bbox 3620 813 3675 863; x_wconf 92' lang='lat' dir='ltr'><strong>et</strong></span> 
     </span>
    </p>
   </div>
   <div class='ocr_carea' id='block_1_61' title="bbox 1974 888 3675 964">
    <p class='ocr_par' dir='ltr' id='par_1_61' title="bbox 1974 888 3675 964">
     <span class='ocr_line' id='line_1_61' title="bbox 1974 888 3675 964; baseline 0.004 -23"><span class='ocrx_word' id='word_1_410' title='bbox 1974 888 2105 941; x_wconf 85' lang='lat' dir='ltr'><strong>navi</strong></span> <span class='ocrx_word' id='word_1_411' title='bbox 2134 894 2253 942; x_wconf 92' lang='lat' dir='ltr'><strong>tota</strong></span> <span class='ocrx_word' id='word_1_412' title='bbox 2281 905 2573 955; x_wconf 89' lang='lat' dir='ltr'><strong>concussa,</strong></span> <span class='ocrx_word' id='word_1_413' title='bbox 2627 890 2745 959; x_wconf 87' lang='lat' dir='ltr'><strong>jam</strong></span> <span class='ocrx_word' id='word_1_414' title='bbox 2777 891 3027 944; x_wconf 88' lang='lat' dir='ltr'><strong>vicinum</strong></span> <span class='ocrx_word' id='word_1_415' title='bbox 3070 893 3286 945; x_wconf 84' lang='lat' dir='ltr'><strong>cunctis</strong></span> <span class='ocrx_word' id='word_1_416' title='bbox 3326 895 3564 964; x_wconf 91' lang='lat' dir='ltr'><strong>pelagus</strong></span> <span class='ocrx_word' id='word_1_417' title='bbox 3593 894 3675 948; x_wconf 77' lang='lat' dir='ltr'><strong>in~</strong></span> 
     </span>
    </p>
   </div>
   <div class='ocr_carea' id='block_1_62' title="bbox 1972 977 3674 1049">
    <p class='ocr_par' dir='ltr' id='par_1_62' title="bbox 1972 977 3674 1049">
     <span class='ocr_line' id='line_1_62' title="bbox 1972 977 3674 1049; baseline 0.003 -18"><span class='ocrx_word' id='word_1_418' title='bbox 1972 981 2218 1031; x_wconf 90' lang='lat' dir='ltr'><strong>tentaret</strong></span> <span class='ocrx_word' id='word_1_419' title='bbox 2275 977 2598 1031; x_wconf 91' lang='lat' dir='ltr'><strong>interitum.</strong></span> <span class='ocrx_word' id='word_1_420' title='bbox 2663 978 2917 1047; x_wconf 89' lang='lat' dir='ltr'><strong>Cumque</strong></span> <span class='ocrx_word' id='word_1_421' title='bbox 2966 978 3308 1049; x_wconf 86' lang='lat' dir='ltr'><strong>supplicatio</strong></span> <span class='ocrx_word' id='word_1_422' title='bbox 3351 980 3674 1036; x_wconf 86' lang='lat' dir='ltr'><strong>communis</strong></span> 
     </span>
    </p>
   </div>
   <div class='ocr_carea' id='block_1_63' title="bbox 1973 1065 3673 1136">
    <p class='ocr_par' dir='ltr' id='par_1_63' title="bbox 1973 1065 3673 1136">
     <span class='ocr_line' id='line_1_63' title="bbox 1973 1065 3673 1136; baseline 0.003 -18"><span class='ocrx_word' id='word_1_423' title='bbox 1973 1070 2029 1118; x_wconf 87' lang='lat' dir='ltr'><strong>et</strong></span> <span class='ocrx_word' id='word_1_424' title='bbox 2084 1067 2300 1118; x_wconf 91' lang='lat' dir='ltr'><strong>clamor</strong></span> <span class='ocrx_word' id='word_1_425' title='bbox 2359 1065 2725 1120; x_wconf 88' lang='lat' dir='ltr'><strong>lacrimabilis</strong></span> <span class='ocrx_word' id='word_1_426' title='bbox 2789 1073 3155 1136; x_wconf 90' lang='lat' dir='ltr'><strong>concreparet</strong></span> <span class='ocrx_word' id='word_1_427' title='bbox 3211 1067 3279 1121; x_wconf 90' lang='lat' dir='ltr'><strong>ad</strong></span> <span class='ocrx_word' id='word_1_428' title='bbox 3347 1072 3673 1125; x_wconf 89' lang='lat' dir='ltr'><strong>sanctorum</strong></span> 
     </span>
    </p>
   </div>
   <div class='ocr_carea' id='block_1_64' title="bbox 1972 1153 3672 1226">
    <p class='ocr_par' dir='ltr' id='par_1_64' title="bbox 1972 1153 3672 1226">
     <span class='ocr_line' id='line_1_64' title="bbox 1972 1153 3672 1226; baseline 0.003 -20"><span class='ocrx_word' id='word_1_429' title='bbox 1972 1153 2308 1221; x_wconf 89' lang='lat' dir='ltr'><strong>patrocinia,</strong></span> <span class='ocrx_word' id='word_1_430' title='bbox 2341 1158 2577 1223; x_wconf 89' lang='lat' dir='ltr'><strong>repente</strong></span> <span class='ocrx_word' id='word_1_431' title='bbox 2632 1154 2866 1224; x_wconf 88' lang='lat' dir='ltr'><strong>quidam</strong></span> <span class='ocrx_word' id='word_1_432' title='bbox 2922 1155 3133 1224; x_wconf 87' lang='lat' dir='ltr'><strong>intulit,</strong></span> <span class='ocrx_word' id='word_1_433' title='bbox 3196 1156 3485 1226; x_wconf 91' lang='lat' dir='ltr'><strong>quendam</strong></span> <span class='ocrx_word' id='word_1_434' title='bbox 3546 1174 3672 1211; x_wconf 88' lang='lat' dir='ltr'><strong>san-</strong></span> 
     </span>
    </p>
   </div>
   <div class='ocr_carea' id='block_1_65' title="bbox 1970 1242 3672 1312">
    <p class='ocr_par' dir='ltr' id='par_1_65' title="bbox 1970 1242 3672 1312">
     <span class='ocr_line' id='line_1_65' title="bbox 1970 1242 3672 1312; baseline 0.003 -18"><span class='ocrx_word' id='word_1_435' title='bbox 1970 1246 2125 1295; x_wconf 92' lang='lat' dir='ltr'><strong>ctum</strong></span> <span class='ocrx_word' id='word_1_436' title='bbox 2182 1242 2515 1312; x_wconf 90' lang='lat' dir='ltr'><strong>pontiﬁcem</strong></span> <span class='ocrx_word' id='word_1_437' title='bbox 2590 1243 2987 1297; x_wconf 86' lang='lat' dir='ltr'><strong>Bernwardum</strong></span> <span class='ocrx_word' id='word_1_438' title='bbox 3054 1244 3286 1298; x_wconf 86' lang='lat' dir='ltr'><strong>nomine</strong></span> <span class='ocrx_word' id='word_1_439' title='bbox 3362 1243 3421 1298; x_wconf 95' lang='lat' dir='ltr'>in</span> <span class='ocrx_word' id='word_1_440' title='bbox 3482 1245 3672 1300; x_wconf 86' lang='lat' dir='ltr'><strong>Hilde-</strong></span> 
     </span>
    </p>
   </div>
   <div class='ocr_carea' id='block_1_66' title="bbox 1972 1329 3669 1403">
    <p class='ocr_par' dir='ltr' id='par_1_66' title="bbox 1972 1329 3669 1403">
     <span class='ocr_line' id='line_1_66' title="bbox 1972 1329 3669 1403; baseline 0.004 -21"><span class='ocrx_word' id='word_1_441' title='bbox 1972 1329 2223 1383; x_wconf 89' lang='lat' dir='ltr'><strong>nesheim</strong></span> <span class='ocrx_word' id='word_1_442' title='bbox 2283 1346 2580 1384; x_wconf 90' lang='lat' dir='ltr'><strong>coruscare</strong></span> <span class='ocrx_word' id='word_1_443' title='bbox 2632 1331 2944 1386; x_wconf 88' lang='lat' dir='ltr'><strong>miraculis.</strong></span> <span class='ocrx_word' id='word_1_444' title='bbox 2996 1333 3128 1402; x_wconf 87' lang='lat' dir='ltr'><strong>Ejus</strong></span> <span class='ocrx_word' id='word_1_445' title='bbox 3178 1348 3316 1403; x_wconf 89' lang='lat' dir='ltr'><strong>ergo</strong></span> <span class='ocrx_word' id='word_1_446' title='bbox 3374 1335 3669 1389; x_wconf 87' lang='lat' dir='ltr'><strong>communi</strong></span> 
     </span>
    </p>
   </div>
   <div class='ocr_carea' id='block_1_67' title="bbox 1970 1420 3668 1490">
    <p class='ocr_par' dir='ltr' id='par_1_67' title="bbox 1970 1420 3668 1490">
     <span class='ocr_line' id='line_1_67' title="bbox 1970 1420 3668 1490; baseline 0.002 -18"><span class='ocrx_word' id='word_1_447' title='bbox 1970 1423 2102 1473; x_wconf 92' lang='lat' dir='ltr'><strong>voto</strong></span> <span class='ocrx_word' id='word_1_448' title='bbox 2158 1420 2493 1490; x_wconf 82' lang='lat' dir='ltr'><strong>sutfragium</strong></span> <span class='ocrx_word' id='word_1_449' title='bbox 2540 1422 2915 1490; x_wconf 88' lang='lat' dir='ltr'><strong>postulantes,</strong></span> <span class='ocrx_word' id='word_1_450' title='bbox 2962 1422 3231 1475; x_wconf 90' lang='lat' dir='ltr'><strong>continuo</strong></span> <span class='ocrx_word' id='word_1_451' title='bbox 3276 1422 3425 1477; x_wconf 86' lang='lat' dir='ltr'><strong>inter</strong></span> <span class='ocrx_word' id='word_1_452' title='bbox 3449 1423 3668 1478; x_wconf 90' lang='lat' dir='ltr'><strong>medios</strong></span> 
     </span>
    </p>
   </div>
   <div class='ocr_carea' id='block_1_68' title="bbox 1971 1508 3665 1582">
    <p class='ocr_par' dir='ltr' id='par_1_68' title="bbox 1971 1508 3665 1582">
     <span class='ocr_line' id='line_1_68' title="bbox 1971 1508 3665 1582; baseline 0.002 -21"><span class='ocrx_word' id='word_1_453' title='bbox 1971 1508 2258 1562; x_wconf 88' lang='lat' dir='ltr'><strong>undarum</strong></span> <span class='ocrx_word' id='word_1_454' title='bbox 2288 1508 2524 1562; x_wconf 78' lang='lat' dir='ltr'><strong>vertices</strong></span> <span class='ocrx_word' id='word_1_455' title='bbox 2554 1508 2675 1562; x_wconf 86' lang='lat' dir='ltr'><strong>sine</strong></span> <span class='ocrx_word' id='word_1_456' title='bbox 2720 1509 2914 1562; x_wconf 89' lang='lat' dir='ltr'><strong>labore</strong></span> <span class='ocrx_word' id='word_1_457' title='bbox 2944 1509 3001 1562; x_wconf 90' lang='lat' dir='ltr'><strong>in</strong></span> <span class='ocrx_word' id='word_1_458' title='bbox 3031 1511 3198 1563; x_wconf 89' lang='lat' dir='ltr'><strong>solita</strong></span> <span class='ocrx_word' id='word_1_459' title='bbox 3251 1512 3665 1582; x_wconf 88' lang='lat' dir='ltr'><strong>tranquillitate</strong></span> 
     </span>
    </p>
   </div>
   <div class='ocr_carea' id='block_1_69' title="bbox 1968 1596 3663 1668">
    <p class='ocr_par' dir='ltr' id='par_1_69' title="bbox 1968 1596 3663 1668">
     <span class='ocr_line' id='line_1_69' title="bbox 1968 1596 3663 1668; baseline 0.003 -20"><span class='ocrx_word' id='word_1_460' title='bbox 1968 1601 2201 1665; x_wconf 90' lang='lat' dir='ltr'><strong>portum</strong></span> <span class='ocrx_word' id='word_1_461' title='bbox 2254 1596 2574 1666; x_wconf 88' lang='lat' dir='ltr'><strong>petierunt;</strong></span> <span class='ocrx_word' id='word_1_462' title='bbox 2607 1601 2665 1650; x_wconf 92' lang='lat' dir='ltr'><strong>et</strong></span> <span class='ocrx_word' id='word_1_463' title='bbox 2714 1596 2775 1650; x_wconf 90' lang='lat' dir='ltr'><strong>in</strong></span> <span class='ocrx_word' id='word_1_464' title='bbox 2806 1598 3016 1650; x_wconf 91' lang='lat' dir='ltr'><strong>minori</strong></span> <span class='ocrx_word' id='word_1_465' title='bbox 3043 1598 3305 1652; x_wconf 88' lang='lat' dir='ltr'><strong>navicula</strong></span> <span class='ocrx_word' id='word_1_466' title='bbox 3336 1600 3663 1668; x_wconf 89' lang='lat' dir='ltr'><strong>redeuntes,</strong></span> 
     </span>
    </p>
   </div>
   <div class='ocr_carea' id='block_1_70' title="bbox 1969 1682 3666 1752">
    <p class='ocr_par' dir='ltr' id='par_1_70' title="bbox 1969 1682 3666 1752">
     <span class='ocr_line' id='line_1_70' title="bbox 1969 1682 3666 1752; baseline 0.003 -17"><span class='ocrx_word' id='word_1_467' title='bbox 1969 1682 2279 1735; x_wconf 90' lang='lat' dir='ltr'><strong>anchoram</strong></span> <span class='ocrx_word' id='word_1_468' title='bbox 2325 1699 2487 1735; x_wconf 88' lang='lat' dir='ltr'><strong>snam</strong></span> <span class='ocrx_word' id='word_1_469' title='bbox 2517 1683 2575 1736; x_wconf 94' lang='lat' dir='ltr'><strong>in</strong></span> <span class='ocrx_word' id='word_1_470' title='bbox 2616 1683 2761 1736; x_wconf 85' lang='lat' dir='ltr'><strong>mari</strong></span> <span class='ocrx_word' id='word_1_471' title='bbox 2791 1684 3045 1752; x_wconf 82' lang='lat' dir='ltr'><strong>elapsam</strong></span> <span class='ocrx_word' id='word_1_472' title='bbox 3076 1685 3412 1740; x_wconf 89' lang='lat' dir='ltr'><strong>retulerunt.</strong></span> <span class='ocrx_word' id='word_1_473' title='bbox 3452 1686 3666 1740; x_wconf 83' lang='lat' dir='ltr'><strong>Exinde</strong></span> 
     </span>
    </p>
   </div>
   <div class='ocr_carea' id='block_1_71' title="bbox 1969 1771 3664 1843">
    <p class='ocr_par' dir='ltr' id='par_1_71' title="bbox 1969 1771 3664 1843">
     <span class='ocr_line' id='line_1_71' title="bbox 1969 1771 3664 1843; baseline 0.002 -19"><span class='ocrx_word' id='word_1_474' title='bbox 1969 1771 2206 1824; x_wconf 92' lang='lat' dir='ltr'><strong>domum</strong></span> <span class='ocrx_word' id='word_1_475' title='bbox 2257 1772 2491 1836; x_wconf 89' lang='lat' dir='ltr'><strong>reversi,</strong></span> <span class='ocrx_word' id='word_1_476' title='bbox 2547 1772 2690 1825; x_wconf 89' lang='lat' dir='ltr'><strong>duos</strong></span> <span class='ocrx_word' id='word_1_477' title='bbox 2750 1789 2817 1825; x_wconf 85' lang='lat' dir='ltr'><strong>ex</strong></span> <span class='ocrx_word' id='word_1_478' title='bbox 2863 1773 3168 1827; x_wconf 89' lang='lat' dir='ltr'><strong>comitibus</strong></span> <span class='ocrx_word' id='word_1_479' title='bbox 3220 1773 3357 1838; x_wconf 89' lang='lat' dir='ltr'><strong>suis,</strong></span> <span class='ocrx_word' id='word_1_480' title='bbox 3415 1790 3664 1843; x_wconf 86' lang='lat' dir='ltr'><strong>quorum</strong></span> 
     </span>
    </p>
   </div>
   <div class='ocr_carea' id='block_1_72' title="bbox 1968 1859 3661 1927">
    <p class='ocr_par' dir='ltr' id='par_1_72' title="bbox 1968 1859 3661 1927">
     <span class='ocr_line' id='line_1_72' title="bbox 1968 1859 3661 1927; baseline 0.003 -15"><span class='ocrx_word' id='word_1_481' title='bbox 1968 1875 2117 1912; x_wconf 90' lang='lat' dir='ltr'><strong>unus</strong></span> <span class='ocrx_word' id='word_1_482' title='bbox 2171 1859 2563 1924; x_wconf 88' lang='lat' dir='ltr'><strong>Godescalcus,</strong></span> <span class='ocrx_word' id='word_1_483' title='bbox 2605 1861 2750 1913; x_wconf 90' lang='lat' dir='ltr'><strong>alter</strong></span> <span class='ocrx_word' id='word_1_484' title='bbox 2810 1860 3094 1914; x_wconf 82' lang='lat' dir='ltr'><strong>Elvericus</strong></span> <span class='ocrx_word' id='word_1_485' title='bbox 3141 1862 3467 1927; x_wconf 80' lang='lat' dir='ltr'><strong>vocabatur,</strong></span> <span class='ocrx_word' id='word_1_486' title='bbox 3533 1879 3661 1917; x_wconf 91' lang='lat' dir='ltr'><strong>cum</strong></span> 
     </span>
    </p>
   </div>
   <div class='ocr_carea' id='block_1_73' title="bbox 1967 1947 3663 2005">
    <p class='ocr_par' dir='ltr' id='par_1_73' title="bbox 1967 1947 3663 2005">
     <span class='ocr_line' id='line_1_73' title="bbox 1967 1947 3663 2005; baseline 0.003 -5"><span class='ocrx_word' id='word_1_487' title='bbox 1967 1947 2229 2001; x_wconf 84' lang='lat' dir='ltr'><strong>navicula</strong></span> <span class='ocrx_word' id='word_1_488' title='bbox 2253 1963 2415 2001; x_wconf 86' lang='lat' dir='ltr'><strong>cerea</strong></span> <span class='ocrx_word' id='word_1_489' title='bbox 2458 1948 2526 2001; x_wconf 88' lang='lat' dir='ltr'><strong>ad</strong></span> <span class='ocrx_word' id='word_1_490' title='bbox 2577 1948 2839 2001; x_wconf 89' lang='lat' dir='ltr'><strong>tumbam</strong></span> <span class='ocrx_word' id='word_1_491' title='bbox 2899 1948 3049 2002; x_wconf 90' lang='lat' dir='ltr'><strong>beati</strong></span> <span class='ocrx_word' id='word_1_492' title='bbox 3094 1948 3202 2002; x_wconf 90' lang='lat' dir='ltr'><strong>viri</strong></span> <span class='ocrx_word' id='word_1_493' title='bbox 3251 1949 3312 2003; x_wconf 91' lang='lat' dir='ltr'>in</span> <span class='ocrx_word' id='word_1_494' title='bbox 3340 1950 3480 2003; x_wconf 85' lang='lat' dir='ltr'><strong>feria</strong></span> <span class='ocrx_word' id='word_1_495' title='bbox 3498 1952 3663 2005; x_wconf 89' lang='lat' dir='ltr'><strong>tertia</strong></span> 
     </span>
    </p>
   </div>
   <div class='ocr_carea' id='block_1_74' title="bbox 1966 2035 3661 2108">
    <p class='ocr_par' dir='ltr' id='par_1_74' title="bbox 1966 2035 3661 2108">
     <span class='ocr_line' id='line_1_74' title="bbox 1966 2035 3661 2108; baseline 0.002 -19"><span class='ocrx_word' id='word_1_496' title='bbox 1966 2041 2094 2108; x_wconf 91' lang='lat' dir='ltr'><strong>post</strong></span> <span class='ocrx_word' id='word_1_497' title='bbox 2133 2035 2475 2090; x_wconf 90' lang='lat' dir='ltr'><strong>dominicam</strong></span> <span class='ocrx_word' id='word_1_498' title='bbox 2541 2037 2754 2091; x_wconf 62' lang='lat' dir='ltr'><strong>Lmtare</strong></span> <span class='ocrx_word' id='word_1_499' title='bbox 2800 2038 3133 2104; x_wconf 84' lang='lat' dir='ltr'><strong>Jerusalem,</strong></span> <span class='ocrx_word' id='word_1_500' title='bbox 3185 2054 3288 2108; x_wconf 92' lang='lat' dir='ltr'><strong>pro</strong></span> <span class='ocrx_word' id='word_1_501' title='bbox 3347 2038 3661 2107; x_wconf 91' lang='lat' dir='ltr'><strong>gratiarum</strong></span> 
     </span>
    </p>
   </div>
   <div class='ocr_carea' id='block_1_75' title="bbox 1967 2124 3661 2195">
    <p class='ocr_par' dir='ltr' id='par_1_75' title="bbox 1967 2124 3661 2195">
     <span class='ocr_line' id='line_1_75' title="bbox 1967 2124 3661 2195; baseline 0.002 -17"><span class='ocrx_word' id='word_1_502' title='bbox 1967 2124 2188 2179; x_wconf 90' lang='lat' dir='ltr'><strong>actione</strong></span> <span class='ocrx_word' id='word_1_503' title='bbox 2238 2124 2696 2179; x_wconf 89' lang='lat' dir='ltr'><strong>transmiserunt.</strong></span> <span class='ocrx_word' id='word_1_504' title='bbox 2738 2124 2895 2178; x_wconf 87' lang='lat' dir='ltr'><strong>Idem</strong></span> <span class='ocrx_word' id='word_1_505' title='bbox 2951 2141 3179 2195; x_wconf 89' lang='lat' dir='ltr'><strong>quoque</strong></span> <span class='ocrx_word' id='word_1_506' title='bbox 3233 2132 3433 2195; x_wconf 89' lang='lat' dir='ltr'><strong>postea</strong></span> <span class='ocrx_word' id='word_1_507' title='bbox 3487 2126 3661 2181; x_wconf 91' lang='lat' dir='ltr'><strong>simili</strong></span> 
     </span>
    </p>
   </div>
   <div class='ocr_carea' id='block_1_76' title="bbox 1963 2212 3661 2285">
    <p class='ocr_par' dir='ltr' id='par_1_76' title="bbox 1963 2212 3661 2285">
     <span class='ocr_line' id='line_1_76' title="bbox 1963 2212 3661 2285; baseline 0.002 -18"><span class='ocrx_word' id='word_1_508' title='bbox 1963 2213 2218 2284; x_wconf 89' lang='lat' dir='ltr'><strong>periculo</strong></span> <span class='ocrx_word' id='word_1_509' title='bbox 2248 2229 2349 2284; x_wconf 89' lang='lat' dir='ltr'><strong>per</strong></span> <span class='ocrx_word' id='word_1_510' title='bbox 2368 2228 2499 2266; x_wconf 91' lang='lat' dir='ltr'><strong>eum</strong></span> <span class='ocrx_word' id='word_1_511' title='bbox 2552 2212 2798 2279; x_wconf 88' lang='lat' dir='ltr'><strong>liberati,</strong></span> <span class='ocrx_word' id='word_1_512' title='bbox 2850 2218 3181 2283; x_wconf 84' lang='lat' dir='ltr'><strong>argenteam</strong></span> <span class='ocrx_word' id='word_1_513' title='bbox 3215 2214 3525 2268; x_wconf 87' lang='lat' dir='ltr'><strong>anchoram</strong></span> <span class='ocrx_word' id='word_1_514' title='bbox 3558 2231 3661 2285; x_wconf 91' lang='lat' dir='ltr'><strong>per</strong></span> 
     </span>
    </p>
   </div>
   <div class='ocr_carea' id='block_1_77' title="bbox 1964 2302 2797 2373">
    <p class='ocr_par' dir='ltr' id='par_1_77' title="bbox 1964 2302 2797 2373">
     <span class='ocr_line' id='line_1_77' title="bbox 1964 2302 2797 2373; baseline 0 -18"><span class='ocrx_word' id='word_1_515' title='bbox 1964 2303 2299 2373; x_wconf 88' lang='lat' dir='ltr'><strong>semetipsos</strong></span> <span class='ocrx_word' id='word_1_516' title='bbox 2333 2302 2686 2356; x_wconf 89' lang='lat' dir='ltr'><strong>obtulerunt.</strong></span> <span class='ocrx_word' id='word_1_517' title='bbox 2794 2310 2797 2313; x_wconf 87' lang='lat'>&#39;</span> 
     </span>
    </p>
   </div>
   <div class='ocr_carea' id='block_1_78' title="bbox 2039 2390 3649 2462">
    <p class='ocr_par' dir='ltr' id='par_1_78' title="bbox 2039 2390 3649 2462">
     <span class='ocr_line' id='line_1_78' title="bbox 2039 2390 3649 2462; baseline 0 -18"><span class='ocrx_word' id='word_1_518' title='bbox 2039 2394 2121 2446; x_wconf 85' lang='grc'><strong>10.</strong></span> <span class='ocrx_word' id='word_1_519' title='bbox 2185 2390 2519 2461; x_wconf 84' lang='lat' dir='ltr'><strong>Negociator</strong></span> <span class='ocrx_word' id='word_1_520' title='bbox 2556 2392 2789 2462; x_wconf 88' lang='lat' dir='ltr'><strong>quidam</strong></span> <span class='ocrx_word' id='word_1_521' title='bbox 2858 2391 3280 2447; x_wconf 81' lang='lat' dir='ltr'><strong>Hildenesheim</strong></span> <span class='ocrx_word' id='word_1_522' title='bbox 3336 2391 3649 2447; x_wconf 89' lang='lat' dir='ltr'><strong>habitabat.</strong></span> 
     </span>
    </p>
   </div>
   <div class='ocr_carea' id='block_1_79' title="bbox 1964 2479 3659 2549">
    <p class='ocr_par' dir='ltr' id='par_1_79' title="bbox 1964 2479 3659 2549">
     <span class='ocr_line' id='line_1_79' title="bbox 1964 2479 3659 2549; baseline -0.001 -15"><span class='ocrx_word' id='word_1_523' title='bbox 1964 2479 2143 2549; x_wconf 87' lang='lat' dir='ltr'><strong>Hujus</strong></span> <span class='ocrx_word' id='word_1_524' title='bbox 2197 2482 2406 2549; x_wconf 90' lang='lat' dir='ltr'><strong>conjux</strong></span> <span class='ocrx_word' id='word_1_525' title='bbox 2450 2496 2581 2533; x_wconf 89' lang='lat' dir='ltr'><strong>cum</strong></span> <span class='ocrx_word' id='word_1_526' title='bbox 2630 2480 2719 2533; x_wconf 92' lang='lat' dir='ltr'><strong>die</strong></span> <span class='ocrx_word' id='word_1_527' title='bbox 2794 2495 3095 2549; x_wconf 89' lang='lat' dir='ltr'><strong>parasceve</strong></span> <span class='ocrx_word' id='word_1_528' title='bbox 3146 2481 3265 2533; x_wconf 89' lang='lat' dir='ltr'><strong>loca</strong></span> <span class='ocrx_word' id='word_1_529' title='bbox 3331 2485 3659 2533; x_wconf 90' lang='lat' dir='ltr'><strong>sanctorum</strong></span> 
     </span>
    </p>
   </div>
   <div class='ocr_carea' id='block_1_80' title="bbox 1962 2568 3655 2638">
    <p class='ocr_par' dir='ltr' id='par_1_80' title="bbox 1962 2568 3655 2638">
     <span class='ocr_line' id='line_1_80' title="bbox 1962 2568 3655 2638; baseline 0.001 -18"><span class='ocrx_word' id='word_1_530' title='bbox 1962 2583 2121 2621; x_wconf 91' lang='lat' dir='ltr'><strong>more</strong></span> <span class='ocrx_word' id='word_1_531' title='bbox 2181 2568 2289 2622; x_wconf 90' lang='lat' dir='ltr'><strong>sibi</strong></span> <span class='ocrx_word' id='word_1_532' title='bbox 2360 2568 2672 2636; x_wconf 71' lang='lat' dir='ltr'><strong>[annuatim</strong></span> <span class='ocrx_word' id='word_1_533' title='bbox 2750 2572 3023 2621; x_wconf 87' lang='lat' dir='ltr'><strong>consueto</strong></span> <span class='ocrx_word' id='word_1_534' title='bbox 3086 2568 3328 2638; x_wconf 89' lang='lat' dir='ltr'><strong>nudipes</strong></span> <span class='ocrx_word' id='word_1_535' title='bbox 3374 2568 3655 2631; x_wconf 89' lang='lat' dir='ltr'><strong>circuiret,</strong></span> 
     </span>
    </p>
   </div>
   <div class='ocr_carea' id='block_1_81' title="bbox 1962 2655 3658 2726">
    <p class='ocr_par' dir='ltr' id='par_1_81' title="bbox 1962 2655 3658 2726">
     <span class='ocr_line' id='line_1_81' title="bbox 1962 2655 3658 2726; baseline 0.001 -18"><span class='ocrx_word' id='word_1_536' title='bbox 1962 2655 2146 2708; x_wconf 88' lang='lat' dir='ltr'><strong>thuris</strong></span> <span class='ocrx_word' id='word_1_537' title='bbox 2192 2660 2414 2724; x_wconf 91' lang='lat' dir='ltr'><strong>partem</strong></span> <span class='ocrx_word' id='word_1_538' title='bbox 2470 2655 2837 2725; x_wconf 86' lang='lat' dir='ltr'><strong>comparavit,</strong></span> <span class='ocrx_word' id='word_1_539' title='bbox 2893 2672 3067 2726; x_wconf 90' lang='lat' dir='ltr'><strong>quam</strong></span> <span class='ocrx_word' id='word_1_540' title='bbox 3111 2656 3180 2709; x_wconf 88' lang='lat' dir='ltr'><strong>ad</strong></span> <span class='ocrx_word' id='word_1_541' title='bbox 3220 2656 3473 2709; x_wconf 88' lang='lat' dir='ltr'><strong>tumbam</strong></span> <span class='ocrx_word' id='word_1_542' title='bbox 3507 2656 3658 2710; x_wconf 89' lang='lat' dir='ltr'><strong>beati</strong></span> 
     </span>
    </p>
   </div>
   <div class='ocr_carea' id='block_1_82' title="bbox 1965 2742 3656 2815">
    <p class='ocr_par' dir='ltr' id='par_1_82' title="bbox 1965 2742 3656 2815">
     <span class='ocr_line' id='line_1_82' title="bbox 1965 2742 3656 2815; baseline 0.001 -20"><span class='ocrx_word' id='word_1_543' title='bbox 1965 2742 2288 2797; x_wconf 87' lang='lat' dir='ltr'><strong>Bernwardi</strong></span> <span class='ocrx_word' id='word_1_544' title='bbox 2344 2743 2492 2796; x_wconf 87' lang='lat' dir='ltr'><strong>ferre</strong></span> <span class='ocrx_word' id='word_1_545' title='bbox 2535 2743 2858 2797; x_wconf 88' lang='lat' dir='ltr'><strong>destinavit.</strong></span> <span class='ocrx_word' id='word_1_546' title='bbox 2895 2745 3039 2814; x_wconf 88' lang='lat' dir='ltr'><strong>Ergo</strong></span> <span class='ocrx_word' id='word_1_547' title='bbox 3070 2743 3162 2797; x_wconf 87' lang='lat' dir='ltr'><strong>via</strong></span> <span class='ocrx_word' id='word_1_548' title='bbox 3217 2760 3346 2815; x_wconf 65' lang='lat' dir='ltr'><strong>quas</strong></span> <span class='ocrx_word' id='word_1_549' title='bbox 3374 2744 3558 2797; x_wconf 85' lang='lat' dir='ltr'><strong>tendit</strong></span> <span class='ocrx_word' id='word_1_550' title='bbox 3584 2743 3656 2797; x_wconf 92' lang='lat' dir='ltr'><strong>ad</strong></span> 
     </span>
    </p>
   </div>
   <div class='ocr_carea' id='block_1_83' title="bbox 1964 2830 3654 2902">
    <p class='ocr_par' dir='ltr' id='par_1_83' title="bbox 1964 2830 3654 2902">
     <span class='ocr_line' id='line_1_83' title="bbox 1964 2830 3654 2902; baseline 0.001 -18"><span class='ocrx_word' id='word_1_551' title='bbox 1964 2830 2375 2885; x_wconf 86' lang='lat' dir='ltr'><strong>monasterium</strong></span> <span class='ocrx_word' id='word_1_552' title='bbox 2434 2831 2614 2884; x_wconf 87' lang='lat' dir='ltr'><strong>sancti</strong></span> <span class='ocrx_word' id='word_1_553' title='bbox 2668 2830 2969 2898; x_wconf 81' lang='lat' dir='ltr'><strong>Michaelis,</strong></span> <span class='ocrx_word' id='word_1_554' title='bbox 2999 2831 3059 2884; x_wconf 91' lang='lat' dir='ltr'>in</span> <span class='ocrx_word' id='word_1_555' title='bbox 3117 2847 3269 2902; x_wconf 88' lang='lat' dir='ltr'><strong>aqua</strong></span> <span class='ocrx_word' id='word_1_556' title='bbox 3317 2832 3492 2898; x_wconf 90' lang='lat' dir='ltr'><strong>lutea,</strong></span> <span class='ocrx_word' id='word_1_557' title='bbox 3524 2848 3654 2901; x_wconf 66' lang='lat' dir='ltr'><strong>qum</strong></span> 
     </span>
    </p>
   </div>
   <div class='ocr_carea' id='block_1_84' title="bbox 1961 2918 3655 2989">
    <p class='ocr_par' dir='ltr' id='par_1_84' title="bbox 1961 2918 3655 2989">
     <span class='ocr_line' id='line_1_84' title="bbox 1961 2918 3655 2989; baseline 0 -16"><span class='ocrx_word' id='word_1_558' title='bbox 1961 2936 2064 2989; x_wconf 88' lang='lat' dir='ltr'><strong>per</strong></span> <span class='ocrx_word' id='word_1_559' title='bbox 2104 2919 2391 2972; x_wconf 90' lang='lat' dir='ltr'><strong>civitatem</strong></span> <span class='ocrx_word' id='word_1_560' title='bbox 2447 2935 2641 2973; x_wconf 90' lang='lat' dir='ltr'><strong>versus</strong></span> <span class='ocrx_word' id='word_1_561' title='bbox 2700 2918 2856 2972; x_wconf 91' lang='lat' dir='ltr'><strong>urbis</strong></span> <span class='ocrx_word' id='word_1_562' title='bbox 2896 2934 3125 2973; x_wconf 91' lang='lat' dir='ltr'><strong>murum</strong></span> <span class='ocrx_word' id='word_1_563' title='bbox 3181 2919 3454 2982; x_wconf 91' lang='lat' dir='ltr'><strong>decurrit,</strong></span> <span class='ocrx_word' id='word_1_564' title='bbox 3485 2920 3655 2989; x_wconf 91' lang='lat' dir='ltr'><strong>pedes</strong></span> 
     </span>
    </p>
   </div>
   <div class='ocr_carea' id='block_1_85' title="bbox 1964 3008 3655 3080">
    <p class='ocr_par' dir='ltr' id='par_1_85' title="bbox 1964 3008 3655 3080">
     <span class='ocr_line' id='line_1_85' title="bbox 1964 3008 3655 3080; baseline -0.001 -18"><span class='ocrx_word' id='word_1_565' title='bbox 1964 3008 2120 3075; x_wconf 89' lang='lat' dir='ltr'><strong>lavit,</strong></span> <span class='ocrx_word' id='word_1_566' title='bbox 2145 3008 2280 3061; x_wconf 92' lang='lat' dir='ltr'><strong>inde</strong></span> <span class='ocrx_word' id='word_1_567' title='bbox 2311 3009 2380 3063; x_wconf 91' lang='lat' dir='ltr'><strong>ad</strong></span> <span class='ocrx_word' id='word_1_568' title='bbox 2408 3008 2821 3061; x_wconf 85' lang='lat' dir='ltr'><strong>monasterium</strong></span> <span class='ocrx_word' id='word_1_569' title='bbox 2848 3008 3155 3076; x_wconf 89' lang='lat' dir='ltr'><strong>pertendit.</strong></span> <span class='ocrx_word' id='word_1_570' title='bbox 3198 3008 3457 3080; x_wconf 86' lang='lat' dir='ltr'><strong>Cumque</strong></span> <span class='ocrx_word' id='word_1_571' title='bbox 3488 3008 3655 3061; x_wconf 93' lang='lat' dir='ltr'><strong>cimi-</strong></span> 
     </span>
    </p>
   </div>
   <div class='ocr_carea' id='block_1_86' title="bbox 1964 3096 3658 3167">
    <p class='ocr_par' dir='ltr' id='par_1_86' title="bbox 1964 3096 3658 3167">
     <span class='ocr_line' id='line_1_86' title="bbox 1964 3096 3658 3167; baseline -0.001 -17"><span class='ocrx_word' id='word_1_572' title='bbox 1964 3097 2174 3150; x_wconf 91' lang='lat' dir='ltr'><strong>terium</strong></span> <span class='ocrx_word' id='word_1_573' title='bbox 2241 3097 2497 3167; x_wconf 90' lang='lat' dir='ltr'><strong>ejusdem</strong></span> <span class='ocrx_word' id='word_1_574' title='bbox 2566 3096 2835 3151; x_wconf 65' lang='lat' dir='ltr'><strong>aacclesias</strong></span> <span class='ocrx_word' id='word_1_575' title='bbox 2899 3096 3345 3163; x_wconf 87' lang='lat' dir='ltr'><strong>conscendisset,</strong></span> <span class='ocrx_word' id='word_1_576' title='bbox 3425 3096 3658 3167; x_wconf 91' lang='lat' dir='ltr'><strong>agnovit</strong></span> 
     </span>
    </p>
   </div>
   <div class='ocr_carea' id='block_1_87' title="bbox 1962 3184 3658 3257">
    <p class='ocr_par' dir='ltr' id='par_1_87' title="bbox 1962 3184 3658 3257">
     <span class='ocr_line' id='line_1_87' title="bbox 1962 3184 3658 3257; baseline 0.001 -19"><span class='ocrx_word' id='word_1_577' title='bbox 1962 3185 2216 3255; x_wconf 86' lang='lat' dir='ltr'><strong>elapsum</strong></span> <span class='ocrx_word' id='word_1_578' title='bbox 2248 3201 2369 3239; x_wconf 88' lang='lat' dir='ltr'><strong>esse</strong></span> <span class='ocrx_word' id='word_1_579' title='bbox 2410 3185 2540 3238; x_wconf 90' lang='lat' dir='ltr'><strong>thus</strong></span> <span class='ocrx_word' id='word_1_580' title='bbox 2604 3184 2755 3255; x_wconf 89' lang='lat' dir='ltr'><strong>quod</strong></span> <span class='ocrx_word' id='word_1_581' title='bbox 2811 3189 3044 3239; x_wconf 87' lang='lat' dir='ltr'><strong>emerat.</strong></span> <span class='ocrx_word' id='word_1_582' title='bbox 3079 3185 3240 3240; x_wconf 91' lang='lat' dir='ltr'><strong>Unde</strong></span> <span class='ocrx_word' id='word_1_583' title='bbox 3295 3185 3561 3257; x_wconf 85' lang='lat' dir='ltr'><strong>graviter,</strong></span> <span class='ocrx_word' id='word_1_584' title='bbox 3594 3188 3658 3239; x_wconf 89' lang='lat' dir='ltr'><strong>ut</strong></span> 
     </span>
    </p>
   </div>
   <div class='ocr_carea' id='block_1_88' title="bbox 1962 3273 3657 3339">
    <p class='ocr_par' dir='ltr' id='par_1_88' title="bbox 1962 3273 3657 3339">
     <span class='ocr_line' id='line_1_88' title="bbox 1962 3273 3657 3339; baseline -0.001 -13"><span class='ocrx_word' id='word_1_585' title='bbox 1962 3274 2197 3335; x_wconf 88' lang='lat' dir='ltr'><strong>ferebat,</strong></span> <span class='ocrx_word' id='word_1_586' title='bbox 2283 3273 2475 3326; x_wconf 90' lang='lat' dir='ltr'><strong>animo</strong></span> <span class='ocrx_word' id='word_1_587' title='bbox 2535 3277 2916 3339; x_wconf 87' lang='lat' dir='ltr'><strong>consternata,</strong></span> <span class='ocrx_word' id='word_1_588' title='bbox 2982 3273 3228 3327; x_wconf 86' lang='lat' dir='ltr'><strong>excussis</strong></span> <span class='ocrx_word' id='word_1_589' title='bbox 3305 3274 3657 3327; x_wconf 86' lang='lat' dir='ltr'><strong>vestimentis</strong></span> 
     </span>
    </p>
   </div>
   <div class='ocr_carea' id='block_1_89' title="bbox 1963 3361 3653 3432">
    <p class='ocr_par' dir='ltr' id='par_1_89' title="bbox 1963 3361 3653 3432">
     <span class='ocr_line' id='line_1_89' title="bbox 1963 3361 3653 3432; baseline 0.001 -17"><span class='ocrx_word' id='word_1_590' title='bbox 1963 3362 2143 3415; x_wconf 89' lang='lat' dir='ltr'><strong>sicubi</strong></span> <span class='ocrx_word' id='word_1_591' title='bbox 2195 3361 2526 3427; x_wconf 88' lang='lat' dir='ltr'><strong>adhesisset,</strong></span> <span class='ocrx_word' id='word_1_592' title='bbox 2559 3362 2757 3415; x_wconf 90' lang='lat' dir='ltr'><strong>eadem</strong></span> <span class='ocrx_word' id='word_1_593' title='bbox 2789 3362 2879 3414; x_wconf 91' lang='lat' dir='ltr'><strong>via</strong></span> <span class='ocrx_word' id='word_1_594' title='bbox 2928 3378 3042 3432; x_wconf 89' lang='lat' dir='ltr'><strong>qua</strong></span> <span class='ocrx_word' id='word_1_595' title='bbox 3094 3366 3337 3427; x_wconf 88' lang='lat' dir='ltr'><strong>venerat,</strong></span> <span class='ocrx_word' id='word_1_596' title='bbox 3371 3378 3551 3431; x_wconf 92' lang='lat' dir='ltr'><strong>usque</strong></span> <span class='ocrx_word' id='word_1_597' title='bbox 3585 3363 3653 3416; x_wconf 90' lang='lat' dir='ltr'><strong>ad</strong></span> 
     </span>
    </p>
   </div>
   <div class='ocr_carea' id='block_1_90' title="bbox 1961 3450 3650 3521">
    <p class='ocr_par' dir='ltr' id='par_1_90' title="bbox 1961 3450 3650 3521">
     <span class='ocr_line' id='line_1_90' title="bbox 1961 3450 3650 3521; baseline 0.001 -18"><span class='ocrx_word' id='word_1_598' title='bbox 1961 3466 2169 3519; x_wconf 88' lang='lat' dir='ltr'><strong>aquam</strong></span> <span class='ocrx_word' id='word_1_599' title='bbox 2226 3466 2341 3521; x_wconf 88' lang='lat' dir='ltr'><strong>qua</strong></span> <span class='ocrx_word' id='word_1_600' title='bbox 2388 3450 2548 3519; x_wconf 90' lang='lat' dir='ltr'><strong>prius</strong></span> <span class='ocrx_word' id='word_1_601' title='bbox 2597 3450 2772 3519; x_wconf 89' lang='lat' dir='ltr'><strong>pedes</strong></span> <span class='ocrx_word' id='word_1_602' title='bbox 2829 3451 3062 3516; x_wconf 89' lang='lat' dir='ltr'><strong>laverat,</strong></span> <span class='ocrx_word' id='word_1_603' title='bbox 3094 3450 3388 3519; x_wconf 89' lang='lat' dir='ltr'><strong>querendo</strong></span> <span class='ocrx_word' id='word_1_604' title='bbox 3414 3464 3650 3505; x_wconf 91' lang='lat' dir='ltr'><strong>reversa.</strong></span> 
     </span>
    </p>
   </div>
   <div class='ocr_carea' id='block_1_91' title="bbox 1963 3537 3651 3608">
    <p class='ocr_par' dir='ltr' id='par_1_91' title="bbox 1963 3537 3651 3608">
     <span class='ocr_line' id='line_1_91' title="bbox 1963 3537 3651 3608; baseline 0.001 -18"><span class='ocrx_word' id='word_1_605' title='bbox 1963 3538 2138 3592; x_wconf 92' lang='lat' dir='ltr'><strong>nichil</strong></span> <span class='ocrx_word' id='word_1_606' title='bbox 2194 3537 2440 3605; x_wconf 90' lang='lat' dir='ltr'><strong>invenit;</strong></span> <span class='ocrx_word' id='word_1_607' title='bbox 2496 3543 2792 3608; x_wconf 90' lang='lat' dir='ltr'><strong>mestaque</strong></span> <span class='ocrx_word' id='word_1_608' title='bbox 2841 3537 3086 3591; x_wconf 91' lang='lat' dir='ltr'><strong>nimium</strong></span> <span class='ocrx_word' id='word_1_609' title='bbox 3118 3538 3189 3591; x_wconf 91' lang='lat' dir='ltr'><strong>ad</strong></span> <span class='ocrx_word' id='word_1_610' title='bbox 3239 3538 3651 3591; x_wconf 91' lang='lat' dir='ltr'><strong>monasterium</strong></span> 
     </span>
    </p>
   </div>
   <div class='ocr_carea' id='block_1_92' title="bbox 1960 3626 3653 3698">
    <p class='ocr_par' dir='ltr' id='par_1_92' title="bbox 1960 3626 3653 3698">
     <span class='ocr_line' id='line_1_92' title="bbox 1960 3626 3653 3698; baseline -0.001 -17"><span class='ocrx_word' id='word_1_611' title='bbox 1960 3627 2149 3681; x_wconf 91' lang='lat' dir='ltr'><strong>rediit.</strong></span> <span class='ocrx_word' id='word_1_612' title='bbox 2183 3626 2319 3681; x_wconf 89' lang='lat' dir='ltr'><strong>Inde</strong></span> <span class='ocrx_word' id='word_1_613' title='bbox 2365 3632 2622 3698; x_wconf 85' lang='lat' dir='ltr'><strong>cryptam</strong></span> <span class='ocrx_word' id='word_1_614' title='bbox 2650 3626 2925 3697; x_wconf 90' lang='lat' dir='ltr'><strong>ingressa,</strong></span> <span class='ocrx_word' id='word_1_615' title='bbox 2984 3632 3115 3680; x_wconf 92' lang='lat' dir='ltr'><strong>ante</strong></span> <span class='ocrx_word' id='word_1_616' title='bbox 3156 3627 3412 3681; x_wconf 91' lang='lat' dir='ltr'><strong>tumbam</strong></span> <span class='ocrx_word' id='word_1_617' title='bbox 3444 3626 3653 3680; x_wconf 88' lang='lat' dir='ltr'><strong>beatis-</strong></span> 
     </span>
    </p>
   </div>
   <div class='ocr_carea' id='block_1_93' title="bbox 1959 3713 3653 3785">
    <p class='ocr_par' dir='ltr' id='par_1_93' title="bbox 1959 3713 3653 3785">
     <span class='ocr_line' id='line_1_93' title="bbox 1959 3713 3653 3785; baseline 0 -16"><span class='ocrx_word' id='word_1_618' title='bbox 1959 3716 2088 3769; x_wconf 88' lang='lat' dir='ltr'><strong>simi</strong></span> <span class='ocrx_word' id='word_1_619' title='bbox 2115 3713 2398 3785; x_wconf 89' lang='lat' dir='ltr'><strong>pontiﬁcis</strong></span> <span class='ocrx_word' id='word_1_620' title='bbox 2444 3715 2503 3768; x_wconf 91' lang='lat' dir='ltr'><strong>in</strong></span> <span class='ocrx_word' id='word_1_621' title='bbox 2548 3714 2863 3769; x_wconf 88' lang='lat' dir='ltr'><strong>orationem</strong></span> <span class='ocrx_word' id='word_1_622' title='bbox 2896 3730 3027 3769; x_wconf 89' lang='lat' dir='ltr'><strong>cum</strong></span> <span class='ocrx_word' id='word_1_623' title='bbox 3076 3716 3229 3785; x_wconf 88' lang='lat' dir='ltr'><strong>largo</strong></span> <span class='ocrx_word' id='word_1_624' title='bbox 3279 3715 3419 3770; x_wconf 86' lang='lat' dir='ltr'><strong>ﬁetu</strong></span> <span class='ocrx_word' id='word_1_625' title='bbox 3448 3731 3653 3785; x_wconf 84' lang='lat' dir='ltr'><strong>procu-</strong></span> 
     </span>
    </p>
   </div>
   <div class='ocr_carea' id='block_1_94' title="bbox 1958 3803 3651 3874">
    <p class='ocr_par' dir='ltr' id='par_1_94' title="bbox 1958 3803 3651 3874">
     <span class='ocr_line' id='line_1_94' title="bbox 1958 3803 3651 3874; baseline 0 -17"><span class='ocrx_word' id='word_1_626' title='bbox 1958 3804 2105 3871; x_wconf 92' lang='lat' dir='ltr'><strong>buit,</strong></span> <span class='ocrx_word' id='word_1_627' title='bbox 2144 3809 2415 3874; x_wconf 89' lang='lat' dir='ltr'><strong>reputans</strong></span> <span class='ocrx_word' id='word_1_628' title='bbox 2446 3803 2596 3874; x_wconf 90' lang='lat' dir='ltr'><strong>apud</strong></span> <span class='ocrx_word' id='word_1_629' title='bbox 2642 3819 2722 3868; x_wconf 88' lang='lat' dir='ltr'><strong>se,</strong></span> <span class='ocrx_word' id='word_1_630' title='bbox 2775 3804 2906 3858; x_wconf 91' lang='lat' dir='ltr'><strong>ideo</strong></span> <span class='ocrx_word' id='word_1_631' title='bbox 2968 3803 3322 3858; x_wconf 89' lang='lat' dir='ltr'><strong>oblationem</strong></span> <span class='ocrx_word' id='word_1_632' title='bbox 3366 3804 3475 3858; x_wconf 90' lang='lat' dir='ltr'><strong>sibi</strong></span> <span class='ocrx_word' id='word_1_633' title='bbox 3531 3805 3651 3857; x_wconf 87' lang='lat' dir='ltr'><strong>ela-</strong></span> 
     </span>
    </p>
   </div>
   <div class='ocr_carea' id='block_1_95' title="bbox 1960 3890 3655 3963">
    <p class='ocr_par' dir='ltr' id='par_1_95' title="bbox 1960 3890 3655 3963">
     <span class='ocr_line' id='line_1_95' title="bbox 1960 3890 3655 3963; baseline -0.002 -17"><span class='ocrx_word' id='word_1_634' title='bbox 1960 3909 2143 3963; x_wconf 87' lang='lat' dir='ltr'><strong>psam,</strong></span> <span class='ocrx_word' id='word_1_635' title='bbox 2201 3891 2354 3963; x_wconf 92' lang='lat' dir='ltr'><strong>quod</strong></span> <span class='ocrx_word' id='word_1_636' title='bbox 2410 3892 2572 3962; x_wconf 89' lang='lat' dir='ltr'><strong>quasi</strong></span> <span class='ocrx_word' id='word_1_637' title='bbox 2619 3891 2848 3963; x_wconf 90' lang='lat' dir='ltr'><strong>indigna</strong></span> <span class='ocrx_word' id='word_1_638' title='bbox 2907 3890 3079 3946; x_wconf 90' lang='lat' dir='ltr'><strong>fuerit</strong></span> <span class='ocrx_word' id='word_1_639' title='bbox 3137 3907 3263 3945; x_wconf 91' lang='lat' dir='ltr'><strong>eam</strong></span> <span class='ocrx_word' id='word_1_640' title='bbox 3302 3891 3554 3960; x_wconf 88' lang='lat' dir='ltr'><strong>perferre</strong></span> <span class='ocrx_word' id='word_1_641' title='bbox 3584 3890 3655 3944; x_wconf 91' lang='lat' dir='ltr'><strong>ad</strong></span> 
     </span>
    </p>
   </div>
   <div class='ocr_carea' id='block_1_96' title="bbox 1960 3979 3659 4035">
    <p class='ocr_par' dir='ltr' id='par_1_96' title="bbox 1960 3979 3659 4035">
     <span class='ocr_line' id='line_1_96' title="bbox 1960 3979 3659 4035; baseline -0.002 0"><span class='ocrx_word' id='word_1_642' title='bbox 1960 3981 2141 4035; x_wconf 91' lang='lat' dir='ltr'><strong>sancti</strong></span> <span class='ocrx_word' id='word_1_643' title='bbox 2209 3980 2316 4034; x_wconf 93' lang='lat' dir='ltr'><strong>viri</strong></span> <span class='ocrx_word' id='word_1_644' title='bbox 2386 3980 2741 4034; x_wconf 90' lang='lat' dir='ltr'><strong>memoriam.</strong></span> <span class='ocrx_word' id='word_1_645' title='bbox 2814 3981 2999 4035; x_wconf 86' lang='lat' dir='ltr'><strong>Finita</strong></span> <span class='ocrx_word' id='word_1_646' title='bbox 3045 3981 3299 4034; x_wconf 87' lang='lat' dir='ltr'><strong>oratione</strong></span> <span class='ocrx_word' id='word_1_647' title='bbox 3347 3979 3554 4033; x_wconf 89' lang='lat' dir='ltr'><strong>humili</strong></span> <span class='ocrx_word' id='word_1_648' title='bbox 3600 3984 3659 4032; x_wconf 91' lang='lat' dir='ltr'><strong>et</strong></span> 
     </span>
    </p>
   </div>
   <div class='ocr_carea' id='block_1_97' title="bbox 1960 4068 3659 4139">
    <p class='ocr_par' dir='ltr' id='par_1_97' title="bbox 1960 4068 3659 4139">
     <span class='ocr_line' id='line_1_97' title="bbox 1960 4068 3659 4139; baseline -0.002 -14"><span class='ocrx_word' id='word_1_649' title='bbox 1960 4072 2283 4137; x_wconf 88' lang='lat' dir='ltr'><strong>lacrimosa,</strong></span> <span class='ocrx_word' id='word_1_650' title='bbox 2333 4070 2601 4138; x_wconf 84' lang='lat' dir='ltr'><strong>surrexit,</strong></span> <span class='ocrx_word' id='word_1_651' title='bbox 2654 4070 2787 4124; x_wconf 90' lang='lat' dir='ltr'><strong>thus</strong></span> <span class='ocrx_word' id='word_1_652' title='bbox 2817 4071 3107 4139; x_wconf 90' lang='lat' dir='ltr'><strong>perditum</strong></span> <span class='ocrx_word' id='word_1_653' title='bbox 3128 4069 3188 4123; x_wconf 92' lang='lat' dir='ltr'>in</span> <span class='ocrx_word' id='word_1_654' title='bbox 3219 4085 3393 4123; x_wconf 92' lang='lat' dir='ltr'><strong>manu</strong></span> <span class='ocrx_word' id='word_1_655' title='bbox 3427 4068 3659 4122; x_wconf 86' lang='lat' dir='ltr'><strong>sinistra</strong></span> 
     </span>
    </p>
   </div>
   <div class='ocr_carea' id='block_1_98' title="bbox 1961 4157 3653 4228">
    <p class='ocr_par' dir='ltr' id='par_1_98' title="bbox 1961 4157 3653 4228">
     <span class='ocr_line' id='line_1_98' title="bbox 1961 4157 3653 4228; baseline -0.002 -14"><span class='ocrx_word' id='word_1_656' title='bbox 1961 4159 2200 4215; x_wconf 90' lang='lat' dir='ltr'><strong>invenit.</strong></span> <span class='ocrx_word' id='word_1_657' title='bbox 2232 4160 2393 4223; x_wconf 90' lang='lat' dir='ltr'><strong>Quod</strong></span> <span class='ocrx_word' id='word_1_658' title='bbox 2436 4159 2660 4212; x_wconf 88' lang='lat' dir='ltr'><strong>tumulo</strong></span> <span class='ocrx_word' id='word_1_659' title='bbox 2694 4174 3087 4228; x_wconf 87' lang='lat' dir='ltr'><strong>superponens</strong></span> <span class='ocrx_word' id='word_1_660' title='bbox 3118 4173 3249 4211; x_wconf 92' lang='lat' dir='ltr'><strong>cum</strong></span> <span class='ocrx_word' id='word_1_661' title='bbox 3300 4157 3520 4226; x_wconf 88' lang='lat' dir='ltr'><strong>ingenti</strong></span> <span class='ocrx_word' id='word_1_662' title='bbox 3550 4172 3653 4226; x_wconf 86' lang='lat' dir='ltr'><strong>pa-</strong></span> 
     </span>
    </p>
   </div>
   <div class='ocr_carea' id='block_1_99' title="bbox 1960 4244 3654 4318">
    <p class='ocr_par' dir='ltr' id='par_1_99' title="bbox 1960 4244 3654 4318">
     <span class='ocr_line' id='line_1_99' title="bbox 1960 4244 3654 4318; baseline -0.001 -17"><span class='ocrx_word' id='word_1_663' title='bbox 1960 4264 2096 4302; x_wconf 89' lang='lat' dir='ltr'><strong>vore</strong></span> <span class='ocrx_word' id='word_1_664' title='bbox 2148 4247 2436 4316; x_wconf 91' lang='lat' dir='ltr'><strong>abscessit,</strong></span> <span class='ocrx_word' id='word_1_665' title='bbox 2469 4247 2619 4318; x_wconf 90' lang='lat' dir='ltr'><strong>quod</strong></span> <span class='ocrx_word' id='word_1_666' title='bbox 2671 4252 2897 4317; x_wconf 88' lang='lat' dir='ltr'><strong>gestum</strong></span> <span class='ocrx_word' id='word_1_667' title='bbox 2950 4251 3071 4299; x_wconf 90' lang='lat' dir='ltr'><strong>erat</strong></span> <span class='ocrx_word' id='word_1_668' title='bbox 3113 4246 3217 4299; x_wconf 89' lang='lat' dir='ltr'><strong>sub</strong></span> <span class='ocrx_word' id='word_1_669' title='bbox 3250 4244 3495 4309; x_wconf 82' lang='lat' dir='ltr'><strong>silentio,</strong></span> <span class='ocrx_word' id='word_1_670' title='bbox 3528 4246 3654 4299; x_wconf 88' lang='lat' dir='ltr'><strong>abs-</strong></span> 
     </span>
    </p>
   </div>
   <div class='ocr_carea' id='block_1_100' title="bbox 1962 4332 3657 4405">
    <p class='ocr_par' dir='ltr' id='par_1_100' title="bbox 1962 4332 3657 4405">
     <span class='ocr_line' id='line_1_100' title="bbox 1962 4332 3657 4405; baseline -0.001 -17"><span class='ocrx_word' id='word_1_671' title='bbox 1962 4336 2175 4403; x_wconf 90' lang='lat' dir='ltr'><strong>condit,</strong></span> <span class='ocrx_word' id='word_1_672' title='bbox 2227 4337 2410 4389; x_wconf 91' lang='lat' dir='ltr'><strong>donec</strong></span> <span class='ocrx_word' id='word_1_673' title='bbox 2453 4336 2657 4405; x_wconf 90' lang='lat' dir='ltr'><strong>quinto</strong></span> <span class='ocrx_word' id='word_1_674' title='bbox 2705 4340 2803 4387; x_wconf 87' lang='lat' dir='ltr'><strong>aut</strong></span> <span class='ocrx_word' id='word_1_675' title='bbox 2848 4339 3005 4387; x_wconf 89' lang='lat' dir='ltr'><strong>sexto</strong></span> <span class='ocrx_word' id='word_1_676' title='bbox 3048 4333 3138 4387; x_wconf 92' lang='lat' dir='ltr'><strong>die</strong></span> <span class='ocrx_word' id='word_1_677' title='bbox 3193 4350 3226 4386; x_wconf 91' lang='lat' dir='ltr'>a</span> <span class='ocrx_word' id='word_1_678' title='bbox 3280 4332 3657 4387; x_wconf 80' lang='lat' dir='ltr'><strong>familiaribus</strong></span> 
     </span>
    </p>
   </div>
   <div class='ocr_carea' id='block_1_101' title="bbox 1963 4422 3657 4494">
    <p class='ocr_par' dir='ltr' id='par_1_101' title="bbox 1963 4422 3657 4494">
     <span class='ocr_line' id='line_1_101' title="bbox 1963 4422 3657 4494; baseline -0.001 -17"><span class='ocrx_word' id='word_1_679' title='bbox 1963 4424 2086 4494; x_wconf 91' lang='lat' dir='ltr'><strong>ejus</strong></span> <span class='ocrx_word' id='word_1_680' title='bbox 2130 4423 2417 4493; x_wconf 90' lang='lat' dir='ltr'><strong>proditum</strong></span> <span class='ocrx_word' id='word_1_681' title='bbox 2464 4423 2732 4477; x_wconf 90' lang='lat' dir='ltr'><strong>innotuit.</strong></span> <span class='ocrx_word' id='word_1_682' title='bbox 2765 4423 2901 4486; x_wconf 73' lang='lat' dir='ltr'><strong>Qua:</strong></span> <span class='ocrx_word' id='word_1_683' title='bbox 2941 4428 2999 4477; x_wconf 90' lang='lat' dir='ltr'><strong>et</strong></span> <span class='ocrx_word' id='word_1_684' title='bbox 3023 4422 3389 4492; x_wconf 92' lang='lat' dir='ltr'><strong>postmodum</strong></span> <span class='ocrx_word' id='word_1_685' title='bbox 3411 4437 3542 4475; x_wconf 87' lang='lat' dir='ltr'><strong>cum</strong></span> <span class='ocrx_word' id='word_1_686' title='bbox 3574 4422 3657 4476; x_wconf 90' lang='lat' dir='ltr'><strong>rei</strong></span> 
     </span>
    </p>
   </div>
   <div class='ocr_carea' id='block_1_102' title="bbox 1963 4512 3657 4582">
    <p class='ocr_par' dir='ltr' id='par_1_102' title="bbox 1963 4512 3657 4582">
     <span class='ocr_line' id='line_1_102' title="bbox 1963 4512 3657 4582; baseline -0.001 -17"><span class='ocrx_word' id='word_1_687' title='bbox 1963 4515 2135 4582; x_wconf 64' lang='lat' dir='ltr'><strong>gestas</strong></span> <span class='ocrx_word' id='word_1_688' title='bbox 2186 4512 2480 4565; x_wconf 89' lang='lat' dir='ltr'><strong>veritatem</strong></span> <span class='ocrx_word' id='word_1_689' title='bbox 2529 4528 2563 4565; x_wconf 89' lang='lat' dir='ltr'><strong>a</strong></span> <span class='ocrx_word' id='word_1_690' title='bbox 2620 4512 2870 4582; x_wconf 89' lang='lat' dir='ltr'><strong>quodam</strong></span> <span class='ocrx_word' id='word_1_691' title='bbox 2924 4512 3093 4566; x_wconf 91' lang='lat' dir='ltr'><strong>fratre</strong></span> <span class='ocrx_word' id='word_1_692' title='bbox 3149 4516 3342 4565; x_wconf 88' lang='lat' dir='ltr'><strong>nostro</strong></span> <span class='ocrx_word' id='word_1_693' title='bbox 3394 4525 3657 4581; x_wconf 87' lang='lat' dir='ltr'><strong>promere</strong></span> 
     </span>
    </p>
   </div>
   <div class='ocr_carea' id='block_1_103' title="bbox 1964 4599 3514 4671">
    <p class='ocr_par' dir='ltr' id='par_1_103' title="bbox 1964 4599 3514 4671">
     <span class='ocr_line' id='line_1_103' title="bbox 1964 4599 3514 4671; baseline 0 -18"><span class='ocrx_word' id='word_1_694' title='bbox 1964 4604 2271 4670; x_wconf 89' lang='lat' dir='ltr'><strong>peteretur,</strong></span> <span class='ocrx_word' id='word_1_695' title='bbox 2307 4616 2423 4654; x_wconf 91' lang='lat' dir='ltr'><strong>non</strong></span> <span class='ocrx_word' id='word_1_696' title='bbox 2455 4600 2576 4655; x_wconf 91' lang='lat' dir='ltr'><strong>sine</strong></span> <span class='ocrx_word' id='word_1_697' title='bbox 2598 4599 2850 4654; x_wconf 89' lang='lat' dir='ltr'><strong>lacrimis</strong></span> <span class='ocrx_word' id='word_1_698' title='bbox 2880 4615 3003 4653; x_wconf 90' lang='lat' dir='ltr'><strong>eam</strong></span> <span class='ocrx_word' id='word_1_699' title='bbox 3036 4615 3267 4654; x_wconf 89' lang='lat' dir='ltr'><strong>narrare</strong></span> <span class='ocrx_word' id='word_1_700' title='bbox 3306 4599 3514 4671; x_wconf 91' lang='lat' dir='ltr'><strong>potuit.</strong></span> 
     </span>
    </p>
   </div>
   <div class='ocr_carea' id='block_1_104' title="bbox 2040 4688 3663 4759">
    <p class='ocr_par' dir='ltr' id='par_1_104' title="bbox 2040 4688 3663 4759">
     <span class='ocr_line' id='line_1_104' title="bbox 2040 4688 3663 4759; baseline 0 -17"><span class='ocrx_word' id='word_1_701' title='bbox 2040 4692 2121 4742; x_wconf 85' lang='lat' dir='ltr'><strong>ll.</strong></span> <span class='ocrx_word' id='word_1_702' title='bbox 2173 4688 2327 4742; x_wconf 89' lang='lat' dir='ltr'><strong>Miles</strong></span> <span class='ocrx_word' id='word_1_703' title='bbox 2385 4688 2620 4759; x_wconf 89' lang='lat' dir='ltr'><strong>quidam</strong></span> <span class='ocrx_word' id='word_1_704' title='bbox 2676 4689 3035 4741; x_wconf 91' lang='lat' dir='ltr'><strong>Thietmarus</strong></span> <span class='ocrx_word' id='word_1_705' title='bbox 3094 4689 3349 4755; x_wconf 91' lang='lat' dir='ltr'><strong>nomine,</strong></span> <span class='ocrx_word' id='word_1_706' title='bbox 3409 4688 3663 4742; x_wconf 87' lang='lat' dir='ltr'><strong>ministe-</strong></span> 
     </span>
    </p>
   </div>
   <div class='ocr_carea' id='block_1_105' title="bbox 1966 4776 3660 4847">
    <p class='ocr_par' dir='ltr' id='par_1_105' title="bbox 1966 4776 3660 4847">
     <span class='ocr_line' id='line_1_105' title="bbox 1966 4776 3660 4847; baseline 0 -18"><span class='ocrx_word' id='word_1_707' title='bbox 1966 4776 2121 4830; x_wconf 86' lang='lat' dir='ltr'><strong>rialis</strong></span> <span class='ocrx_word' id='word_1_708' title='bbox 2155 4776 2327 4845; x_wconf 90' lang='lat' dir='ltr'><strong>regis,</strong></span> <span class='ocrx_word' id='word_1_709' title='bbox 2362 4777 2419 4829; x_wconf 92' lang='lat' dir='ltr'><strong>in</strong></span> <span class='ocrx_word' id='word_1_710' title='bbox 2451 4776 2573 4830; x_wconf 91' lang='lat' dir='ltr'><strong>vico</strong></span> <span class='ocrx_word' id='word_1_711' title='bbox 2627 4778 2822 4846; x_wconf 87' lang='lat' dir='ltr'><strong>Hogen</strong></span> <span class='ocrx_word' id='word_1_712' title='bbox 2868 4780 2978 4844; x_wconf 85' lang='lat'>(66)</span> <span class='ocrx_word' id='word_1_713' title='bbox 3025 4778 3184 4847; x_wconf 85' lang='lat' dir='ltr'><strong>juxta</strong></span> <span class='ocrx_word' id='word_1_714' title='bbox 3216 4779 3491 4831; x_wconf 82' lang='lat' dir='ltr'><strong>Wiseram</strong></span> <span class='ocrx_word' id='word_1_715' title='bbox 3549 4777 3660 4831; x_wconf 87' lang='lat' dir='ltr'><strong>tlu-</strong></span> 
     </span>
    </p>
   </div>
   <div class='ocr_carea' id='block_1_106' title="bbox 1967 4865 3659 4935">
    <p class='ocr_par' dir='ltr' id='par_1_106' title="bbox 1967 4865 3659 4935">
     <span class='ocr_line' id='line_1_106' title="bbox 1967 4865 3659 4935; baseline 0 -18"><span class='ocrx_word' id='word_1_716' title='bbox 1967 4865 2120 4919; x_wconf 86' lang='lat' dir='ltr'><strong>vium</strong></span> <span class='ocrx_word' id='word_1_717' title='bbox 2170 4865 2404 4920; x_wconf 89' lang='lat' dir='ltr'><strong>habitat.</strong></span> <span class='ocrx_word' id='word_1_718' title='bbox 2458 4866 2637 4935; x_wconf 89' lang='lat' dir='ltr'><strong>Hujus</strong></span> <span class='ocrx_word' id='word_1_719' title='bbox 2710 4866 2881 4932; x_wconf 90' lang='lat' dir='ltr'><strong>ﬁlius,</strong></span> <span class='ocrx_word' id='word_1_720' title='bbox 2942 4866 3307 4933; x_wconf 85' lang='lat' dir='ltr'><strong>Machelmus,</strong></span> <span class='ocrx_word' id='word_1_721' title='bbox 3377 4880 3659 4919; x_wconf 90' lang='lat' dir='ltr'><strong>annorum</strong></span> 
     </span>
    </p>
   </div>
   <div class='ocr_carea' id='block_1_107' title="bbox 1965 4952 3664 5023">
    <p class='ocr_par' dir='ltr' id='par_1_107' title="bbox 1965 4952 3664 5023">
     <span class='ocr_line' id='line_1_107' title="bbox 1965 4952 3664 5023; baseline -0.001 -17"><span class='ocrx_word' id='word_1_722' title='bbox 1965 4952 2190 5006; x_wconf 89' lang='lat' dir='ltr'><strong>circiter</strong></span> <span class='ocrx_word' id='word_1_723' title='bbox 2218 4958 2365 5019; x_wconf 92' lang='lat' dir='ltr'><strong>octo,</strong></span> <span class='ocrx_word' id='word_1_724' title='bbox 2389 4969 2517 5006; x_wconf 91' lang='lat' dir='ltr'><strong>cum</strong></span> <span class='ocrx_word' id='word_1_725' title='bbox 2549 4969 2652 5022; x_wconf 91' lang='lat' dir='ltr'><strong>per</strong></span> <span class='ocrx_word' id='word_1_726' title='bbox 2694 4952 3153 5023; x_wconf 89' lang='lat' dir='ltr'><strong>quinquennium</strong></span> <span class='ocrx_word' id='word_1_727' title='bbox 3216 4952 3421 5006; x_wconf 62' lang='lat' dir='ltr'><strong>ﬁstula</strong></span> <span class='ocrx_word' id='word_1_728' title='bbox 3446 4952 3664 5005; x_wconf 89' lang='lat' dir='ltr'><strong>incom-</strong></span> 
     </span>
    </p>
   </div>
   <div class='ocr_carea' id='block_1_108' title="bbox 1966 5039 3662 5111">
    <p class='ocr_par' dir='ltr' id='par_1_108' title="bbox 1966 5039 3662 5111">
     <span class='ocr_line' id='line_1_108' title="bbox 1966 5039 3662 5111; baseline -0.001 -17"><span class='ocrx_word' id='word_1_729' title='bbox 1966 5041 2134 5095; x_wconf 91' lang='lat' dir='ltr'><strong>modo</strong></span> <span class='ocrx_word' id='word_1_730' title='bbox 2165 5040 2225 5094; x_wconf 90' lang='lat' dir='ltr'><strong>in</strong></span> <span class='ocrx_word' id='word_1_731' title='bbox 2258 5041 2489 5095; x_wconf 88' lang='lat' dir='ltr'><strong>maxilla</strong></span> <span class='ocrx_word' id='word_1_732' title='bbox 2518 5041 2749 5095; x_wconf 89' lang='lat' dir='ltr'><strong>sinistra</strong></span> <span class='ocrx_word' id='word_1_733' title='bbox 2773 5045 3091 5107; x_wconf 90' lang='lat' dir='ltr'><strong>vexaretur,</strong></span> <span class='ocrx_word' id='word_1_734' title='bbox 3136 5040 3438 5111; x_wconf 87' lang='lat' dir='ltr'><strong>omnisque</strong></span> <span class='ocrx_word' id='word_1_735' title='bbox 3481 5039 3662 5093; x_wconf 91' lang='lat' dir='ltr'><strong>medi-</strong></span> 
     </span>
    </p>
   </div>
   <div class='ocr_carea' id='block_1_109' title="bbox 1966 5128 3663 5199">
    <p class='ocr_par' dir='ltr' id='par_1_109' title="bbox 1966 5128 3663 5199">
     <span class='ocr_line' id='line_1_109' title="bbox 1966 5128 3663 5199; baseline 0 -18"><span class='ocrx_word' id='word_1_736' title='bbox 1966 5144 2161 5182; x_wconf 90' lang='lat' dir='ltr'><strong>corum</strong></span> <span class='ocrx_word' id='word_1_737' title='bbox 2186 5128 2241 5181; x_wconf 90' lang='lat' dir='ltr'><strong>in</strong></span> <span class='ocrx_word' id='word_1_738' title='bbox 2274 5129 2371 5182; x_wconf 81' lang='lat' dir='ltr'><strong>illo</strong></span> <span class='ocrx_word' id='word_1_739' title='bbox 2392 5146 2566 5199; x_wconf 84' lang='lat' dir='ltr'><strong>opera</strong></span> <span class='ocrx_word' id='word_1_740' title='bbox 2587 5130 2976 5195; x_wconf 89' lang='lat' dir='ltr'><strong>frustraretur,</strong></span> <span class='ocrx_word' id='word_1_741' title='bbox 3001 5129 3233 5182; x_wconf 89' lang='lat' dir='ltr'><strong>tandem</strong></span> <span class='ocrx_word' id='word_1_742' title='bbox 3256 5129 3328 5183; x_wconf 91' lang='lat' dir='ltr'><strong>ad</strong></span> <span class='ocrx_word' id='word_1_743' title='bbox 3377 5129 3663 5182; x_wconf 90' lang='lat' dir='ltr'><strong>tumulum</strong></span> 
     </span>
    </p>
   </div>
   <div class='ocr_carea' id='block_1_110' title="bbox 1577 5226 2248 5281">
    <p class='ocr_par' dir='ltr' id='par_1_110' title="bbox 1577 5226 2248 5281">
     <span class='ocr_line' id='line_1_110' title="bbox 1577 5226 2248 5281; baseline 0.001 -5"><span class='ocrx_word' id='word_1_744' title='bbox 1577 5228 1808 5281; x_wconf 79' lang='lat' dir='ltr'><strong>VARle</strong></span> <span class='ocrx_word' id='word_1_745' title='bbox 1852 5226 2248 5280; x_wconf 83' lang='lat' dir='ltr'><strong>LECTIONES.</strong></span> 
     </span>
    </p>
   </div>
   <div class='ocr_carea' id='block_1_111' title="bbox 234 5294 627 5351">
    <p class='ocr_par' dir='ltr' id='par_1_111' title="bbox 234 5294 627 5351">
     <span class='ocr_line' id='line_1_111' title="bbox 234 5294 627 5351; baseline -0.003 0"><span class='ocrx_word' id='word_1_746' title='bbox 234 5294 305 5330; x_wconf 70' lang='grc'><strong>²¹³⁸</strong></span> <span class='ocrx_word' id='word_1_747' title='bbox 326 5296 412 5351; x_wconf 88' lang='lat' dir='ltr'><strong>uis</strong></span> <span class='ocrx_word' id='word_1_748' title='bbox 443 5297 627 5350; x_wconf 75' lang='lat' dir='ltr'><strong>codem.</strong></span> 
     </span>
    </p>
   </div>
   <div class='ocr_carea' id='block_1_112' title="bbox 1810 5384 2036 5438">
    <p class='ocr_par' dir='ltr' id='par_1_112' title="bbox 1810 5384 2036 5438">
     <span class='ocr_line' id='line_1_112' title="bbox 1810 5384 2036 5438; baseline 0 -1"><span class='ocrx_word' id='word_1_749' title='bbox 1810 5384 2036 5438; x_wconf 61' lang='grc' dir='ltr'><strong>ΝΟΤᾸΕ.</strong></span> 
     </span>
    </p>
   </div>
   <div class='ocr_carea' id='block_1_113' title="bbox 236 5463 664 5531">
    <p class='ocr_par' dir='ltr' id='par_1_113' title="bbox 236 5463 664 5531">
     <span class='ocr_line' id='line_1_113' title="bbox 236 5463 664 5531; baseline 0.002 -16"><span class='ocrx_word' id='word_1_750' title='bbox 236 5464 325 5531; x_wconf 74' lang='grc'><strong>(64</strong></span> <span class='ocrx_word' id='word_1_751' title='bbox 357 5463 664 5516; x_wconf 88' lang='lat' dir='ltr'><strong>Bokenem.</strong></span> 
     </span>
    </p>
   </div>
   <div class='ocr_carea' id='block_1_114' title="bbox 244 5532 974 5601">
    <p class='ocr_par' dir='ltr' id='par_1_114' title="bbox 244 5532 974 5601">
     <span class='ocr_line' id='line_1_114' title="bbox 244 5532 974 5601; baseline 0.003 -15"><span class='ocrx_word' id='word_1_752' title='bbox 244 5536 347 5601; x_wconf 77' lang='lat'><strong>(65&#39;)</strong></span> <span class='ocrx_word' id='word_1_753' title='bbox 371 5532 595 5587; x_wconf 89' lang='lat' dir='ltr'><strong>Scilicet</strong></span> <span class='ocrx_word' id='word_1_754' title='bbox 623 5535 974 5589; x_wconf 86' lang='lat' dir='ltr'><strong>Germanica.</strong></span> 
     </span>
    </p>
   </div>
   <div class='ocr_carea' id='block_1_115' title="bbox 2043 5463 2354 5533">
    <p class='ocr_par' dir='ltr' id='par_1_115' title="bbox 2043 5463 2354 5533">
     <span class='ocr_line' id='line_1_115' title="bbox 2043 5463 2354 5533; baseline 0 -16"><span class='ocrx_word' id='word_1_755' title='bbox 2043 5463 2147 5531; x_wconf 82' lang='lat'><strong>(66)</strong></span> <span class='ocrx_word' id='word_1_756' title='bbox 2182 5464 2354 5533; x_wconf 83' lang='lat' dir='ltr'><strong>Hoya.</strong></span> 
     </span>
    </p>
   </div>
  </div>
