3944 6306
259 329 362 382 439

1240 315 1656 373 THANGMARI
1697 310 2140 370 PRESBYTERI
2179 307 2768 365 HILDESHEIMENS.

3663 305 3770 359 HO

261 441 439 496 sancti
491 439 744 511 episcopi
796 438 1150 494 oblationem
1200 452 1382 501 suam,
1444 450 1673 488 cereum
1703 433 1965 488 videlicet
1993 433 2039 485 Α
2077 429 2216 482 sulis
2241 443 2447 497 corpus
2477 423 2807 494 rejuiescit,
2847 421 3159 493 condignas
3201 438 3305 476 suo
3353 421 3604 476 sanatori
3635 437 3769 491 gra-

262 535 452 598 caput,
485 530 632 582 ferre
691 527 860 592 vovit,
902 527 949 579 si
997 526 1146 579 infra
1193 541 1398 578 novem
1431 523 1553 576 dies
1598 521 1962 576 incolumitas

262 620 346 674 illi
405 618 626 672 meritis
678 616 828 670 beati
873 615 978 668 viri
1030 614 1384 668 redderetur.
1447 611 1626 681 Igitur
1662 610 1808 663 infra
1866 608 1962 661 tri-

263 709 442 762 duum
502 711 633 759 ante
696 711 925 773 tempus
990 707 1371 774 praeoptatum
1445 715 1590 770 puer
1639 697 1960 752 remedium

265 796 510 864 accepit;
533 799 590 848 et
617 793 782 847 tertia
815 792 956 846 feria
988 792 1138 846 infra
1159 789 1536 843 ebdomadam
1573 792 1962 857 pentecosten,

265 901 394 938 cum
441 889 624 954 patre,
677 885 856 934 matre
903 885 958 933 et
987 879 1129 940 avia,
1176 878 1234 931 in
1280 875 1674 930 testimonium
1707 874 1965 928 sanitatis

267 977 512 1042 receptae
567 985 698 1024 cum
763 967 909 1021 votis
965 965 1256 1038 promissis
1300 965 1370 1020 ad
1427 963 1765 1018 memoriam
1816 961 1966 1016 beati

266 1060 374 1114 viri
407 1074 599 1128 sospes
630 1055 909 1127 pervenit.

343 1151 428 1202 l2.
479 1146 664 1200 Abbas
714 1144 885 1198 etiam
944 1141 1188 1197 cmnobii
1243 1141 1420 1195 sancti
1477 1139 1785 1202 Michaelis,
1822 1138 1965 1193 Con-

270 1235 441 1288 radus
472 1236 578 1300 (67)
610 1232 863 1298 nomine,
909 1247 1037 1285 cum
1089 1231 1335 1302 quadam
1369 1229 1458 1283 die
1490 1245 1658 1282 causa
1706 1226 1968 1282 utilitatis

270 1320 625 1376 monasteriii
663 1320 772 1373 iter
795 1325 1007 1388 ageret,
1030 1319 1176 1372 forte
1205 1317 1427 1382 accidit,
1451 1323 1516 1370 ut
1541 1332 1690 1386 equo
1716 1315 1968 1381 labente,

270 1410 361 1464 cui
393 1409 701 1474 insederat,
734 1408 875 1462 tibia
915 1408 1112 1460 collisa
1157 1422 1391 1476 prorsus
1423 1405 1627 1458 debilis
1679 1409 1734 1458 et
1775 1404 1970 1457 dolore

270 1498 552 1551 cruciatus
591 1497 650 1550 in
707 1497 845 1550 sella
897 1495 1208 1566 gestatoria
1256 1494 1586 1548 referretur.
1643 1492 1819 1546 Iussit
1865 1492 1968 1544 ita-

274 1603 386 1657 que
441 1602 500 1640 se
557 1586 626 1639 ad
693 1585 1061 1654 sepulchrum
1114 1583 1266 1637 beati
1317 1582 1602 1652 pontificis
1648 1579 1974 1636 Bernwardi

275 1674 512 1738 deferri;
567 1672 664 1726 ubi
718 1672 779 1725 in
835 1671 1094 1725 oratione
1139 1675 1476 1740 prostratus,
1555 1685 1684 1723 cum
1728 1671 1971 1724 vovisset
2005 1705 2043 1758 Β

276 1779 354 1828 se,
397 1761 588 1832 quoad
634 1760 870 1824 viveret,
905 1759 1199 1812 candelam
1251 1763 1415 1812 nocte
1470 1761 1526 1810 et
1583 1756 1835 1810 interdiu
1891 1755 1974 1809 ibi

277 1850 664 1922 provisurum,
721 1846 1026 1901 incolumis
1090 1845 1361 1899 continuo
1435 1845 1714 1909 surrexit;
1760 1844 1974 1913 quique

277 1938 480 1992 alienis
543 1936 804 1990 manibus
877 1940 962 1989 est
1029 1934 1240 2000 illatus,
1297 1933 1546 2004 propriis
1606 1931 1848 2002 pedibus
1891 1937 1978 1985 est

281 2042 542 2097 egressus
573 2023 665 2078 9‘9.

356 2117 438 2168 l3.
490 2113 690 2167 Mulier
724 2111 971 2182 quedam
1015 2109 1323 2182 provincia:
1373 2109 1665 2164 Marehern
1725 2109 1794 2164 de
1838 2108 1977 2162 civi-

282 2207 396 2256 tate
427 2202 830 2267 Olomuz,non
881 2199 1095 2254 inﬁmis
1147 2198 1481 2270 parentibus
1539 2198 1798 2264 oriunda,
1859 2214 1983 2268 sep-

283 2295 399 2343 tem
427 2290 592 2341 annis
624 2287 819 2357 digitis
850 2289 1094 2340 sinistrae
1124 2303 1328 2340 manus
1357 2287 1416 2340 in
1447 2287 1630 2340 volam
1658 2286 1975 2349 contractis,

285 2377 540 2447 ejusdem
573 2376 792 2430 brachii
853 2377 987 2429 ulna
1045 2380 1306 2430 concreta
1336 2375 1552 2446 pectori
1598 2391 1761 2445 paene
1822 2375 1983 2428 cohe-

285 2472 466 2532 rente,
499 2465 698 2519 debilis
752 2468 1006 2530 aruerat;
1067 2481 1195 2534 quas
1252 2465 1435 2518 multa
1491 2470 1815 2517 sanctorum
1859 2463 1984 2517 loca

284 2553 542 2608 sanitatis
599 2552 779 2623 gratia
854 2552 1219 2622 frequentare
1278 2553 1517 2606 solebat.
1574 2551 1736 2606 Venit
1790 2552 1983 2621 itaque

285 2644 465 2695 multo
539 2641 762 2694 itineris
834 2640 1029 2694 labore
1107 2639 1340 2710 fatigata
1391 2656 1560 2694 mane
1618 2645 1648 2694 7
1706 2640 1984 2694 Kalendas

283 2730 438 2785 Junii
465 2730 534 2784 ad
559 2728 929 2799 sepulchrum
961 2729 1114 2783 beati
1145 2729 1490 2795 Bernwardi,
1526 2729 1623 2782 ubi
1651 2729 1798 2782 infra
1829 2728 1984 2799 prio-

286 2834 406 2872 rem
456 2818 688 2871 missam
749 2818 950 2886 posita,
1014 2818 1233 2886 populo
1289 2816 1642 2886 inspectante
1683 2817 1984 2886 pristinam

287 2905 592 2958 sanitatem
622 2904 854 2976 recepit.
907 2905 1081 2973 Cujus
1129 2904 1211 2957 rei
1284 2909 1456 2958 testes
1504 2904 1698 2958 idonei
1751 2904 1988 2974 plurimi

286 2999 424 3050 tunc
463 2993 738 3064 temporis
775 2993 1097 3060 astiterunt,
1132 2993 1233 3062 qni
1273 2993 1430 3046 illam
1461 2993 1623 3062 prius
1654 3009 1710 3045 se
1738 2993 1981 3046 debilem
2019 2980 2058 3034 C

287 3082 563 3136 veraciter
618 3081 918 3151 agnovisse
982 3085 1365 3134 asseruerunt.
1427 3081 1550 3134 Mox
1602 3096 1738 3149 ergo
1789 3098 1986 3135 omnes

289 3171 389 3242 qui
421 3170 550 3224 huic
615 3169 889 3222 miraculo
921 3175 1228 3240 praesentes
1259 3169 1544 3222 alfuerunt
1591 3169 1871 3240 multique
1917 3172 1985 3225 de

288 3260 511 3313 civitate
540 3263 922 3326 accurrentes,
958 3257 1056 3328 qui
1089 3259 1196 3311 hoc
1221 3258 1428 3311 factum
1483 3257 1622 3310 scire
1649 3263 1981 3328 potuerunt,

290 3350 489 3411 Deum,
516 3347 617 3418 qui
646 3347 818 3401 tantis
849 3347 1127 3400 famulum
1168 3361 1335 3399 suum
1368 3345 1645 3416 gloriﬁcat
1674 3347 1982 3414 miraculis,

236 3449 244 3458 '
289 3437 345 3490 in
376 3437 564 3508 ymnis
594 3441 650 3489 et
714 3436 997 3499 laudibus,
1048 3435 1341 3505 campanis
1387 3434 1559 3488 etiam
1590 3435 1980 3507 concrepanti-

289 3526 412 3591 bus,
449 3523 810 3578 devotissime
844 3523 1274 3577 benedixerunt.

363 3614 445 3666 14.
510 3612 751 3674 Quidam
795 3611 854 3664 in
897 3611 1213 3681 ’l‘huringia
1252 3627 1488 3665 manum
1519 3612 1732 3666 habens
1762 3613 1980 3666 aridam

287 3699 561 3768 omnique
606 3699 793 3768 operis
843 3697 1031 3753 ofﬁcio
1084 3699 1385 3768 privatam,
1435 3715 1566 3754 cum
1612 3717 1669 3754 se
1713 3703 1780 3756 ad
1832 3701 1983 3755 beati

292 3787 616 3840 Bernwardi
649 3787 986 3840 memoriam
1035 3802 1166 3839 cum
1207 3787 1588 3843 oblationibus
1618 3791 1698 3843 ire
1720 3792 1979 3855 vovisset,

289 3876 337 3928 si
393 3874 612 3927 meritis
655 3875 810 3928 illius
865 3875 1168 3929 sanitatem
1227 3877 1496 3947 consequi
1553 3879 1980 3947 promeruisset,

289 3962 586 4032 inopinata
637 3962 924 4017 celeritate
977 3964 1131 4034 quod
1178 3967 1730 4036 optaveratadeptus
1755 3973 1854 4020 est.
1883 3969 1980 4021 llle

289 4057 480 4105 autem
519 4055 735 4104 tantam
781 4052 1025 4122 gratiam
1053 4053 1488 4124 parvipendens,
1520 4060 1576 4108 et
1603 4060 1799 4108 votum
1825 4056 1980 4126 quod

287 4139 498 4194 fecerat
522 4139 759 4208 implere
787 4139 1174 4214 dissimulans,
1208 4143 1464 4212 ejusdem
1497 4159 1698 4195 manus
1729 4142 1979 4212 itemque

2068 516 2280 571 tiarum
2336 514 2589 568 actiones
2640 511 2937 582 persolvit,
2999 509 3304 581 nobisque,
3357 510 3606 581 qualiter
3663 509 3772 563 hoc

2071 608 2294 673 gestum
2325 601 2416 663 sit,
2454 616 2582 652 cum
2604 599 2864 670 pluribus
2909 614 3008 650 sue
3039 597 3296 651 sanitatis
3325 597 3564 651 testibus
3603 612 3772 650 enar-

2071 690 2235 744 ravit.

2148 782 2230 832 l5.
2263 779 2420 832 Alter
2461 777 2692 846 quidam
2731 774 3108 846 Volquardus,
3135 773 3296 828 omni
3327 773 3541 828 civitati
3567 778 3779 827 nostrae

2073 865 2427 930 notissimus,
2471 864 2644 916 simili
2716 863 2974 930 passione
3017 868 3273 925 vexatus,
3333 861 3583 932 quodam
3638 866 3783 912 tem-

2075 971 2209 1025 pore
2274 969 2404 1007 cum
2477 953 2787 1005 zecclesimi
2845 951 2998 1005 beati
3056 950 3343 1005 Michaelis
3415 950 3782 1004 introductus

2074 1043 2292 1110 fuisset,
2337 1041 2779 1112 corporalesque
2820 1039 3128 1094 medicinas
3160 1039 3268 1092 sibi
3307 1039 3570 1092 adhiberi
3599 1037 3782 1108 petis-

2075 1136 2177 1194 set,
2229 1131 2460 1201 quidam
2510 1129 2794 1200 presbiter
2830 1146 2864 1181 ιι
2923 1130 3035 1182 Deo
3069 1127 3260 1198 potius
3314 1127 3422 1181 sibi
3475 1127 3782 1180 sanitatem

2077 1236 2196 1274 esse
2245 1219 2550 1290 petendam
2603 1218 2764 1272 illum
2811 1218 3132 1282 admonuit,
3188 1222 3243 1270 et
3297 1216 3355 1269 in
3401 1217 3646 1285 criptam
3709 1212 3786 1267 ad

2078 1309 2231 1362 beati
2260 1307 2580 1362 Bermvardi
2611 1306 2868 1360 tumbam
2923 1322 3022 1375 spe
3052 1305 3308 1358 sanitatis
3356 1305 3441 1358 ire
3471 1303 3781 1375 persuasit.

2079 1398 2200 1462 Quo
2243 1397 2413 1461 facto,
2450 1395 2540 1450 vix
2580 1396 2722 1450 hora
2763 1395 3001 1450 dimidia
3027 1399 3308 1448 transacta
3339 1393 3580 1463 criptam
3616 1393 3787 1446 laetus

2081 1486 2268 1551 exivit,
2322 1501 2496 1555 seque
2556 1489 2816 1538 sanatum
2889 1484 3066 1537 fuisse
3119 1483 3338 1536 cunctis
3396 1483 3456 1536 in
3526 1481 3789 1536 aacelesia

2081 1574 2522 1628 consistentibus
2554 1574 2841 1626 evidenter
2897 1573 3160 1626 ostendit.
3195 1572 3300 1634 Qui
3333 1575 3532 1641 postea
3563 1577 3790 1640 septem

2083 1663 2286 1717 diebus
2323 1662 2566 1732 peractis
2595 1665 2908 1726 revocatus,
2941 1665 2998 1714 et
3043 1661 3111 1714 de
3151 1659 3572 1730 perseverantia
3639 1658 3791 1711 sani-

2083 1751 2214 1804 tatis
2282 1750 2686 1820 interrogatus,
2745 1765 2874 1802 cum
2933 1765 2992 1802 se
3063 1748 3236 1802 nichil
3300 1747 3513 1802 doloris
3569 1747 3790 1800 habere

2083 1839 2281 1893 fuisset
2313 1839 2620 1908 professus,
2679 1838 2914 1907 populo,
2962 1838 3124 1906 cujus
3155 1843 3290 1890 tunc
3343 1837 3651 1890 multitudo
3685 1836 3788 1889 ad-

2085 1934 2224 1993 erat,
2253 1932 2338 1980 est
2358 1932 2765 1997 praesentatus;
2826 1927 3107 1996 Deusque,
3141 1941 3243 1996 pro
3295 1941 3361 1978 eo
3386 1925 3537 1995 quod
3569 1925 3790 1978 factum

2085 2016 2292 2077 fuerat,
2350 2015 2419 2068 ab
2481 2013 2749 2068 omnibus
2829 2013 3052 2084 magnis
3103 2012 3370 2067 laudibus
3426 2017 3512 2067 est
3565 2013 3788 2083 glorili-

2086 2109 2263 2158 catus.

2163 2196 2244 2248 16.
2299 2191 2563 2247 Rusticus
2594 2190 2830 2260 quidam
2892 2190 2950 2243 in
2991 2189 3112 2244 vico
3162 2189 3261 2260 qui
3303 2188 3520 2244 Liuline
3569 2187 3643 2222 ²⁵⁰
3676 2189 3795 2259 (68)

2088 2287 2457 2351 nuncupatur
2508 2280 2794 2348 habitans,
2853 2279 3092 2334 Romam
3124 2280 3192 2333 ad
3243 2284 3500 2333 sanctum
3553 2280 3794 2332 Petrum

2091 2371 2365 2424 orationis
2420 2387 2588 2424 causa
2655 2370 2916 2434 tendens,
2985 2368 3044 2421 in
3106 2369 3310 2422 eodem
3367 2367 3570 2421 itinere
3629 2365 3799 2436 gravi

2091 2459 2261 2529 cmpit
2313 2459 2648 2513 inﬁrmitate
2717 2457 2980 2512 detineri.
3027 2457 3135 2521 Qui
3193 2473 3323 2511 cum
3379 2455 3799 2510 omnimodisa

2091 2549 2350 2602 carnium
2402 2564 2503 2601 esu
2551 2562 2609 2600 se
2649 2546 2932 2600 abstinere
2977 2546 3241 2613 vovisset,
3293 2545 3661 2616 quoadusque
3721 2545 3795 2597 ad

2093 2638 2244 2692 beati
2277 2637 2599 2692 Bernwardi
2658 2636 2914 2690 tumbam
2949 2634 3160 2703 gratias
3209 2641 3436 2688 acturus
3467 2633 3660 2687 venire
3693 2649 3800 2702 po-

2093 2726 2314 2786 tuisset,
2383 2726 2430 2778 si
2481 2741 2584 2794 per
2629 2740 2761 2776 eum
2808 2723 3143 2792 contigisset
3195 2739 3253 2776 se
3301 2738 3334 2775 a
3384 2720 3580 2775 mortis
3637 2721 3796 2790 peri-

2096 2815 2223 2868 culo
2278 2813 2526 2876 liberari,
2577 2813 2848 2866 continuo
2914 2811 3168 2882 pristinae
3201 2810 3491 2864 restitutus
3521 2815 3606 2863 est
3632 2809 3799 2862 sani-

2098 2903 2219 2957 tati.

2169 2995 2253 3045 l7.
2278 2990 2472 3044 Puella
2504 2989 2752 3059 quedam
2800 2989 3035 3059 parvula
3091 2986 3392 3043 Machthild
3433 2986 3686 3050 nomine,
3723 2985 3798 3040 de

2099 3080 2345 3134 Bawaria
2376 3084 2532 3140 nata,
2587 3083 2670 3131 set
2719 3078 2869 3147 apud
2919 3094 3020 3130 nos
3050 3094 3081 3131 a
3129 3075 3329 3147 primis
3361 3077 3479 3130 fore
3524 3076 3691 3129 annis
3732 3075 3793 3128 in

2093 3169 2216 3222 vico
2270 3169 2523 3222 Tosseim
2600 3169 2709 3234 (69)
2777 3171 3128 3231 conversata,
3191 3165 3442 3234 religiosi
3489 3165 3793 3234 cujusdam

2091 3257 2198 3310 viri
2232 3255 2300 3291 ²³ί
2353 3261 2663 3310 sustentata
2720 3255 3066 3320 elemosinis,
3117 3271 3353 3309 manum
3403 3254 3618 3308 habens
3650 3270 3793 3307 con-

2091 3351 2354 3413 tractam,
2411 3345 2565 3398 venit
2621 3345 2690 3398 ad
2746 3344 2898 3399 beati
2952 3343 3792 3414 Bernwarditumbam;quam

2093 3451 2222 3489 mox
2257 3439 2317 3488 ut
2341 3435 2550 3504 attigit,
2581 3438 2791 3503 optatae
2819 3433 3015 3486 salutis
3046 3433 3360 3486 remedium
3390 3431 3622 3486 invenit.

2168 3527 2248 3578 l8.
2279 3524 2405 3578 Fuit
2431 3540 2659 3594 quoque
2695 3522 2909 3576 Bremis
2957 3522 3164 3576 mulier
3197 3523 3443 3592 quedam
3481 3538 3594 3575 non
3626 3522 3794 3591 igno-

2091 3616 2162 3666 ιω
2195 3613 2347 3666 inter
2393 3627 2528 3665 suos
2573 3610 2890 3680 opinionis;
2939 3610 3100 3679 cujus
3149 3609 3319 3663 facies
3373 3610 3572 3664 morbo
3603 3609 3792 3679 ingra-

2091 3707 2351 3755 vescente
2402 3701 2542 3755 adeo
2594 3699 2968 3765 intumuerat,
3021 3705 3081 3753 ut
3111 3699 3336 3752 narium
3383 3703 3438 3751 et
3487 3701 3788 3752 oculorum

2091 3790 2491 3844 discretionem
2532 3804 2678 3859 pene
2727 3787 2987 3840 funditus
3019 3787 3339 3841 ademisset.
3373 3788 3629 3857 Cumque
3663 3789 3792 3842 noti

2092 3879 2214 3947 ejus
2262 3877 2413 3931 beati
2469 3877 2754 3948 pontificis
2813 3876 3128 3930 Bernwardi
3174 3875 3623 3944 compassionem
3685 3875 3794 3929 im-

2092 3968 2414 4037 plorassent
2443 3981 2617 4036 super
2635 3964 2874 4018 nimiam
2909 3963 3064 4018 illius
3088 3963 3482 4029 afﬂictionem,
3516 3970 3792 4018 voventes

2091 4072 2218 4108 eam
2276 4055 2642 4125 sepulchrum
2707 4053 2862 4106 illius
2935 4053 3313 4114 visitaturam,
3371 4052 3535 4106 dolor
3592 4053 3791 4106 statim

2089 4144 2346 4208 cessavit,
2433 4147 2490 4196 et
2555 4140 2848 4212 inopinata
2919 4140 3203 4195 celeritate
3259 4140 3473 4194 sanitas
3539 4140 3791 4212 pristina

287 4228 508 4282 brachii
558 4228 730 4282 simul
784 4215 1072 4283 debilitate
1120 4231 1392 4283 multatus
1439 4235 1540 4284 est.
1599 4230 1728 4295 Qui,
1797 4230 2048 4321 nimioD
2087 4232 2278 4286 rediit.

289 4316 482 4370 dolore
513 4321 771 4387 cogente,
805 4317 937 4371 licet
965 4334 1090 4371 sero
1117 4317 1174 4372 in
1203 4335 1261 4372 se
1308 4335 1586 4385 reversus,
1641 4323 1696 4371 et
1725 4335 1826 4371 cur
1872 4320 1980 4372 hoc

287 4408 579 4473 pateretur
609 4405 750 4459 haut
807 4407 1061 4476 ignarus,
1095 4423 1220 4460 cum
1272 4406 1658 4460 oblationibus
1689 4405 1980 4475 promissis

289 4493 357 4546 ad
387 4492 538 4546 beati
577 4493 914 4567 confessoris
940 4495 1216 4549 auxilium
1265 4495 1640 4549 invocandum
1675 4495 1756 4547 ire
1788 4495 1977 4564 coepit,

288 4581 661 4651 nondumque
720 4589 946 4652 peracto
992 4583 1216 4650 itinere,
1288 4584 1592 4654 perfectam
1647 4583 1975 4651 sospitatem

289 4669 518 4739 recepit.
555 4670 623 4722 Ut
652 4686 787 4740 ergo
819 4672 890 4724 ad
939 4672 1126 4725 locum
1168 4672 1444 4740 pervenit,
1488 4671 1584 4724 ubi
1627 4672 1806 4726 sancti
1833 4687 1978 4742 prae-

2165 4323 2250 4375 19.
2289 4320 2414 4374 Fuit
2451 4319 2591 4373 item
2622 4318 2682 4372 in
2711 4319 3012 4388 Nitelogon
3047 4319 3184 4386 ('70),
3227 4317 3324 4389 qui
3355 4323 3439 4373 est
3455 4317 3612 4372 vicus
3643 4320 3789 4373 duo-

2089 4407 2196 4461 bus
2246 4407 2564 4462 miliaribus
2607 4407 2714 4476 (7t)
2757 4423 2788 4460 a
2843 4407 3067 4460 civitate
3093 4407 3515 4462 llildenesheim
3539 4406 3788 4468 distans,

2091 4497 2282 4566 puella
2328 4496 2572 4566 quedam
2626 4497 2704 4549 ita
2760 4495 2996 4550 diversis
3028 4512 3129 4566 per
3163 4495 3626 4566 quinquennium
3658 4513 3790 4566 pas-

2088 4585 2346 4639 sionibus
2388 4590 2447 4639 et
2493 4584 2768 4639 molestiis
2811 4584 3068 4654 corporis
3107 4584 3323 4650 affecta,
3378 4589 3442 4638 ut
3473 4584 3790 4640 novissime

2087 4673 2274 4728 nervis
2319 4678 2375 4728 et
2425 4673 2697 4728 membris
2751 4689 2899 4743 pene
2945 4673 3211 4727 omnibus
3250 4676 3558 4738 contracta,
3591 4678 3650 4727 et
3675 4675 3789 4729 sibi

1693 4833 1924 4887 VARle
1976 4833 2264 4888 LECTION
2276 4833 2374 4888 ES.

357 4955 431 5040 “.9
461 4961 514 5024 3,
538 4960 592 5027 4,
632 4959 960 5040 incidunt:
1025 4962 1218 5040 Neque
1274 4961 2068 5040 hoc_reticend_um_videtur,
2121 4962 2256 5040 quia
2309 4963 2502 5040 plures
2559 4965 2672 5018 Deo
2737 4965 2945 5032 devoti,
3002 4971 3121 5021 tam
3173 4966 3279 5020 viri
3323 4983 3495 5037 quam
3547 4970 3785 5038 femine,

286 5034 566 5083 nocturne
596 5031 803 5104 quietis
834 5038 1093 5104 tempore
1132 5031 1203 5104 ad
1246 5033 1627 5104 sepulchrum
1660 5033 1807 5086 beati
1841 5033 2084 5104 presnlis
2115 5031 2434 5104 psalmodie
2467 5041 2663 5088 cantus
2693 5052 2750 5088 se
2801 5031 3026 5091 audisse
3054 5044 3111 5091 et
3158 5031 3466 5092 luminaria
3507 5031 3788 5098 divinitus

284 5115 518 5172 accensa
567 5101 770 5172 vidisse
812 5106 868 5154 et
900 5102 1029 5155 miri
1095 5101 1287 5155 odoris
1328 5101 1714 5172 'fraglanciam
1763 5103 2024 5167 sensisse,
2077 5101 2266 5158 testati
2320 5111 2470 5160 sunt.
2526 5105 2598 5142 ’⁸ο
2625 5106 2820 5161 limine
2871 5123 3009 5162 corr.
3071 5109 3272 5163 liuline
3306 5110 3491 5164 eadem
3519 5127 3688 5166 manu
3730 5118 3780 5168 l.

286 5169 353 5205 ²δ¹
395 5170 624 5224 Ekberti
653 5172 890 5225 nomine
910 5173 1070 5225 addit
1098 5175 1146 5227 3.

1917 5273 2134 5328 ΝΟΤᾸΕ.

375 5393 466 5463 67)
496 5395 561 5446 Α.
603 5393 926 5446 “02-1124.

377 5465 469 5530 68)
503 5463 759 5517 Lfihnde.

355 5533 466 5605 (69)
499 5535 558 5588 In
580 5534 702 5586 loco
755 5532 854 5587 ubi
890 5535 1007 5602 jam
1057 5533 1438 5604 Marienburg,
1497 5534 1645 5590 inter
1678 5535 1973 5590 meridiem

2085 5401 2141 5450 et
2162 5395 2438 5450 orientem
2470 5396 2754 5453 Hildesim.

2155 5467 2261 5534 (70)
2286 5467 2630 5536 Nettlingen.

2156 5537 2264 5606 (7t)
2291 5537 2656 5603 Germanicis,
2690 5538 2760 5592 ab
2780 5539 3019 5593 oriente.
