3944 6316
170 307 257 360 ivit
1270 306 1617 361 APPENDIX
1655 307 1743 361 AD
1789 308 1996 362 VITAM
2040 307 2094 363 S.
2141 308 2562 363 BEBNWARDI
3567 310 3669 363 4ὶὲ

165 432 308 481 esset
348 426 570 480 inutilis
612 430 669 480 et
715 425 832 478 suis
880 426 1207 480 efﬁceretur
1246 425 1452 496 gravis.
1504 426 1638 479 Haec
1684 426 1860 496 igitur
1888 431 1935 483 Α
1973 432 2029 481 et
2060 428 2324 495 aliorum,
2358 427 2458 500 qui
2512 427 2581 482 de
2614 428 2852 483 diversis
2896 428 3032 484 locis
3081 430 3149 483 ad
3183 430 3666 501 sollempnitatem

167 520 194 569 6
249 517 437 569 Nonas
484 515 611 569 Maii
664 514 922 568 vehiculo
986 514 1249 579 adducta,
1304 512 1544 584 criptam
1618 515 1862 568 basilicae

170 608 372 657 nostra:
403 602 742 656 difticillimo
772 603 966 656 labore
995 603 1219 656 duobus
1249 602 1445 656 innixa
1472 604 1690 657 baculis
1721 603 1861 656 irre-

168 693 293 764 psit,
330 708 393 744 ac
424 709 481 745 se
514 708 685 762 super
710 692 856 745 beati
887 691 995 744 viri
1024 692 1281 745 tumbam
1312 692 1603 745 inclinavit
1630 712 1644 758 ;
1667 692 1863 763 ibique

169 782 236 835 ab
285 781 447 834 omni
495 797 609 849 quo
654 780 951 833 laborabat
996 780 1363 834 incommodo
1406 784 1550 833 mira
1578 780 1863 835 celeritate

171 870 472 925 convaluit.
523 870 622 924 Die
665 870 927 940 sequenti
977 870 1243 923 convenit
1286 870 1639 924 incredibilis
1673 870 1865 924 multi-

172 959 302 1014 tudo
349 959 549 1030 populi
588 965 798 1012 nostrae
850 958 1109 1025 civitatis,
1158 958 1594 1030 peregrinorum
1640 975 1863 1031 quoque

1970 517 2316 571 inventionis
2365 523 2577 571 sanctas
2621 517 2802 571 crucis
2847 535 2915 571 eo
2962 518 3051 571 die
3086 520 3501 586 confluxerant,
3555 535 3669 571 non

1971 604 2196 658 modica
2243 606 2439 670 turba;
2501 613 2846 677 acceptoque
2896 606 3221 659 testimonio
3260 624 3293 660 a
3338 608 3670 676 parentibus

1973 697 2030 746 et
2058 692 2272 746 civibus
2322 695 2527 764 puellae
2568 695 2636 747 de
2687 710 2753 746 eo
2788 694 2937 765 quod
2971 694 3269 761 acciderat,
3304 696 3669 765 omnipoten-

1972 786 2086 835 tem
2116 783 2295 836 Deum
2340 783 2583 852 publicis
2638 783 2898 836 laudibus
2926 784 2986 837 in
3035 789 3229 837 sancto
3279 800 3381 836 suo
3426 784 3667 837 devotis-

1973 871 2115 924 siine
2168 872 2651 940 glorificaverunt.
2693 872 2882 925 Puella
2931 888 3062 925 vero
3111 872 3310 926 eodem
3347 873 3438 927 die
3475 874 3544 926 ad
3570 890 3673 927 sua

1973 959 2276 1013 incolumis
2299 975 2522 1013 reversa
2553 966 2636 1014 est
2664 958 2756 1014 ³⁵⁵⁸.

1582 1120 1809 1175 νΑΒΙΑΞ
1869 1120 2268 1175 LECTIONES.

239 1245 311 1278 ³⁸³
344 1244 446 1296 huc
478 1258 644 1311 usque
672 1242 836 1315 codem
860 1246 913 1315 t,
940 1243 1094 1315 foliis
1116 1245 1327 1313 aliquot
1356 1246 1542 1299 vacuis
1573 1245 1934 1299 exstantibus.
1963 1276 2030 1285 —
2061 1248 2127 1300 Ο.
2163 1250 2213 1312 3,
2244 1247 2297 1311 4,
2328 1248 2380 1312 5,
2405 1249 2484 1299 ita
2512 1251 2948 1315 prosequuntur:

239 1316 328 1387 2Q.
353 1315 450 1367 Vir
479 1314 711 1387 quidam
743 1314 812 1387 de
869 1313 1096 1367 civitate
1136 1315 1367 1387 Lubek,
1417 1315 1785 1369 Adelwardus
1838 1316 2089 1387 nomine,
2134 1317 2215 1370 ita
2269 1313 2529 1387 paralisis
2586 1313 2784 1371 morbo
2839 1318 3012 1385 longo
3053 1320 3311 1387 tempore
3361 1315 3671 1369 dissolutus

172 1385 412 1453 jacebat,
440 1391 502 1439 ut
534 1402 635 1458 nec
662 1385 719 1458 in
756 1386 898 1437 lecto
947 1386 1318 1458 semetipsum
1374 1386 1609 1456 erigere,
1645 1403 1749 1442 nec
1780 1386 1850 1440 ad
1886 1404 1948 1439 os
1999 1404 2235 1441 manum
2271 1385 2574 1458 propriam
2611 1389 2887 1457 potuisset
2934 1385 3233 1440 adducere.
3296 1388 3473 1454 Hujus
3506 1388 3670 1440 uxori

174 1456 651 1527 beatuspontifex
685 1456 1053 1509 Bernwardus
1084 1457 1144 1509 in
1192 1457 1405 1511 visione
1436 1458 1723 1527 apparuit,
1769 1474 2012 1527 eamque
2045 1462 2107 1511 ut.
2136 1475 2236 1526 pro
2263 1456 2442 1512 salute
2475 1458 2581 1511 viri
2614 1456 2913 1512 candelam
2949 1459 3110 1526 juxta
3156 1458 3577 1523 longitudinem
3609 1475 3672 1511 ac

174 1526 553 1598 latitudinem,
583 1527 871 1596 sepulchri
906 1527 993 1580 sui
1025 1527 1227 1580 factam
1274 1530 1385 1580 Deo
1434 1526 1637 1581 vovere
1683 1526 1934 1593 debere,’
1960 1529 2206 1582 edocuit.
2241 1534 2311 1582 At
2341 1530 2437 1582 illa
2469 1530 2536 1582 de
2567 1545 2808 1598 sompno
2863 1528 3139 1597 evigilans
3187 1535 3243 1581 et
3274 1528 3546 1582 visionem
3580 1545 3669 1581 re-

171 1603 438 1663 tractans,
500 1597 627 1650 ilico
661 1598 923 1663 surrexit,
976 1603 1032 1651 et
1077 1603 1383 1667 assumptis
1428 1599 1649 1652 duabus
1688 1599 1933 1664 feminis,
1993 1600 2054 1652 in
2111 1601 2389 1653 vestibulo
2422 1600 2627 1653 domus
2660 1597 2759 1652 sue
2808 1600 2930 1652 solo
2972 1599 3373 1668 prosternitur,
3425 1606 3671 1667 postque

174 1668 497 1741 oracionem
531 1672 587 1721 et
632 1674 827 1741 votum
848 1668 1205 1741 promissum
1238 1670 1309 1723 ad
1354 1669 1626 1723 maritum
1675 1686 1900 1741 reversa
1931 1676 2049 1741 est;
2096 1670 2424 1741 invenitque
2458 1687 2588 1723 eum
2630 1687 2732 1740 pro
2764 1677 3097 1739 recuperata
3119 1669 3241 1737 jam
3284 1670 3523 1722 sanitate
3561 1671 3669 1723 Deo

174 1740 395 1809 gracias
428 1742 712 1811 agentem.
755 1739 861 1802 Qui
895 1739 964 1793 ab
995 1739 1093 1793 illa
1141 1741 1279 1793 hora
1326 1744 1442 1793 tam
1476 1742 1644 1810 plene
1699 1740 2003 1806 convaluit,
2061 1747 2271 1795 utnon
2312 1739 2478 1809 longe
2524 1739 2653 1811 post
2705 1742 2773 1795 ad
2816 1748 3009 1794 votum
3055 1740 3495 1811 persolvendum
3543 1757 3672 1795 cum

174 1826 350 1865 uxore
381 1810 563 1863 sancti
594 1809 698 1863 viri
730 1811 1097 1880 sepulchrum
1124 1811 1395 1874 visitaret,
1430 1809 1491 1864 ac
1525 1812 1731 1881 patrati
1764 1829 1820 1863 se
1855 1811 2112 1865 miraculi
2147 1813 2355 1866 relator
2380 1809 2732 1866 certissimus
2761 1812 3051 1865 existeret.

238 1885 326 1935 21.
362 1882 489 1933 Alio
533 1897 763 1951 quoque
813 1888 1071 1950 tempore
1113 1882 1232 1950 jam
1272 1882 1405 1934 dii-ti
1463 1882 1888 1951 patri~familias
1940 1882 2088 1936 filius
2124 1884 2309 1936 adhuc
2367 1883 2705 1946 infantulus,
2752 1883 3049 1950 cujusdam
3100 1881 3265 1936 molis
3304 1882 3551 1951 desuper
3580 1898 3673 1933 ve-

174 1952 389 2006 nientis
420 1951 589 2004 ruina
618 1967 925 2020 oppressus
973 1957 1143 2022 atque
1197 1953 1496 2017 contritus,
1550 1970 1679 2006 cum
1722 1955 1841 2021 jam
1892 1969 2039 2023 pene
2089 1954 2380 2007 videretur
2410 1955 2710 2019 exanimis,
2749 1953 3097 2023 ejulabunda
3147 1960 3329 2006 mater
3378 1953 3441 2005 sd
3488 1952 3670 2004 sancti

178 2023 502 2077 Bernwardi
549 2023 928 2092 patrocinium
966 2023 1255 2093 confugit;
1290 2039 1392 2076 nec
1431 2040 1528 2093 spe
1560 2040 1661 2077 sua
1693 2024 1959 2078 frustrata
1990 2029 2092 2077 est.
2125 2026 2264 2079 Nam
2310 2025 2581 2078 continuo
2628 2032 2757 2093 post
2786 2022 2999 2093 preces
3030 2030 3085 2076 et
3137 2023 3400 2077 lacrimas
3452 2022 3576 2091 ejus
3599 2023 3669 2076 ad

178 2096 356 2149 Deum
387 2094 562 2163 fusas,
591 2094 695 2147 sub
719 2093 1089 2148 invocacione
1137 2092 1315 2148 Sancti
1361 2092 1605 2164 presulis
1633 2111 1778 2165 puer
1823 2102 2117 2165 tamquam
2167 2097 2236 2150 ab
2283 2095 2425 2166 ipsis
2474 2092 2672 2149 mortis
2725 2092 2982 2149 faucibus
3035 2103 3286 2165 ereptus,
3342 2093 3456 2169 vite
3483 2092 3670 2147 reddi-

175 2169 262 2218 tus
285 2170 390 2217 est.

239 2239 331 2289 2'2.
367 2235 523 2289 Miles
565 2234 798 2305 quidam
850 2234 1209 2290 Herebordus
1238 2235 1307 2289 de
1338 2234 1471 2288 villa
1515 2236 1809 2289 Horhusen
1842 2236 1919 2306 (al
1974 2235 2196 2290 diutina
2226 2236 2555 2290 infirmitate
2600 2242 2997 2305 consumptus,
3031 2236 3098 2290 ad
3159 2239 3410 2289 extrema
3466 2250 3673 2303 perve-

174 2311 351 2360 nerat.
395 2306 665 2375 Cognatis
722 2311 912 2359 autem
944 2311 999 2358 et
1029 2307 1226 2360 amicis
1279 2306 1433 2359 illius
1490 2323 1591 2376 pro
1625 2307 1932 2360 amissione
1965 2307 2243 2361 carissimi
2293 2309 2379 2361 sui
2428 2307 2673 2361 nimium
2722 2308 3068 2373 dolentibus,
3118 2307 3378 2360 sacerdos
3416 2306 3674 2373 ejusdem

174 2378 281 2430 loci
312 2377 623 2445 suggessit,
667 2382 728 2431 ut
760 2394 862 2447 pro
894 2394 960 2429 eo
1015 2377 1395 2446 patrocinium
1444 2377 1595 2434 beati
1645 2378 1961 2431 Bernwardi
2015 2378 2415 2448 implorarent,
2450 2386 2643 2431 votum
2697 2379 2988 2439 facientes,
3026 2384 3087 2431 ut
3121 2378 3167 2431 si
3204 2378 3315 2431 vite
3364 2376 3587 2448 restitui
3618 2382 3674 2430 et

173 2449 417 2502 salutem
450 2449 720 2516 consequi
771 2448 1067 2517 potuisset,
1105 2449 1174 2501 ad
1222 2449 1589 2513 sepulchrum
1633 2450 1809 2501 sancti
1854 2448 2032 2503 laneis
2082 2447 2317 2503 indutus
2357 2458 2413 2503 et
2456 2449 2831 2513 discalciatus,
2888 2450 2957 2503 de
3006 2450 3178 2503 domo
3213 2465 3315 2501 sua
3368 2447 3668 2515 incipiens,

172 2519 708 2589 venirerdebuisset.
739 2520 1017 2573 Omnibus
1037 2534 1172 2585 ergo
1205 2518 1260 2572 id
1303 2519 1546 2573 fideliter
1575 2519 1926 2586 voventibus,
1979 2535 2113 2583 eger
2165 2521 2368 2573 melius
2426 2520 2635 2573 habere
2680 2522 2862 2589 cepit;
2896 2527 2953 2572 et
3000 2518 3427 2589 proficientibus
3473 2520 3671 2571 melio-

174 2588 423 2643 racionis
445 2606 543 2643 sue
592 2590 935 2657 augmentis,
970 2590 1027 2643 in
1061 2590 1217 2642 brevi
1244 2591 1314 2642 ad
1355 2591 1585 2659 plenum
1619 2590 1922 2643 convaluit.
1960 2590 2064 2653 Qui
2092 2593 2460 2660 postmodum
2496 2588 2942 2644 alterius’cause
2990 2588 3279 2642 occasione
3311 2590 3672 2643 Bruneswich

174 2661 402 2714 civitate
433 2660 762 2726 consistens,
796 2678 859 2714 ex
899 2661 1095 2714 eodem
1130 2661 1247 2713 loco
1287 2661 1356 2713 ad
1402 2661 1842 2730 persolvendum
1895 2659 2104 2713 votum,
2136 2661 2245 2714 iter
2285 2660 2549 2730 arripuit,
2598 2678 2664 2713 eo
2710 2662 2860 2730 quod
2895 2661 3170 2713 brevioris
3210 2660 3298 2712 vie
3329 2659 3671 2727 compendio

178 2748 333 2798 usus,
356 2731 413 2784 in
445 2732 790 2784 ambulando
839 2731 1028 2785 minus
1074 2737 1216 2784 esset
1266 2732 1643 2785 Iaboratnrus.
1684 2731 2024 2785 Perveniens
2060 2731 2255 2801 itaque
2303 2732 2372 2785 ad
2422 2731 2709 2785 civitatem
2760 2731 3369 2797 Hildensemmensem,
3422 2730 3673 2799 graviter

176 2802 461 2856 inﬁrmari
493 2802 663 2872 cepit.
706 2803 810 2857 Sed
838 2807 1029 2856 tamen
1061 2808 1287 2872 ceptum
1324 2802 1638 2869 adimplere
1667 2802 2016 2864 desiderans,
2071 2802 2364 2856 ecclesiam
2414 2803 2593 2855 sancti
2633 2803 2939 2866 Michaelis,
2972 2802 3031 2854 in
3075 2819 3189 2872 qua
3221 2808 3447 2853 sanctus
3477 2801 3672 2869 presul

177 2872 504 2942 requiescit,
538 2874 799 2942 expeciit,
853 2890 866 2939 ;
900 2874 995 2926 sed
1028 2880 1160 2927 ante
1192 2873 1400 2925 atrium
1435 2874 1667 2926 ecclesie
1699 2879 1993 2940 tamquam
2022 2873 2092 2927 ab
2123 2875 2317 2944 aliquo
2351 2873 2633 2942 impulsus
2661 2874 2893 2927 corruit.
2944 2874 3039 2928 His
3070 2877 3264 2926 autem
3298 2872 3397 2944 qui
3427 2872 3669 2944 comita-

178 2945 391 2997 bantur
420 2960 550 2996 eum
581 2944 1139 3013 apprehendentibus
1189 2952 1361 3013 atque
1395 2944 1733 2998 ducentibus
1776 2952 1835 2997 ut
1883 2944 1949 2997 ad
1975 2943 2488 3013 januam’basilice
2538 2949 2770 2997 ventum
2819 2949 2919 3004 est,
2964 2945 3200 2998 horrore
3246 2943 3424 2996 nimio
3454 2943 3668 3011 percul-

178 3032 271 3068 sus
304 3020 361 3067 et
392 3031 596 3085 pavore
620 3017 768 3068 inter
802 3032 1001 3067 manus
1033 3031 1232 3068 eorum
1265 3016 1547 3085 collapsus
1577 3021 1681 3079 est,
1712 3031 1816 3068 nec
1848 3016 1965 3085 ullo
2007 3019 2175 3068 modo
2209 3032 2504 3085 assurgere
2552 3021 2652 3069 aut
2682 3015 2931 3068 intrandi
2958 3014 3253 3068 ecclesiam
3285 3015 3432 3067 vires
3462 3013 3670 3066 habere

177 3085 604 3157 potuit,usque
627 3087 765 3157 dum
802 3086 1027 3154 publica
1070 3084 1429 3139 confessione,
1455 3086 1720 3139 omnibus
1763 3084 1862 3155 qui
1891 3086 2146 3153 aderant,
2181 3103 2284 3156 pro
2312 3084 2423 3157 quo
2462 3092 2617 3140 reatu
2667 3087 2771 3140 hac
2809 3102 2977 3157 pena
3006 3088 3365 3157 multaretur,
3400 3085 3667 3154 aperiret.

176 3156 441 3227 Receptis
480 3173 615 3223 ergo
648 3156 881 3227 viribus,
913 3157 982 3209 ad
1022 3173 1122 3208 sua
1163 3162 1468 3218 revertens,
1512 3162 1569 3209 et
1596 3157 1731 3211 inde
1779 3157 2113 3227 procedens,
2147 3158 2264 3211 voti
2317 3156 2405 3211 sui
2455 3158 2712 3211 ordinem
2763 3163 2921 3211 tanto
2959 3156 3080 3226 jam
3136 3156 3421 3223 devocior,
3457 3158 3670 3222 quanto

178 3228 374 3282 divino
409 3227 624 3297 [divine
658 3228 710 3297 3]
741 3228 972 3280 verbere
1002 3227 1304 3288 erudicior,
1337 3228 1603 3297 explevit.

248 3301 336 3353 23.
378 3295 634 3352 Matrona
676 3295 919 3368 quedam
973 3298 1308 3363 Bremensis,
1359 3295 1424 3351 in
1466 3297 1800 3352 infirmitate
1840 3297 2049 3368 posita,
2084 3297 2228 3352 vidit
2277 3298 2540 3352 assistere
2585 3298 2692 3351 sibi
2733 3299 3017 3368 quendam
3061 3296 3353 3350 reverendi
3392 3297 3579 3348 vultus
3608 3295 3669 3348 in

183 3369 387 3423 habitu
419 3370 773 3434 sacerdotali,
813 3369 1259 3437 interrogantem
1306 3385 1453 3435 eam,
1502 3377 1836 3423 utrumnam
1856 3374 2191 3431 agnosceret
2232 3386 2402 3439 quem
2436 3369 2767 3438 aspiciebat.
2812 3369 2930 3432 Que
2984 3370 3355 3437 respondens,
3411 3372 3473 3419 ut
3516 3372 3672 3439 pote-

178 3446 267 3493 rat
296 3469 368 3480 —
389 3441 476 3492 vix
508 3441 659 3493 enim
684 3440 743 3493 in
766 3442 886 3493 solo
919 3446 1143 3510 pectore
1175 3441 1356 3494 vitalis
1385 3440 1620 3509 spiritus
1673 3441 1979 3493 anhelabat
2006 3468 2074 3479 —
2106 3437 2263 3505 dixit,
2306 3456 2437 3493 eum
2486 3437 2592 3492 sibi
2623 3456 2852 3508 prorsus
2900 3439 3252 3510 incognitum
3300 3454 3441 3510 esse.
3476 3440 3546 3510 At
3574 3437 3668 3510 ille

179 3511 597 3579 benignissimo
650 3512 844 3572 affatu,
901 3506 1050 3581 quod
1097 3511 1216 3581 ipse
1248 3506 1811 3565 essetVBernwardus
1864 3510 2406 3565 [lildensemmensis
2455 3506 2774 3579 episcopus,
2828 3509 3235 3581 indicavit;et,
3292 3509 3426 3581 quia
3471 3506 3669 3581 salutis

176 3599 347 3635 causa
380 3581 715 3645 advenisset,
749 3579 1005 3636 asseruit.
1046 3579 1381 3635 Animonuit
1409 3583 1611 3644 eciam,
1644 3587 1708 3635 ut
1739 3582 1808 3634 ad
1838 3581 2203 3649 sepulchrum
2259 3581 2437 3650 ipsius
2466 3586 2821 3635 nummatam
2850 3580 2965 3633 vini
2992 3580 3069 3649 (ὁ)
3108 3580 3178 3633 ad
3220 3579 3667 3633 celebracionem

178 3652 503 3717 missarum,
553 3660 888 3722 recuperata
917 3653 1175 3719 sanitate,
1222 3653 1470 3720 offerret,
1504 3658 1675 3722 atque
1719 3653 1827 3706 hoc
1871 3653 2021 3705 dicto
2074 3653 2371 3721 disparuit.
2417 3652 2615 3705 Mulier
2641 3668 2796 3717 vero,
2844 3668 2955 3722 que
2987 3651 3159 3704 morti
3197 3651 3378 3703 vicina
3420 3650 3668 3722 putaba—

173 3728 269 3777 tur
299 3753 365 3764 —
398 3740 530 3776 nam
563 3720 995 3792 solo‘prostrata
1023 3740 1176 3776 more
1213 3725 1468 3777 fidelium
1502 3740 1566 3777 ex
1582 3720 1698 3776 hac
1728 3724 1838 3776 vita
1868 3720 2245 3793 migi‘anciUm
2272 3724 2530 3793 jacuerat
2566 3751 2626 3763 —
2676 3720 2904 3791 erigens
2944 3739 3001 3775 se
3022 3722 3332 3791 paulisper,
3384 3720 3666 3785 omnibus,

175 3794 275 3862 qui
307 3795 377 3847 ad
410 3795 589 3847 exitus
629 3795 750 3862 ejus
802 3796 1261 3863 expectacionem
1307 3801 1709 3858 convenerant,
1762 3794 2038 3847 visionem
2080 3795 2403 3857 enarravit;
2448 3801 2617 3864 atque
2663 3794 2733 3847 ab
2765 3795 2967 3848 eadem
3015 3794 3153 3847 hora
3186 3794 3339 3845 salva
3383 3793 3534 3864 facta
3565 3796 3664 3845 est.

175 3866 544 3918 Postmodum
573 3865 806 3919 visitans
838 3868 1203 3935 sepulchrum
1253 3866 1452 3929 sancti,
1486 3866 1843 3918 oblacionem
1901 3865 2277 3936 prescriptam
2327 3863 2573 3920 fideliter
2619 3865 2844 3932 obtulit,
2888 3864 3128 3934 aliisque
3181 3863 3542 3936 fidelibusad
3583 3878 3669 3915 se-

174 3937 461 4004 quendam
496 3936 892 4006 hujuscemodi
923 3936 1290 3991 devocionem
1325 3938 1587 4006 exemplo
1615 3936 1747 3991 fuit.
1789 3935 1927 3990 Nam
1962 3935 2137 3988 multi
2157 3946 2352 4005 postea
2382 3943 2495 3990 tam
2531 3937 2687 4004 pium
2724 3937 2934 3991 factum
2992 3936 3305 3998 imitantes,
3355 3935 3669 4004 suifragan-

173 4007 327 4062 tibus
357 4007 575 4061 meritis
612 4008 763 4062 beati
796 4008 1138 4073 Bernwardi,
1172 4025 1204 4061 a
1237 4008 1408 4061 variis
1437 4008 1811 4077 languoribus
1835 4013 1890 4060 et
1910 4006 2333 4061 calamitatibus
2364 4015 2498 4061 sunt
2527 4007 2772 4061 liberati.

1054 4106 1155 4159 Hic
1175 4106 1298 4165 ﬁnis
1318 4105 1559 4158 codicum
1587 4104 1642 4171 4,
1668 4108 1717 4158 5.
1751 4104 1969 4172 Adjicit
1992 4105 2268 4172 scriptura
2286 4105 2450 4172 paulo
2478 4106 2677 4157 minori
2697 4107 2726 4159 3
2752 4120 2765 4158 :

243 4183 333 4237 24.
365 4182 520 4236 Miles
548 4182 782 4251 quidam
814 4183 883 4237 de
914 4184 1117 4237 ducatu
1160 4184 1590 4238 Mekelenborch
1633 4186 1789 4238 febre
1835 4183 2040 4237 acriter
2084 4190 2402 4252 correptus,
2453 4183 2524 4236 ad
2565 4182 3023 4239 exhortacionem
3069 4182 3397 4251 aliquorum
3444 4196 3670 4234 ammo—

174 4252 352 4315 nitus,
389 4259 447 4305 ut
477 4261 670 4307 sancto
709 4256 1060 4317 Bernwardo,
1092 4255 1677 4309 Hildenesemensium
1726 4265 1992 4324 patrono,
2024 4261 2213 4307 votum
2256 4255 2486 4317 faceret,
2530 4259 2586 4307 et
2616 4254 2737 4307 sine
2784 4253 2958 4307 dubio
3006 4254 3329 4324 relevamen
3364 4255 3419 4304 et
3459 4252 3669 4304 sanita-

172 4328 292 4378 tem
323 4324 575 4396 recipere
605 4342 719 4378 non
755 4326 1064 4390 dubitaret,
1097 4326 1339 4379 faciliter
1375 4326 1698 4396 acquievit;
1731 4323 1801 4378 iet
1832 4331 1961 4378 voto
1995 4324 2158 4389 facto,
2186 4342 2313 4378 mox
2367 4330 2426 4377 ut
2464 4324 2633 4378 verba
2666 4324 2734 4378 de
2782 4327 2906 4393 ejus
2951 4339 3054 4396 ore
3097 4323 3380 4396 exierunt,
3438 4329 3671 4396 sanatus

176 4399 300 4457 est;
336 4396 394 4447 in
427 4392 589 4464 cujus
617 4396 845 4449 evidens
890 4396 1282 4449 testimonium
1332 4392 1488 4450 misit
1530 4397 1681 4450 idem
1731 4396 1893 4449 miles
1941 4396 2223 4450 ﬂorenum
2266 4411 2502 4449 aureum
2548 4411 2651 4464 per
2679 4392 2825 4449 duos
2865 4394 3184 4448 sacerdotes
3223 4392 3293 4446 ad
3343 4394 3670 4464 sepulcrum

172 4466 351 4519 sancti
374 4466 653 4530 presulis;
686 4484 796 4536 que
826 4468 1079 4536 predicta
1109 4468 1188 4521 sic
1219 4468 1544 4534 contigisse,
1568 4467 1810 4521 fideliter
1839 4466 2021 4519 testati
2065 4470 2215 4520 sunt.

243 4538 638 4608 25.7Rusticus
693 4535 871 4591 eciam
923 4539 1154 4608 quidam
1202 4540 1269 4593 de
1321 4538 1529 4592 diocesi
1576 4539 2063 4608 Hildenesemensi
2110 4553 2242 4590 cum
2290 4536 2387 4589 diu
2437 4536 2832 4608 febriscitaret,
2878 4551 3086 4608 aquam
3149 4535 3218 4588 de
3256 4535 3454 4588 tumba
3494 4536 3671 4608 sancti

172 4607 418 4679 presulis
442 4607 554 4679 sibi
583 4608 772 4663 atferri
796 4606 985 4677 peciit,
1016 4626 1189 4677 quam
1220 4626 1347 4663 mox
1381 4617 1440 4664 ut
1466 4609 1659 4664 bibere
1690 4608 1859 4679 cepit,
1896 4607 2068 4662 febris
2092 4608 2382 4673 abscessit,
2420 4612 2477 4661 et
2516 4613 2644 4678 post
2672 4607 2837 4661 illum
2868 4607 3023 4661 diem
3072 4623 3191 4662 non
3236 4606 3578 4678 comparuit,
3617 4611 3673 4660 et

175 4683 237 4732 ut
266 4677 390 4748 ipse
421 4677 587 4744 dixit,
617 4681 674 4732 in
698 4679 938 4733 sanitate
967 4681 1364 4751 perseveravit.

242 4778 320 4838 (a)
351 4774 457 4838 Ita,
485 4776 539 4832 4.
569 4775 633 4840 5;
656 4778 685 4829 3
709 4775 768 4828 in
791 4777 915 4831 loco
947 4793 1074 4830 raso
1094 4778 1344 4831 hornsen.
1377 4807 1443 4814 —
1469 4776 1594 4829 Non
1617 4780 1701 4829 est
1722 4778 1871 4831 Hor-

2055 4773 2130 4845 (b)
2160 4773 2224 4828 Id
2261 4780 2346 4831 est
2372 4774 2624 4845 pretium
2652 4773 2791 4828 vini.

172 4860 301 4898 sum
333 4860 514 4915 prope
542 4846 747 4900 Alfeld.
