3944 6304
286 308 386 360 443
1241 305 1537 361 ALI‘ERTI
1578 308 1631 361 S.
1671 305 2138 361 SYMPHORIANI
2184 307 2477 360 METENS.
2509 303 2818 360 MONACI].

283 450 651 460 —._—-———.

3683 308 3748 359 44
3759 308 3790 358 «ἃ

3111 447 3610 454 “-—._..—.___—.-_
3619 447 3676 452 -ο
3699 445 3737 452 -ο

1622 580 1780 619 CIRCA
1811 580 1999 620 ANNUM
2034 580 2222 619 DOMINI
2257 579 2459 630 MXXIV.

1434 747 2613 894 ALPERTUS

1141 957 1782 1063 SYMPHORIANI
1841 994 2308 1059 METENSIS
2373 992 2908 1058 MONACHUS.

1809 1167 2258 1176 .———-——-—_——_

547 1290 635 1374 S.
716 1287 1230 1375 NOTITIA
1302 1287 1460 1373 DE
1542 1284 2121 1374 ALPERTO
2208 1287 2355 1370 ET
2439 1286 2735 1371 EJUS
2821 1284 3504 1379 OPERIBUS.

894 1451 1082 1523 (Apud
1106 1454 1290 1518 Pertz,
1319 1455 1660 1506 Monumenta
1689 1452 1988 1507 Germaniae
2020 1450 2300 1515 historica,
2330 1449 2532 1520 Script.
2559 1454 2696 1503 tom.
2733 1450 2820 1517 ιν,
2845 1466 2980 1520 pag.
3006 1450 3154 1520 696.)

347 1731 633 1801 Alpertus,
686 1729 981 1801 Sigeberto
1044 1733 1276 1785 auctore
1328 1729 1399 1801 (1)
1449 1728 1630 1783 sancti
1685 1728 1964 1800 Sympho-
1995 1729 2040 1780 A
2077 1723 2442 1796 imperatoris
2497 1728 2628 1778 ante
2678 1725 2876 1779 oculus
2941 1724 3180 1780 haberet
3230 1727 3370 1795 (12),
3416 1726 3532 1796 {res
3587 1727 3788 1796 potius

276 1818 426 1873 riani
469 1818 734 1874 Metensis
781 1819 1113 1886 monachus,
1167 1819 1374 1872 saeculo
1418 1835 1474 1872 x1
1521 1818 1774 1883 ineunte,
1827 1817 1970 1872 duos

275 1907 501 1962 libellos
533 1908 880 1980 composuit,
914 1909 1161 1962 alterum
1193 1909 1261 1963 de
1291 1907 1574 1979 episcopis
1604 1906 1967 1972 Metensibus,

277 1997 649 2051 Constantino
675 1997 869 2050 abbati
908 2001 985 2066 (2)
1015 1997 1377 2066 inscriptum,
1409 1997 1570 2066 cujus
1601 1996 1756 2067 quod
1790 2011 1969 2049 unum

275 2089 458 2138 exstat
485 2084 872 2155 fragmentum
912 2083 984 2155 (3)
1034 2085 1103 2138 de
1149 2083 1456 2138 Deoderico
1488 2083 1773 2155 praecipue
1805 2083 1967 2153 agit;

275 2174 540 2238 alterum,
573 2189 745 2243 quem
787 2174 864 2227 De
911 2172 1236 2227 diversitate
1277 2178 1580 2243 tenporum
1627 2172 1868 2237 vocavit,
1903 2171 1970 2225 ad

276 2261 665 2316 Burchardum
721 2261 1197 2317 Wormatiensem
1245 2265 1580 2332 episcopum
1626 2263 1722 2330 (4).
1778 2260 1971 2315 Priore

275 2346 542 2416 quaedam
591 2350 908 2398 memoratu
957 2346 1288 2417 dignissima
1321 2347 1389 2400 ad
1446 2345 1744 2398 historiam
1791 2362 1971 2398 anno-

275 2449 406 2488 rum
456 2435 696 2488 978-981
737 2433 1004 2488 facientia
1047 2434 1238 2503 tradit,
1301 2450 1430 2505 quae
1464 2450 1495 2487 a
1539 2434 1660 2488 viro
1703 2433 1763 2488 in
1814 2434 1971 2488 obse-

278 2522 429 2594 quiis
464 2522 757 2576 Deoderici
788 2523 810 2576 Ι
839 2522 1098 2592 episcopi
1147 2523 1439 2593 quondam
1479 2523 1704 2577 assiduo
1743 2538 1972 2592 compe-

278 2615 432 2666 rerat
462 2611 567 2682 (5);
625 2611 695 2665 de
745 2611 1106 2666 Adalberone
1137 2611 1185 2665 II
1229 2615 1285 2665 et
1330 2611 1673 2666 Theoderico
1715 2611 1764 2666 II
1795 2628 1976 2682 pauca

279 2704 503 2754 tantum
558 2700 734 2768 addit,
785 2717 914 2772 quas
965 2705 1227 2755 nostrum
1255 2717 1320 2754 ex
1363 2701 1626 2772 partibus
1671 2701 1976 2756 Adelbero-

278 2789 366 2841 nis
391 2789 465 2844 ΙΙΙ
497 2794 555 2843 et
581 2789 914 2844 Theoderici
958 2789 1116 2844 ducis
1155 2795 1353 2844 contra
1401 2791 1814 2845 Theodericum
1853 2790 1974 2862 epi-

279 2893 516 2948 scopum
543 2877 787 2945 stetisse,
833 2879 1078 2949 ideoque
1103 2883 1234 2932 ante
1264 2895 1481 2934 annum
1519 2882 1652 2935 1017
1685 2879 1975 2951 scripsisse

2078 1814 2388 1884 provincias
2415 1829 2590 1883 quam
2641 1813 2872 1884 imperii
2920 1815 3269 1869 enarrandas
3301 1815 3410 1870 sibi
3452 1815 3785 1886 proposuit.

2082 1902 2342 1957 Narravit
2377 1902 2556 1972 igitur
2601 1918 2730 1972 quas
2777 1907 2876 1956 aut
2928 1902 3049 1972 ipse
3100 1908 3366 1974 expertus
3413 1905 3604 1959 fuerat
3669 1905 3788 1976 (13)

2082 1996 2179 2046 aut
2207 2007 2241 2045 a
2285 1989 2420 2044 viris
2466 1989 2565 2060 qui
2613 1990 2724 2060 ipsi
2769 1990 2880 2045 ﬁde
2929 1991 3089 2062 digni
3137 1992 3479 2048 videbantur
3518 1994 3790 2048 audierat

2083 2079 2214 2149 (14),
2250 2095 2338 2132 res
2392 2082 2650 2147 tempore
2702 2079 2957 2134 Ausfridi
2995 2086 3051 2134 et
3088 2081 3390 2136 Adalboldi
3438 2082 3498 2135 in
3549 2082 3787 2137 diceeesi

2080 2167 2426 2238 Trajectensi
2456 2171 2664 2237 gestas,
2713 2168 2870 2221 nullo
2909 2169 3158 2240 partium
3189 2171 3377 2224 studio
3409 2169 3521 2241 (15)
3555 2172 3788 2237 ductus,

2082 2262 2141 2311 at
2192 2255 2252 2310 in
2286 2255 2548 2310 homines
2577 2255 2872 2325 improbos
2903 2261 2958 2312 et
2995 2258 3240 2312 nefarios
3271 2259 3477 2313 acriter
3502 2259 3784 2313 invectus.

2081 2346 2249 2400 Libro
2307 2345 2495 2415 primo
2545 2346 2614 2399 de
2663 2345 2831 2398 rebus
2870 2345 3145 2412 Ansfridi,
3198 2347 3446 2402 secundo
3487 2347 3556 2401 de
3609 2347 3788 2401 rebus

2081 2435 2381 2488 Adalboldi
2412 2434 2666 2505 episcopi
2694 2435 2832 2506 agit.
2881 2436 3120 2506 Scripsit
3168 2453 3321 2490 anno
3357 2440 3480 2492 1021
3529 2436 3644 2508 (16)
3680 2453 3786 2490 au-

2088 2526 2244 2588 1022,
2285 2523 2552 2578 defuncto
2597 2525 2719 2594 jam
2771 2525 3064 2579 Balderico
3107 2524 3245 2594 (17),
3295 2526 3390 2579 sed
3423 2525 3660 2579 ecclesia
3687 2541 3786 2579 ca-

2083 2613 2327 2668 thedrali
2360 2613 2706 2682 Trajectensi
2735 2615 2993 2668 nondum
3029 2619 3357 2668 consecrata
3389 2614 3525 2685 (18).

2155 2704 2324 2758 Liber
2348 2704 2420 2758 ad
2449 2702 2878 2773 intelligendam
2903 2707 3068 2757 terra:
3099 2703 3254 2757 illius
3287 2702 3583 2756 historiam
3615 2702 3783 2757 valde

2089 2793 2258 2857 utilis,
2316 2809 2433 2846 una
2499 2808 2629 2846 cum
2676 2791 2914 2845 historia
2974 2791 3373 2863 episcoporum
3441 2791 3782 2847 Metensium

2086 2882 2294 2935 saeculo
2328 2897 2383 2934 x1
2414 2881 2473 2934 in
2500 2897 2706 2934 manus
2751 2881 3031 2950 Sigeberti
3078 2881 3515 2947 Gemblacensis,
3560 2880 3621 2935 in
3657 2896 3785 2934 mo—

279 2965 607 3036 indigitant.
653 2966 836 3032 Liber,
869 2967 1188 3037 catalogum
1209 2969 1609 3038 episcoporum
1638 2967 1970 3022 Metensium
2008 2986 2046 3038 B
2086 2971 2334 3025 nasterio
2371 2970 2427 3025 S.
2481 2969 2766 3024 Vincentii
2814 2969 2972 3024 Metis
3039 2969 3266 3038 morati,
3329 2969 3556 3025 devenit
3609 2973 3666 3024 et
3711 2969 3786 3023 ab

281 3059 474 3108 sancto
523 3054 804 3109 Clementi
854 3057 1146 3108 ostensum
1196 3061 1444 3122 secutus,
1503 3057 1799 3126 Alpertum
1866 3056 1970 3110 ali-

281 3137 509 3208 quando
549 3137 608 3190 in
650 3136 881 3190 Metensi
931 3137 1157 3192 dioecesi
1204 3144 1489 3193 versatum
1547 3140 1811 3210 cleroque
1858 3142 1974 3195 Me-

279 3224 429 3279 tensi
485 3224 796 3295 ascriptum
825 3225 1000 3280 fuisse
1045 3226 1251 3296 probat
1301 3227 1397 3298 (6),
1447 3244 1551 3282 nec
1597 3234 1788 3283 tamen
1819 3229 1977 3284 Metis

280 3311 632 3383 conscriptus
664 3317 768 3378 est,
816 3329 945 3367 cum
978 3313 1350 3368 Constantino
1390 3315 1580 3370 abbati
1611 3317 1858 3371 directus
1898 3318 1975 3391 (7)

280 3417 394 3455 non
433 3407 629 3455 autem
660 3402 884 3456 oblatus
932 3419 1052 3457 esse
1096 3403 1334 3459 dicatur.
1385 3405 1545 3460 Certe
1577 3405 1752 3461 libros
1783 3409 1859 3462 De
1888 3409 1976 3462 di-

279 3489 543 3544 versitate
585 3495 912 3562 temporum
960 3492 1228 3563 Alpertus
1275 3493 1513 3548 minime
1555 3495 1715 3549 Metis
1746 3497 1842 3567 (8).
1879 3498 1976 3552 sed

285 3578 344 3630 in
377 3577 605 3632 dinacesi
656 3578 1024 3649 Trajectcnsi,
1063 3581 1226 3650 cujus
1278 3583 1427 3635 clero
1477 3583 1580 3636 sub
1626 3583 1889 3639 Ausfrido
1921 3591 1979 3640 et

286 3666 604 3721 Adalboldo
647 3667 931 3738 episcopis
975 3669 1252 3739 ascriptus
1284 3670 1468 3724 fuerat
1498 3670 1590 3742 (9),
1631 3671 1692 3726 in
1741 3675 1978 3729 ecclesia

281 3760 379 3808 aut
429 3755 774 3810 monasterio
823 3773 853 3809 e
902 3756 1133 3811 sinistra
1182 3758 1368 3812 Rheni
1419 3760 1531 3828 (10)
1577 3761 1704 3827 sito,
1737 3763 1979 3834 Trajecti

283 3844 519 3898 fortasse
548 3845 656 3913 (11)
697 3847 797 3898 aut
841 3845 1173 3916 Noviomagi
1211 3862 1483 3916 praesens,
1529 3851 1846 3920 composuit
1877 3870 1891 3918 ;
1921 3856 1979 3907 et

283 3949 414 3986 cum
450 3933 752 3988 Adalboldi
797 3934 1050 4005 episcopi
1094 3935 1303 3989 librum
1352 3935 1422 3990 de
1452 3939 1626 4008 gestis
1657 3940 1904 3995 Heinrici
1929 3942 1979 3995 II

2082 3054 2204 3126 ipso
2235 3055 2546 3127 exscriptus
2593 3059 2701 3126 (19)
2744 3062 2846 3112 est.
2886 3059 3026 3112 Usus
3056 3064 3140 3112 est
3172 3059 3500 3131 Sigebertus
3546 3059 3788 3112 fortasse

2087 3145 2289 3200 eodem
2340 3145 2554 3212 codice,
2589 3161 2762 3216 quem
2787 3147 2911 3216 jam
2959 3147 3224 3201 manibus
3278 3153 3423 3215 tero,
3474 3147 3642 3202 unico
3668 3149 3786 3202 sal-

2089 3239 2203 3289 tem
2237 3233 2335 3306 qui
2364 3234 2612 3304 supersit
2658 3240 2715 3288 et
2769 3251 2940 3306 quem
2971 3251 3004 3288 a
3026 3237 3275 3291 Roberto
3329 3237 3791 3291 Verboeckhorst

2086 3322 2393 3393 praeposito
2444 3322 2500 3377 S.
2552 3322 2798 3393 Ludgeri
2848 3323 3314 3378 Helmstadiensis
3362 3325 3470 3379 sibi
3505 3325 3786 3380 traditum

2089 3411 2367 3466 Eccardus
2419 3411 2479 3464 in
2527 3411 2774 3482 Corpore
2825 3412 2915 3467 SS.
2946 3413 3121 3467 medii
3151 3413 3319 3467 acvit.
3367 3415 3409 3479 Ι,
3441 3429 3498 3483 p.
3552 3417 3783 3480 91-132,

2088 3499 2280 3570 paucis
2326 3499 2466 3554 locis
2511 3499 2855 3568 emendavit,
2903 3501 3002 3555 sed
3052 3501 3438 3571 compluribus
3485 3502 3635 3556 male
3680 3518 3784 3557 ex-

2087 3589 2310 3660 pressit.
2348 3593 2420 3643 At
2461 3605 2593 3659 pars
2634 3589 2844 3660 operis,
2894 3589 3112 3643 scilicet
3155 3589 3288 3644 libri
3318 3607 3335 3644 1
3365 3591 3550 3660 capita
3585 3594 3783 3660 11-15,

2093 3678 2336 3732 Eccardo
2374 3679 2676 3748 ignorante
2699 3679 2818 3748 jam
2873 3694 3025 3732 anno
3086 3677 3221 3732 1680
3273 3679 3376 3732 sub
3413 3679 3582 3733 titulo
3644 3682 3787 3735 Vita

2091 3767 2145 3822 S.
2199 3767 2436 3833 Aufridi
2481 3770 2722 3837 episcopi
2779 3767 3122 3836 Ultrajectini
3153 3782 3308 3835 pars,
3358 3772 3571 3821 auctore
3600 3784 3787 3822 mona-

2089 3854 2185 3908 cho
2238 3855 2588 3924 Ultrajectino
2625 3857 2683 3911 S.
2734 3856 2915 3923 Pauli,
2970 3859 3127 3908 tomo
3175 3855 3217 3920 Ι,
3260 3854 3408 3925 Maii,
3467 3869 3596 3926 pag.
3654 3857 3782 3911 431.

2089 3943 2215 4009 432,
2302 3943 2362 3996 in
2438 3943 2591 3997 Actis
2665 3943 2758 3998 SS.
2829 3943 3358 4013 Antwerpiensibus
3448 3943 3783 4013 prodierat,

1917 4029 1961 4084 N
1969 4026 2144 4084 0T1E.

356 4101 430 4241 (1)
461 4102 538 4154 De
569 4101 661 4156 SS.
698 4102 857 4168 eccl.,
894 4118 1016 4173 cap.
1056 4103 1174 4157 143.

356 4172 408 4239 (2
464 4173 537 4225 De
580 4189 646 4226 eo
685 4173 813 4226 vide
868 4189 1042 4241 supra
1092 4190 1174 4241 pa;

355 4172 537 4248 _(_2_)___Qe
580 4189 646 4248 eo
685 4173 813 4226 vide
852 4172 1042 4248 supra
1092 4190 1222 4246 pag.
1277 4177 1380 4231 658
1431 4177 1772 4248 (Patrologiw
1829 4184 1968 4234 tom.

284 4244 546 4307 CXXXIX,
579 4243 648 4298 ad
682 4260 770 4297 an.
811 4245 986 4312 1024).

356 4313 430 4384 (3)
461 4315 542 4368 Ad
575 4315 928 4389 deperditam
960 4315 1150 4389 operis
1177 4321 1418 4389 partem
1452 4320 1739 4389 pertinere
1782 4319 1977 4374 viden-

286 4389 380 4437 tur
419 4401 549 4455 quaa
579 4387 742 4455 Hngo
779 4387 1220 4440 Flaviniacensis
1249 4388 1397 4442 libro
1428 4387 1471 4442 11
1497 4391 1670 4444 tradit
1700 4408 1713 4445 :
1753 4393 1980 4446 Domnus

285 4457 584 4531 Fingenius
628 4458 940 4531 Scottorum
978 4460 1232 4526 progenie
1298 4460 1580 4514 oriundus.
1617 4500 1630 4515 .
1667 4501 1679 4514 .
1716 4501 1728 4514 .
1766 4501 1778 4513 .
1813 4463 1980 4531 Cujus

285 4526 578 4599 adventum
603 4530 1093 4599 peregrinationem
1123 4534 1174 4583 et
1202 4532 1593 4584 conversionem
1637 4533 1733 4598 qui
1767 4526 1980 4598 plenius

282 4610 436 4650 nosse
483 4597 773 4664 desiderat,
818 4601 876 4652 in
942 4600 1069 4652 Vita
1118 4601 1429 4656 Theoderici
1467 4597 1663 4655 eximii
1720 4597 1980 4658 Metensis

283 4667 520 4736 episcopi
551 4670 680 4721 sciri
706 4673 897 4736 potest.

357 4739 458 4813 (4)
480 4737 588 4813 Ad
619 4739 997 4813 Theodericum
1027 4742 1076 4796 Il
1124 4744 1417 4797 Metensum
1461 4745 1786 4813 episcopum,
1842 4745 1980 4798 scri-

284 4807 370 4884 bit
414 4808 684 4884 Meurisse
725 4810 785 4863 in
846 4811 1168 4884 llist.repp.
1231 4807 1587 4879 Metensium,
1737 4816 1862 4882 349,
1911 4832 1978 4869 eo

284 4880 522 4954 fortasse
575 4879 635 4933 in
680 4897 947 4954 errorem,
989 4879 1191 4937 ductus
1238 4884 1391 4954 quod
1441 4879 1709 4939 ultimum
1769 4879 1980 4940 codicis

283 4950 439 5004 unici
464 4955 636 5019 caput
665 4951 734 5006 de
761 4953 1106 5008 Theoderico
1135 4956 1179 5007 II
1212 4950 1348 5024 agit.

357 5022 430 5086 (5)
461 5021 594 5086 Cap.
633 5025 680 5076 1.

357 5024 430 5089 (5)
461 5024 594 5091 Cap.
633 5025 680 5076 1.

357 5095 434 5168 (6)
477 5091 865 5168 _Deodericum
916 5099 1089 5168 v_ocat_
1106 5100 1347 5150 nostrum
1393 5098 1699 5168 praesulem,
1749 5113 1872 5168 cap.
1928 5103 1977 5153 1.

358 5166 438 5236 (7)
477 5164 659 5233 Igitur
685 5165 911 5225 missus,
945 5165 1094 5219 haud
1123 5183 1155 5219 a
1177 5164 1460 5236 praesente
1485 5167 1727 5222 oblatus.

357 5233 433 5300 (8)
469 5236 640 5289 Vocat
670 5252 795 5289 eam
826 5237 1021 5289 Metim
1050 5239 1108 5290 in
1126 5233 1301 5304 Belgis
1335 5255 1373 5301 1,
1402 5241 1452 5292 5.

361 5306 441 5373 (9)
502 5306 755 5378 Clericos
811 5308 1167 5378 Trajectense
1230 5313 1440 5363 nostros
1489 5314 1650 5362 vocat
1699 5327 1733 5376 1,
1790 5314 1841 5374 8,
1894 5315 1978 5378 12,

297 5377 406 5440 13;
459 5376 528 5429 cf.
585 5381 641 5430 et
702 5377 1091 5431 narrationem
1154 5378 1223 5432 de
1276 5379 1539 5432 Ausfrido
1580 5398 1618 5445 1,
1680 5384 1864 5446 11-18,
1911 5376 1981 5436 de

289 5447 701 5502 mercatoribus
727 5449 1082 5503 Tielensibus
1113 5455 1171 5503 et
1199 5449 1350 5504 bello
1390 5454 1586 5503 contra
1625 5451 1904 5506 Frisiones
1943 5471 1976 5507 ιι

290 5519 354 5567 20
387 5532 510 5594 sqq.

2153 4110 2260 4179 (10)
2292 4127 2352 4175 11,
2390 4115 2439 4172 1,
2473 4115 2522 4164 9.

2155 4181 2270 4250 (11)
2305 4199 2341 4248 1,
2371 4185 2430 4236 14
2455 4199 2468 4236 :
2504 4185 2596 4237 Est
2633 4184 2780 4237 collis
2809 4197 2904 4236 sea:
2932 4181 3175 4236 millibus
3205 4197 3239 4235 a
3265 4181 3527 4251 Trajecto.

2156 4253 2269 4322 (12)
2306 4269 2342 4317 1,
2377 4257 2428 4308 5.
2473 4254 2554 4308 Cf.
2582 4253 2880 4307 Adalboldi
2916 4253 3112 4306 laudes
3143 4269 3200 4312 11.
3233 4257 3286 4306 2.

2161 4323 2274 4396 (13)
2322 4323 2575 4394 Exempli
2631 4325 2814 4396 gratia
2848 4341 2890 4391 1,
2946 4328 3048 4379 15:
3082 4323 3290 4378 Audivi
3325 4323 3630 4392 quemdam,
3671 4329 3782 4378 etc.

2162 4393 2659 4463 (1i)118,12;11,
2701 4398 2782 4450 14.

2162 4466 2275 4534 (15)
2333 4465 2412 4520 Cf.
2466 4483 2524 4533 11,
2571 4469 2653 4520 14.
2708 4465 2981 4521 Balderici
3042 4481 3131 4520 res
3170 4464 3530 4520 Thietmarus
3577 4466 3784 4520 eodem

2088 4535 2204 4589 fere
2237 4536 2406 4607 modo
2439 4537 2688 4607 exponit.

2161 4607 2276 4675 (16)
2310 4606 2544 4661 Initium
2591 4606 2874 4661 scribendi
2915 4606 3050 4661 fecit
3088 4606 3352 4661 Heinrico
3373 4607 3419 4660 II
3444 4606 3562 4676 jam
3594 4607 3782 4676 impe-

2087 4683 2274 4731 ratore
2307 4677 2368 4747 (1,
2409 4680 2461 4747 7)
2509 4682 2565 4732 et
2593 4684 2917 4748 .postquam
2946 4678 3245 4732 Adalboldi
3277 4679 3417 4732 liber
3456 4678 3525 4731 de
3554 4678 3782 4733 Heinri-

2087 4749 2228 4801 coll
2262 4748 2550 4818 prodierat
2579 4765 2592 4815 ;
2625 4766 2770 4820 opus
2789 4765 2955 4803 suum
2988 4765 3165 4820 usque
3196 4764 3290 4803 an.
3333 4751 3457 4803 1021
3492 4750 3784 4818 produxit,

2089 4822 2260 4886 11,16,
2307 4822 2389 4872 17.

2190 4891 2277 5027 17)
2305 4893 2410 4944 An.
2450 4891 2604 4944 1021.

2190 4963 2252 5012 18
2337 4961 2604 5015 Consecra

2305 4891 2698 5015 Agonggtzni'atio
2777 4961 3047 5016 solemnis
3122 4960 3372 5015 ecclesiae
3444 4961 3787 5016 cathedralis

2089 5031 2618 5114 Traiectensisnper
2644 5032 3028 5114 Adalboldpm
3080 5033 3408 5114 episcopum
3463 5032 3517 5085 d.
3568 5049 3621 5114 v1
3657 5034 3783 5114 Kal.

2087 5101 2229 5172 Julii
2255 5118 2351 5155 an.
2411 5105 2545 5157 1023
2597 5115 2876 5172 prasente
2931 5101 3196 5158 Heiurico
3253 5101 3296 5157 ll
3355 5103 3702 5171 imperatore
3729 5110 3790 5158 et

2089 5171 2389 5226 duodecim
2419 5171 2858 5246 archiepiscopis
2882 5180 2938 5228 et
2967 5175 3248 5246 episcopis
3279 5174 3423 5246 facta
3451 5177 3535 5227 est
3562 5190 3576 5236 ;
3609 5190 3786 5244 quam

2090 5247 2239 5323 certe
2275 5246 2508 5324 noster"
2523 5260 2638 5324 non
2674 5243 2910 5324 lsileutio
2949 5243 3344 5324 praeterisset,
3370 5243 3417 5297 si
3461 5259 3526 5324 ea
3555 5243 3790 5324 peracta

2092 5313 2425 5383 scripsisset.
2477 5315 2716 5385 Scripsit
2745 5316 2918 5370 etiam
2950 5313 3102 5370 idum
3155 5314 3450 5371 Heinricus
3479 5315 3523 5367 ll
3552 5313 3612 5369 in
3643 5316 3787 5370 vivis

2091 5389 2229 5438 erat.

2164 5457 2278 5524 (19)
2312 5455 2390 5509 Ad
2425 5472 2516 5509 an.
2570 5459 2695 5522 97s,
2747 5458 3010 5523 982-981,
3063 5460 3375 5525 997,1003,
3431 5460 3782 5521 1005,1006,

2101 5529 2253 5591 1009,
2313 5528 2468 5591 1010,
2522 5529 2694 5594 1020;
2731 5543 2820 5582 an.
2859 5530 2992 5581 1808
3049 5529 3398 5583 Baldericum
3455 5528 3781 5584 autehabet.
