3944 6308
134 315 228 368 iiii
1126 316 1252 371 LIB.
1294 317 1383 373 DE
1428 316 1781 374 EPISCOPIS
1820 316 2255 374 METENSIBUS
2296 316 2640 373 LIBELLUS.

3532 317 3634 370 446

133 454 196 492 ex
263 437 457 492 codice
516 437 954 493 membranaceo
1002 443 1220 494 vetusto
1286 443 1341 496 S.
1414 442 1575 496 Pauli
1635 442 1827 514 Traje-
1861 454 1907 507 Α
1945 460 2011 497 ea
2065 459 2237 497 manu
2295 447 2394 497 aut
2440 443 2511 497 ab
2558 444 2735 497 altero
2780 443 3039 514 ejusdem
3091 443 3282 497 saeculi
3339 444 3633 515 scriptore,

133 527 339 581 cteusis
380 526 684 599 descripta,
718 544 887 599 quem
921 545 986 583 ex
1013 529 1202 583 codice
1232 532 1646 586 Hannoverano
1679 532 1831 586 haud

134 616 365 670 ﬂuxisse
418 621 675 687 apparet,
734 633 911 688 quare
959 618 1083 688 ejus
1122 635 1352 689 quoque
1392 619 1535 674 ratio
1575 620 1837 676 habenda

135 710 272 758 erat.
315 705 565 759 Editioni
596 705 771 776 igitur
800 711 1011 760 nostra:
1041 707 1424 762 iuservieruut
1456 724 1470 762 :

211 795 264 863 l)
298 794 356 848 C.
400 793 612 863 regius.
653 796 885 849 Constat
916 794 1065 848 foliis
1102 812 1195 849 sex
1244 796 1695 850 membranaceis
1742 796 1837 850 in-

135 882 230 935 fol.
292 887 347 937 et
403 883 557 937 binis
605 899 708 953 per
762 883 1032 953 paginam
1086 884 1370 938 columnis
1408 886 1595 939 littera
1635 885 1838 957 exigua

136 970 451 1042 gracilique
497 972 704 1025 saeculo
755 988 811 1025 x1
860 977 1122 1026 exaratus
1165 978 1269 1027 est.
1319 974 1573 1029 Scribam
1624 975 1837 1030 librum

136 1075 247 1111 non
278 1058 631 1113 intellexisse
665 1062 845 1113 multa
885 1062 1006 1113 loca
1037 1061 1301 1131 probant,
1335 1068 1433 1117 aut
1474 1062 1653 1134 ipsius
1681 1068 1834 1134 post-

176 1221 241 1226 .__
252 1222 549 1227 ._.A._-__-
558 1223 667 1231 μ-ν-
688 1223 755 1228 ._
772 1224 1663 1233 mm---—

1669 1224 1911 1231 .——_——.

739 1332 889 1417 DE
973 1330 1556 1419 EPISCOPIS
1642 1331 2363 1417 METENSIBUS
2444 1331 3026 1417 LIBELLUS.

1939 533 2174 587 fortasse
2205 532 2524 604 Sigeberto,
2560 548 2732 603 quem
2763 548 3021 586 numero.

2011 622 2061 689 2)
2096 619 2340 689 Signavi,
2392 619 2489 673 sed
2518 635 2621 672 nec
2664 618 2788 688 ipso
2823 618 3114 672 interdum
3148 633 3295 671 verae
3338 618 3637 671 sententiae

1944 708 2170 771 callido,
2204 710 2473 761 correcta.

2017 796 2068 864 3)
2099 795 2275 849 Editio
2318 795 2571 865 capitum
2627 797 2786 849 ll-lb’
2824 794 2953 849 libri
3000 794 3196 866 primi,
3234 793 3294 848 in
3342 793 3494 848 Actis
3537 794 3634 848 SS.

1947 885 1983 939 l.
2019 900 2074 937 c.

2016 972 2232 1038 Quibus
2284 972 2572 1039 adhibitis,
2622 976 2863 1041 textum,
2925 976 3204 1043 quantum
3251 970 3376 1026 ﬁeri
3429 970 3638 1043 potuit,

1945 1062 2206 1134 pristinae
2233 1060 2547 1131 integritati
2580 1062 2903 1115 restitutum
2933 1061 3331 1131 proponimus.

2292 1222 2575 1229 .—4—___

2720 1222 2949 1229 _-—___-_

217 1520 233 1571 ι
490 1519 666 1590 Hujus
718 1519 824 1589 (20)
878 1520 1074 1592 itaque
1129 1521 1486 1592 temporibus
1544 1520 1654 1591 (an.
1715 1522 1841 1590 978)
1875 1522 1913 1574 Β
1953 1526 2151 1575 contra
2182 1523 2404 1575 Graecos
2433 1521 2595 1575 duxit
2640 1522 2969 1576 exercitum.
3010 1522 3114 1576 Ubi
3146 1522 3283 1576 dum
3322 1521 3639 1577 inconsulte

144 1607 448 1661 Lotharius
479 1624 571 1661 rex
602 1610 946 1663 Francorum
974 1610 1032 1663 in
1063 1618 1286 1681 partem
1321 1611 1621 1681 Belgarum
1653 1613 1834 1681 regni,

141 1696 291 1767 quod
342 1698 363 1731 ²
400 1697 507 1750 sub
558 1698 802 1768 imperio
849 1699 1073 1754 Ottouis
1121 1699 1341 1754 caesaris
1390 1706 1531 1767 erat,
1579 1700 1834 1754 animum

138 1785 411 1846 intendit.
459 1791 523 1841 ut
566 1804 682 1841 sua:
726 1787 929 1842 ditioni
970 1791 1219 1844 Hreuum
1271 1806 1452 1859 usque
1486 1790 1591 1843 sibi
1633 1790 1838 1860 subju—

139 1878 319 1941 garet.
366 1874 507 1927 Nam
549 1874 684 1928 dum
730 1874 872 1929 forte
920 1876 1097 1946 Aquis
1145 1876 1274 1930 Otto
1308 1878 1490 1931 Caesar
1532 1878 1553 1911 ³
1584 1877 1654 1930 ad
1704 1894 1839 1931 cou-

138 1966 341 2015 ventus
375 1963 628 2031 agendos
680 1968 835 2016 tutus
865 1968 920 2017 et
970 1964 1127 2018 omni
1180 1966 1387 2019 timore
1429 1965 1653 2020 sublato
1702 1984 1837 2020 con-

138 2050 383 2114 sisteret,
418 2054 474 2104 et
504 2051 560 2104 id
607 2066 711 2121 per
753 2053 1138 2121 exploratores
1188 2053 1452 2107 Lothario
1497 2054 1620 2124 regi
1661 2071 1839 2108 enun-

140 2138 340 2191 tiatum
391 2144 556 2203 esset,
592 2141 811 2209 magnis
844 2140 1142 2195 itineribus
1172 2141 1239 2195 ad
1274 2158 1406 2196 eum
1435 2143 1749 2208 contendit,
1782 2148 1839 2198 et

142 2227 206 2279 de
239 2228 557 2297 improviso
587 2244 766 2299 prope
797 2234 980 2283 castra
1010 2230 1260 2297 accessit,
1295 2235 1356 2284 ut
1384 2232 1721 2302 imperatori
1750 2232 1836 2286 vix

140 2315 379 2368 facultas
422 2315 511 2369 sui
544 2316 859 2386 recipiendi
908 2319 1352 2389 relinqueretur,
1393 2325 1564 2391 atque
1595 2321 1656 2374 in
1703 2320 1838 2389 fuga

141 2404 511 2458 acceleranda
559 2407 947 2461 emolumenta
984 2412 1171 2461 essent
1220 2409 1400 2462 multa
1441 2409 1656 2474 relicta,
1708 2426 1837 2481 qua:

144 2493 339 2545 omnia
388 2493 599 2562 praedae
657 2494 916 2548 hostibus
971 2495 1217 2549 fuerant.
1272 2497 1383 2549 Hac
1430 2496 1698 2551 felicitate
1742 2514 1837 2551 rex

144 2582 493 2646 sublevatus,
542 2598 701 2651 spem
751 2582 867 2636 suis
923 2599 1133 2653 augere
1183 2589 1240 2638 et
1288 2584 1555 2638 audacius
1612 2586 1838 2639 crebras

144 2670 506 2723 incursiones
556 2686 749 2739 agere,
808 2671 1140 2743 Mettimque
1190 2689 1369 2744 usque
1411 2673 1835 2745 proﬁciscitur:

144 2760 235 2813 sed
270 2759 437 2813 nulla
467 2775 527 2813 re
572 2760 863 2814 navefacta
909 2761 1219 2831 probrosus
1248 2762 1434 2816 rediit.
1489 2763 1551 2816 Et
1580 2763 1726 2817 sicut
1772 2779 1837 2816 ex

144 2848 414 2903 felicitate
463 2849 691 2919 obrepit
729 2849 1056 2913 insolentia,
1090 2851 1168 2904 sic
1209 2851 1348 2905 item
1378 2867 1443 2904 ex
1484 2852 1681 2906 eadem
1731 2853 1840 2906 ali-

146 2937 376 3007 quando
437 2937 653 2993 desidia
707 2938 916 2993 mentis
970 2940 1105 2993 oriri
1163 2941 1323 2994 solet.
1384 2942 1599 2995 Prwsul
1651 2941 1843 3012 itaque

148 3026 514 3095 Deodericus,
562 3028 823 3097 quamvis
876 3028 1076 3082 inanes
1122 3029 1385 3083 incursus
1436 3030 1587 3101 regis
1631 3030 1840 3096 forent,

126 3114 337 3169 ’tamen
385 3115 509 3185 ejus
560 3116 793 3187 ineptire
842 3121 905 3171 ut
934 3118 1387 3189 reprimerentur
1416 3120 1632 3173 statuit.
1686 3120 1842 3174 Unde

147 3203 354 3258 litteris
383 3220 513 3258 cum
545 3205 746 3275 legatis
792 3206 861 3259 ad
895 3207 1164 3261 Ottonem
1208 3208 1488 3261 Caesarem
1521 3208 1726 3274 missis,
1772 3208 1842 3262 de

149 3292 234 3345 his
290 3292 461 3347 rebus
513 3308 644 3346 eum
700 3294 1000 3348 certiorem
1058 3295 1208 3361 facit,
1268 3295 1519 3367 dicitque
1570 3296 1629 3349 in
1684 3301 1841 3351 tanto

149 3397 247 3434 suo
280 3381 529 3450 imperio
558 3398 675 3436 non
707 3383 914 3437 debere
943 3400 1075 3437 eum
1102 3384 1249 3437 hanc
1271 3385 1675 3438 contumeliam
1709 3386 1840 3439 diu-

150 3470 256 3524 tius
289 3471 409 3542 pati
458 3470 564 3525 sibi
612 3472 957 3542 populisque
1002 3473 1124 3543 ejus
1164 3473 1307 3527 fieri.
1361 3474 1576 3538 Quibus
1614 3474 1842 3542 auditis,

150 3558 254 3613 sibi
286 3576 413 3614 eam
462 3576 582 3614 rem
625 3560 937 3632 imperator
983 3578 1133 3615 cura}
1177 3562 1493 3616 necessario
1543 3562 1845 3617 aestimavit

150 3664 288 3701 esse.
340 3648 649 3703 Consuesse
680 3648 835 3703 enim
869 3651 1112 3705 Francos
1147 3667 1324 3721 regno
1354 3652 1477 3720 ejus
1508 3651 1758 3721 impetus
1789 3658 1846 3707 et

149 3737 379 3806 rapinas
430 3736 657 3805 facere,"
689 3739 1021 3793 detrimenti
1078 3744 1133 3794 et
1175 3740 1541 3795 contumeliae
1586 3741 1669 3794 illi
1724 3757 1842 3795 esse

142 3824 439 3894 judicavit.
494 3828 828 3882 Convocatis
873 3829 1068 3899 itaque
1107 3829 1321 3883 cunctis
1362 3829 1738 3900 principibus,
1774 3831 1843 3885 de

150 3914 319 3969 illatis
368 3915 475 3969 sibi
526 3916 754 3987 injuriis
784 3933 815 3970 a
863 3934 997 3988 rege
1045 3922 1388 3988 conquestus
1416 3923 1519 3974 est.
1554 3918 1642 3973 Hii
1671 3923 1689 3955 ‘
1719 3934 1843 3972 om-

154 4018 273 4069 nes,
318 4002 553 4058 consilio
585 4005 736 4072 dato,
792 4005 966 4059 armis
1014 4005 1097 4060 illi
1144 4006 1492 4060 obviandum
1525 4023 1645 4061 esse
1690 4007 1843 4062 dice-

1950 1614 2005 1665 et
2059 1610 2236 1663 nimia
2284 1610 2595 1676 celeritate,
2647 1626 2834 1681 neque
2879 1615 2941 1665 ut
2996 1626 3086 1664 res
3132 1610 3317 1682 praelii
3365 1612 3636 1685 exppscit,

1948 1715 2205 1770 pugnam
2252 1698 2559 1767 commisit,
2605 1699 2790 1752 omnis
2831 1698 3096 1753 nobilitas
3138 1698 3321 1753 nostri
3359 1699 3638 1754 exercitus

1948 1788 2140 1858 gladio
2192 1792 2247 1841 et
2276 1792 2414 1841 aestu
2452 1787 2616 1841 nimii
2665 1787 2871 1842 caloris
2898 1792 2955 1841 et
2999 1787 3090 1842 siti
3134 1788 3326 1859 periit,
3358 1805 3463 1842 nec
3492 1804 3640 1842 unus

1949 1876 2180 1947 quidem
2215 1893 2281 1930 ex
2313 1877 2392 1930 eis
2422 1876 2722 1946 superfuit,
2757 1876 2851 1947 qui
2898 1877 3042 1931 facta
3074 1876 3316 1947 posteris
3350 1877 3642 1930 nuntiaret

1948 1968 2062 2031 (an.
2096 1965 2241 2036 982).
2290 1967 2411 2030 Quo
2442 1982 2671 2019 rumore
2703 1966 2771 2019 ad
2808 1982 2973 2019 aures
3019 1965 3235 2035 reginae
3284 1966 3640 2036 Theuphanu

1949 2055 2188 2125 perlato,
2233 2070 2361 2124 quae
2392 2055 2464 2109 ab
2505 2054 2849 2125 imperatore
2895 2055 3122 2108 Rohsan
3151 2056 3265 2124 (2t)
3299 2055 3493 2109 relicta
3524 2055 3641 2109 fue-

1948 2147 2054 2208 rat,
2089 2142 2279 2196 statim
2330 2143 2551 2212 procaci
2604 2142 2913 2208 locutione,
2946 2147 3009 2196 ut
3057 2143 3169 2196 fert
3211 2142 3407 2196 levitas
3436 2143 3641 2197 mulie-

1950 2248 2099 2299 rum,
2157 2232 2500 2285 conterrales
2552 2248 2685 2285 suos
2733 2262 2800 2271 —
2847 2236 2969 2285 erat
3012 2230 3163 2285 enim
3214 2232 3283 2285 de
3324 2231 3536 2285 Gracia
3574 2262 3631 2271 --

1949 2320 2020 2374 ad
2066 2321 2270 2374 coelum
2318 2321 2586 2374 extollere
2636 2320 2965 2391 exitumque
3016 2319 3232 2374 adversi
3281 2321 3465 2391 prmlii
3513 2336 3639 2374 cum

1949 2425 2175 2462 summo
2225 2409 2435 2479 probro
2466 2410 2537 2463 ad
2587 2408 3014 2479 derogationem
3062 2409 3421 2479 imperatoris
3459 2409 3639 2463 intor-

1950 2514 2142 2568 quere,
2197 2498 2297 2567 qui
2354 2503 2512 2551 tanta
2574 2497 2904 2566 frequenter
2960 2497 3169 2550 virtute
3218 2496 3241 2531 δ
3291 2498 3566 2561 laudatus,
3612 2514 3645 2550 a

1950 2586 2067 2639 suis
2122 2591 2239 2639 tam
2294 2586 2458 2639 facile
2512 2585 2585 2638 sit
2641 2591 2964 2655 superatus.
3031 2586 3243 2639 Prazsul
3284 2585 3643 2651 Deodericus,

1950 2675 2159 2728 auditis
2210 2674 2425 2744 reginae
2473 2673 2953 2727 contumeliarum
3002 2673 3203 2740 verbis,
3262 2675 3529 2741 multum,
3580 2679 3646 2727 ut

1894 2804 1910 2821 η
1950 2764 2188 2833 dignum
2235 2768 2376 2829 erat,
2427 2767 2623 2819 contra
2652 2778 2777 2816 eam
2812 2767 3096 2828 movetur;
3132 2768 3188 2816 et
3229 2778 3357 2816 cum
3403 2763 3471 2816 de
3501 2762 3642 2816 ami-

1953 2852 2162 2906 cissimi
2194 2869 2256 2905 ac
2299 2850 2743 2905 reverentissimi
2785 2850 3004 2904 domini
3035 2850 3487 2916 adversitatibus,
3521 2854 3642 2903 tum

1954 2958 2189 2995 suorum
2239 2941 2578 2995 dilectarum
2632 2938 2653 2973 ⁷
2704 2939 2971 3003 militum,
3024 2944 3080 2993 et
3129 2944 3448 2993 ceterorum
3500 2939 3644 2993 ami-

1953 3047 2148 3084 corum
2194 3030 2291 3101 qui
2343 3030 2746 3094 occubuerant,
2806 3028 3056 3082 maximo
3105 3028 3301 3081 dolore
3349 3027 3643 3099 affligitur,

1953 3124 2144 3173 tamen
2202 3118 2602 3189 procacitatem
2658 3122 2712 3171 et
2767 3116 3170 3170 contumeliam
3229 3117 3443 3187 reginae
3505 3115 3646 3170 obli-

1954 3208 2108 3262 vioni
2142 3224 2256 3261 non
2286 3208 2457 3261 dedit.
2493 3209 2603 3261 Hoc
2637 3206 2850 3260 ultione
2881 3206 3071 3260 divina
3094 3211 3301 3270 actum,
3332 3204 3646 3258 secundum

1952 3296 2289 3367 praedictum
2322 3296 2498 3349 sancti
2528 3295 2681 3349 illius
2710 3295 2978 3359 hominis,
3013 3310 3045 3347 a
3067 3295 3261 3348 multis
3291 3293 3646 3361 credebatur,

1952 3391 2024 3440 ut
2060 3385 2160 3455 qui
2212 3384 2271 3438 iu
2324 3384 2695 3437 vastationem
2740 3382 2903 3452 regni
2952 3384 3294 3436 Francorum
3344 3381 3646 3435 consilium

1954 3475 2248 3537 dederant,
2300 3472 2410 3543 ipsi
2440 3472 2499 3525 in
2540 3471 2857 3543 peregrinis
2906 3470 3069 3524 terris
3110 3471 3405 3540 sepultura
3437 3474 3492 3523 et
3532 3486 3647 3523 om-

1953 3564 2110 3617 nium
2145 3561 2457 3615 amicorum
2491 3560 2705 3614 solatiis
2733 3563 3009 3613 carerent.
3044 3561 3167 3629 Ipse
3202 3574 3334 3611 vero
3364 3559 3489 3613 Otto
3520 3559 3647 3613 Cae—

1954 3669 2045 3706 sar
2075 3651 2380 3705 temerario
2426 3666 2590 3704 cursu
2622 3665 2750 3703 cum
2783 3648 2976 3719 paucis
3023 3648 3093 3702 ad
3124 3663 3293 3701 naves
3323 3648 3645 3702 Graecorum

1953 3745 2315 3812 pugnaturus
2362 3737 2674 3804 advolavit;
2722 3755 2755 3791 a
2785 3736 2994 3807 quibus
3039 3736 3455 3806 circumceptus
3496 3765 3563 3775 —
3593 3740 3650 3789 et

1955 3829 2143 3881 nullus
2168 3827 2219 3880 ei
2252 3828 2403 3880 locus
2435 3826 2711 3880 evadendi
2753 3825 2942 3896 patuit
2968 3855 3039 3866 —
3064 3825 3123 3879 in
3158 3841 3313 3879 mare
3339 3841 3469 3878 cum
3499 3839 3647 3895 equo

1954 3916 2209 3970 insilivit.
2244 3917 2425 3986 Super
2446 3932 2618 3986 quem
2643 3921 2761 3969 tam
2784 3914 2878 3968 diu
2912 3914 3076 3981 sedit,
3105 3914 3284 3968 donec
3315 3914 3651 3968 indumenta

1954 4004 2147 4058 omnia
2192 4004 2401 4074 quibus
2452 4003 2690 4057 indutus
2738 4009 2860 4057 erat
2908 4004 3097 4073 gladio
3130 4003 3449 4068 discideret,
3502 4007 3564 4056 ut
3591 4018 3649 4055 se

150 4091 303 4146 bant.
354 4092 606 4156 Quorum
639 4093 897 4147 omnium
944 4111 1219 4149 consensu
1261 4095 1498 4166 suscipit
1526 4085 1917 4166 negotium,D
1957 4093 2024 4147 ad
2080 4092 2394 4146 natandum
2452 4092 2858 4162 expeditiorem
2912 4096 3154 4160 aptaret.
3207 4093 3252 4144 A
3304 4090 3469 4161 longe
3520 4106 3648 4143 vero

150 4184 203 4233 et
231 4196 297 4233 ex
330 4181 486 4234 omni
540 4186 701 4252 parte
732 4182 963 4252 imperii
1007 4183 1115 4249 sui,
1149 4183 1321 4238 etiam
1363 4201 1427 4239 ex
1460 4185 1638 4249 Italia,
1674 4185 1846 4239 innu-

150 4269 442 4323 merabilis
490 4271 872 4326 multitudinis
902 4273 1053 4343 cogit
1097 4272 1428 4339 exercitum,
1463 4290 1641 4345 usque
1692 4273 1850 4327 Pari-

151 4358 267 4412 sius
298 4360 563 4429 perrexit,
608 4364 663 4413 et
692 4366 911 4415 vastata
940 4362 1194 4432 regione,
1222 4362 1343 4415 sine
1378 4362 1547 4415 ullius
1581 4379 1845 4433 congres-

151 4446 309 4500 sione
343 4447 530 4501 rediit.
588 4449 718 4503 Erat
744 4453 868 4503 tum
918 4452 1196 4520 temporis
1228 4450 1285 4505 in
1330 4451 1559 4505 Francia
1602 4451 1688 4504 vir
1718 4468 1847 4505 san-

151 4536 345 4589 ctitate
401 4540 456 4590 et
507 4536 713 4606 spiritu
770 4538 900 4592 talis
965 4537 1009 4604 5,
1064 4539 1155 4593 cui
1206 4539 1478 4594 divinitus
1536 4540 1845 4593 revelatum

153 4628 255 4691 est,
304 4639 521 4691 omnes,
555 4624 794 4679 consilio
825 4643 1073 4697 quorum
1103 4631 1290 4681 actum
1341 4632 1443 4693 est,
1478 4632 1539 4681 ut
1569 4627 1848 4681 exercitus

153 4711 211 4766 in
261 4713 555 4768 Franciam
607 4714 932 4782 duceretur,
983 4716 1131 4770 infra
1164 4722 1379 4787 septem
1423 4732 1707 4770 annorum
1738 4716 1843 4770 cir-

154 4802 310 4855 culos
361 4819 483 4855 esse
536 4804 867 4859 morituros.
924 4806 1096 4876 Cujus
1143 4806 1506 4877 prophetiam
1556 4806 1635 4860 ita
1683 4822 1846 4860 com-

155 4891 367 4959 pletam
416 4892 757 4962 colligimus.
793 4895 934 4948 Nam
987 4896 1122 4949 dum
1158 4896 1389 4950 Francia
1437 4911 1697 4948 reversus
1741 4900 1845 4961 est,

154 4994 282 5032 mox
347 4980 406 5033 in
457 4981 709 5035 secundo
762 4999 911 5036 anno
969 4988 1097 5053 post
1135 4983 1447 5053 imperator
1492 4982 1551 5036 in
1590 4981 1850 5038 Calabria

1958 4181 2238 4251 aspiciens
2287 4180 2499 4245 navim,
2559 4181 2627 4233 ad
2678 4196 2851 4251 quam
2899 4195 3125 4233 summo
3174 4184 3382 4232 conatu
3421 4210 3489 4217 —
3528 4184 3653 4233 erat

1958 4269 2110 4323 enim
2144 4268 2525 4339 peritissimus
2558 4273 2755 4322 natatu
2791 4298 2849 4307 —
2885 4267 3116 4321 tendere
3147 4265 3427 4334 cupiebat.
3468 4266 3650 4329 Quem

1956 4363 2148 4412 nautae
2215 4362 2506 4417 natantem
2573 4361 2891 4421 cernentes,
2950 4360 3180 4424 captum
3240 4358 3537 4408 traxerunt
3590 4354 3651 4408 in

1958 4447 2169 4500 navim.
2205 4448 2333 4500 Erat
2379 4445 2530 4499 enim
2584 4444 2819 4516 quidam
2852 4444 2912 4498 in
2963 4444 3092 4497 navi
3141 4459 3269 4498 cum
3320 4442 3401 4497 eis
3446 4459 3515 4497 ex
3548 4459 3649 4497 na-

1955 4535 2110 4590 tione
2167 4535 2493 4589 Sclavorum
2539 4539 2708 4587 notus
2756 4533 3104 4604 imperatori,
3167 4532 3267 4603 qui
3313 4548 3442 4587 mox
3486 4533 3650 4603 palu-

1958 4625 2289 4679 damentum
2340 4638 2455 4692 quo
2488 4626 2612 4675 erat
2658 4621 2894 4675 indutus
2935 4637 3149 4675 exuens
3179 4619 3221 4684 3,
3257 4626 3321 4674 ut
3351 4637 3417 4674 eo
3449 4620 3650 4675 indue-

1957 4718 2116 4767 retur
2158 4717 2213 4764 et
2259 4711 2410 4765 nuda
2461 4709 2719 4763 membra
2767 4709 3083 4779 obtegeret,
3130 4709 3367 4763 tradidit
3408 4713 3463 4763 et
3505 4720 3652 4763 nutu

1958 4818 2071 4873 quo
2102 4804 2323 4872 poterat
2351 4798 2561 4865 innuit,
2590 4798 2973 4868 suspicionem
3011 4797 3199 4852 nautis
3247 4798 3545 4863 adimeret,
3579 4813 3652 4851 ne

1958 4889 2475 4944 animadverterent
2503 4885 2547 4952 9,
2580 4886 2791 4957 ipsum,
2843 4886 2942 4957 qui
2973 4892 3143 4952 esset,
3193 4902 3339 4939 esse.
3372 4887 3424 4939 Is
3454 4885 3648 4949 etiam,

1960 4980 2238 5050 adprimae
2286 4974 2669 5049 persuasionis
2731 4973 2779 5008 ¹⁰
2832 4974 3059 5045 eloquio
3122 4975 3381 5040 idoneus,
3442 4972 3539 5037 ait,
3604 4972 3650 5026 si

1556 5108 1788 5160 VARI/IS
1843 5103 2238 5160 LECTIONES.

227 5202 522 5275 'numeros
573 5204 768 5272 adjeci.
842 5206 861 5237 ²
917 5204 1193 5275 regnique
1245 5220 1292 5259 c.

1371 5206 1392 5239 3
1424 5220 1580 5258 cesar
1626 5219 2015 5271 nonnunquam
2065 5218 2110 5256 c.
2162 5205 2211 5255 et
2242 5201 2357 5255 alia
2390 5196 2678 5271 ejusmodi
2710 5213 2753 5251 θ.
2813 5213 2867 5271 g_.
2902 5195 3131 5271 regine,
3182 5197 3347 5271 letusz
3406 5193 3647 5271 editicia,

154 5289 311 5355 eger,
370 5274 542 5343 cepit,
599 5264 1180 5355 presulncenobiuh),
1241 5275 1464 5346 equavi,
1510 5276 1614 5355 sed
1642 5264 1951 5355 plurim-um
1986 5289 2037 5339 e,
2070 5290 2137 5327 ω.
2190 5289 2245 5355 ᾳξ
2269 5264 2477 5355 scribit.
2552 5268 2590 5323 '.
2624 5268 2682 5321 hi
2826 5265 2866 5349 .5
2896 5264 3164 5337 spiritalis
3204 5283 3246 5321 c.
3326 5264 3350 5299 ⁸
3382 5281 3557 5319 manu
3590 5269 3644 5318 2.

154 5378 175 5410 ε,
201 5343 542 5398 delictorum
569 5343 617 5398 cI
697 5343 720 5379 ³
751 5346 945 5400 exiens
975 5363 1113 5401 corr.
1147 5343 1360 5400 exuens
1390 5363 1436 5400 c.

1510 5344 1534 5380 9
1563 5346 2044 5400 animaverterent
2071 5360 2117 5397 c.

2200 5340 2245 5377 ¹⁰
2289 5345 2371 5396 ita
2399 5343 2464 5396 E.
2492 5337 2871 5411 persuasioris
2894 5353 2941 5391 c.

1791 5442 2013 5496 ΝΟΤίΕ.

224 5539 340 5606 (20)
372 5530 595 5593 Scilicet
627 5540 922 5595 Deoderici
952 5540 1226 5611 episcopi.

2028 5538 2137 5607 (2t)
2172 5539 2443 5592 Rossano.
