3944 6310
265 315 363 368 447
1215 312 1525 368 ALPERTI
1563 314 1617 368 S.
1661 313 2130 369 SYMPHORIANI
2169 312 2463 368 METENS.
2501 311 2801 368 MONACH.

3669 310 3783 362 448

269 435 500 492 monitis
531 435 649 489 suis
693 451 892 489 aurem
940 435 1267 505 praeberent
1311 439 1369 488 et
1395 434 1643 489 consiliis
1693 435 1966 488 obsecun-
2002 438 2047 488 Α
2081 436 2358 506 permisit.
2393 435 2519 506 Ipse
2575 438 2769 488 autem
2821 449 2950 487 cum
3005 432 3310 487 Deoderico
3359 432 3603 504 praesule
3654 433 3786 486 Ho—

267 526 489 591 darent,
538 523 1029 580 fortunatissimos
1068 523 1126 577 in
1154 523 1312 577 brevi
1342 524 1603 590 futuros;
1649 540 1763 578 non
1797 526 1964 593 longe

269 614 401 667 hinc
448 614 646 666 abesse
697 614 927 666 Bohsan
972 613 1013 647 ¹¹
1047 612 1333 666 civitatem
1366 629 1380 666 :
1414 615 1472 665 in
1503 629 1612 682 qua
1641 628 1822 667 omnes
1851 615 1964 666 the-

271 704 423 756 sauri
452 701 660 756 Ottonis
699 701 938 754 Caesaris
977 701 1075 754 sub
1105 702 1284 763 istius,
1319 702 1414 767 qui
1442 699 1807 754 cubicularius
1848 701 1964 768 ejus

269 795 366 855 est,
421 789 670 842 custodia
727 791 1055 854 retinentur;
1116 803 1343 856 quorum
1401 789 1700 841 maximam
1752 793 1965 857 partem

269 879 417 932 vobis
474 877 714 930 dandam
759 879 998 945 profecto
1043 879 1320 941 noveritis,
1373 877 1511 930 hunc
1549 879 1598 930 si
1635 879 1762 930 illuc
1792 876 1964 930 dume-

270 967 394 1020 ritis
423 972 472 1020 et
507 967 804 1021 libertatm
831 967 951 1030 frui
975 967 1351 1034 pcrmiseritis.
1401 967 1496 1019 His
1523 966 1750 1032 auditis,
1784 971 1841 1018 et
1868 965 1964 1018 in-

273 1055 451 1110 vicem
483 1071 541 1108 se
568 1051 1157 1122 circumspicientibus
1187 1059 1243 1107 et
1271 1055 1450 1107 multa
1479 1055 1546 1107 ad
1579 1055 1700 1107 haec
1727 1053 1879 1107 inter
1906 1069 1966 1106 se

272 1143 715 1210 conferentibus,
747 1142 999 1205 tandem,
1027 1146 1089 1194 ut
1120 1146 1202 1194 est
1234 1157 1358 1194 mos
1387 1142 1656 1196 humana:
1686 1142 1964 1212 cupidita-

272 1233 364 1294 tis,
399 1248 496 1302 spe
520 1230 773 1300 pecuniae
805 1230 979 1282 illecti
1011 1230 1128 1294 :Si,
1163 1245 1282 1300 qua
1317 1230 1735 1298 pollicitavcris,
1785 1229 1964 1298 aiunt,

272 1335 329 1374 re
354 1321 769 1387 perpeti-avaris,
819 1319 1174 1371 hortationem
1210 1320 1421 1371 consilii
1451 1321 1532 1371 tui
1559 1322 1676 1372 sine
1706 1319 1967 1372 dilatione

272 1408 663 1474 aggredimur!
696 1438 762 1446 —
793 1409 930 1460 Huic
969 1407 1378 1475 pollicitationi,
1411 1407 1620 1478 inquit,
1666 1423 1748 1460 me
1788 1409 1967 1476 ipsum

273 1502 323 1550 et
350 1496 510 1565 ﬁdem
552 1498 849 1564 interpono.
895 1496 1085 1549 Nautae
1116 1495 1372 1548 videntes
1418 1495 1794 1549 constantiam
1828 1511 1957 1564 pro-

277 1583 545 1650 missoris,
577 1585 646 1638 de
675 1585 838 1654 cujus
871 1600 968 1637 ore
1003 1583 1350 1653 pendebant,
1400 1584 1731 1655 semetipsos
1761 1585 1967 1638 cohor-

275 1673 564 1740 tabantur,
613 1673 885 1738 dicentes,
918 1677 1188 1725 extrema:
1219 1672 1524 1725 dementiae
1569 1687 1710 1734 esse,
1745 1687 1812 1724 ea
1843 1686 1968 1740 quae

268 1761 400 1831 jure
430 1760 498 1814 ab
530 1760 611 1814 eis
637 1776 738 1830 pro
771 1759 1165 1830 redemptione
1187 1759 1394 1829 captivi
1423 1758 1751 1829 accipienda
1777 1763 1970 1811 essent

276 1863 306 1900 e
339 1846 604 1900 manibus
633 1845 922 1900 amittere.
964 1846 1084 1899 Mox
1123 1846 1372 1916 impulsa
1402 1845 1551 1911 navi,
1589 1850 1868 1898 venerunt
1898 1844 1966 1898 ad

278 1934 616 2005 praedictum
673 1935 862 1987 locum
926 1934 1153 1987 Rohsan
1205 1934 1514 1999 civitatem,
1567 1939 1622 1988 et
1678 1933 1967 2005 applicue-

277 2028 412 2076 runt
444 2024 507 2057 ιε’
540 2024 747 2076 Ductor
777 2039 908 2076 vero
937 2038 1138 2076 eorum
1170 2039 1405 2076 cernens
1435 2022 1628 2076 omnia
1656 2023 1761 2076 sub
1791 2021 1969 2076 animi

279 2108 366 2162 sui
397 2109 688 2162 voluntate
727 2125 846 2162 esse
890 2111 1211 2175 convoluta,
1254 2111 1417 2164 laetus
1463 2109 1646 2179 surgit
1691 2115 1747 2163 et
1777 2109 1970 2180 paucis

279 2199 614 2251 cohortatur
660 2203 890 2264 nautas;
924 2203 987 2251 ut
1035 2198 1218 2251 securi
1247 2199 1369 2269 ejus
1413 2198 1663 2252 reditum
1710 2202 1971 2268 expecta-

279 2290 425 2353 rent,
461 2286 763 2356 przecepit;
811 2303 869 2339 se
915 2285 1154 2354 iturum,
1188 2292 1244 2340 et
1284 2286 1545 2340 celeriter
1573 2286 1971 2339 subsecuturos

280 2374 486 2445 captivi
535 2390 664 2426 cum
727 2373 988 2444 pecunia,
1049 2391 1220 2444 quam
1280 2374 1640 2444 promiserat,
1703 2376 1974 2429 adductu-

282 2480 410 2517 rum
454 2464 518 2515 ‘3.
571 2463 680 2527 Qui
727 2463 968 2517 festinus
1016 2463 1308 2532 ingressus
1355 2463 1662 2530 civitatem,
1698 2463 1964 2518 Deoderi-

283 2567 411 2605 cum
435 2551 762 2621 pontiﬁcem
797 2551 1068 2621 repperit,
1094 2552 1193 2621 qui
1214 2551 1559 2622 imperatore
1581 2552 1973 2622 pl‘Uﬁt'iSCeDte

285 2639 353 2693 ad
386 2637 652 2708 praelium
683 2637 762 2690 ibi
796 2654 925 2691 cum
954 2639 1152 2707 regina
1186 2639 1540 2707 'l'lieophanu
1571 2639 1799 2692 relictus
1830 2643 1971 2704 erat,

283 2727 481 2797 illique
521 2742 752 2780 onmem
805 2727 888 2779 rei
945 2728 1207 2780 ordinem
1272 2727 1578 2797 expromit,
1636 2732 1692 2781 et
1745 2727 1803 2781 id
1845 2743 1975 2780 cum

285 2831 510 2868 summo
557 2813 782 2867 silentio
826 2814 1146 2884 supprimat
1192 2819 1404 2880 monet,
1457 2820 1513 2869 et
1557 2815 1625 2869 ad
1675 2831 1804 2869 eum
1845 2830 1976 2868 mox

287 2903 501 2968 veniat;
535 2903 756 2955 nullum
804 2919 1018 2969 secum,
1047 2903 1094 2955 si
1126 2903 1530 2974 imperatorem
1581 2904 1795 2956 salvum
1829 2901 1977 2956 reci-

283 3008 419 3063 pere
451 2992 630 3061 cupit,
678 2996 886 3062 praeter
915 2992 1053 3046 duos
1085 2993 1292 3046 virtute
1338 2993 1609 3063 probatos
1644 2992 1852 3046 milites
1882 3008 1973 3044 su-
2008 2999 2048 3052 Ο

283 3086 423 3135 mat.
462 3080 765 3150 Episcopus
794 3080 1022 3150 gavisus
1051 3081 1118 3134 de
1158 3081 1542 3134 incolomitate
1574 3081 1722 3152 regis
1758 3080 1976 3134 domini

284 3169 393 3237 sui,
430 3169 672 3239 Liuponi
720 3175 776 3222 et
800 3169 1097 3223 Richizoni
1143 3169 1422 3224 militibus
1452 3170 1588 3236 suis,
1624 3186 1814 3223 secum
1845 3187 1974 3240 per-

285 3263 423 3329 gant
471 3259 533 3325 υ,
579 3258 776 3328 jussit;
815 3275 872 3312 se
909 3257 1060 3312 foras
1092 3274 1284 3312 muros
1331 3259 1590 3321 civitatis,
1625 3259 1768 3313 situs
1816 3260 1976 3312 loco-

284 3363 412 3400 rum
447 3352 503 3400 et
532 3347 774 3400 mdiiicia
815 3347 1114 3402 domorum
1163 3346 1384 3400 visendi
1433 3347 1636 3418 gratia,
1668 3347 1976 3417 procedere

284 3436 447 3489 velle.
501 3437 564 3489 Et
605 3436 798 3490 exiens
847 3435 1208 3490 altitudinem
1268 3435 1426 3490 navis
1485 3441 1855 3508 conspexerat
1911 3465 1971 3475 —

286 3528 407 3577 erat
437 3524 592 3577 enim
639 3524 785 3577 miro
816 3541 987 3594 opere
1035 3525 1346 3578 secundum
1380 3525 1705 3584 Graecorum
1755 3541 1972 3578 morem

285 3617 630 3678 constructa,
657 3644 726 3652 —-—
753 3619 808 3667 et
835 3612 1030 3667 subtili
1057 3613 1267 3668 intuitu
1299 3614 1596 3667 introitum
1629 3614 1751 3684 ejus
1781 3615 1976 3683 explo-

286 3701 448 3762 ravit,
510 3707 567 3754 et
617 3701 847 3754 tandem
905 3702 1031 3754 nisu
1087 3718 1200 3772 quo
1249 3704 1457 3771 potuit,
1517 3703 1806 3756 difﬁcilem
1855 3703 1978 3772 ejus

286 3805 580 3842 ascensum
605 3791 914 3858 superavit.
938 3790 1310 3859 Censpicatur
1331 3806 1464 3860 ergo
1487 3791 1786 3844 dominum
1810 3792 1977 3861 longe

287 3878 356 3932 ab
395 3878 608 3930 honore
656 3877 815 3946 regio
855 3877 1168 3944 sedentem,
1201 3885 1255 3932 et
1296 3879 1561 3932 manibus
1593 3879 1842 3949 applosis
1873 3881 1978 3934 ele-

286 3973 414 4020 vata
442 3983 578 4020 voce
623 3967 908 4035 clamavit,
938 3984 1151 4038 rexque
1195 3967 1324 4022 ilico
1355 3969 1506 4022 haud
1537 3968 1790 4038 segniter
1826 3969 1978 4023 foras

289 4055 507 4110 exiluit.
562 4057 760 4110 Nautae
805 4073 936 4111 vero
987 4057 1236 4127 primum
1279 4055 1588 4110 familiares
1631 4057 1838 4128 captivi
1882 4074 1977 4128 pe-

287 4145 515 4199 cuniam
571 4150 861 4215 portantes
911 4146 1213 4212 arbitrati;
1262 4150 1345 4200 set
1393 4161 1521 4199 cum
1570 4146 1735 4200 aliter
1771 4163 1836 4200 ac
1873 4146 1981 4200 rati

287 4239 450 4288 erant
487 4235 798 4302 accidisset,
840 4252 1000 4289 arma
1044 4251 1246 4305 capere
1297 4235 1672 4307 hostibusque
1720 4237 1978 4291 resistere

289 4326 663 4395 temptabant.
715 4325 919 4379 Milites
951 4341 1083 4378 vero
1115 4325 1370 4396 prmdicti
1422 4325 1598 4394 Liupo
1631 4330 1686 4378 et
1735 4326 1978 4380 Ricliezo

289 4413 619 4484 epist-opum
668 4418 732 4466 ut
779 4413 1075 4468 celerrime
1123 4414 1322 4479 exiret,
1369 4414 1800 4480 ammonebant,
1841 4430 1979 4467 cun-

289 4505 536 4553 ctantem
577 4500 648 4553 ob
701 4500 964 4554 timorem
1025 4500 1461 4567 submersionis,
1510 4500 1564 4554 vi
1614 4501 1785 4554 etiam
1826 4505 1980 4554 veste

291 4590 461 4642 scissa
509 4589 578 4642 de
607 4589 736 4642 navi
788 4591 1102 4659 eiecerunt,
1149 4607 1472 4661 magnoque
1522 4589 1742 4660 impetu
1771 4589 1982 4643 strictis

291 4676 496 4747 gladiis
563 4677 622 4730 in
685 4682 888 4730 nautas
958 4678 1127 4744 facto,
1193 4679 1332 4732 alios
1396 4677 1778 4742 interliciuut,
1844 4677 1982 4731 alios

291 4767 575 4832 sauciant;
626 4766 724 4819 alii
769 4767 872 4821 sub
921 4772 1169 4821 transtra
1217 4767 1523 4833 delituunt,
1577 4766 1673 4820 alii
1725 4767 1981 4821 certatim

291 4871 350 4908 se
377 4854 447 4910 de
496 4853 627 4908 navi
665 4853 922 4925 ejiciunt,
973 4861 1186 4910 etcum
1217 4856 1473 4926 periculo
1513 4855 1644 4908 vitae
1690 4857 1894 4925 pelago
1923 4871 1982 4908 se

291 4943 671 4997 crediderunt.
726 4944 838 4997 Rex
871 4959 1002 4998 vero
1047 4944 1342 4998 innectens
1383 4941 1552 4996 nudis
1595 4942 1839 5012 pedibus
1868 4943 1980 4996 cal-

291 5032 443 5086 caria
471 5036 529 5086 et
558 5030 790 5085 ascenso
822 5048 991 5102 equo,
1038 5049 1238 5086 omnes
1267 5031 1439 5086 traxit
1467 5031 1538 5084 ad
1583 5035 1814 5085 terram.
1855 5030 1985 5094 Qui-

291 5121 399 5176 bus
445 5119 780 5175 necessariis
839 5120 1175 5175 liberalitate
1223 5120 1380 5189 regia
1424 5119 1773 5173 sufﬁcienter
1820 5119 1983 5174 attri-

292 5210 442 5264 butis
470 5214 525 5264 et
554 5209 947 5282 copiosissima
989 5210 1232 5280 pecunia
1259 5208 1467 5263 ditatos
1498 5208 1656 5262 abire
1687 5225 1816 5263 cum
1846 5225 1984 5280 pace

2079 540 2226 578 mam
2260 524 2451 590 rediit,
2488 523 2684 594 ibique
2718 538 2872 593 aeger
2902 538 3018 575 non
3050 526 3179 592 post
3211 522 3421 575 multos
3452 520 3573 574 dies
3606 521 3790 575 mori-

2077 617 2172 666 tur
2199 615 2307 682 (an.
2357 615 2480 676 983,
2515 614 2632 666 Dec.
2687 611 2772 681 6);
2803 611 2954 681 apud
3002 613 3271 665 Sanctum
3305 612 3537 664 Petrum
3589 609 3648 663 in
3683 625 3788 679 pa-

2075 702 2278 772 radyso
2302 702 2465 772 juxta
2493 699 2808 753 oratorium
2842 705 3050 753 sanctas
3084 699 3270 754 Merita
3302 699 3618 752 bonorilice
3643 715 3782 752 cum

2078 790 2326 843 maximo
2370 789 2503 842 ﬂetu
2555 787 2736 842 tocius
2784 787 2943 841 urbis
2984 788 3278 858 sepelitur.
3309 787 3423 841 His
3468 786 3544 840 ita
3575 787 3780 857 gestis,

2077 876 2417 930 Deodericus
2454 876 2688 945 praesul,
2740 883 2942 946 parata
2972 875 3345 947 profectione,
3377 875 3487 928 iter
3535 877 3778 928 domum

2075 964 2473 1034 proficiscendi
2521 963 2786 1033 arripuit,
2836 969 2893 1017 et
2923 979 3144 1017 memor
3173 963 3387 1034 regina:
3436 962 3782 1033 improperii

2075 1052 2344 1106 adversus
2411 1054 2690 1108 Caesarem
2755 1052 2980 1122 prolati.
3054 1068 3244 1106 secum
3312 1053 3533 1105 volvere
3585 1051 3778 1122 erepit,

2073 1140 2316 1211 qualiter
2358 1139 2442 1193 illi
2477 1140 2580 1192 sub
2622 1140 2919 1192 occasione
2966 1139 3071 1192 lilii
3122 1139 3401 1209 regnandi
3447 1141 3573 1208 jura
3624 1143 3776 1192 sul;-

2077 1229 2342 1282 traheret.
2379 1228 2506 1281 Hzec
2532 1227 2804 1298 cogitanti
2838 1244 2927 1281 res
2958 1233 3263 1296 oportuna,
3296 1232 3361 1280 ut
3391 1226 3500 1279 sibi
3536 1227 3778 1280 videba-

2075 1320 2190 1383 tur,
2245 1321 2330 1368 set
2382 1316 2595 1385 absque
2657 1315 3154 1385 praedestinatione
3203 1315 3305 1369 Dei
3365 1315 3569 1368 accidit
3643 1315 3783 1367 Erat

2079 1403 2310 1473 quidam
2361 1403 2599 1457 Noricus
2646 1404 2876 1456 nomine
2929 1403 3246 1466 Heinricus,
3296 1402 3384 1456 vir
3431 1418 3779 1473 magnarum

2077 1507 2272 1561 opum,
2340 1491 2622 1544 desiderio
2689 1491 2968 1560 regnandi
3026 1492 3328 1556 inductus;
3383 1506 3781 1561 quoscumque

2078 1579 2282 1649 potuit,
2335 1579 2454 1633 adit
2513 1581 2574 1646 ¹⁵,
2635 1581 3072 1650 persuadetque,
3131 1595 3498 1633 communem
3535 1595 3666 1633 cum
3709 1597 3779 1632 eo

2077 1685 2304 1721 causam
2366 1673 2636 1724 statuant.
2695 1669 2885 1722 Multis
2935 1669 3338 1739 largitionibus
3383 1668 3548 1730 datis,
3611 1668 3780 1722 facile

2080 1770 2176 1807 eos
2206 1754 2276 1808 ad
2323 1771 2484 1808 suam
2539 1756 2881 1809 sententiam
2913 1755 3198 1826 perduxit.
3254 1754 3492 1808 Plurimi
3524 1754 3612 1808 his
3643 1770 3779 1824 per-

2080 1843 2439 1896 suasionibus
2490 1844 2664 1898 illecti
2706 1860 2764 1897 se
2799 1844 2847 1896 ei
2881 1845 3246 1908 dediderunt,
3281 1849 3336 1897 et
3366 1861 3496 1896 eum
3530 1859 3708 1912 super
3739 1843 3780 1877 ¹⁶

2079 1947 2137 1985 se
2169 1948 2365 2000 regem
2406 1929 2452 1965 1⁷
2500 1932 2965 1988 nominaverunt.
3016 1932 3122 1987 Ubi
3158 1934 3279 1986 haec
3331 1949 3364 1985 a
3414 1931 3782 1985 narrantibus

2079 2021 2312 2091 praesuli
2364 2022 2629 2075 nuntiata
2660 2027 2810 2088 sunt,
2865 2021 3153 2075 divertens
3206 2021 3274 2073 ab
3306 2020 3508 2074 itinere
3541 2020 3608 2073 ad
3645 2035 3781 2073 eum

2080 2110 2370 2180 profectus
2417 2115 2519 2177 est,
2578 2127 2608 2162 a
2638 2126 2751 2181 quo
2803 2115 2860 2164 et
2907 2110 2952 2144 ¹⁸
2985 2109 3286 2179 magniﬁce
3335 2109 3668 2178 suscipitur,
3725 2113 3785 2161 et

2081 2216 2249 2252 causa
2276 2200 2424 2253 inter
2452 2215 2548 2252 eos
2576 2199 2674 2252 diu
2699 2199 2933 2269 agitata,
2974 2197 3118 2253 dolis
3150 2197 3523 2268 pseudoregis
3561 2226 3630 2237 —-
3659 2201 3787 2249 erat

2082 2288 2234 2341 enim
2261 2292 2480 2340 astutus
2503 2287 2730 2357 eloquio
2753 2318 2822 2327 —
2845 2289 3049 2358 praisul
3073 2286 3540 2350 circumvenitur;
3571 2284 3787 2338 oblatis

2083 2377 2250 2430 donis
2298 2375 2520 2430 eximiis
2563 2375 2609 2410 ιθ
2649 2384 2704 2431 et
2734 2377 2989 2446 pluriora
3032 2392 3159 2430 cum
3206 2375 3455 2428 maxima
3499 2379 3786 2445 potestate

2082 2463 2249 2534 regni
2295 2464 2589 2534 pollicens,
2647 2465 2980 2518 electionem
3031 2470 3088 2518 et
3121 2463 3472 2517 deditionem
3523 2462 3677 2527 fecit,
3731 2465 3790 2514 et

2084 2554 2156 2607 ad
2186 2559 2432 2622 emptum
2480 2553 2591 2608 iter
2619 2570 2881 2607 reversus
2923 2559 3008 2607 est
3039 2553 3150 2623 (an.
3203 2552 3348 2622 984).
3383 2551 3640 2620 Cumque
3673 2551 3786 2604 hoc

2083 2642 2295 2696 factum
2327 2643 2438 2696 late
2485 2658 2586 2712 per
2632 2643 2880 2712 populos
2925 2642 3436 2712 pel-crebresceret,
3470 2656 3702 2710 prorsus
3735 2639 3788 2673 ²⁰

2086 2738 2207 2785 erat
2254 2731 2445 2784 nullus
2493 2747 2752 2784 summus
2800 2747 2989 2801 neque
3034 2730 3328 2798 minimus,
3375 2729 3472 2800 qui
3506 2745 3627 2798 ejus
3657 2734 3787 2782 acta

2085 2836 2201 2874 non
2231 2819 2610 2873 detestaretur
2641 2835 2654 2873 :
2687 2835 2815 2872 cum
2850 2835 2982 2872 eum
3017 2820 3203 2872 locum
3243 2817 3442 2888 gratiae
3479 2818 3628 2887 apud
3662 2817 3786 2870 im-

2086 2912 2410 2979 peratorem
2440 2911 2680 2968 teneret,
2713 2912 2774 2960 ut
2812 2923 2981 2960 nemo
3020 2907 3079 2960 in
3107 2907 3266 2960 omni
3296 2922 3474 2976 regno
3501 2905 3784 2975 potentia,

2086 2995 2321 3050 consilio
2352 2999 2407 3048 et
2450 2995 2833 3049 familiaritate
2883 2995 3034 3064 regis
3063 3010 3192 3048 eum
3243 2993 3611 3064 praecederet,
3663 3009 3784 3047 non

2085 3085 2290 3140 debere
2337 3101 2468 3138 eum
2511 3089 2736 3138 tantum
2785 3084 3006 3138 facinus
3053 3083 3098 3116 ἰ
3141 3089 3336 3135 contra
3372 3081 3627 3134 omnium
3661 3080 3786 3150 opi-

2084 3175 2318 3228 nionem
2369 3174 2639 3228 adversus
2691 3173 2874 3227 tilium
2924 3172 3078 3242 regis
3131 3172 3513 3224 committere.
3573 3170 3784 3240 Sicque

2085 3265 2294 3317 factum
2327 3268 2432 3327 est,
2461 3269 2527 3316 ut
2558 3263 2696 3316 dum
2728 3261 3046 3331 repentina:
3075 3276 3193 3313 suae
3235 3257 3543 3314 temeritati
3571 3273 3781 3312 consu-

2085 3352 2201 3405 lere
2232 3351 2433 3416 noluit,
2469 3351 2780 3404 multorum
2815 3349 2883 3402 ad
2914 3348 3002 3402 sui
3037 3348 3469 3417 derogationem
3499 3363 3600 3400 ora
3641 3361 3785 3414 ape-

2088 3440 2200 3492 ruit
2228 3438 2296 3493 "3.
2334 3438 2587 3508 Denique
2617 3454 2747 3492 cum
2787 3437 3050 3507 plurimis
3089 3435 3446 3506 principibus
3489 3435 3612 3504 ejus
3642 3451 3783 3487 con-

2085 3525 2277 3579 silium
2336 3525 2636 3595 displicere
2705 3523 3004 3593 comperit,
3066 3523 3201 3593 quia
3260 3523 3352 3577 his
3411 3522 3601 3576 insciis
3659 3523 3786 3576 haec

2085 3614 2277 3668 omnia
2308 3618 2519 3682 egerat,
2553 3628 2762 3682 magno
2792 3612 2989 3665 dolore
3021 3611 3272 3679 allectus,
3310 3611 3463 3664 domi
3503 3627 3562 3664 se
3604 3611 3786 3664 conti-

2087 3703 2235 3770 nuit,
2266 3709 2324 3757 et
2352 3717 2634 3772 nusquam
2682 3701 3028 3770 digrediens,
3066 3700 3576 3770 transgressionem
3617 3715 3784 3752 suam

2087 3793 2302 3846 occulte
2331 3807 2520 3844 secum
2574 3790 2966 3843 miserebatur.
3015 3791 3148 3843 Post
3197 3805 3314 3843 non
3368 3789 3612 3842 multum
3645 3793 3786 3841 tem-

2087 3881 2241 3951 poris
2264 3879 2609 3950 aegritudine
2635 3884 2935 3950 superatus
2961 3879 3021 3932 in
3057 3880 3262 3932 lectum
3291 3878 3521 3944 decidit,
3554 3883 3610 3932 et
3636 3878 3787 3931 circa

2088 3970 2353 4041 quintum
2387 3969 2788 4038 praedictorum
2838 3973 3056 4037 septem
3095 3983 3380 4020 annorum
3420 3966 3681 4032 decessit,
3732 3972 3790 4019 et

2089 4058 2149 4112 in
2178 4057 2436 4112 coenobio
2465 4057 2642 4110 sancti
2692 4057 2993 4120 Vincentii,
3026 4056 3176 4126 quod
3221 4056 3342 4125 ipse
3383 4054 3703 4109 construxit
3732 4061 3790 4109 et

2089 4145 2410 4201 innumeris
2482 4152 2654 4217 atque
2720 4145 3091 4215 amplissimis
3176 4144 3553 4198 accumulavit
3616 4159 3787 4197 orna~

2094 4235 2319 4300 mentis,
2376 4236 2690 4288 tumulatus
2748 4240 2832 4288 est
2887 4235 2952 4287 εδ.
3013 4236 3143 4288 Haec
3199 4235 3261 4287 in
3305 4240 3559 4286 extrema
3607 4233 3787 4285 nostri

2093 4324 2355 4394 praesulis
2401 4326 2566 4377 aetate
2610 4328 2754 4392 acta,
2802 4324 2874 4377 ab
2905 4339 2970 4376 eo
2997 4323 3186 4393 quiin
3237 4323 3359 4392 ejus
3411 4326 3530 4374 erat
3560 4321 3789 4375 assidue

2091 4411 2381 4482 obsequiis
2446 4412 2694 4481 cognita,
2761 4411 2998 4478 confeci,
3061 4427 3177 4464 non
3227 4409 3618 4481 comparantia
3666 4409 3789 4480 ejus

2091 4501 2479 4570 superioribus
2509 4501 2686 4572 gestis
2711 4501 2781 4555 ab
2810 4501 2907 4554 illo
2934 4500 3344 4571 gloriosissime
3369 4498 3629 4570 peractis,
3658 4515 3787 4568 quat

2093 4591 2225 4660 quia
2256 4590 2502 4661 pleniter
2539 4595 2675 4644 nota
2703 4607 2817 4644 non
2843 4595 3022 4651 erant,
3058 4607 3087 4643 a
3119 4589 3279 4643 nobis
3311 4587 3604 4658 praeterita
3633 4596 3784 4638 sunt.

2091 4679 2296 4732 Verum
2328 4679 2507 4748 aliqui
2535 4679 2785 4749 quadam
2834 4678 3202 4732 miseratione
3241 4675 3420 4730 animi
3467 4674 3662 4728 mirari
3706 4692 3790 4727 so-

2092 4768 2233 4834 lent,
2267 4767 2556 4838 quomodo
2603 4767 2689 4820 vir
2740 4766 2871 4821 talis
2903 4783 2968 4821 ac
2997 4770 3081 4820 tot
3124 4765 3430 4820 virtutibus
3479 4763 3786 4834 praedictus

2092 4856 2161 4909 ab
2207 4861 2358 4910 statu
2407 4873 2524 4910 suae
2567 4857 2918 4910 auctoritatis
2949 4861 3066 4910 tam
3095 4854 3259 4909 facile
3308 4852 3534 4907 deviare
3573 4850 3787 4921 potuis-

2092 4948 2195 5009 set,
2228 4951 2288 4998 ut
2327 4950 2450 5015 regi
2494 4945 2768 5016 prmdicto
2801 4949 2916 4998 tam
2958 4948 3192 5014 repente
3225 4942 3350 4997 sine
3380 4940 3618 4996 consilio
3651 4955 3784 4992 suo-

2093 5047 2223 5086 rum
2255 5049 2313 5086 se
2343 5033 2630 5087 subderet.
2666 5033 2807 5087 Huic
2836 5031 3230 5086 ammirationi
3259 5030 3557 5098 responsio
3592 5032 3786 5082 nostra

2093 5120 2198 5174 hac
2236 5121 2597 5176 excusatione
2650 5121 2814 5176 facile
2862 5120 3207 5176 medebitur.
3252 5119 3480 5174 Recenti
3516 5116 3670 5170 enim
3701 5132 3786 5169 ca-

2092 5210 2372 5274 lamitate,
2429 5214 2598 5281 atque
2655 5211 2853 5265 dolore
2901 5209 3226 5264 vehementi
3267 5225 3380 5279 quo
3422 5206 3786 5276 premebatur

1702 5349 1930 5405 VARUE
1982 5349 2273 5405 LECTION
2283 5352 2380 5405 ES.

1239 5463 1282 5495 ιθ
1317 5460 1694 5514 adventurum
1752 5465 1800 5515 l.

1172 5533 1214 5566 ²¹
1249 5532 1448 5586 facnus
1485 5535 1534 5586 l.

369 5465 410 5498 “
445 5465 678 5518 rothsan
708 5467 760 5517 2.

842 5466 887 5498 ¹²
937 5464 1050 5534 apl.
1112 5465 1154 5516 l.

309 5532 352 5567 '9
379 5533 580 5588 eximis
604 5550 649 5588 c.

727 5533 776 5568 ²⁰
806 5533 1010 5604 prosus
1045 5537 1063 5588 1
1082 5576 1091 5586 .

1882 5462 1926 5497 η
1971 5465 2252 5530 peragant
2284 5464 2330 5516 l.

1612 5533 1659 5566 ³³
1689 5532 1956 5602 apparuit
1988 5535 2036 5585 ί.

2412 5459 2457 5495 ¹⁵
2495 5461 2639 5514 adiit
2687 5465 2739 5514 2.
2822 5463 2865 5496 ¹⁶
2896 5461 2999 5514 sub
3035 5476 3080 5514 c.
3164 5462 3202 5494 ιτ
3264 5475 3397 5514 reste
3427 5478 3469 5512 c.
3555 5457 3596 5492 ¹³
3649 5463 3780 5511 tet.

2117 5532 2164 5566 ²³
2194 5547 2367 5586 vocem
2399 5535 2464 5586 E.
2494 5533 2686 5601 supple
2710 5534 2770 5585 it.

2822 5463 2865 5496 ¹⁶
2896 5461 2999 5514 sub
3035 5476 3080 5514 c.
3164 5462 3202 5494 ιτ
3264 5475 3397 5528 rege
3427 5478 3469 5512 υ.
