3944 6328
142 324 245 377 449

1318 326 1450 381 LIB.
1495 326 1587 383 DE
1630 328 1982 384 EPISCOPIS
2020 329 2482 385 METENSIBUS.

3549 338 3653 389 450

144 460 215 498 ex
271 443 605 498 amicissimi
654 448 711 498 et
756 444 1211 514 conjunctissimi
1259 444 1365 499 viri
1419 450 1624 512 morte,
1676 447 1843 500 desti-
1868 449 1913 500 A
1952 452 2147 501 autem
2185 447 2368 501 adhuc
2407 453 2537 518 post
2576 450 3036 505 emendationem
3079 454 3447 521 pertinatiam
3483 455 3532 491 ³ο
3561 461 3657 510 (te-

142 538 302 587 tutus
349 537 404 586 et
444 533 701 597 attlictus,
765 539 822 586 et
867 533 1082 604 regium
1130 534 1452 604 obprobriis
1499 537 1842 602 stimulatus,

145 622 433 692 simulque
459 624 606 692 regis
631 623 884 692 praedicti
912 624 1380 677 assertationibus
1410 623 1457 658 3”
1487 625 1750 678 seductus
1774 627 1842 691 εδ,

145 727 313 781 paene
368 711 723 763 obliviscitur
750 709 800 745 ’⁵
848 711 957 777 sui,
992 717 1048 765 et
1078 714 1271 765 animo
1301 713 1358 766 in
1391 713 1612 766 diversa
1640 714 1844 767 distra-

147 807 257 865 cto,
292 799 426 869 quid
460 806 654 869 ageret
686 800 934 853 incertus
967 806 1105 854 erat.
1140 801 1234 855 Set
1263 808 1458 854 tamen
1508 818 1620 854 non
1652 802 1849 856 deerat

149 888 204 941 ei
252 888 535 941 verissimi
586 888 823 941 scientia
875 893 929 942 et
976 890 1119 942 ratio
1168 890 1410 954 consilii,
1452 889 1663 959 quibus
1706 908 1846 943 sem-

149 993 252 1047 per
305 992 425 1046 prie
485 977 752 1030 omnibus
810 977 1104 1047 pollebat;
1147 978 1287 1049 quin
1332 979 1387 1031 id
1438 978 1496 1031 in
1543 978 1699 1031 brevi
1756 996 1845 1031 re-

148 1066 347 1119 sarciri
394 1072 450 1119 et
497 1067 563 1119 ad
612 1082 772 1119 suam
834 1066 1131 1136 pristinam
1190 1067 1499 1136 perducere
1537 1073 1731 1136 posset
1769 1066 1849 1119 di-

150 1154 448 1224 gnitatem,
518 1155 602 1207 illi
670 1155 888 1208 diutius
943 1155 988 1208 si
1040 1155 1227 1208 vivere
1298 1156 1567 1211 licuisset.
1633 1155 1845 1210 Verum

151 1245 289 1297 dum
352 1243 609 1296 omnium
675 1244 930 1297 virorum
987 1250 1317 1297 nostrorum
1401 1261 1600 1299 causas
1669 1243 1846 1297 subli-

150 1332 330 1385 mium
382 1332 700 1399 considero,
753 1332 897 1385 nihil
947 1332 1004 1385 in
1056 1333 1135 1385 eis
1182 1332 1469 1402 repperio,
1514 1332 1667 1403 quod
1731 1348 1845 1385 non

150 1422 274 1489 ejus
324 1421 453 1475 vitae
498 1420 767 1490 eligantia
808 1426 1075 1491 superet;
1117 1425 1172 1473 et
1216 1422 1323 1474 hoc
1371 1421 1614 1491 quisque
1672 1420 1844 1474 etiam

150 1509 367 1562 crimen
426 1510 765 1578 arrogantiae
807 1510 981 1573 subit,
1018 1509 1065 1562 si
1112 1509 1413 1575 existimet,
1448 1526 1506 1562 se
1535 1511 1664 1562 vitze
1696 1510 1845 1562 Deo—

150 1600 326 1653 derici
356 1600 633 1669 cujusque
673 1599 891 1669 judicio
924 1616 1090 1669 poese
1122 1601 1461 1668 comparari.
1492 1599 1651 1654 Multi
1683 1616 1845 1652 nam-

150 1704 261 1757 que
312 1704 425 1740 non
473 1704 502 1739 a
551 1704 608 1740 se
656 1688 814 1756 ipsis,
867 1693 952 1740 set
1007 1702 1070 1741 ex
1120 1688 1367 1740 aliorum
1414 1687 1706 1740 beneﬁciis
1752 1688 1839 1740 vel

150 1775 321 1828 etiam
375 1776 608 1844 rapinis,
662 1776 975 1846 locupletes
1019 1780 1075 1829 et
1117 1776 1253 1829 clari
1284 1775 1330 1809 ²⁷
1372 1776 1582 1841 effecti;
1627 1776 1848 1829 Deode-

151 1864 301 1916 ricus
330 1879 465 1916 vero
497 1864 665 1934 longe
696 1864 859 1917 aliter
898 1863 1279 1934 generositate
1320 1871 1627 1934 parentum
1663 1870 1720 1920 et
1750 1881 1843 1918 ex-

150 1952 415 2006 cellentia
457 1955 763 2023 majorum,
798 1970 866 2006 ex
916 1954 1115 2006 innata
1165 1969 1396 2023 quoque
1436 1953 1596 2023 copia
1639 1969 1846 2023 magna

149 2042 498 2111 prmdiorum
549 2042 894 2094 clarissimus
948 2041 1213 2095 habetur.
1254 2043 1432 2095 Aliter
1474 2042 1650 2109 enim,
1698 2043 1846 2094 vires

149 2133 271 2200 ejus
322 2130 735 2195 magnitudinis
776 2130 845 2183 ab
876 2130 1111 2183 ineunte
1146 2135 1313 2183 aetate
1358 2146 1550 2183 secum
1596 2146 1846 2183 crescere

148 2223 203 2271 et
243 2234 363 2271 suae
412 2220 653 2287 gloriam
705 2219 973 2288 potentize
1014 2233 1194 2289 usque
1226 2218 1283 2271 in
1314 2219 1486 2272 tinem
1532 2218 1663 2271 vita:
1696 2218 1845 2288 apud

147 2324 204 2360 se
252 2306 585 2375 consistere,
644 2307 975 2377 impossible
1034 2312 1198 2361 esset.
1248 2306 1429 2370 Quam
1478 2305 1751 2376 frequens
1792 2310 1848 2358 et

146 2396 382 2449 sedulus
412 2396 557 2448 circa
587 2412 704 2448 sum
736 2397 975 2449 salutem
1004 2396 1213 2449 animae
1235 2395 1425 2459 fuerit,
1448 2394 1844 2448 testimonium

145 2491 228 2538 est
258 2485 577 2538 oratorium
608 2485 787 2538 sancti
835 2484 1135 2550 Vincentii,
1184 2484 1253 2537 de
1284 2500 1396 2553 quo
1426 2500 1598 2553 supra
1629 2485 1844 2537 dictum

143 2579 243 2638 est,
293 2573 354 2625 in
401 2573 586 2627 insula
638 2573 882 2627 Mosellae
920 2572 1174 2626 ﬂuminis
1220 2572 1371 2625 foras
1420 2588 1612 2625 muros
1661 2571 1844 2625 Mettis

141 2662 390 2715 civitatis
421 2678 593 2730 opere
632 2662 936 2731 magnifico
966 2662 1038 2715 ab
1069 2679 1133 2714 eo
1155 2666 1565 2725 constructum,
1602 2660 1659 2713 in
1691 2661 1841 2731 quod

141 2750 316 2803 etiam
345 2751 724 2819 plurimorum
768 2767 1003 2820 corpora
1051 2756 1377 2803 sanctorum
1410 2766 1477 2802 ex
1527 2747 1575 2783 ³⁸
1623 2749 1844 2817 longin-

141 2842 273 2909 quis
315 2839 646 2909 regionibus
690 2840 786 2909 pio
834 2839 1019 2892 Studio
1052 2839 1285 2892 advecta
1332 2838 1635 2907 congessit.
1682 2838 1843 2901 Quic-

140 2928 278 2998 quid
303 2931 477 2981 etiam
507 2928 791 2981 facultatis
812 2928 1071 2981 coenobio
1092 2933 1148 2981 et
1167 2926 1599 2997 congregationi
1634 2926 1843 2979 divinis

1953 553 2168 607 ponere
2204 538 2470 604 noluerit,
2525 542 2714 591 sumat
2757 538 2865 592 sibi
2913 541 3116 595 solatio
3163 547 3261 595 tua
3313 544 3540 598 licentia
3597 552 3655 599 et

1958 643 2086 679 meo
2131 626 2335 679 affectu
2382 627 2646 680 caninam
2702 627 2973 694 litteram,
3021 634 3086 683 ut
3144 631 3231 684 Vel
3266 632 3344 685 sic
3387 633 3656 688 inconve-

1958 713 2137 767 nienti
2187 731 2327 767 sono
2361 715 2607 780 deditus,
2658 715 2962 770 ridiculum
3015 719 3268 786 praebeat
3310 720 3647 790 legentibus.

2026 805 2079 855 2.
2136 802 2273 871 (An.
2335 806 2459 871 98’s,
2512 804 2626 857 Oct.
2699 807 2799 868 16;
2875 808 3030 870 t005,
3105 810 3226 860 Dec.
3286 807 3452 876 14.)«
3515 811 3655 862 ltem

1955 890 2236 942 Adalbero
2284 891 2449 943 annis
2491 894 2578 944 22.
2613 911 2639 940 ››
2679 892 2860 944 Verba
2916 894 3097 947 sancti
3137 895 3326 963 angeli
3368 896 3562 949 brevia
3603 902 3658 949 et

1958 982 2198 1034 obscura
2249 983 2429 1035 solent
2510 999 2651 1049 esse,
2713 988 2774 1036 ut
2829 984 2888 1036 in
2964 985 3054 1038 bis
3127 986 3467 1057 indagandis
3545 990 3655 1058 piae

1958 1078 2175 1123 mentes
2244 1071 2655 1124 delectabiliter
2737 1080 3126 1127 exerceantur.
3213 1076 3350 1129 Ecce
3441 1079 3655 1131 etenim

1955 1158 2129 1212 dicit:
2169 1181 2188 1207 α
2221 1159 2359 1212 Item
2400 1159 2682 1213 Adalbero
2711 1176 2724 1213 :
2758 1178 2784 1211 »
2837 1162 2999 1231 quasi
3050 1162 3286 1231 diceret,
3346 1164 3518 1218 istum
3567 1183 3657 1219 su-

1955 1248 2167 1317 periori
2204 1249 2315 1316 (22)
2346 1265 2466 1301 esse
2510 1248 2758 1302 similem
2805 1256 2861 1303 et
2910 1251 3143 1304 nomine
3188 1258 3244 1305 et
3274 1254 3407 1320 vita,
3453 1260 3518 1307 ut
3556 1256 3655 1325 qui

1955 1336 2326 1390 concordabit
2372 1336 2626 1404 nomine,
2695 1354 2812 1390 non
2890 1338 3235 1408 discrepabit
3294 1343 3650 1410 operatione.

1957 1425 2173 1479 Dicitur
2203 1431 2415 1492 autem,
2451 1431 2722 1496 utrosque
2765 1429 2874 1495 (23)
2917 1428 3210 1499 episcopos
3252 1429 3653 1485 devotissimos

1954 1514 2017 1567 in
2064 1513 2213 1566 curis
2277 1530 2597 1583 pauperum
2655 1517 2925 1580 extitisse,
2976 1522 3033 1569 et
3097 1517 3154 1569 in
3217 1519 3541 1572 extruendis
3596 1525 3653 1573 et

1958 1602 2220 1671 regendis
2250 1601 2503 1655 ecclesiis
2538 1603 2660 1656 sine
2699 1603 2920 1658 defectu
2966 1621 3375 1673 perseverasse,
3419 1610 3574 1661 unde
3599 1614 3653 1662 et

1880 1728 1918 1780 Β
1958 1690 2192 1743 nomine
2237 1697 2295 1744 et
2336 1690 2452 1743 vita
2500 1694 2705 1744 merito
2757 1691 2826 1745 ab
2876 1694 3080 1763 angelo
3110 1695 3395 1764 coaequari
3424 1713 3649 1750 merue-

1956 1784 2111 1832 runt.

2028 1869 2078 1919 3.
2134 1865 2263 1931 (An.
2321 1867 2474 1932 1006,
2523 1866 2697 1935 1047.)
2750 1868 2878 1920 Hmc
2926 1867 3114 1921 littera
3162 1869 3281 1940 (24)
3328 1869 3482 1923 illius
3533 1872 3647 1941 (25)

1955 1954 2200 2020 nomini,
2233 1954 2333 2024 qui
2358 1954 2417 2007 in
2440 1954 2570 2008 sede
2603 1972 2753 2008 nunc
2780 1956 3121 2010 substitutus
3160 1964 3265 2027 est,
3299 1958 3557 2024 minime,
3593 1966 3652 2012 ut

1954 2043 2325 2112 perspicuum
2354 2048 2457 2104 est,
2490 2043 2794 2112 congruit;
2846 2045 2996 2098 unde
3028 2048 3083 2097 et
3116 2047 3281 2099 multi
3314 2047 3644 2117 opinantur,

1954 2129 2119 2184 illum
2148 2131 2209 2185 in
2240 2148 2480 2185 numero
2523 2133 2862 2202 pontiﬁcum
2902 2149 3014 2186 non
3063 2136 3533 2202 computandum,
3568 2143 3651 2188 set

1954 2227 2191 2291 propter
2216 2221 2724 2291 transgressionem
2760 2221 2959 2290 populi
3009 2222 3387 2292 subpositum,
3420 2230 3475 2276 et
3507 2231 3647 2278 tam-

1956 2308 2051 2362 diu
2084 2308 2266 2378 quoad
2295 2308 2392 2362 ille
2421 2308 2643 2362 venerit
2671 2309 2768 2379 qui
2802 2310 3047 2362 litteram
3090 2316 3467 2379 praenotatam
3516 2328 3648 2381 por-

1954 2398 2177 2465 taverit,
2226 2400 2618 2467 episcopatum
2659 2414 2876 2451 cessare
2918 2398 3133 2452 dicunt.
3189 2399 3284 2453 Set
3328 2416 3431 2453 nos
3478 2401 3649 2454 etiam

1956 2487 2022 2540 ad
2058 2491 2312 2539 nostram
2353 2486 2685 2555 opinionem
2712 2486 3008 2540 mittamus
3051 2503 3306 2541 manum.
3352 2489 3491 2541 Nam
3524 2490 3648 2542 exi—

1954 2575 2255 2637 stimamus
2286 2579 2331 2628 Α
2374 2575 2618 2645 positam
2653 2575 2816 2645 quasi
2847 2578 3006 2629 Alter
3037 2577 3400 2641 Deodericus,
3441 2578 3500 2630 in
3533 2594 3646 2648 quo

1955 2680 2057 2717 nos
2087 2662 2328 2733 quzestio
2359 2662 2595 2716 obscura
2644 2679 2710 2715 eo
2762 2669 3052 2733 angustat,
3107 2679 3207 2717 cur
3248 2681 3365 2717 non
3410 2667 3649 2733 angelus

1954 2752 2266 2805 dixerit“:
2301 2773 2321 2799 ι
2374 2753 2514 2804 Item
2563 2751 2904 2805 Deodericus
2950 2768 3022 2817 ης
3074 2752 3220 2806 sicut
3268 2754 3337 2806 de
3388 2755 3644 2823 superio-

1954 2840 2111 2894 ribus
2141 2840 2383 2893 dixerat.
2436 2840 2695 2909 Denique
2726 2840 2898 2909 hujus
2929 2842 3209 2895 sermonis
3256 2844 3473 2895 occulta
3508 2843 3644 2895 dum

1953 2929 2198 2982 enodare
2228 2926 2512 2997 cupimus,
2545 2928 2788 2981 occurrit
2834 2929 3048 2997 animo,
3097 2930 3259 3000 quasi
3290 2931 3362 2984 ob
3402 2931 3543 2985 duas
3574 2931 3647 2983 si-

141 3016 249 3069 sibi
282 3017 577 3087 obsequiis
610 3016 1007 3071 insistentibus
1052 3016 1313 3082 contulit,
1359 3032 1523 3086 papte
1565 3016 1835 3068 Romanae
1875 3009 1913 3063 Ο
1952 3015 2343 3089 gniticationes
2390 3019 2630 3069 alterum
2666 3017 2943 3086 posuisse,
2982 3024 3082 3072 aut
3111 3035 3179 3071 ex
3222 3019 3647 3089 computatione

142 3106 313 3169 sedis,
354 3110 633 3175 praesente
680 3106 898 3160 Caesare
946 3106 1154 3159 Ottone
1199 3105 1464 3167 secundo,
1507 3102 1842 3156 auctoritate

142 3194 251 3247 sub
294 3194 659 3247 anathemate
710 3194 1001 3248 stabilivit.
1053 3193 1309 3264 Denique
1342 3194 1409 3246 de
1444 3193 1529 3245 his
1574 3192 1843 3245 omnibus

141 3299 293 3353 papa
322 3282 693 3353 privilegium
715 3283 994 3336 conscribi
1013 3282 1204 3352 jussit,
1255 3289 1311 3335 et
1333 3280 1580 3349 praesule
1603 3286 1842 3349 rogante

141 3370 509 3424 dalmaticam
542 3378 598 3425 et
642 3372 897 3426 sandalia
920 3370 1120 3425 abbati
1150 3370 1327 3424 sancti
1355 3368 1633 3423 Vincentii
1666 3368 1841 3433 misit,

142 3466 205 3513 ut
235 3475 466 3528 semper
496 3461 670 3514 abbas
718 3460 827 3513 loci
874 3459 1050 3523 illius,
1105 3460 1334 3513 absente
1380 3460 1664 3528 episcopo.
1699 3455 1843 3509 divi-

140 3564 281 3602 num
331 3549 584 3602 ofﬁcium
639 3549 757 3601 vice
792 3547 987 3602 suain
1038 3548 1169 3602 sede
1219 3545 1529 3617 episcOpali
1572 3547 1631 3597 in
1675 3545 1843 3598 domo

141 3636 323 3689 sancti
350 3636 624 3706 Stephani
654 3636 1129 3706 prothomartyris
1160 3635 1491 3706 peregisset.

209 3724 327 3777 Hoc
378 3726 722 3794 opusculum
794 3741 901 3795 ego
967 3727 1256 3794 Alpertus,
1319 3738 1424 3776 nec
1474 3721 1623 3774 inter
1653 3735 1842 3772 servos

142 3812 241 3865 Dei
273 3814 681 3878 nominandus,
722 3813 790 3866 de
823 3814 1067 3883 praesule
1114 3818 1310 3865 nostro
1361 3808 1591 3877 digessi,
1626 3807 1843 3877 tibique

139 3908 334 3954 sancte
378 3903 544 3955 Pater
577 3902 968 3966 Constantine,
1013 3900 1078 3953 ad
1119 3898 1522 3966 corrigendum
1562 3895 1740 3949 direxi
1771 3893 1842 3962 ’9,

139 4005 211 4042 ne
243 3991 507 4055 aemulus,
540 3990 586 4042 si
629 3990 758 4060 quis
787 3988 994 4059 estqui
1025 3987 1387 4042 dormitando
1422 3985 1565 4039 sacri
1602 3984 1842 4053 vigilan-

138 4077 217 4131 tia
286 4079 559 4131 abhorret
599 4077 769 4131 studii
820 4077 1299 4147 amplectiturque
1369 4074 1505 4144 ωετὶ
1551 4078 1843 4141 torporem

140 4165 260 4219 otii.
304 4165 523 4237 aliquid
585 4166 643 4219 in
702 4165 784 4219 eis
836 4165 906 4219 ad
946 4164 1362 4219 detrahendum
1420 4161 1687 4232 reperiat.
1746 4159 1843 4213 Sin

1953 3106 2200 3171 numeri,
2234 3122 2347 3176 qua
2368 3105 2610 3159 dicimus
2632 3106 2678 3139 ³³
2712 3126 2738 3153 ‹‹
2770 3121 2936 3170 unus,
2970 3128 2996 3155 »
3036 3129 3061 3155 ‹‹
3086 3107 3245 3172 alter,
3275 3126 3301 3157 io
3329 3127 3355 3156 «
3388 3107 3594 3160 tercius
3619 3127 3643 3157 ι)

1950 3201 2050 3248 aut
2079 3211 2144 3248 ex
2175 3194 2513 3247 discretione
2561 3195 2793 3247 alterius
2828 3194 2975 3260 vitas,
3008 3201 3074 3248 ut
3102 3196 3150 3229 ³³
3200 3196 3432 3249 nomine
3467 3198 3645 3266 tequi-

1949 3301 2119 3337 vocos
2140 3289 2224 3337 set
2254 3284 2369 3335 vita
2408 3282 2711 3337 dissimiles
2753 3284 2974 3336 futuros
3022 3284 3425 3338 innotesceret.
3465 3286 3643 3337 Nemo

1948 3377 2143 3426 tamen
2201 3378 2455 3424 nostrum
2524 3372 2695 3423 vitam
2752 3371 2981 3423 illorum
3054 3373 3336 3425 discutere
3412 3373 3644 3441 poterit,

1950 3460 2084 3532 quia
2117 3460 2269 3512 solus
2302 3462 2448 3513 Deus
2487 3460 2654 3512 corda
2703 3460 3033 3513 mortalium
3084 3460 3360 3527 intuetur,
3393 3466 3449 3513 et
3490 3466 3646 3514 actus

1950 3551 2120 3603 etiam
2144 3548 2496 3612 sublimium,
2548 3548 2709 3617 quia
2754 3549 2920 3601 nobis
2961 3548 3268 3619 aliquando
3308 3549 3395 3601 vel
3442 3549 3643 3602 adula-

1948 3638 2102 3692 tione
2142 3639 2227 3691 vel
2274 3654 2469 3690 amore
2532 3637 2704 3690 etiam
2762 3637 3088 3707 ignorantia
3136 3643 3501 3705 venerantur,
3549 3654 3642 3691 co-

1950 3744 2068 3781 ram
2103 3726 2279 3780 oculis
2332 3726 2429 3779 Dei
2478 3725 2839 3779 districtioris
2882 3726 3084 3795 judicii
3131 3727 3409 3781 sententia
3440 3727 3645 3780 exami-

1950 3823 2182 3870 nantur.
2213 3815 2368 3868 Illius
2408 3831 2655 3885 namque
2687 3830 2898 3868 nomen
2936 3815 3289 3885 Redemptor
3314 3822 3509 3869 noster
3541 3831 3642 3870 no-

1949 3905 2049 3970 vit,
2081 3920 2253 3975 quem
2272 3903 2428 3956 omni
2460 3919 2594 3956 cura
2642 3902 2842 3957 ovibus
2883 3903 3203 3956 commissis
3254 3903 3413 3957 factis
3451 3904 3644 3957 lauda-

1949 3993 2081 4047 bilis
2128 3991 2576 4047 conversationis
2618 3997 2674 4045 et
2702 3992 2976 4045 virtutum
3014 3992 3289 4061 exemplis
3332 3993 3643 4046 secundum

1951 4083 2289 4152 dignitatem
2325 4080 2693 4150 apostolicam
2724 4079 3032 4150 praesidere
3057 4080 3334 4148 cognovit.

1575 4316 1805 4369 VARUS
1848 4312 2243 4367 IJZCTIONES.

210 4434 259 4468 ’⁸
289 4436 458 4485 asert.
501 4449 526 4485 c
629 4431 675 4465 ’⁵
728 4436 814 4484 set
843 4433 1043 4485 ductus
1070 4448 1114 4484 c.
1221 4434 1266 4467 ²⁶
1291 4431 1654 4484 obliviscetur
1710 4433 1754 4482 ι.
1860 4427 1905 4461 ε⁷
1941 4427 2064 4481 dari
2095 4443 2138 4479 ς.
2249 4424 2294 4458 2⁸
2327 4430 2457 4479 etc.
2558 4424 2605 4457 '9
2658 4424 2829 4491 dirig.
2880 4424 3095 4476 correxi
3132 4427 3178 4476 l.
3280 4423 3329 4457 ³ο
3363 4426 3645 4495 pertinati-

140 4523 276 4574 tiam
310 4537 353 4575 ο.
434 4521 478 4554 ⁸¹
523 4520 743 4574 dixerit.
784 4520 923 4574 dixit
951 4535 995 4573 ο.
1075 4519 1121 4553 ³³
1154 4512 1284 4573 ιῖἱῆξ
1312 4536 1355 4573 c.
1434 4518 1481 4551 ⁸³
1510 4535 1581 4571 uo
1617 4521 1664 4572 l.

1780 4647 2000 4700 NOTx’l-J.

207 4778 320 4843 (22)
350 4774 481 4829 Scil.
510 4774 854 4828 Adalberoni
890 4774 928 4827 Ι.

2027 4768 2130 4843 ξ24)

208 4847 326 4914 (23)
360 4846 765 4899 Adalberoues.

2011 4841 2123 4911 (25)
2152 4838 2479 4893 Theoderici
2510 4838 2576 4891 ll.
