3944 6302
335 317 429 368 451
489 367 494 371 ,
1285 305 1580 362 ALPERTI
1623 306 1678 359 S.
1721 301 2196 357 SYMPHORIANI
2241 301 2542 356 METENS.
2593 299 2893 354 MONACII.

353 442 2290 464 _—_—_.____—._L..___—————-——-—————————-——.——_———-—

908 633 1104 739 DE
1212 626 2267 738 DIVERSITATE
2383 622 3255 734 TEMPORUM

1830 849 2081 916 LIBRI
2139 849 2348 915 DUO.

1549 1193 1952 1266 INCIPIT
2027 1191 2636 1266 PROLOGUS.

425 1490 620 1543 Frater
650 1489 832 1542 Immo
862 1488 972 1556 (26)
1021 1503 1186 1540 causa
1231 1487 1443 1540 amoris
1491 1487 1560 1540 ad
1605 1503 1695 1540 me
1723 1487 1903 1542 venit:
1940 1491 2038 1541 tua
2076 1493 2118 1545 A
2151 1489 2376 1558 collegi,
2409 1505 2483 1542 ne
2530 1487 2822 1542 verbosior
2855 1503 3025 1558 quam
3058 1487 3354 1541 debuerim
3400 1486 3644 1540 viderer.
3689 1488 3759 1540 Et
3791 1491 3857 1539 ut

349 1583 545 1630 sancta
594 1576 800 1642 studia,
847 1576 1168 1628 venerande
1208 1577 1417 1646 praesul
1452 1575 1795 1641 Burcbarde,
1842 1575 2038 1643 ﬁdem,

349 1668 706 1718 sanctitatem
737 1670 794 1717 et
822 1664 1176 1718 honestatem
1213 1679 1434 1716 morum
1483 1663 1696 1729 retulit,
1725 1669 1797 1732 _et
1828 1670 2040 1733 quanta

350 1752 685 1807 auctoritate
725 1757 1082 1805 construercs
1127 1755 1182 1803 et
1231 1767 1457 1821 regeres
1513 1751 1807 1804 ecclesiam
1865 1752 1969 1804 tibi
2008 1768 2040 1805 a

351 1843 467 1896 Deo
494 1827 876 1908 commissam,
911 1840 1171 1894 ostendit.
1208 1840 1338 1910 Ejus
1395 1840 1783 1904 relationibus,
1837 1840 2037 1907 fateor,

349 1930 657 1985 admodum
692 1946 806 1983 non
853 1929 1034 1982 solum
1067 1929 1518 1999 congaudebam,
1569 1929 1666 1983 sed
1703 1928 1874 1982 etiam
1901 1944 2037 1982 con-

349 2017 525 2089 digna
579 2016 978 2082 admiratione,
1025 2016 1235 2087 gratias
1285 2017 1398 2071 Deo
1445 2021 1567 2070 toto
1618 2018 1788 2071 corde
1835 2033 2038 2087 repen-

349 2107 506 2171 dens,
576 2105 920 2159 cxultabam.
972 2103 1229 2176 Cumque
1287 2107 1474 2159 adhuc
1525 2105 1595 2159 de
1641 2111 1740 2159 tua
1785 2105 2041 2160 bonitate

349 2196 606 2267 pluriora
651 2195 793 2249 scire
854 2195 1260 2262 desiderarem,
1302 2201 1517 2265 quanta
1563 2195 1932 2250 meditatione
1980 2196 2040 2249 in

350 2286 558 2338 sanctis
597 2284 924 2355 Scripturis,
978 2284 1172 2336 labore
1213 2284 1568 2353 jejuniorum
1606 2289 1664 2337 et
1691 2283 2038 2354 vigiliarum,

350 2378 408 2427 et
435 2373 493 2426 in
525 2372 741 2426 caeteris
771 2371 979 2425 Christi
1013 2372 1282 2441 operibus
1313 2388 1462 2426 esses
1492 2377 1815 2442 occupatus,
1865 2389 2042 2442 expo-

348 2461 480 2516 suit.
517 2461 771 2530 Denique
805 2464 1020 2531 quanlo
1073 2460 1323 2531 amplius
1371 2460 1454 2514 tui
1504 2461 1856 2514 mentionem
1890 2461 2041 2531 apud

351 2567 454 2604 nos
480 2556 678 2620 egerat
708 2550 774 2616 3‘,
804 2554 966 2604 tanto
1011 2549 1317 2620 gratiorem
1352 2549 1517 2603 nobis
1561 2549 1713 2604 diem
1763 2550 2036 2620 et‘jacun-

349 2639 570 2693 diorem
605 2637 884 2692 effecerat.
919 2637 985 2690 Et
1012 2639 1144 2708 quia
1176 2639 1234 2691 in
1265 2643 1379 2692 tam
1433 2638 1710 2693 laudabili
1742 2641 1854 2693 vita
1880 2640 2042 2711 agni-

348 2732 440 2780 tus
473 2743 551 2793 es,
604 2742 953 2797 quamquam
986 2731 1041 2779 et
1077 2733 1207 2780 ante
1247 2726 1509 2797 plurimis
1539 2732 1594 2780 et
1640 2729 2044 2798 praestantibus

348 2815 483 2868 viris
533 2813 914 2867 referentibus
955 2813 1138 2867 multa
1184 2813 1460 2884 praeclara
1507 2821 1564 2868 et
1607 2815 1852 2869 illustria
1880 2816 1950 2869 de
1989 2821 2044 2870 te

350 2902 464 2956 sint
490 2902 705 2972 audita,
757 2902 1068 2956 secundum
1126 2902 1272 2956 dicta
1324 2903 1633 2957 Salvatoris
1681 2905 1860 2958 nostri
1892 2903 2045 2958 unici

351 2988 477 3041 Filii
505 2988 604 3042 Dei
629 3004 641 3041 :
673 3010 693 3036 α
726 2988 849 3042 Non
872 2992 1057 3057 potest
1082 2984 1131 3020 ³⁵
1164 2987 1359 3040 civitas
1376 2988 1646 3042 abscondi
1675 3005 1846 3059 super
1875 3005 2045 3042 mon-

348 3082 464 3130 tem
499 3077 700 3146 posita,
737 3091 922 3146 neque
958 3077 1186 3129 lucerna
1220 3091 1395 3146 supra
1431 3076 1841 3130 candelabrum
1875 3078 2046 3131 missa

351 3165 530 3235 (Matt.
561 3182 614 3230 v,
647 3164 732 3229 14,
770 3164 894 3233 15);
932 3183 960 3215 »
1010 3167 1205 3217 tamen
1255 3163 1499 3218 interior
1544 3171 1642 3218 tua
1689 3165 2042 3219 conversatio

347 3251 603 3323 apertius
647 3252 1028 3318 manifestata,
1065 3252 1405 3306 memoriam
1441 3253 1545 3322 tui,
1579 3253 1766 3323 sigillo
1795 3254 2046 3308 caritatis

349 3341 556 3396 Christi
627 3341 845 3412 pectori
901 3357 1031 3396 meo
1084 3341 1269 3395 areius
1335 3341 1696 3412 impressam,
1764 3349 2046 3413 perpetua

346 3430 865 3501 conglutinatione,
925 3429 970 3484 si
1022 3447 1309 3500 praesumo
1361 3431 1637 3497 conﬁteri,
1688 3431 1830 3485 mihi
1861 3448 2044 3501 copu-

346 3519 502 3575 labit.
528 3521 596 3573 Et
628 3519 674 3573 si
713 3519 978 3589 angustia
1007 3519 1306 3573 familiaris
1360 3518 1445 3573 rei
1479 3519 1536 3574 in
1569 3520 2042 3574 administrandis

346 3607 634 3677 obsequiis
662 3606 886 3676 copiam
932 3607 1074 3660 mihi
1125 3607 1377 3678 negabit,
1425 3613 1620 3661 tamen
1669 3609 1782 3678 piae
1836 3608 2044 3662 mentis

346 3696 579 3749 affectus
599 3696 660 3749 in
695 3695 1058 3767 Christogtibi
1087 3711 1315 3765 semper
1359 3696 1560 3762 aderit,
1610 3696 1838 3750 fulcitus
1886 3697 2043 3750 testi-

344 3785 543 3839 monio
569 3782 898 3853 Scripturte,
946 3783 1222 3838 dicentis:
1261 3782 1586 3838 «Voluntas
1634 3783 1784 3837 bona
1837 3785 2046 3838 sufﬁcit

347 3871 561 3927 omnia.
609 3892 638 3922 »
693 3871 978 3925 Caeterum
1037 3871 1255 3924 nomini
1311 3875 1411 3924 tuo
1491 3870 1664 3925 istum
1721 3872 2044 3926 consecravi

345 3960 606 4015 libellum
661 3959 730 4014 de
768 3963 1091 4014 nostrorum
1130 3959 1354 4013 dierum
1384 3959 1711 4013 hominibus
1759 3958 2042 4030 composi-

2151 1583 2385 1648 propter
2437 1581 2563 1631 tuas
2635 1575 3038 1646 occupationes
3107 1575 3489 1628 sanctissimas
3552 1575 3854 1629 fastidium

2151 1662 2410 1728 vitarem,
2469 1659 2730 1714 brevitati
2774 1658 3030 1712 animum
3073 1657 3136 1712 in
3183 1658 3450 1712 omnibus
3488 1659 3642 1712 dedi.
3685 1662 3759 1712 At
3805 1661 3857 1712 si

2152 1749 2394 1802 aemulus
2423 1747 2550 1818 quis
2606 1748 2752 1800 forte
2806 1762 2870 1799 ex
2921 1746 3158 1800 adverso
3213 1746 3528 1813 emerserit,
3589 1747 3854 1800 etlivido

2153 1839 2317 1893 oculo
2367 1836 2455 1890 his
2493 1835 2760 1906 inspectis
2809 1835 2881 1889 ob
2935 1834 3207 1888 invidiam
3249 1850 3450 1904 rugam
3482 1835 3849 1899 contraxerit,

2152 1934 2210 1981 et
2242 1927 2300 1980 in
2334 1926 2444 1980 hoc
2475 1940 2566 1978 me
2612 1923 3033 1993 reprehendere
3082 1923 3446 1992 temptaverit
3479 1922 3542 1989 '5,
3576 1924 3735 1994 quod
3765 1941 3852 1977 sn-

2150 2012 2370 2084 perﬂue
2400 2028 2548 2066 nova
2590 2016 2648 2065 et
2685 2010 3055 2080 impudenter
3109 2010 3351 2080 inpolito
3405 2023 3669 2064 sermone
3726 2011 3851 2064 edi-

2153 2102 2356 2167 derim,
2388 2118 2454 2155 eo
2506 2100 2656 2170 quod
2715 2098 2999 2153 sutliciant
3051 2099 3182 2153 libri
3220 2115 3364 2169 quos
3411 2099 3649 2153 studiosi
3703 2101 3851 2152 reci—

2152 2192 2333 2262 piant,
2387 2190 2599 2245 nedum
2649 2189 2822 2242 etiam
2877 2188 3000 2242 istis
3060 2188 3344 2257 imperitis
3392 2189 3632 2258 scriptis,
3683 2190 3854 2260 quasi

2153 2278 2342 2331 inutili
2371 2278 2537 2342 fasce,
2585 2281 2914 2340 onerentur,
2968 2282 3025 2329 et
3052 2291 3116 2329 ea
3147 2291 3314 2329 causa
3361 2276 3618 2332 libellum
3675 2293 3850 2347 repu-

2153 2367 2284 2420 lerit
2311 2384 2322 2420 :
2353 2366 2401 2419 is
2433 2366 2594 2430 sciat,
2625 2381 2756 2420 eum
2801 2369 2916 2418 tuae
2961 2365 3275 2435 cognitioni
3320 2366 3681 2420 solummodo
3722 2381 3854 2420 esse

2155 2455 2411 2517 missum,
2442 2460 2505 2508 ut
2533 2460 2632 2508 tuo
2672 2453 2890 2524 judicio
2933 2461 3033 2507 aut
3077 2454 3389 2520 aboleatur,
3424 2458 3523 2507 aut
3571 2455 3854 2524 legendus

2154 2549 2428 2597 servetur.
2484 2544 2623 2597 Nam
2677 2559 2775 2613 spe
2832 2542 3028 2612 gratiae
3104 2549 3218 2596 tuae
3275 2541 3540 2608 confisus,
3600 2543 3672 2596 ab
3747 2544 3854 2596 has

2154 2631 2473 2686 intentione
2505 2631 2714 2685 mentis
2744 2647 2886 2685 mea;
2919 2647 3032 2684 non
3065 2631 3227 2684 facile
3262 2631 3565 2701 quisquam
3597 2635 3855 2684 retraxe-

2155 2722 2248 2787 rit,
2278 2721 2417 2791 quin
2466 2719 2738 2790 quicquid
2771 2719 3060 2773 sentencia
3105 2723 3202 2772 tua
3246 2719 3594 2790 probaverit,
3629 2718 3853 2789 absque

2155 2809 2527 2880 ambiguitate
2561 2808 2619 2862 id
2650 2808 2893 2862 aliorum
2943 2807 3114 2862 etiam
3163 2808 3582 2862 examinatione
3631 2807 3705 2861 sit
3734 2813 3853 2861 sta-

2153 2897 2494 2951 biliendum.
2522 2898 2585 2950 Et
2613 2896 2660 2948 si
2691 2897 2923 2950 demum
2965 2896 3088 2950 haec
3128 2896 3473 2966 obiicientur
3518 2902 3573 2949 et
3611 2912 3850 2966 arguar,

2155 2986 2306 3056 quod
2340 2985 2607 3039 omnibus
2637 2984 2866 3054 cognita
2915 2984 3261 3055 scripserim,
3315 2990 3414 3038 tuo
3453 2986 3692 3038 consilio
3717 3001 3856 3054 per-

2153 3075 2424 3144 pendant,
2447 3089 2537 3128 me
2564 3075 2668 3127 hac
2701 3073 3072 3143 responsione
3115 3075 3201 3128 uti
3227 3091 3238 3127 :
3274 3079 3409 3128 nota
3439 3074 3856 3128 delectabiliter

2153 3164 2361 3234 saepius
2388 3161 2594 3230 audiri,
2629 3166 2690 3216 ut
2717 3162 2860 3216 solet
2888 3161 3012 3216 tieri
3043 3161 3100 3215 in
3130 3161 3452 3226 cantilenis,
3485 3161 3663 3232 quod,
3702 3167 3857 3215 vete-

2151 3251 2310 3304 ribus
2353 3266 2417 3304 ex
2474 3250 2806 3306 assiduitate
2854 3250 3139 3314 fastiditis,
3181 3265 3342 3304 nova;
3391 3250 3750 3320 frequentius
3787 3250 3851 3303 in

2151 3340 2270 3393 dies
2321 3339 2599 3410 repetitas,
2665 3338 3056 3394 delcctabilius
3112 3339 3444 3393 audiuntur.
3505 3339 3655 3393 Inter
3726 3340 3854 3394 haec

2151 3429 2375 3483 noverit
2396 3434 2494 3482 tua
2527 3429 2795 3499 dignitas,
2851 3428 3002 3499 quod
3033 3428 3206 3482 etiam
3235 3427 3305 3481 ad
3334 3428 3656 3482 evitandam
3699 3429 3853 3482 ocio—

2151 3517 2374 3570 sitatem
2429 3520 2486 3570 et
2543 3515 2820 3570 desidiam
2895 3515 3083 3569 cordis
3149 3531 3240 3569 res
3321 3515 3455 3568 istas
3513 3515 3852 3572 scribendas

2152 3603 2539 3675 susceperim;
2596 3609 2654 3658 et
2696 3604 2830 3675 quia
2874 3605 2944 3658 ad
2977 3620 3120 3674 opus
3180 3603 3277 3658 Dei
3335 3603 3451 3657 sive
3483 3604 3552 3658 ad
3605 3605 3852 3674 alicujus

2150 3693 2374 3746 virtutis
2417 3693 2704 3762 profectus
2732 3693 2976 3750 idoneus
3022 3709 3141 3748 non
3193 3708 3342 3758 sum,
3375 3692 3436 3746 in
3493 3693 3603 3746 hoc
3655 3692 3850 3746 saltim

2153 3783 2424 3852 opusculo
2461 3783 2735 3836 miserum
2767 3782 3024 3835 animum
3056 3782 3126 3836 ab
3158 3781 3316 3835 inani
3350 3780 3676 3835 curiositate
3699 3781 3854 3835 cohi-

2151 3871 2367 3925 berem.
2400 3870 2558 3935 Quod
2609 3869 2781 3924 etiam
2811 3870 2937 3925 ideo
2967 3871 3088 3925 sine
3139 3870 3372 3924 nomine
3421 3871 3665 3924 auctoris
3693 3871 3854 3941 posi-

2151 3964 2275 4014 tum
2304 3964 2407 4026 est,
2441 3966 2526 4028 ut,
2559 3959 2607 4012 si
2636 3959 2917 4029 displicet,
2951 3959 3097 4014 sicut
3143 3958 3384 4029 praedixi
3415 3958 3698 4030 superius,
3751 3976 3849 4012 re-

344 4055 491 4116 tum,
522 4049 611 4103 cui
643 4064 854 4103 nomen
897 4053 980 4102 est
1031 4049 1106 4102 De
1163 4047 1490 4102 diversitate
1519 4052 1867 4118 temporum,
1905 4049 2041 4119 quia
2075 4060 2114 4115 C
2153 4064 2330 4114 seces,
2389 4048 2504 4102 sive
2551 4049 2702 4102 fossa
2767 4049 2912 4102 facta
2997 4048 3175 4102 humo
3245 4047 3458 4118 operiri
3510 4048 3748 4116 jubeas;
3802 4049 3850 4101 si

343 4139 404 4192 in
435 4154 503 4192 eo
535 4138 755 4193 diversa
803 4138 1038 4192 collecta
1086 4135 1368 4192 videntur.
1418 4137 1542 4190 Non
1583 4138 1734 4191 enim
1795 4138 2042 4208 pleniter
2147 4154 2279 4190 vero
2306 4137 2509 4208 placet,
2543 4136 2806 4208 adposito
2837 4137 3071 4193 nomine
3110 4153 3278 4191 causa
3317 4135 3580 4190 exercicii
3608 4136 3854 4190 feliciter

342 4227 535 4282 omnia
596 4242 726 4298 quae
782 4226 850 4282 de
901 4225 1194 4297 proposita
1239 4226 1479 4279 materia
1539 4226 1837 4281 scribenda
1878 4232 2039 4280 erant
2147 4228 2319 4292 legas.

1246 4347 1502 4402 INCIPIT
1535 4347 1868 4402 EPISTOLA
1911 4347 2124 4401 DOMNI
2170 4345 2584 4401 BURGHARDI
2622 4345 2954 4401 EPISCOPI.

417 4455 811 4518 BURCHARDUS,
865 4457 1072 4506 sancite
1113 4450 1545 4506 Wormaciensis
1592 4452 1860 4506 ascclesia:
1903 4467 2038 4521 pro-

344 4541 495 4595 visor
521 4540 878 4594 humillimus
927 4544 1200 4608 ALPERTO,
1244 4539 1476 4608 speciali
1529 4555 1651 4606 suo,
1705 4539 1905 4610 gratiae
1948 4539 2041 4592 in-

344 4628 666 4699 tegritatem
697 4633 752 4682 et
776 4627 1085 4697 plurimam
1119 4628 1381 4683 salutem.

420 4717 635 4773 Literas
665 4722 811 4785 tuas,
842 4733 984 4788 quas
1015 4717 1250 4772 nomine
1295 4731 1423 4771 meo
1454 4716 1558 4771 tibi
1591 4715 1836 4770 multum
1883 4715 2036 4770 inco-

2151 4449 2311 4519 gnito
2343 4449 2565 4516 misisti,
2627 4449 2888 4502 hilariter
2930 4448 3138 4520 accepi,
3195 4466 3336 4520 quas
3388 4450 3561 4505 etiam
3588 4467 3693 4520 per
3722 4451 3848 4506 dili—

2151 4539 2397 4592 ctionem
2429 4539 2758 4608 pariterque
2808 4543 2959 4592 tuam
2995 4539 3338 4608 peticionem
3370 4543 3425 4592 et
3469 4539 3591 4609 ipse
3623 4541 3756 4610 legi,
3792 4548 3848 4594 et

2149 4642 2338 4682 coram
2370 4642 2462 4680 me
2518 4628 2706 4697 legere
2757 4627 3005 4697 praecepi
3037 4645 3052 4693 ;
3090 4626 3150 4679 in
3209 4627 3418 4697 quibus
3476 4628 3649 4682 studii
3679 4627 3749 4698 ³⁷,
3784 4646 3847 4683 ac

2149 4716 2458 4770 voluntatis
2495 4721 2611 4770 tuas
2657 4716 3015 4770 devotionem
3047 4714 3181 4770 satis
3240 4731 3525 4788 superque
3579 4718 3844 4788 cognovi.

1751 4840 1998 4894 VARLzE
2039 4839 2431 4896 LECTIONES.

417 4945 464 4980 3‘
495 4940 677 5014 egerit
733 4945 788 4997 l.
827 4945 1021 5010 egerat
1049 4943 1100 4994 '2.
1179 4939 1227 4974 ³³⁸
1253 4945 1383 5011 pote
1431 4943 1475 4993 l.
1549 4937 1597 4973 35
1629 4938 2008 5009 tasmptaverit
2037 4953 2083 4992 c.
2162 4935 2208 4972 ³⁷
2268 4939 2459 4993 studui
2504 4942 2552 4993 l.

1985 5063 2208 5117 ΝΟΤᾹΞ.

407 5168 520 5239 (26)
549 5168 904 5239 Immonem,
923 5165 1206 5239 abbatem
1235 5163 1616 5239 Goraiensem,
1648 5163 2043 5239 Prumiensem

346 5234 842 5310 et'Auguiensem,
880 5235 1114 5310 fratrem
1144 5234 1362 5310 Alperti
1384 5234 1562 5310 fuisse
1585 5235 1907 5310 suspicatur
1939 5235 2044 5310 Ec-

341 5304 552 5366 cardus
568 5327 581 5376 ;
619 5310 716 5363 sed
748 5309 928 5362 Immo
969 5304 1243 5361 diaconus
1293 5305 1723 5359 Wormatiensis
1765 5305 1935 5359 fuisse
1963 5304 2043 5358 vi-

343 5382 530 5448 detur,
572 5375 657 5434 ad
712 5378 1247 5451 quemgmonacbus
1289 5375 1561 5451 Tielensis
1602 5376 1917 5451 epistolam
1944 5375 2041 5451 _d_e

343 5451 635 5505 miraculis
661 5447 1100 5518 SCWalburgis
1144 5447 1388 5518 scripsit.
1430 5450 1551 5502 Act.
1597 5447 1688 5502 SS.
1743 5447 1904 5502 Febr.
1943 5447 2037 5509 lIl,

341 5539 396 5592 p.
467 5524 591 5575 548.
643 5521 815 5575 etiam
872 5521 942 5574 de
994 5517 1271 5573 Immonis
1317 5517 1490 5572 fratre
1537 5534 1724 5573 sermo
1790 5522 1922 5573 est:
1981 5518 2041 5571 Si
2141 5545 2145 5547 -

2154 5166 2333 5216 testem
2361 5163 2524 5230 hujus
2548 5163 2695 5230 signi
2721 5161 2916 5214 habere
2943 5163 3117 5229 cupis,
3149 5163 3385 5228 fratrem
3440 5166 3611 5225 tuum,
3653 5177 3725 5216 an
3768 5165 3847 5216 ita

2153 5247 2206 5286 se
2228 5248 2311 5287 res
2333 5233 2550 5300 habeat,
2571 5232 2955 5298 interrogabis,
2987 5234 3083 5300 qui
3111 5233 3270 5298 hanc,
3300 5235 3497 5285 marito
3531 5246 3626 5285 suo
3656 5236 3715 5286 in
3753 5234 3848 5286 illa

2153 5305 2460 5358 miserabili
2517 5304 2657 5358 caede
2697 5305 2997 5357 Frisiorum
3049 5306 3353 5369 interfecto,
3405 5306 3565 5356 auxit
3600 5318 3845 5358 uxorem.

2150 5376 2333 5500 1Qulem
2365 5380 2558 5455 tamen
2590 5379 2660 5429 ab
2692 5374 2947 5445 Alperto,
2979 5373 3183 5428 clerico
3213 5379 3276 5428 ut
3294 5373 3534 5440 videtur,
3558 5372 3847 5429 diversum

2169 5463 2224 5500 1a
2267 5461 2475 5500 uerim.

2169 5461 2475 5500 ianuarim.
