3944 6308
114 312 219 363 453

980 310 1064 363 DE
1110 308 1566 365 DIVEBSITATE
1608 311 1991 368 TEMPORUM
2039 313 2227 369 LIBRI
2271 314 2426 368 DUO.
2468 344 2536 352 —-
2578 316 2702 369 LIB.
2736 318 2775 369 Ι.

3524 324 3627 375 [eiii-

113 433 211 487 Set
237 434 341 487 has
399 432 670 502 quociens
721 430 953 497 revolvi,
1010 431 1225 485 tociens
1264 448 1367 502 per
1397 432 1622 501 singula
1669 448 1816 501 pene
1854 437 1900 487 Α
1933 431 1993 487 in
2022 433 2283 503 quolibet
2313 434 2480 499 libro,
2529 434 2778 489 diversas
2804 450 2898 490 sex
2925 452 3120 490 causas
3151 439 3332 508 quaeri
3361 443 3626 498 convenit

117 521 289 576 verba
344 526 685 587 commotus,
738 520 944 573 nostris
1001 520 1197 590 pueris
1241 520 1621 591 praesentibus
1650 536 1822 589 super

116 612 227 665 hoc
257 610 436 677 dolui,
475 610 688 663 scilicet
752 610 907 680 quod
942 609 1027 663 liis
1079 610 1435 679 temporibus
1483 615 1616 663 sunt
1653 609 1817 674 nulli,

116 702 209 754 vel
239 700 333 753 vix
386 699 739 769 paucissimi,
798 698 899 769 qui
937 699 1007 753 ad
1056 699 1405 752 studendum
1454 698 1824 752 inveniantur

118 788 340 853 idonei,
375 789 463 841 vel
521 788 728 858 quibus
767 788 1031 841 voluntas
1077 787 1319 841 sufficiat
1368 787 1656 853 studendi,
1691 803 1822 841 cum

125 884 183 932 et
237 878 346 931 hoc
378 877 610 947 negotio
654 880 709 930 et
738 876 1137 946 unusquisque
1167 876 1513 941 reﬁceretur,
1547 892 1611 929 ac
1657 875 1822 929 labiis

124 966 353 1019 animus
380 982 413 1019 a
462 965 634 1018 variis
664 965 1068 1018 tumultuantis
1116 965 1287 1018 seculi
1327 964 1646 1017 commissis
1676 963 1820 1017 inte-

123 1055 234 1107 rim
268 1055 738 1124 suspenderetur,
767 1069 987 1106 necnon
1022 1057 1146 1106 cata
1202 1053 1465 1106 cautione
1502 1052 1824 1122 posteritati

126 1144 457 1215 sequacium
514 1142 803 1196 laudabile
847 1142 1172 1195 traderetur
1201 1141 1549 1210 exemplum.
1614 1141 1825 1195 Omnes

126 1239 319 1286 autem
376 1233 790 1285 delectamento
824 1231 1246 1284 mundanorum
1279 1230 1433 1283 illusi
1484 1235 1539 1284 et
1569 1229 1637 1283 ad
1670 1229 1823 1283 dete-

126 1323 281 1375 riora
327 1320 682 1390 pronissimi,
732 1319 956 1373 miseris
1012 1318 1185 1388 hujus
1247 1318 1421 1373 seculi
1479 1317 1823 1371 vanitatibus

124 1410 465 1475 inserviunt,
541 1415 598 1463 et
655 1414 773 1463 tam
838 1408 1198 1463 delectabiles
1251 1407 1578 1461 animarum
1627 1407 1824 1475 epulas

123 1515 383 1553 exercere
412 1503 511 1565 aut
540 1514 796 1568 qumrere
820 1498 1103 1567 {nesciunt
1142 1513 1207 1550 ac
1228 1496 1455 1566 penitus
1487 1496 1820 1566 neglegunt,

124 1588 272 1641 sicut
319 1587 595 1657 scriptum
652 1592 764 1641 est:
834 1605 861 1637 (ι
894 1586 1104 1641 Omnes
1154 1585 1604 1652 declinaverunt,
1653 1583 1821 1637 simul

123 1676 356 1731 inutiles
387 1676 521 1729 facti
565 1680 723 1743 sunt;
784 1692 901 1729 non
943 1680 1026 1729 est
1074 1675 1171 1745 qui
1202 1674 1372 1728 faciat
1425 1673 1664 1741 bonum,
1706 1690 1821 1727 non

122 1772 426 1836 estusque
477 1768 546 1819 ad
613 1781 791 1819 unum
846 1767 1014 1833 (Rom.
1052 1781 1131 1825 ιιι,
1197 1765 1365 1831 12).»
1412 1763 1593 1832 Igitur
1649 1763 1821 1817 studii

123 1855 205 1908 tui
239 1854 466 1909 devotio
510 1870 624 1907 non
674 1860 759 1907 est
804 1852 994 1906 inanis
1045 1852 1197 1922 apud
1255 1868 1362 1913 me,
1418 1867 1522 1904 nec
1598 1851 1824 1905 videtur

122 1943 514 2013 vituperanda,
551 1947 635 1996 set
680 1943 925 1995 multum
957 1940 1260 1995 laudanda.
1301 1940 1441 1993 Nam
1477 1940 1537 1992 in
1569 1938 1823 1993 dictami-

122 2034 211 2086 nis
240 2032 329 2086 tui
377 2032 495 2100 ﬁlo,
530 2032 684 2085 haud
717 2031 972 2101 segniter
995 2035 1244 2095 tornato,
1280 2044 1515 2099 magnas
1546 2033 1601 2082 et
1630 2034 1821 2082 aucto-

124 2124 271 2176 rales
324 2137 522 2175 causas
594 2137 711 2175 non
762 2119 1144 2174 titubantibus
1191 2117 1445 2187 vestigiis
1497 2116 1822 2170 cautissime

124 2211 491 2264 conservasti.
550 2211 610 2263 In
642 2209 797 2263 omni
856 2212 1007 2262 enim
1059 2204 1411 2279 eipositione
1442 2206 1733 2270 auctorali,
1768 2210 1823 2259 et

1931 525 2109 592 atque
2160 522 2413 593 expediri
2469 539 2529 592 or
2548 528 2714 590 ortet,
2766 524 2912 578 sicut
2962 526 3021 578 in
3053 528 3328 596 prooemio
3359 530 3627 585 editionis

1930 615 2130 680 primae
2182 627 2564 681 ysagogarum
2616 614 2898 682 Porphirii
2929 613 3231 668 Severinus
3274 615 3343 685 ⁵⁸,
3376 620 3624 686 pruden-

1930 697 2182 751 tissimus
2232 700 2449 765 doctor,
2510 699 2680 754 Fabio
2755 701 3110 772 exhortante,
3170 704 3413 758 dicendo
3472 706 3628 761 insti-

1932 787 2070 840 tuit:
2114 805 2139 836 α
2200 786 2457 841 Primum
2516 788 2723 859 inquit,
2797 790 2979 857 docet,
3056 808 3184 861 qua:
3232 793 3305 845 sit
3349 795 3626 866 cujusque

1932 875 2121 944 operis
2142 875 2406 940 intentio,
2442 877 2690 930 secundo
2707 893 2836 947 quas
2858 879 3096 945 utilitas,
3131 880 3308 933 tercio
3331 882 3429 951 qui
3449 884 3622 949 ordo;

1933 968 2135 1032 quarto
2197 964 2244 1017 si
2320 964 2465 1033 ejus,
2551 965 2714 1034 cujus
2778 982 2924 1036 opus
3018 983 3139 1021 esse
3191 968 3417 1033 dicitur,
3496 988 3625 1042 ger-

1934 1067 2134 1104 manus
2187 1052 2569 1123 propriusque
2591 1050 2639 1086 39
2668 1055 2812 1107 liber
2843 1056 3189 1126 est;quinto
3231 1074 3355 1128 quae
3395 1059 3465 1112 sit
3504 1061 3625 1129 ejus

1931 1140 2261 1210 inscriptio;
2299 1147 2522 1195 sextum
2553 1146 2636 1195 est
2682 1142 2739 1196 id
2777 1144 2983 1211 dicere,
3045 1145 3116 1199 ad
3174 1162 3347 1216 quam
3405 1154 3625 1217 partem

1933 1228 2313 1298 philosophias
2359 1230 2771 1299 cujuscumque
2821 1232 2953 1285 libri
3011 1233 3252 1286 ducatur
3292 1234 3621 1291 intentio.»

1936 1319 2063 1370 Haec
2093 1318 2288 1370 omnia
2340 1318 2399 1371 in
2440 1318 2583 1371 libro
2636 1324 2735 1373 tuo
2793 1326 2955 1374 caute
2999 1325 3366 1392 conservasti,
3417 1331 3503 1378 set
3530 1341 3627 1378 no-

1932 1405 2105 1458 minis
2142 1405 2225 1458 tui
2292 1406 2722 1477 inscriptionem
2778 1424 2895 1462 non
2953 1411 3287 1479 apposuisti.
3343 1412 3626 1475 Quoniam

1933 1498 2125 1547 autem
2184 1509 2313 1547 meo
2357 1494 2594 1548 arbitrio
2659 1497 2763 1548 hoc
2807 1496 3185 1566 judicandum
3243 1498 3289 1533 ⁴⁰
3348 1501 3625 1571 reliquisti

1933 1582 2062 1636 ideo
2097 1581 2386 1653 sicjudico
2430 1598 2535 1636 nec
2565 1599 2683 1637 non
2736 1589 2791 1637 et
2821 1584 3030 1653 jubeo:
3066 1586 3319 1640 Titulum
3352 1588 3496 1642 libro
3524 1605 3623 1658 ap-

1933 1688 2130 1742 ponas,
2184 1688 2393 1725 nomen
2440 1676 2604 1726 tuum
2654 1673 2998 1727 ﬁducialiter
3056 1675 3354 1743 inscribas,
3411 1681 3466 1731 et
3496 1679 3622 1731 uni-

1934 1760 2141 1831 cuique
2175 1760 2365 1829 legere
2395 1760 2606 1814 volenti
2654 1762 2799 1814 liber
2846 1766 3054 1830 pateat,
3090 1779 3154 1816 ac
3180 1764 3394 1818 stabilis
3431 1764 3626 1819 incon-

1933 1850 2241 1919 vulsusque
2290 1864 2419 1902 meo
2470 1849 2690 1919 judicio
2740 1856 3093 1919 permaneat.
3126 1851 3181 1905 Si
3207 1852 3335 1923 quis
3361 1870 3514 1921 vero,
3536 1854 3623 1907 in-

1934 1938 2085 1991 vidia
2142 1937 2498 2006 stimulante,
2543 1938 2910 1993 detractionis
2949 1956 3243 1994 murmure
3275 1958 3379 1994 nos
3405 1950 3626 1997 nostra-

1933 2041 2044 2096 que
2073 2026 2379 2095 vituperet,
2402 2026 2532 2080 huic
2558 2028 2893 2097 respondeo,
2923 2035 2980 2082 et
3004 2030 3305 2083 confusum
3326 2030 3412 2084 bis
3441 2032 3625 2085 verbis

1933 2115 2324 2168 obmutescere
2346 2114 2520 2168 facio:

2004 2203 2235 2257 Invidus
2256 2220 2315 2257 es
2337 2203 2564 2268 nostris,
2598 2205 2873 2275 quoniam
2898 2211 2960 2259 tu
2983 2206 3119 2260 talia
3138 2207 3342 2262 nescis.

865 2461 1139 2506 EXPLICIT
1172 2458 1453 2503 EPISTULA
1487 2457 1675 2500 DOMNI
1707 2455 2051 2499 BURCBARDI
2083 2454 2545 2498 WORMACIENSIS
2580 2455 2865 2500 EPISCOPI.

126 2592 656 2735 INCIPIT
710 2622 1462 2730 ALPERTUS
1533 2621 1714 2721 DE
1778 2616 2722 2721 DIVEBSITATE
2776 2619 3621 2724 TEMPORUM.

2070 2821 2315 2826 *κῇ-
2324 2819 2429 2827 _.._._

1616 2930 1903 3003 LIBER
1978 2924 2115 3000 I42.

194 3094 213 3143 t
256 3087 319 3141 ⁸³.
355 3084 524 3156 Apud
578 3086 885 3140 Germanos
937 3082 1036 3152 qui
1076 3081 1223 3134 circa
1270 3081 1535 3135 Rhenum
1566 3079 1824 3133 incolunt
1856 3080 1895 3134 C
1936 3078 2108 3130 ullam
2146 3094 2305 3148 spem
2346 3078 2620 3148 pociundi
2671 3096 2741 3133 ne
2782 3081 3018 3151 quidem
3071 3084 3438 3151 existimaret,
3495 3102 3627 3156 pro-

120 3180 231 3233 duo
279 3174 570 3242 ditissimi,
612 3175 976 3227 Wicmannus
1023 3172 1139 3239 (27)
1198 3175 1255 3224 et
1281 3169 1623 3234 Baldericus,
1670 3183 1822 3221 sum-

120 3268 227 3321 mis
259 3266 469 3336 opibus
522 3264 673 3317 inter
730 3278 788 3315 se
829 3260 898 3314 de
924 3264 1220 3331 potentatu
1264 3257 1704 3312 contendebant.
1728 3256 1822 3310 Set

124 3358 493 3410 Wicmannus
552 3351 735 3423 gratia
792 3356 848 3403 et
897 3348 1156 3403 amicicie
1211 3348 1362 3419 regis
1394 3347 1820 3415 multorumque

122 3447 539 3500 Germanorum
573 3441 891 3505 nitebatur;
924 3439 1068 3491 alter
1111 3436 1466 3491 Coloniensis
1518 3434 1821 3489 sacel’dotis

121 3536 377 3604 itemque
436 3529 709 3585 Gerhardi
744 3527 1109 3593 Moselleusis,
1156 3525 1406 3596 potentis
1462 3524 1566 3577 viri
1610 3523 1824 3577 auxilia

124 3624 228 3677 sibi
253 3622 537 3677 concibat.
567 3618 662 3671 His
692 3617 863 3671 rebus
893 3615 1216 3669 conﬁrmati
1247 3612 1314 3681 “,
1344 3612 1823 3669 contumeliosum

124 3706 542 3770 existimabant,
593 3719 699 3756 nec
730 3702 874 3755 alter
926 3700 1090 3754 alteri
1131 3700 1190 3752 in
1228 3699 1343 3752 ullo
1374 3701 1418 3734 ⁸⁵
1467 3697 1696 3768 negotio
1738 3713 1824 3750 ce-

125 3798 300 3852 deret.
352 3793 641 3848 Iuterdum
692 3793 865 3845 etiam
922 3804 1059 3863 pace
1111 3788 1260 3841 inter
1310 3804 1409 3840 eos
1456 3789 1618 3853 facta,
1688 3787 1821 3840 dolo

126 3886 352 3955 pocius,
401 3898 574 3954 quam
632 3885 697 3935 ut
734 3879 908 3934 ullius
955 3893 1103 3931 veras
1134 3876 1407 3929 amiciciae
1437 3874 1608 3928 ﬁdem
1633 3891 1818 3928 serva-

124 3979 272 4039 rent,
326 3971 650 4026 studebant.
711 3968 807 4023 Set
858 3965 1180 4021 Baldericus
1226 3964 1491 4019 ditissimi
1550 3967 1605 4017 et
1651 3963 1821 4032 longe

127 4061 473 4118 nobilissimi
526 4056 844 4112 Wicmanni
893 4056 1023 4126 (28),
1075 4054 1236 4123 cujus
1279 4052 1522 4123 majores
1554 4068 1822 4122 magnam

122 4160 347 4225 partem
396 4148 733 4213 Germaniae,
795 4149 851 4199 et
896 4143 1144 4197 maxime
1187 4143 1333 4196 circa
1390 4142 1581 4195 littora
1624 4141 1823 4194 oceani

122 4240 371 4314 imperia
398 4239 691 4301 tenebant,
741 4235 919 4289 tiliam
958 4232 1127 4287 duxit
1150 4247 1420 4296 uxorem;
1458 4231 1822 4284 Wicmannus

122 4348 253 4385 vero
292 4329 516 4399 aliquos
573 4341 754 4379 annos
822 4326 950 4393 post
1006 4320 1259 4391 praafecti
1313 4318 1600 4373 Godei'ridi
1679 4321 1811 4386 (29),

120 4418 388 4475 avunculi
444 4414 737 4482 Balderici,
786 4413 962 4465 tiliam
996 4410 1055 4463 in
1084 4408 1512 4463 matrimonium
1562 4423 1815 4478 sumpse-

122 4511 225 4560 rat.
271 4504 369 4559 His
399 4502 567 4555 rebus
612 4506 665 4553 et
697 4499 787 4552 hic
817 4498 900 4556 in.
927 4496 1124 4560 Gallia,
1179 4500 1235 4548 et
1266 4495 1362 4547 ille
1392 4494 1449 4546 in
1494 4493 1817 4559 Germania,

123 4593 343 4665 praedia
385 4596 442 4644 et
483 4588 722 4643 aediﬁcia
748 4586 929 4640 multa
986 4601 1051 4639 ex
1074 4584 1223 4639 dotis
1242 4584 1371 4654 jure
1402 4582 1511 4637 sibi
1540 4582 1821 4652 adquisie-

122 4692 264 4736 rant.

120 4774 167 4825 2.
228 4772 297 4823 De
335 4767 551 4821 castello
582 4764 771 4819 Adelaz
823 4768 867 4801 ⁴⁶
922 4766 1154 4829 incenso,
1195 4766 1243 4815 et
1294 4761 1532 4829 ejusdem
1560 4758 1816 4813 moribus.

190 4860 325 4912 Erat
373 4861 540 4910 antea
593 4860 841 4924 tempus,
899 4868 1029 4905 cum
1087 4849 1412 4904 Baldericus
1463 4864 1579 4900 suae
1628 4846 1820 4899 uxoris

1930 3167 2130 3233 pterea
2172 3165 2326 3235 quod
2378 3166 2626 3221 habebat
2672 3168 2782 3239 (30)
2812 3186 3067 3226 sororem
3101 3172 3333 3228 nomine
3362 3174 3626 3245 Liutgar—

1930 3252 2059 3305 dam
2092 3251 2439 3307 abbatissam
2489 3256 2768 3310 Eltnensis
2798 3260 3009 3313 montis
3064 3262 3196 3327 (3t),
3230 3278 3343 3335 qua
3371 3264 3622 3337 nolente,

1932 3341 2150 3394 nullam
2203 3343 2607 3396 contumeliam
2670 3360 2773 3399 suo
2822 3348 3018 3416 generi
3074 3349 3344 3419 degeneri
3379 3353 3625 3405 conubio

1930 3426 2142 3481 inferre
2174 3429 2436 3484 audebat.
2476 3432 2785 3486 Videbatur
2831 3434 2984 3488 enim
3026 3436 3123 3490 ille
3145 3439 3455 3493 secundum
3487 3457 3625 3510 quo-

1931 3517 2198 3570 rumdam
2256 3518 2608 3587 opinionem,
2668 3523 2928 3592 quamvis
3005 3524 3129 3578 loco
3175 3527 3505 3582 nobilitatus
3553 3527 3621 3590 ⁸⁸⁷,

1931 3621 2140 3675 genere
2201 3610 2462 3663 tamen...
2522 3607 2609 3675 “3;
2670 3609 2717 3662 is
2770 3611 2939 3665 etiam
3008 3618 3064 3667 et
3110 3614 3344 3684 quidam
3394 3616 3625 3679 Godizo,

1936 3694 2258 3748 Richizonis
2286 3696 2454 3758 illius,
2498 3697 2585 3750 vir
2641 3714 2982 3769 magnarum
3032 3718 3229 3772 opum,
3260 3704 3359 3774 qui
3389 3704 3540 3759 inter
3569 3723 3627 3760 se

1932 3784 1990 3837 in
2019 3783 2117 3837 illo
2150 3784 2341 3854 spacio
2391 3786 2666 3856 temporis
2715 3788 3041 3843 societatem
3070 3796 3127 3845 et
3153 3790 3327 3846 fidem
3366 3793 3624 3849 ﬁrmave-

1932 3877 2079 3941 rant,
2114 3872 2174 3926 in
2199 3874 2521 3928 clientelam
2556 3874 2876 3944 Liutgardae
2909 3895 2967 3932 se
2994 3880 3353 3946 devoverant,
3390 3883 3627 3954 ejusque

1932 3960 2221 4032 obsequiis
2243 3967 2300 4016 et
2326 3962 2585 4032 imperiis
2635 3964 3117 4037 obtemperarent.
3153 3970 3284 4023 Erat
3330 3972 3483 4026 enim
3512 3971 3624 4027 Go-

1934 4048 2059 4102 dizo
2079 4050 2538 4120 consanguineus
2585 4053 2789 4108 harum
2835 4071 3119 4122 sororum,
3171 4063 3227 4111 et
3271 4059 3523 4128 primum
3557 4064 3628 4114 ad

1933 4137 2250 4191 amiciciam
2279 4139 2511 4193 alterius
2542 4157 2599 4194 se
2638 4142 2938 4210 addicavit,
2988 4145 3155 4215 eique
3182 4147 3433 4201 studium
3459 4165 3627 4202 suum

1934 4230 1988 4278 et
2014 4227 2291 4280 auxilium
2345 4229 2704 4297 praestiterat.
2762 4230 2858 4284 Set
2886 4247 3016 4285 cum
3071 4233 3247 4287 animi
3277 4235 3399 4304 ejus
3429 4236 3623 4290 levita-

1937 4318 2049 4367 lem
2100 4320 2157 4367 et
2201 4331 2389 4369 mores
2439 4318 2629 4371 faciles
2683 4319 3159 4376 animadverteret
3190 4322 3258 4376 ab
3308 4324 3430 4393 ejus
3460 4324 3625 4379 fami-

1931 4402 2176 4456 liaritate
2233 4421 2291 4457 se
2342 4407 2600 4473 removit,
2651 4412 2705 4460 et
2742 4408 2814 4461 ad
2844 4409 3071 4463 domum
3099 4410 3419 4482 Luitgardas
3449 4415 3625 4468 clien-

1928 4493 2099 4545 telam
2131 4508 2189 4545 se
2224 4494 2483 4548 contulit.
2512 4495 2619 4558 Qui
2658 4500 2787 4566 post
2842 4496 2975 4551 hinc
3028 4499 3348 4568 biennium,
3384 4502 3457 4556 ob
3502 4504 3624 4573 ple-

1930 4596 2135 4651 rasque
2162 4580 2401 4650 injurias
2441 4599 2583 4653 quas
2630 4586 2807 4639 Adela
2833 4587 3016 4641 sorori
3054 4588 3279 4643 domnae
3304 4590 3627 4662 Liulgardaa

1931 4667 2247 4738 iurogabal,
2279 4670 2545 4740 adjuncto
2598 4671 2705 4725 sibi
2762 4673 3072 4744 Balderico,
3130 4678 3424 4733 castellum
3472 4680 3625 4734 illius

1930 4756 2117 4809 subito
2208 4758 2557 4828 inrumpens,
2616 4761 2811 4830 praeda
2841 4767 2896 4815 et
2923 4762 3186 4818 incendio
3251 4770 3621 4839 consumpsit.

1929 4846 2056 4914 Ipsa
2087 4861 2242 4914 vero,
2270 4854 2563 4916 comperto
2609 4865 2808 4903 eorum
2839 4852 3107 4919 adventu,
3142 4856 3311 4924 paulo
3342 4862 3471 4912 ante
3502 4874 3623 4913 me-

1529 4929 1762 4983 VABIZE
1806 4928 2196 4983 LECTIONES.

192 5017 242 5053 ³⁸
294 5017 649 5088 pudentibus
682 5015 938 5088 deletum
988 5028 1037 5088 c.
1101 5009 1158 5088 33
1200 5009 1567 5088 propriisque
1601 5024 1674 5088 _c.
1711 5005 1783 5088 __‘°
1813 5006 2182 5088 judicastum
2320 5006 2363 5088 ξεί
2415 5009 2662 5088 EORVM
2719 5014 2863 5088 pun
2916 5014 3183 5088 LIBER!
3233 5018 3426 5073 desunt
3479 5025 3538 5075 in
3574 5039 3617 5076 c-

124 5092 165 5126 ⁴⁷¹
225 5078 472 5143 ηυὶηθνοε
520 5087 739 5141 addidit
803 5085 1059 5139 Eckhart.
1115 5080 1160 5115 ""
1204 5078 1540 5134 conﬁrmata
1594 5084 1644 5133 l.
1704 5078 1749 5114 ⁸⁵
1807 5079 1906 5131 illo
1959 5080 2007 5131 l.
2065 5078 2110 5115 ιθ
2156 5079 2389 5134 Addelae
2432 5084 2486 5135 2.
2542 5080 2587 5117 ⁸⁷
2646 5082 2958 5138 nobilitatis
3023 5090 3071 5141 t.

123 5163 268 5216 Eckh
297 5164 533 5228 fortasse
564 5156 864 5213 mediocris
883 5171 935 5209 υ.
963 5156 1118 5221 infra
1170 5154 1224 5207 ΙΙ
1261 5155 1312 5217 8,
1341 5168 1474 5221 pag.
1506 5152 1628 5205 7l3.

3132 5084 3180 5120 ’⁸⁸
3236 5089 3364 5143 vilis
3411 5094 3625 5161 supplet

1765 5220 1807 5273 N
1816 5220 1987 5274 OTJE.

195 5311 308 5382 (‘27)
344 5311 418 5365 De
449 5310 611 5380 cujus
668 5322 878 5379 genere
930 5304 1000 5359 cf.
1053 5305 1119 5358 cl.
1182 5302 1493 5358 Wedekiud
1539 5305 1711 5355 noten
1743 5301 1811 5366 II,

125 5384 563 5524 ὃοᾶἓῗδοωῇιᾷε
586 5447 725 5524 pagi
739 5448 1055 5524 Hamalant.

199 5517 299 5593 (29)
324 5520 559 5577 Comitis
586 5517 1045 5584 Hattuariorum;
1087 5517 1156 5571 cf.
1194 5534 1251 5584 ιι,
1285 5520 1335 5571 6.

1999 5302 2112 5367 (30)
2145 5300 2370 5356 Scilicet
2392 5319 2547 5358 uxor.

2006 5372 2315 5455 l3l)nElten_
2344 5374 2419 5428 ad
2478 5375 2762 5442 Rhenum,
2826 5393 2857 5429 a
2907 5378 3239 5434 Wicmauno
3298 5382 3619 5455 Liutgardaa

1928 5447 2086 5509 patre
2125 5443 2445 5499 fundatum.
