3944 6326
339 321 444 374 455

1287 320 1594 375 ALPERTI
1634 321 1689 375 S.
1731 319 2211 376 SYMPHORIANI
2254 317 2544 376 METENS.
2591 318 2894 374 MONACH.

3757 319 3862 370 436

341 444 493 498 diam
520 447 745 498 noctem
774 459 906 498 cum
959 443 1150 516 paucis
1187 445 1460 515 profugit.
1521 444 1616 499 Set
1647 449 1921 515 praeterea
1949 461 2038 497 res
2079 446 2120 498 Α
2151 443 2304 497 illius
2361 459 2558 497 necem
2609 442 2914 512 cogitabat,
2957 445 3012 496 et
3051 440 3292 496 consilio
3345 455 3474 495 cum
3509 440 3860 512 quibusdam

339 533 447 588 ista
525 533 894 586 vehementer
963 539 1047 586 est
1103 533 1456 598 admiranda,
1533 533 1636 586 has
1698 547 1924 588 sorores
1970 531 2034 599 ιθ,

341 622 673 691 parentibus
707 620 1038 675 clarissimis
1087 627 1259 687 ortas,
1311 629 1428 674 tam
1461 621 1714 674 diversas
1767 639 1799 674 a
1828 639 1887 673 se
1915 639 2037 674 esse

339 711 614 780 potuisse,
651 717 712 763 ut
737 715 875 780 quot
909 711 1382 780 reprehensiones
1429 709 1486 763 in
1517 727 1632 762 una
1677 715 2032 771 notarentur,

339 804 424 852 tot
455 798 514 851 in
545 799 720 852 altera
758 799 995 852 virtutes
1023 799 1491 868 prmdicarentur,
1535 799 1646 852 nisi
1686 799 1793 852 hoc
1822 799 2034 868 cogita-

339 887 614 954 tionibus,
650 889 859 940 nostris
892 903 1272 957 opponamus,
1322 887 1534 940 mirum
1584 903 1700 940 nou
1749 888 1941 954 fuisse,
1969 904 2036 940 eo

337 976 486 1046 quod
521 981 575 1029 et
607 977 828 1044 primus
857 991 1065 1044 parens
1094 980 1290 1029 noster
1314 975 1514 1029 itidem
1548 976 1854 1030 dissimiles
1883 977 2030 1030 lilios

337 1066 619 1133 genuerit,
683 1080 928 1134 quorum
1013 1063 1174 1128 alter,
1237 1064 1665 1118 crudelissimus
1726 1066 2030 1134 parricida,

337 1154 579 1206 alterum
636 1152 1004 1206 mitissimum
1059 1151 1273 1206 invidia
1331 1153 1552 1207 occidit.
1627 1153 1828 1207 Nostro
1899 1171 2033 1209 vero

334 1241 561 1294 silentio
600 1241 699 1294 illa
734 1240 1228 1310 praetermittenda
1273 1247 1427 1309 sunt,
1481 1258 1610 1312 qua;
1644 1242 1713 1296 de
1742 1242 1922 1296 Adela
1954 1243 2034 1296 di-

334 1329 629 1395 cebantur,
694 1329 850 1399 quod
894 1335 1016 1382 erat
1089 1330 1336 1383 clamosa
1394 1330 1452 1384 in
1519 1347 1676 1396 voce,
1727 1330 1934 1384 lasciva
1973 1331 2029 1384 in

331 1419 536 1485 verbis,
583 1429 734 1472 veste
796 1417 1132 1487 composita,
1187 1418 1379 1472 animo
1434 1418 1730 1484 dissoluta,
1791 1425 1848 1474 et
1876 1421 2030 1490 quod

334 1509 764 1562 iustubilitatem
797 1507 1006 1560 mentis
1064 1508 1298 1560 nutibus
1345 1509 1643 1561 oculorum
1669 1509 2025 1578 prmferebat.

337 1599 446 1649 Nos
467 1613 598 1649 vero
631 1597 861 1664 scimus,
893 1613 1017 1649 eam
1052 1597 1120 1650 ad
1158 1613 1335 1666 Opera
1367 1598 1541 1649 multa
1584 1615 1705 1650 esse
1739 1600 2026 1659 solertem,

2149 533 2431 604 pestiferis
2475 533 2638 598 inito,
2699 533 2856 585 illam
2917 546 3166 590 veneno,
3227 535 3293 584 ut
3343 531 3545 594 fertur,
3597 530 3861 583 extinxe-

2146 628 2300 676 runt.
2361 623 2473 676 Nos
2507 637 2632 674 eam
2685 637 2832 682 rem,
2873 635 2977 690 pro
3029 619 3427 689 magnitudine
3481 617 3712 672 sceleris
3751 636 3856 689 pa-

2147 729 2276 764 rum
2331 710 2498 764 nobis
2553 715 2930 778 compertam,
2988 708 3397 761 existimationi
3455 707 3610 778 vulgi
3667 707 3855 761 rumi-

2149 801 2399 853 nandum
2440 798 2840 868 relinquimus.
2893 797 2984 851 Set
3013 796 3096 849 illi
3137 797 3238 867 qui
3269 811 3556 849 venenum
3587 796 3854 849 confece-

2143 894 2290 952 rant,
2341 887 2490 958 capti
2557 885 2604 924 ⁵⁴
2658 893 2829 957 atque
2895 885 3070 939 oculis
3122 885 3418 955 dampnati
3497 891 3651 938 sunt.
3716 885 3856 938 Post

2143 982 2385 1030 mortem
2423 976 2548 1046 ejus
2603 991 2735 1031 cum
2780 991 2981 1028 omnes
3009 973 3226 1044 ubique
3257 974 3562 1027 orbitatem
3593 971 3640 1008 ⁵⁵
3671 979 3851 1026 tantas

2142 1065 2401 1119 mulieris
2433 1081 2560 1118 cum
2593 1065 2746 1118 luctu
2781 1069 2839 1118 et
2891 1064 3128 1132 planctu
3159 1062 3526 1132 deplorarent
3575 1077 3742 1115 soror
3771 1063 3850 1115 il-

2141 1153 2250 1206 lius
2283 1154 2466 1206 locum
2499 1152 2806 1206 furibunda
2843 1151 3078 1212 invadit,
3112 1157 3168 1204 et
3197 1167 3369 1204 omne
3409 1151 3852 1221 patrimonium,

2141 1241 2296 1311 quod
2345 1257 2511 1294 soror
2569 1241 2664 1311 pia
2721 1240 3038 1295 intentione
3109 1239 3361 1294 ecclesiae
3431 1239 3694 1304 contulit,
3776 1240 3852 1294 ad

2141 1345 2300 1383 suam
2333 1335 2670 1399 potestatem
2702 1329 2932 1383 retorsit
2973 1328 3037 1382 ⁵⁸.
3100 1328 3197 1383 Set
3221 1345 3336 1382 non
3383 1329 3564 1381 multo
3619 1332 3752 1398 post
3779 1343 3850 1382 ex

2137 1426 2424 1488 precepto
2485 1417 2708 1471 Ottonis
2759 1416 2916 1470 tertii
2976 1414 3020 1452 ⁵⁷
3074 1416 3440 1486 imperatoris
3495 1432 3623 1469 cum
3671 1417 3848 1470 dede-

2137 1523 2268 1560 core
2324 1507 2582 1577 expulsa,
2644 1507 2734 1560 his
2785 1505 3224 1560 adversitatibus
3274 1505 3576 1576 prrevideri
3627 1506 3850 1576 cogita-

2135 1595 2264 1661 bat;
2309 1601 2365 1650 et
2407 1595 2640 1648 consilio
2697 1611 2826 1649 cum
2859 1595 2978 1648 suis
3032 1601 3283 1665 accepto,
3327 1610 3456 1648 cum
3489 1601 3616 1665 post
3653 1595 3844 1648 virum

332 1701 544 1756 magno
579 1685 832 1756 ingenio,
866 1690 921 1738 et
957 1701 1291 1739 numerosas
1320 1687 1698 1739 cubicularius
1756 1687 1826 1739 ad
1853 1687 2027 1740 varie-
2071 1723 2106 1775 Β
2139 1685 2386 1754 priorem
2447 1685 2569 1738 sine
2623 1684 3003 1738 occultatione
3055 1685 3299 1754 turpiter
3347 1684 3576 1737 vixisset
3626 1688 3682 1736 et
3735 1700 3844 1736 cu-

333 1781 504 1828 tatem
537 1774 848 1828 textrilium
874 1790 1067 1827 rerum
1116 1774 1419 1828 instructas
1451 1773 1682 1836 habere,
1719 1780 1776 1828 et
1807 1775 1864 1828 in
1895 1792 1997 1845 pre

332 1864 498 1916 ciosis
546 1863 795 1916 vestibus
854 1863 1221 1916 conﬁciendis
1270 1879 1416 1932 pene
1457 1879 1656 1916 omnes
1702 1868 2024 1917 nostrarum

330 1954 630 2023 regionum
664 1951 934 2005 mulieres
975 1968 1244 2022 superare
1314 1951 1460 2022 (32);
1513 1951 1636 2006 11330
1681 1954 1800 2006 sola
1829 1953 2025 2006 huma-

331 2041 478 2094 nitas
505 2041 567 2092 in
598 2056 662 2093 ea
691 2045 828 2094 nota
858 2045 960 2092 est.

781 2131 830 2182 3.
873 2130 939 2181 De
965 2127 1205 2180 moribus
1239 2127 1567 2194 Liutgardae.

401 2220 466 2270 At
511 2233 645 2270 vero
709 2216 1030 2285 Liutgardis
1077 2217 1248 2286 longe
1315 2217 1608 2270 dissimilis
1666 2217 1818 2271 huic.
1879 2219 2020 2272 Nam

331 2305 863 2359 moribushonestis
891 2309 1014 2357 erat
1067 2305 1460 2371 celeberrima,
1505 2305 1813 2359 virtutibus
1841 2308 2022 2360 omni-

329 2393 437 2446 bus
465 2393 616 2446 ultra
649 2407 821 2462 quam
879 2391 1031 2444 credi
1075 2395 1261 2460 potest
1319 2392 1778 2461 praeclarissima,
1835 2393 2022 2464 hospi-

331 2483 548 2536 talitate
569 2483 646 2535 ita
671 2481 928 2546 adsueta,
963 2485 1025 2532 ut
1091 2479 1150 2532 in
1180 2481 1426 2533 adventu
1453 2480 1744 2550 hospitum
1777 2485 2022 2537 maxime

328 2571 727 2636 delectaretur,
779 2569 1090 2639 itidemque
1145 2569 1192 2622 si
1241 2569 1471 2639 quando
1527 2571 1807 2636 abessent,
1867 2572 2018 2642 quod

327 2663 520 2712 tamen
577 2675 706 2711 raro
755 2657 1013 2727 contigit,
1047 2658 1334 2728 quandam
1383 2659 1545 2728 quasi
1600 2659 1932 2712 mmsticiam
1961 2659 2018 2713 in

327 2747 484 2799 vultu
519 2746 875 2815 praeferebat.
910 2746 1276 2799 Prudentiam
1325 2744 1382 2798 iu
1443 2763 1507 2799 ea
1538 2747 1762 2800 laudari
1801 2763 1916 2800 non
1938 2753 2022 2800 est

327 2850 574 2900 necesse,
635 2850 762 2887 cum
813 2849 925 2886 non
977 2833 1160 2886 solum
1211 2849 1274 2886 ex
1339 2834 1553 2901 relatio
1613 2834 1682 2886 ad
1730 2850 1876 2899 eam,
1933 2840 2022 2888 set

329 2923 498 2976 etiam
549 2938 616 2975 ex
675 2921 1003 2992 longinquis
1057 2921 1388 2992 regionibus
1446 2938 1689 2992 magnus
1743 2939 2018 2976 numerus

2137 1773 2316 1844 pienti
2373 1773 2461 1826 sui
2513 1773 2738 1842 copiam
2801 1790 2916 1826 non
2967 1779 3248 1842 negasset,
3307 1777 3612 1842 postquam
3667 1773 3842 1826 vidua

2137 1861 2340 1914 lasciva
2387 1859 2436 1894 ⁵⁸
2484 1863 2794 1916 secundum
2852 1862 3066 1915 dictum
3129 1861 3307 1914 sancti
3335 1861 3574 1931 apostoli
3617 1860 3664 1930 (Ι
3695 1863 3831 1915 Tim.

2137 1966 2187 2016 v,
2230 1954 2305 2016 x1)
2352 1951 2450 2004 diu
2480 1951 2767 2004 luxuriata
2796 1950 3011 2014 fuisset,
3062 1950 3225 2003 illum
3257 1949 3327 2002 de
3354 1965 3467 2019 quo
3495 1965 3669 2018 supra
3703 1949 3838 2002 dixi-

2135 2055 2262 2092 mus
2297 2040 2634 2093 Baltericum
2677 2040 2838 2093 duxit
2881 2039 3172 2101 maritum,
3224 2054 3354 2092 cum
3385 2039 3605 2091 vivente
3637 2054 3834 2091 sorore

2133 2132 2336 2180 neuter
2360 2129 2625 2198 copulam
2676 2127 2909 2180 alterius
2940 2142 3010 2179 ne
3040 2132 3231 2180 mente
3263 2127 3496 2196 quidem
3527 2126 3833 2196 concipere

2132 2216 2394 2270 auderet.
2455 2217 2566 2270 Nec
2598 2217 2778 2269 multo
2835 2220 2981 2286 post,
3043 2215 3351 2284 instigante
3395 2215 3512 2282 illa,
3573 2231 3706 2266 cum
3747 2231 3836 2267 ar-

2134 2308 2284 2358 mata
2331 2320 2508 2358 manu
2565 2309 2820 2358 montem
2867 2305 3040 2358 Eltuae
3089 2302 3136 2336 ⁵9
3176 2303 3364 2356 subito
3397 2308 3654 2372 occupat.
3687 2304 3832 2356 Cum

2133 2392 2369 2461 opidani
2397 2392 2701 2462 repentino
2736 2399 2888 2445 metu
2923 2392 3170 2462 perculsi
3211 2392 3346 2460 fuga
3399 2393 3640 2444 salutem
3675 2407 3836 2462 quas-

2132 2485 2343 2549 rerent,
2375 2481 2433 2534 in
2491 2481 2838 2534 monasterio
2887 2497 2944 2534 se
2975 2479 3336 2534 abdiderunt.
3371 2479 3833 2550 Expugnatoque

2133 2570 2506 2637 monasterio,
2557 2575 2615 2623 et
2689 2569 2894 2638 jaculis
2959 2570 3234 2622 altaribus
3289 2569 3559 2638 trajectis,
3621 2585 3828 2636 unum,

2133 2675 2306 2727 quem
2367 2658 2473 2712 sibi
2549 2657 2848 2711 inimicum
2901 2657 3214 2710 existimari
3271 2657 3467 2723 voluit,
3537 2657 3834 2726 captivum

2132 2748 2312 2800 duxit.
2370 2747 2462 2801 Set
2516 2763 2644 2799 cum
2678 2747 2734 2800 id
2792 2746 2910 2816 regi
2959 2752 3315 2816 compertum
3348 2745 3513 2812 foret,
3558 2745 3837 2815 graviter-

2132 2851 2243 2906 que
2275 2835 2486 2888 factum
2535 2835 2644 2888 hoc
2673 2835 2862 2902 ferret,
2915 2835 3186 2887 delictum
3221 2834 3480 2887 Balterici
3502 2834 3836 2903 deprecato-

2129 2939 2258 2976 rum
2290 2924 2506 2976 auxilio
2556 2923 2797 2992 pecunia
2852 2923 3144 2992 expiatum
3175 2927 3278 2975 est.
3323 2922 3435 2975 Rex
3475 2939 3608 2975 vero
3638 2923 3835 2977 altiori

329 3011 632 3064 hominum
683 3011 752 3063 ad
813 3025 1044 3062 suarum
1094 3025 1286 3062 rerum
1332 3011 1672 3079 capiendum
1713 3012 2017 3066 consilium
2059 3003 2099 3057 C
2129 3013 2368 3065 consilio
2421 3012 2478 3064 in
2519 3017 2814 3080 posterum
2871 3010 2980 3062 loci
3027 3011 3180 3063 illius
3231 3010 3594 3063 stabilitatem
3623 3012 3834 3080 praevi-

325 3098 711 3150 conlluxisset.
751 3098 880 3150 Erat
909 3097 1063 3150 enim
1110 3097 1168 3150 in
1219 3114 1284 3150 ea
1333 3115 1459 3150 cum
1497 3115 1720 3152 summa
1759 3101 2014 3168 scientia,

325 3193 448 3242 tum
482 3185 775 3238 verissima
799 3184 1033 3240 facultas
1051 3201 1284 3239 suorum
1310 3187 1678 3240 consiliorum
1712 3189 2016 3258 expedien-

325 3275 548 3330 dorum.
580 3275 856 3330 Omnibus
876 3273 1138 3340 affabilis,
1195 3275 1461 3328 omnibus
1519 3277 1709 3330 extitit
1747 3278 2014 3348 benigna,

325 3364 506 3418 multa
563 3363 730 3417 etiam
787 3363 972 3417 dando
1022 3349 1326 3417 maximam
1377 3364 1618 3434 gloriam
1669 3369 1870 3436 adepta
1903 3375 2014 3436 est;

322 3453 476 3507 unde
509 3457 564 3506 et
602 3451 857 3522 contigit,
887 3457 950 3506 ut
997 3469 1196 3506 omnes
1254 3469 1376 3506 eam
1407 3455 1656 3508 maxime
1677 3455 1895 3510 honore
1925 3473 2014 3510 ce-

321 3541 629 3595 lebrarent.
687 3541 974 3611 Pauperes
1033 3557 1160 3595 eam
1216 3541 1379 3613 quasi
1435 3549 1674 3596 matrem
1723 3547 1893 3597 etiam
1951 3561 2014 3600 ex

321 3629 641 3700 peregrinis
701 3630 837 3683 locis
871 3629 991 3683 sine
1045 3630 1342 3684 intervallo
1387 3629 1847 3701 frequentabant,
1881 3649 2015 3702 quo-

323 3733 452 3770 rum
501 3717 788 3770 neminem
827 3717 950 3770 sine
990 3717 1189 3771 solatio
1219 3735 1250 3771 a
1271 3734 1329 3770 se
1361 3717 1515 3770 abire
1539 3719 1818 3787 permisit.
1852 3719 2016 3773 Mira-

323 3821 431 3872 res,
460 3807 522 3856 ut
574 3805 897 3875 fragilitatis
947 3805 1182 3858 feminei
1211 3821 1376 3859 sexus
1423 3808 1592 3859 tantis
1625 3808 2016 3862 vexationibus

323 3909 396 3946 ne
434 3894 667 3964 quidem
715 3893 785 3947 ad
840 3894 1038 3947 horam
1089 3899 1440 3963 gravaretur,
1499 3901 1584 3948 set
1613 3896 1820 3963 potius,
1862 3899 2013 3967 quod

322 3986 408 4035 est
439 3981 777 4048 mirabilius,
831 3987 893 4034 ut
924 3981 1062 4044 dixi,
1098 3983 1495 4036 delectaretur.
1552 3983 1709 4038 Unde
1740 3985 2015 4056 frequen-

321 4075 409 4123 ter
437 4070 588 4124 inter
617 4087 720 4124 nos
757 4070 1020 4124 collocuti
1067 4069 1134 4136 ⁵ο,
1167 4071 1300 4125 dum
1325 4071 1384 4124 in
1418 4073 1540 4142 ejus
1570 4073 1749 4142 gloria
1766 4075 2012 4128 aestima-

319 4175 512 4213 remus
581 4163 798 4213 tantam
855 4159 1259 4226 humilitatem,
1311 4159 1491 4214 fateor
1543 4177 1648 4214 nos
1698 4163 1819 4233 jam
1877 4170 2013 4217 tunc

317 4248 621 4310 divinasse,
663 4249 720 4303 id
752 4249 902 4318 quod
933 4265 1128 4302 verum
1172 4253 1310 4316 erat,
1357 4249 1454 4303 illa
1511 4247 1554 4284 ⁵¹
1589 4251 1833 4305 extincta
1883 4252 2005 4304 nul-

315 4337 429 4390 lam
487 4337 546 4390 in
584 4336 672 4390 his
728 4337 1056 4407 regionibus
1089 4338 1176 4391 sui
1234 4337 1590 4392 consimilem
1638 4343 1755 4393 tam
1799 4339 2006 4393 illustri

315 4425 426 4478 vita
466 4441 586 4478 esse
617 4427 886 4480 futuram.
920 4425 1334 4480 Patrimonium
1381 4443 1608 4498 quoque
1639 4445 1828 4492 omne,
1855 4427 2006 4498 quod

315 4512 421 4566 sibi
479 4515 809 4568 hereditatis
855 4521 1016 4585 parte
1067 4514 1114 4551 δ’
1177 4522 1543 4581 successerat,
1618 4517 1868 4569 ecclesiae
1915 4516 2004 4569 cui

315 4601 435 4672 ipsa
465 4607 710 4672 prmerat
735 4603 994 4656 contulit.
1023 4604 1078 4658 id
1105 4621 1268 4658 soror
1316 4603 1363 4638 ⁵⁵
1387 4605 1511 4674 ejus
1557 4605 1766 4657 factum
1813 4604 2003 4673 gravi-

313 4695 402 4742 ter
473 4691 678 4758 ferens,
754 4692 1126 4747 traditionem
1191 4693 1348 4746 illam
1409 4692 1618 4763 saepius
1685 4692 2004 4746 rescindere

316 4778 675 4833 moliebatur.
708 4780 804 4835 Set
851 4797 979 4834 cum
1009 4781 1068 4835 id
1117 4781 1341 4836 efticere
1391 4798 1507 4835 non
1543 4785 1753 4852 posset,
1785 4781 1842 4834 in
1875 4782 2002 4835 vitae

2126 3101 2261 3154 dere
2290 3099 2509 3165 volens,
2549 3101 2902 3168 Noviomago
2961 3097 3012 3132 ⁶⁰
3041 3097 3279 3152 concilio
3311 3097 3524 3152 indicto
3559 3099 3675 3168 (an.
3701 3103 3828 3164 997,

2127 3189 2263 3242 Mai.
2337 3187 2446 3257 l8),
2480 3203 2608 3241 cum
2641 3188 2894 3258 undique
2941 3186 3388 3258 frequentissimi
3439 3186 3577 3240 illuc
3620 3203 3828 3242 conve-

2125 3277 2336 3342 nirent,
2359 3277 2720 3330 tractandum
2775 3277 2852 3330 de-
2876 3276 3146 3346 praedicto
3197 3275 3320 3329 loco
3361 3275 3577 3328 statuit.
3612 3277 3832 3331 Aderat

2125 3381 2278 3448 cum.
2303 3381 2405 3417 sua
2453 3365 2695 3434 conjuge
2737 3364 3064 3431 Baltericus,
3113 3379 3180 3416 eo
3210 3363 3363 3433 quod
3395 3364 3692 3417 sententias
3735 3381 3830 3419 se-

2125 3459 2394 3507 natorum
2453 3457 2868 3523 processerant,
2925 3457 2989 3506 ut
3039 3452 3134 3505 ille
3185 3451 3476 3505 convictus
3505 3453 3826 3507 secundum

2124 3542 2310 3612 legem
2341 3543 2401 3594 in
2432 3547 2772 3612 perpetuum
2807 3543 2876 3595 ab
2897 3541 3049 3595 illius
3079 3541 3536 3611 expostulatione
3567 3542 3828 3596 ecclesiae

2125 3647 2182 3683 se
2233 3629 2525 3696 eximeret,
2581 3629 2774 3700 sicque
2805 3630 2967 3684 karta
2995 3635 3048 3684 et
3080 3629 3378 3700 privilegio
3408 3629 3514 3683 loci
3545 3631 3828 3686 stabilita-

2123 3725 2241 3774 tem
2268 3719 2640 3773 ﬁrmaverunt
2669 3721 2801 3789 (33).

2407 3845 2458 3897 4.
2501 3847 2568 3898 De
2597 3844 2748 3898 obitu
2789 3843 2999 3898 Ottonis
3038 3848 3087 3897 et
3110 3842 3246 3896 dolis
3267 3841 3534 3897 Baldricz’.

2195 3951 2330 4005 Post
2354 3950 2477 4004 haec
2520 3966 2654 4003 vero
2698 3949 3012 4019 imperator
3056 3949 3265 4004 tercius
3314 3949 3466 4014 Otto,
3516 3949 3682 4003 boum
3731 3950 3822 4005 in-

2124 4037 2268 4092 dolis
2306 4038 2652 4104 adolescens,
2687 4037 2746 4090 in
2799 4037 2958 4091 ltalia
3009 4037 3275 4102 moritur,
3327 4052 3648 4108 corpusque
3700 4039 3828 4110 ejus

2123 4127 2192 4180 ad
2246 4125 2607 4196 Aquasgrani
2659 4125 2912 4192 effertur,
2945 4131 3000 4180 et
3047 4126 3128 4180 ibi
3159 4142 3286 4179 cum
3317 4127 3475 4196 regio
3500 4126 3718 4188 honore
3741 4145 3830 4182 se-

2122 4214 2334 4286 pelitur
2389 4215 2502 4284 (an.
2561 4214 2743 4269 tOO2l.
2801 4216 2936 4268 Post
2991 4213 3156 4285 cujus
3209 4219 3450 4268 mortem
3505 4215 3825 4270 Baltericus

2040 4290 2082 4342 ί)
2123 4303 2280 4373 rupit
2321 4303 2513 4370 ﬁdem,
2570 4309 2627 4357 et
2651 4303 2840 4356 hostili
2877 4319 3048 4356 manu
3099 4303 3401 4374 adgressus
3443 4303 3514 4358 ad
3563 4311 3820 4358 montem

2121 4394 2320 4460 Eltnaa,
2380 4394 2594 4446 vallum
2639 4391 2740 4462 qui
2783 4392 3078 4446 ecclesiam
3137 4392 3204 4445 ad
3239 4393 3416 4446 instar
3459 4392 3672 4446 castelli
3701 4409 3822 4446 am-

2117 4480 2310 4535 biebat
2371 4481 2555 4548 scidit,
2639 4479 3032 4551 familiamque
3091 4495 3326 4534 omnem
3408 4479 3516 4534 sibi
3603 4481 3818 4536 servire

2116 4569 2320 4640 coegit.

2615 4678 2664 4730 5.
2707 4678 2780 4730 De
2807 4675 3072 4730 Heinrico
3091 4676 3134 4711 ⁶¹
3175 4691 3317 4744 rege.

2188 4781 2294 4835 Ubi
2319 4796 2452 4836 vero
2483 4781 2783 4838 Heinricus
2811 4797 3036 4836 summa
3065 4797 3255 4835 rerum
3298 4783 3511 4852 potitus
3549 4787 3653 4850 est,

1731 4938 1964 4991 VARle
1989 4936 2390 4992 LECTIONES.

387 5053 432 5090 ‘9
483 5071 717 5133 superes
778 5056 911 5133 l._"f’
973 5060 1054 5111 ita
1085 5059 1196 5112 Eck
1243 5088 1351 5133 ._-—
1401 5056 1662 5133 collocati
1713 5071 1764 5109 ο.
1819 5054 1876 5133 δι-
1931 5057 2045 5133 illu_
2085 5073 2222 5133 corr.
2257 5057 2355 5112 illa
2412 5058 2539 5133 cf?
2587 5066 2746 5130 patre
2798 5077 2918 5114 corr
3000 5069 3163 5133 parte
3194 5080 3238 5117 c.
3295 5061 3340 5098 ⁵³
3385 5079 3615 5133 sororor
3661 5081 3809 5118 corr.

314 5143 476 5198 soror
514 5142 556 5178 ο.
623 5129 667 5162 ⁸⁸
725 5127 921 5198 capiti,
953 5145 1089 5182 corr.
1147 5129 1297 5198 capti
1353 5144 1398 5182 ς.
1440 5125 1487 5162 ⁵⁵
1539 5129 1620 5198 ita
1664 5131 1904 5192 cor-remi;
1966 5128 2334 5198 sobrietatem
2385 5147 2430 5184 ο.
2484 5127 2534 5163 ⁵6
2587 5125 2854 5186 retrorsit
2907 5125 3045 5188 corr.
3101 5135 3326 5188 retorsit
3377 5151 3422 5188 ο.
3465 5131 3508 5169 ⁵⁷
3547 5135 3712 5189 tercii
3761 5139 3815 5190 2.

315 5194 362 5228 ⁵⁸
383 5199 464 5250 ita
491 5199 552 5252 E.
583 5198 771 5252 lascua
793 5194 846 5253 ἒ.
879 5197 927 5232 ⁵9
957 5205 1104 5254 etnec
1137 5203 1184 5254 l.
1215 5194 1392 5253 eltuee
1423 5200 1475 5253 2.
1519 5196 1566 5234 σθ
1603 5199 1770 5252 novio
1797 5215 2006 5268 magno
2045 5203 2091 5254 t.
2122 5197 2166 5233 ⁶¹
2205 5201 2512 5256 HENBICO
2542 5217 2588 5257 ο.
2627 5202 2726 5257 hoc
2760 5204 2889 5259 loco.

1947 5349 2168 5406 ΝΟΤιιΕ.

383 5475 759 5550 (32)___Eadem
800 5481 924 5550 fere
965 5479 1135 5532 verba
1187 5479 1257 5532 de
1303 5493 1496 5531 sorore
1547 5479 1856 5534 Burchardi
1881 5479 2000 5550 epi-

310 5546 464 5614 scopi
497 5547 765 5601 Wormat.
795 5549 856 5602 in
879 5551 999 5618 ejus
1032 5550 1154 5603 Vita
1183 5550 1455 5620 leguntur
1478 5565 1523 5604 c.
1563 5551 1646 5604 l2.

2184 5483 2298 5552 (33)
2333 5483 2414 5555 Cf.
2451 5499 2518 5537 ea
2565 5483 2634 5555 de
2664 5499 2724 5536 re
2755 5484 3009 5539 chartam
3041 5483 3404 5555 imperatoris
3437 5497 3529 5552 ap.
3565 5481 3811 5537 Schaten

2111 5557 2260 5606 Ann.
2295 5553 2535 5609 Paderb.
2565 5554 2607 5622 I,
2642 5555 2763 5610 343.
