3944 6306
103 378 208 431 457

958 382 1047 436 DE
1090 382 1555 441 DIVERSITATE
1597 387 1984 445 TEMPORUM
2027 391 2208 445 LIBRI
2254 390 2409 446 DUO.
2451 421 2518 430 —
2560 392 2692 446 LIB.
2738 354 2785 445 Ι.⁸

3526 397 3632 453 458

104 506 317 558 iterum
376 504 564 558 locum
622 504 783 559 illum
845 505 902 560 in
966 506 1218 577 priorem
1276 514 1486 565 statum
1562 512 1809 567 reduxit.
1842 518 1885 569 A
1927 515 2210 569 Meriwido
2252 513 2301 549 ⁷²
2362 516 2471 585 (34)
2527 531 2733 585 magna
2791 516 3077 570 celeritate
3126 517 3290 585 vecti,
3325 535 3507 590 usque
3555 521 3629 577 ad

102 594 280 647 Multa
336 595 613 663 praeclara
642 595 711 648 de
760 596 868 648 hoc
914 596 1037 649 viro
1088 597 1253 651 nobis
1300 599 1597 654 scribenda
1647 601 1814 655 sufﬁ-

103 683 309 735 ciunt:
343 698 517 752 quam
564 682 747 747 facile,
778 683 962 752 gratia
1017 685 1115 738 Dei
1165 686 1436 755 donante,
1464 690 1510 724 ⁸2
1559 689 1631 742 ad
1689 690 1812 760 api-

105 787 232 825 cem
284 769 331 806 ⁶³
388 771 552 842 regni
596 773 942 843 pervenerit,
973 774 1220 844 qualiter
1265 775 1515 831 illustres
1563 779 1711 832 viros
1759 783 1812 832 et

106 876 349 914 summa:
384 860 676 929 potentiae,
708 861 857 914 bella
888 861 1189 916 adversum
1224 880 1282 917 se
1320 865 1687 933 concitantes,
1721 884 1811 921 ce-

106 950 211 1003 leri
247 950 481 1002 victoria
509 949 567 1002 in
614 949 967 1003 deditionem
999 952 1193 1005 venire
1240 954 1512 1023 coegerit,
1566 955 1814 1025 qualiter

114 1053 275 1107 reges
344 1037 406 1090 in
453 1039 499 1073 δι
575 1036 944 1091 interioribus
1007 1040 1325 1094 Germanias
1386 1042 1658 1111 partibus,
1712 1044 1812 1114 qui

112 1132 245 1180 sunt
302 1126 512 1180 Winidi
544 1126 743 1193 vocati,
796 1142 910 1180 suae
940 1127 1152 1181 dicioni
1207 1129 1540 1185 tributarios
1609 1131 1809 1186 effece-

110 1215 203 1280 rit,
236 1220 293 1268 et
323 1215 537 1268 Mettim
566 1215 626 1267 in
659 1214 841 1285 Belgis
883 1215 979 1268 diu
1020 1221 1219 1270 contra
1259 1234 1318 1272 se
1367 1221 1516 1273 male
1562 1220 1809 1290 cogitan-

108 1308 245 1369 tem,
280 1307 335 1356 et
362 1302 752 1372 compluribus
783 1303 946 1357 annis
983 1304 1291 1367 obsessam,
1342 1322 1487 1377 pene
1515 1308 1585 1361 ad
1627 1309 1806 1363 inter—

109 1392 389 1445 nitionem
437 1389 487 1424 6⁵
514 1390 816 1444 vastaverit
858 1390 970 1461 (an.
1010 1393 1227 1463 tOt2?),
1276 1398 1332 1448 et
1372 1395 1603 1449 tandem
1652 1397 1807 1451 mul-

106 1481 176 1534 tis
206 1480 587 1533 incommodis
616 1480 788 1533 illatis
811 1479 919 1533 sibi
950 1481 1268 1551 subegerit;
1300 1488 1384 1536 set
1404 1484 1538 1555 quia
1559 1485 1806 1539 domnus

103 1569 445 1623 Adelboldus
491 1568 863 1638 Trajectensis
926 1569 1228 1639 episcopus
1279 1569 1400 1624 haec
1447 1573 1642 1626 omnia
1675 1574 1803 1643 ple-

100 1657 335 1711 niterin
372 1672 487 1711 uno
538 1656 832 1709 volumine
887 1657 1175 1711 luculento
1223 1675 1487 1714 sermone
1543 1677 1801 1731 compre-

104 1745 317 1808 hendit,
352 1762 383 1797 a
428 1743 591 1797 nobis
641 1760 773 1814 pars
825 1761 954 1815 quas
994 1746 1301 1817 aliquando
1337 1748 1545 1803 nostris
1577 1750 1801 1821 scriptis

104 1832 425 1887 necessario
468 1833 710 1886 occurrit
761 1835 1162 1902 praetereunda
1199 1836 1317 1889 visa
1371 1842 1473 1903 est,
1527 1854 1599 1892 ne
1631 1838 1802 1892 histo-

101 1922 183 1974 ria
222 1921 395 1974 tantis
450 1926 506 1975 et
529 1926 644 1974 tam
692 1923 943 1974 venustis
1006 1922 1361 1978 documentis
1393 1927 1547 1980 edita
1577 1943 1607 1980 a
1636 1926 1803 1981 nobis

103 2013 378 2079 tanquam
411 2008 479 2062 ab
514 2008 837 2078 insipientis
869 2011 1071 2064 latratu
1105 2011 1514 2068 obfuscaretur.

319 2099 372 2151 6.
414 2100 488 2152 De
516 2099 632 2151 viso
653 2102 864 2164 comete,
892 2103 943 2152 et
966 2101 1132 2166 fame,
1166 2105 1216 2154 et
1237 2103 1585 2157 mortalitate.

174 2187 310 2240 Post
361 2186 495 2239 hinc
543 2185 856 2238 triennium
907 2202 1078 2257 quam
1130 2204 1226 2242 rex
1288 2189 1348 2242 in
1376 2190 1579 2243 solium
1637 2191 1801 2261 regni

106 2274 447 2327 sublimatus
494 2278 598 2336 est,
642 2279 949 2328 commetes
1003 2276 1263 2331 horribili
1310 2278 1497 2347 specie
1542 2279 1801 2333 ﬂammas

103 2364 206 2416 hac
254 2362 499 2433 illacque
543 2362 783 2432 jactans,
844 2363 906 2416 in
962 2364 1197 2418 australi
1246 2371 1405 2434 parte
1459 2367 1587 2421 caeli
1646 2367 1801 2422 visus

106 2457 206 2507 est.
256 2452 531 2522 Sequenti
582 2466 731 2505 anno
782 2452 960 2506 fames
1019 2458 1077 2507 et
1121 2456 1437 2509 mortalitas
1468 2455 1800 2526 gravissima

105 2558 206 2612 per
246 2545 434 2595 totum
479 2540 678 2594 orbem
728 2540 889 2595 facta:
916 2547 1049 2596 sunt
1103 2550 1212 2605 (an.
1278 2545 1455 2614 l003),
1518 2544 1598 2598 ita
1648 2544 1798 2598 utin

92 2628 301 2683 'multis
332 2628 467 2682 locis
518 2645 638 2699 pra:
692 2629 1065 2684 multitudine
1114 2636 1474 2685 mortuorum
1527 2636 1582 2685 et
1624 2632 1796 2686 tzedio

102 2718 501 2789 sepelientium
554 2718 668 2771 vivi
712 2718 894 2771 adhuc
946 2719 1209 2789 spiritum
1246 2722 1555 2789 trahentes,
1586 2720 1639 2774 vi
1685 2737 1799 2792 qua

102 2813 374 2877 poterant
401 2806 713 2860 renitentes
738 2805 787 2841 δθ
817 2823 946 2861 cum
977 2809 1221 2862 mortuis
1249 2810 1649 2864 obruerentur.

583 2899 634 2948 7.
665 2898 737 2948 De
768 2898 1031 2952 Wecelino
1051 2902 1321 2966 apostata.

170 2983 298 3038 Istis
354 2984 528 3037 etiam
572 2984 795 3051 diebus,
854 2984 1120 3039 videlicet
1177 2985 1427 3040 Heinrici
1482 2987 1636 3056 regis
1696 2986 1795 3057 qui

1924 608 2152 673 portum
2180 605 2331 674 Tylae
2386 607 2497 673 (35}
2538 612 2923 674 pervenerunt
2970 605 3084 677 (an.
3148 607 3317 673 1006).
3378 610 3630 679 Populus

1922 708 2057 745 vero
2112 693 2211 762 qui
2268 692 2416 746 circa
2477 692 2668 747 littora
2725 694 2843 747 Wal
2900 693 3154 747 ﬂuminis
3202 694 3626 766 habitaverunt,

1922 786 2215 849 comperto
2245 786 2417 834 tanta:
2458 781 2844 834 multitudinis
2871 783 3142 847 adventu,
3183 799 3343 853 spem
3395 799 3626 839 omnem

1920 868 2119 921 salutis
2168 868 2224 921 in
2277 870 2413 939 fuga
2478 875 2776 939 ponentes,
2829 886 2931 923 sua
2983 886 3129 940 pene
3178 872 3372 925 omnia
3416 878 3627 942 praeter

1918 956 2242 1026 pecuniam,
2297 957 2433 1027 quia
2486 962 2828 1011 mercatores
2869 963 3051 1027 erant,
3104 959 3466 1013 alienissimis
3498 961 3628 1015 reli-

1920 1049 2189 1115 querunt.
2246 1046 2552 1100 Praefectus
2608 1062 2741 1100 vero
2796 1048 3045 1118 prudens
3090 1048 3352 1119 consilio,
3408 1050 3623 1104 veritus

1916 1149 1987 1187 ne
2020 1133 2142 1203 agri
2171 1133 2503 1189 hominibus
2542 1135 2797 1189 destituti
2844 1136 3105 1190 hostibus
3153 1136 3374 1191 facilior
3399 1143 3623 1208 pateret

1915 1221 2227 1293 ingressus,
2261 1223 2314 1276 vi
2364 1239 2477 1294 qua
2526 1228 2751 1293 poterat
2806 1240 3039 1278 ascenso
3091 1241 3262 1294 equo,
3296 1225 3614 1296 fugientem

1915 1310 2003 1363 vix
2046 1309 2286 1364 retinuit
2333 1310 2633 1381 populum.
2682 1313 2880 1365 Hostes
2908 1328 3089 1383 usque
3122 1313 3271 1383 Tyla!
3304 1313 3619 1380 venientes,

1913 1399 2034 1453 vela
2094 1400 2500 1469 deposuerunt,
2559 1405 2616 1455 et
2664 1404 2899 1471 portum
2947 1402 3102 1455 nullo
3160 1402 3459 1456 resistente
3514 1404 3607 1458 in-

1913 1483 2116 1552 gressi,
2158 1485 2381 1555 copiam
2428 1487 2610 1541 victus
2669 1504 2942 1558 magnam
2982 1494 3336 1560 repererunt.
3381 1490 3504 1554 Qua
3532 1508 3619 1546 ce-

1912 1572 2108 1627 leriter
2148 1580 2462 1646 exportata,
2508 1577 2695 1630 vicum
2744 1578 3012 1631 incendio
3054 1584 3436 1633 vastaverunt.
3488 1582 3611 1634 Mo-

1912 1661 2224 1715 nasterium
2266 1680 2497 1733 quoque
2530 1669 2737 1717 sanctas
2763 1665 3089 1736 Walburgm
3119 1665 3505 1737 irrumpentes
3534 1666 3604 1734 ⁷³,

1912 1753 2208 1820 vestesque
2240 1757 2462 1805 sanctas
2504 1768 2535 1805 a
2567 1752 2817 1823 quodam
2872 1753 3079 1808 comite
3118 1755 3419 1825 Waltgero,
3477 1773 3611 1809 con-

1914 1841 2191 1892 structore
2249 1839 2427 1909 ipsius
2459 1840 2588 1907 loci,
2649 1846 2707 1894 et
2772 1858 2873 1895 sua
2903 1843 3150 1912 conjuge
3203 1844 3317 1896 Deo
3366 1844 3540 1913 digna
3569 1842 3617 1881 ⁷⁸

1914 1925 2197 1980 Alberada
2264 1927 2477 1981 ibidem
2558 1930 2855 1993 collocatas
2912 1931 3254 1995 auferentes,
3318 1935 3373 1984 et
3433 1933 3611 1987 altare

1915 2014 2155 2083 spoliato
2186 2012 2252 2083 ⁷⁵,
2285 2019 2340 2068 et
2382 2019 2660 2085 praeterea
2691 2032 2863 2086 quam
2917 2017 3183 2087 plurimis
3214 2018 3385 2071 rebus
3441 2018 3614 2071 eccle-

1912 2100 2154 2154 siasticis
2230 2102 2542 2172 exportatis
2601 2103 2899 2157 ecclesiam
2955 2104 3188 2174 quidem
3261 2105 3609 2159 incolomem

1912 2188 2323 2259 relinquentes,
2385 2190 2454 2244 ad
2505 2191 2741 2244 classem
2800 2208 2858 2244 se
2910 2191 3225 2262 recipiunt;
3300 2193 3607 2263 statimque

1912 2276 2134 2330 nunciis
2163 2294 2194 2330 a
2235 2278 2502 2348 praefecto
2531 2279 2591 2332 in
2622 2296 2821 2333 omnes
2851 2286 3040 2350 partes
3074 2280 3343 2349 dimissis,
3378 2287 3607 2351 postero

1910 2363 2000 2417 die
2054 2381 2279 2418 summo
2342 2382 2509 2419 mane
2568 2368 2816 2419 maxima
2856 2366 3164 2421 multitudo
3217 2369 3497 2422 convenit.
3541 2370 3609 2423 Et

1910 2452 2047 2522 quia
2091 2454 2391 2523 praefectus
2434 2455 2707 2509 exercitui
2738 2471 2982 2526 praeesse
3034 2473 3150 2509 non
3206 2462 3449 2527 poterat,
3477 2458 3605 2511 Bal-

1908 2541 2104 2607 terico,
2131 2542 2198 2595 de
2226 2559 2339 2613 quo
2389 2560 2561 2613 supra
2600 2543 2869 2609 diximus,
2920 2544 3174 2614 itemque
3229 2545 3533 2598 Unruocho
3560 2543 3607 2582 ⁷⁸

1907 2628 2125 2695 comiti,
2181 2636 2416 2684 strenuo
2450 2631 2590 2696 viro,
2623 2631 2723 2701 qui
2764 2632 2824 2684 in
2874 2634 3123 2686 exercitu
3175 2633 3337 2686 tercii
3385 2633 3606 2687 Ottonis

1904 2716 2267 2787 imperatoris
2310 2718 2469 2772 Italia
2508 2720 2567 2772 in
2630 2736 2688 2772 re
2744 2719 2982 2773 militari
3035 2720 3467 2791 opinatissimus
3498 2722 3605 2774 ha-

1905 2805 2169 2875 bebatur,
2200 2807 2412 2860 bellum
2438 2808 2836 2863 committitur.
2897 2809 3114 2862 Nostris
3168 2809 3299 2862 visis
3334 2814 3390 2862 et
3432 2809 3605 2863 celeri

1905 2910 2105 2947 eorum
2139 2894 2387 2948 adventu
2419 2895 2608 2948 hostes
2637 2895 2946 2966 perterriti,
2987 2913 3161 2951 naves
3206 2913 3382 2967 quam
3430 2897 3598 2950 citius

1907 2984 2188 3036 solventes
2234 2983 2592 3051 recedebant,
2652 2985 2792 3038 adeo
2841 2989 2904 3038 ut
2930 2984 3132 3039 similis
3158 2986 3309 3055 fugae
3346 3001 3604 3039 recessus

102 3078 302 3142 postea
366 3072 763 3127 benedictione
820 3074 1127 3144 apostolica
1175 3074 1487 3145 imperator
1562 3076 1794 3129 effectus
1828 3081 1867 3135 (Γ.
1905 3072 2211 3126 videretur.
2251 3072 2437 3126 Nostri
2484 3073 2871 3143 insequentes,
2924 3079 2982 3127 et
3037 3090 3105 3127 ex
3157 3080 3395 3145 utraque
3443 3079 3605 3144 parte

102 3166 203 3229 est,
267 3160 501 3233 quidam
560 3161 895 3229 Weceliuus,
930 3162 1031 3233 qui
1079 3162 1264 3217 fuerat
1309 3164 1595 3217 Cuouradi
1639 3165 1796 3217 ducis

103 3250 342 3304 clericus
390 3250 658 3303 illusione
716 3249 991 3303 diabolica
1024 3250 1311 3317 seductus,
1363 3252 1544 3305 errori
1590 3252 1795 3305 Judeo-

103 3352 234 3390 rum
289 3336 598 3390 consensit.
643 3337 759 3389 Hoc
804 3336 1043 3390 audiens
1082 3352 1197 3402 rex,
1240 3334 1437 3402 nimia,
1472 3342 1536 3390 ut
1576 3337 1797 3405 justum

101 3424 231 3494 fuit,
280 3424 718 3479 conturbatione
765 3431 1089 3479 commotus
1139 3428 1241 3490 est,
1276 3430 1446 3495 atque
1478 3425 1631 3478 illius
1674 3425 1799 3495 jus-

105 3514 264 3567 sione
296 3529 445 3568 unus
476 3513 889 3583 discipulorum
918 3530 1153 3568 suorum
1198 3514 1433 3568 nomine
1482 3514 1796 3579 Heinricus,

102 3602 423 3673 asqnivocus
504 3604 674 3672 regis,
742 3603 1077 3673 praedictum
1128 3608 1442 3673 apostatam
1506 3602 1798 3656 veracissi-

103 3693 209 3745 mis
265 3707 441 3745 sacrze
496 3691 806 3762 Scripturze
845 3692 1209 3759 testimoniis,
1255 3696 1319 3746 ut
1374 3691 1497 3762 ejus
1560 3691 1801 3762 epistola

102 3779 365 3846 afﬁrmat,
430 3778 571 3833 falsa
618 3780 792 3833 verba
846 3779 906 3832 in
957 3779 1243 3835 Christum
1295 3779 1535 3849 ejusque
1576 3784 1800 3832 sanctos

105 3869 312 3923 dixisse
358 3869 590 3935 devicit;
653 3874 709 3923 et
763 3869 899 3941 quia
946 3870 1068 3923 haec
1117 3870 1477 3940 longiusculo
1533 3886 1799 3925 sermone

102 3963 391 4027 protracta
435 3962 586 4026 sunt,
647 3957 705 4011 in
738 3957 848 4012 ﬁne
892 3958 1053 4015 istius
1094 3958 1273 4013 libelli
1304 3976 1371 4013 ea
1436 3975 1648 4029 ponere
1701 3958 1799 4013 de-

104 4047 384 4100 crevimus
416 4046 539 4115 (lib.
577 4062 637 4114 n,
664 4063 784 4116 cap.
828 4049 918 4112 22,
946 4049 1056 4113 35).

423 4138 474 4189 8.
528 4137 599 4188 De
624 4135 860 4188 adventu
897 4134 1368 4190 Nordmannorum
1399 4134 1465 4188 θτ.

170 4224 559 4290 Wicmanuus,
612 4222 810 4277 sortita
861 4225 1121 4295 conjuge,
1184 4228 1249 4278 ut
1304 4240 1477 4294 supra
1531 4222 1797 4291 diximus,

104 4314 357 4383 praefecti
386 4311 525 4377 ﬁlia,
559 4311 666 4366 sibi
696 4312 754 4366 in
782 4313 1051 4366 omnibus
1090 4313 1483 4382 obtemperare
1518 4313 1797 4383 ﬁdemque

104 4403 184 4456 illi
212 4407 269 4455 et
319 4401 624 4455 amicitiam
674 4438 722 4473 98
765 4417 989 4455 servare
1035 4401 1347 4467 constituit,
1386 4408 1442 4455 et
1475 4401 1801 4473 frequenter

104 4492 246 4543 alter
270 4489 343 4543 ab
365 4489 543 4541 altero
576 4488 822 4541 adscitus
853 4484 903 4521 ⁵9
940 4488 1218 4553 convivio,
1270 4504 1635 4541 communem
1694 4489 1802 4543 sibi

103 4593 330 4632 causam
385 4575 652 4630 fecerant.
722 4576 980 4648 Cumque
1025 4575 1147 4645 jam
1197 4577 1354 4631 senio
1402 4577 1693 4630 confectus
1748 4582 1804 4630 et

103 4665 451 4737 aegritudine
482 4665 561 4718 ita
587 4664 977 4735 deprehensus
1005 4670 1153 4719 esset
1191 4666 1492 4735 praefectus
1517 4665 1588 4733 ⁷ο,
1623 4671 1686 4719 ut
1712 4665 1804 4719 vix

101 4756 342 4825 pedibus
369 4754 679 4821 incederet,
713 4759 928 4825 pyrataa
957 4771 1025 4808 ex
1058 4754 1293 4809 diversis
1320 4755 1583 4808 insulis“
1609 4754 1808 4809 oceani

103 4859 231 4897 cum
266 4858 479 4913 magna
523 4842 889 4898 multitudine
918 4843 1152 4898 navium
1200 4844 1427 4912 emersi,
1462 4859 1565 4915 per
1590 4844 1808 4898 ﬂumen

1907 3158 2164 3213 ﬂuminis
2206 3160 2419 3213 levibus
2454 3161 2667 3230 przeliis
2697 3161 2879 3228 factis,
2933 3167 2990 3216 et
3020 3163 3309 3233 utrimque
3337 3164 3383 3199 ⁷⁷
3410 3163 3605 3233 paucis

1907 3252 2006 3301 aut
2029 3246 2076 3282 ⁷⁸
2107 3250 2415 3303 vulneratis
2463 3254 2558 3303 aut
2600 3251 2815 3316 occisis,
2866 3267 2935 3305 ne
2983 3252 3293 3321 cupiditate
3332 3253 3543 3322 praeda:
3573 3268 3607 3306 a

1906 3336 2033 3406 ripa
2079 3337 2304 3405 longius
2352 3338 2541 3391 hostes
2585 3343 2950 3409 vagarentur,
3009 3339 3407 3408 prohibebant.
3456 3337 3606 3393 Vicis

1907 3440 2040 3477 vero
2065 3426 2227 3495 juxta
2255 3425 2412 3479 littus
2440 3424 2490 3460 '79
2516 3442 2659 3496 quos
2692 3426 2850 3479 adire
2889 3429 3152 3496 poterant
3181 3427 3415 3493 exustis,
3448 3442 3603 3481 nona

1905 3513 2049 3567 hora
2079 3515 2193 3568 diei
2242 3530 2443 3568 omnes
2472 3514 2543 3568 de
2583 3515 2821 3568 navibus
2867 3514 3444 3576 desilierunt,'aciem
3474 3530 3604 3567 con-

1905 3600 2350 3656 fertissimam"0
2414 3603 2827 3669 instruxerunt,
2898 3602 3108 3656 nostris
3168 3602 3216 3636 “
3262 3606 3603 3673 potestatem

1906 3692 2205 3761 pugnandi
2238 3691 2629 3759 praebuerunt.
2688 3694 2759 3746 At
2820 3691 3004 3745 nostri
3032 3692 3155 3746 loco
3213 3707 3271 3745 se
3303 3692 3603 3745 continue-

1908 3787 2062 3845 runt,
2095 3785 2152 3833 et
2192 3780 2328 3850 quia
2378 3779 2612 3851 plurimi
2650 3796 2722 3835 ex
2776 3781 2930 3851 agris
2968 3781 3147 3836 coacti
3203 3784 3601 3844 convenerant,

1908 3883 2038 3921 cum
2073 3867 2159 3922 his
2206 3869 2275 3923 ad
2306 3885 2470 3923 usum
2520 3869 2655 3923 belli
2716 3869 2998 3940 imperitis
3029 3874 3084 3923 et
3114 3869 3425 3940 superioris
3468 3866 3606 3922 anni

1906 3963 2145 4027 propter
2197 3959 2557 4012 sterilitatem
2634 3959 2828 4029 inopia
2882 3959 3182 4013 familiaris
3247 3958 3329 4011 rei
3374 3957 3607 4026 vexatis,

1908 4046 2175 4113 praelium
2218 4048 2578 4099 committere
2618 4062 2735 4099 non
2776 4047 3081 4101 audebant.
3117 4045 3219 4101 Ubi
3248 4045 3478 4099 barbari
3506 4060 3607 4098 ne-

1910 4133 2126 4187 minem
2160 4134 2227 4188 ad
2279 4149 2533 4204 pugnam
2574 4134 2881 4203 procedere
2921 4134 3334 4204 conspicerent,
3370 4132 3506 4185 satis
3537 4132 3608 4186 ad

1910 4222 2355 4275 ostentationem
2407 4238 2525 4275 suae
2567 4223 2809 4276 audatiae
2852 4223 3063 4276 factum
3096 4222 3506 4287 existimantes,
3535 4219 3609 4273 ad

1910 4325 2082 4363 naves
2132 4322 2192 4362 se
2245 4309 2549 4379 recipiunt,
2630 4315 2688 4364 et
2738 4310 2898 4363 nullo
2944 4309 3287 4377 prohibente
3362 4306 3605 4378 regressi

1914 4402 2066 4451 sunt.

2160 4488 2210 4540 9.
2241 4486 2319 4539 De
2348 4484 2577 4539 secundo
2599 4484 2839 4538 adventu
2867 4483 3358 4540 Nordmannorum.

1980 4575 2254 4644 Sequenti
2284 4592 2434 4629 anno
2496 4575 2678 4645 (1007)
2730 4575 2940 4629 iterum
2989 4574 3221 4645 quidam
3276 4577 3610 4645 pyratarum

1915 4679 2046 4717 cum
2076 4663 2391 4733 nonaginta
2418 4664 2601 4733 longis
2627 4664 2865 4717 navibus
2888 4680 2989 4733 per
3011 4666 3227 4717 ﬂumen
3247 4664 3466 4717 Laicam
3499 4662 3609 4732 (36)

1915 4752 2240 4807 veniebant.
2276 4752 2486 4817 Nostri,
2529 4753 2804 4822 extimplo
2855 4757 3049 4806 coacta
3098 4768 3305 4822 magna
3349 4752 3611 4806 multitu-

1917 4842 2049 4897 dine
2082 4840 2342 4911 equitum
2368 4845 2424 4896 et
2450 4841 2713 4912 peditum
2744 4848 2799 4896 et
2818 4839 2866 4875 ⁸³
2894 4857 3208 4912 paucarum
3234 4841 3487 4909 navium,
3510 4856 3615 4910 per

1526 4970 1756 5024 vanus
1796 4966 2194 5024 LECTIONES.
3582 5042 3585 5047 ν

169 5063 220 5097 ⁶²
260 5064 574 5118 donantem
604 5079 648 5118 c.
726 5062 775 5099 ⁸³
807 5063 1013 5134 ipicem
1055 5081 1103 5119 c.
1180 5068 1225 5102 ⁸⁸
1251 5065 1396 5119 deest
1424 5068 1482 5119 in
1526 5081 1567 5119 c.
1603 5066 1697 5119 sed
1744 5066 1896 5120 adest
1945 5063 2096 5133 apud
2151 5063 2488 5134 Sigebertnm
2518 5079 2549 5116 a
2582 5063 2742 5118 1003.
2820 5061 2865 5099 ⁸⁵
2895 5062 3189 5134 internitio
3210 5078 3254 5117 c.
3334 5062 3384 5097 ⁸⁸
3415 5062 3613 5116 remit-

102 5138 359 5190 tentesc.
441 5135 484 5170 ⁸⁷
553 5134 1099 5190 NORMANNORUM
1152 5139 1198 5190 1.

1279 5134 1327 5171 ⁸⁸
1383 5135 1693 5190 amicitiam
1740 5153 1785 5191 ο.
1866 5134 1913 5169 ⁶⁹
1967 5132 2187 5189 adsitus
2247 5150 2293 5196 ο,
2372 5132 2434 5206 ⁷⁰γ
2470 5136 2757 5206 perfectus
2783 5150 2825 5188 ε.

2905 5131 2946 5167 ⁷¹
2982 5134 3116 5187 locis
3146 5150 3283 5188 corr.
3338 5134 3539 5187 insulis
3565 5150 3611 5188 ο.

103 5203 150 5239 ⁷²
185 5209 327 5259 meri
347 5206 522 5260 uuido
545 5222 591 5260 c.
666 5208 712 5242 ⁷³
766 5206 1090 5277 irrupentes
1119 5223 1166 5261 c.
1241 5208 1287 5242 7‘
1344 5207 1516 5277 digne
1548 5224 1593 5261 c.
1671 5209 1718 5243 ⁷⁸
1773 5207 2021 5277 spoliate
2051 5222 2097 5261 c.
2160 5207 2221 5277 ⁷⁸
2260 5208 2341 5260 ita
2386 5203 2490 5261 EC
2520 5211 2659 5277 recte
2711 5222 2778 5259 em
2833 5221 2953 5274 cap.
2991 5208 3054 5258 16
3109 5205 3443 5277 emendavit;
3480 5207 3538 5258 in
3566 5220 3611 5259 ο.

105 5278 248 5350 locus
310 5278 535 5348 syllabas
592 5293 674 5331 un
737 5273 915 5335 vacat:
993 5278 1040 5314 ⁷⁷
1096 5280 1177 5333 ita
1235 5280 1301 5333 E.
1369 5273 1598 5350 utrique
1646 5294 1691 5333 c.
1770 5273 1824 5312 ⁷⁸
1883 5294 1949 5332 ac
2005 5293 2050 5333 c.
2126 5276 2176 5312 7°
2227 5277 2363 5332 litus
2436 5280 2489 5331 2.
2553 5274 2602 5311 ⁸ο
2650 5273 2965 5331 confestiss.
3019 5290 3066 5330 ο.
3142 5273 3189 5309 ⁸¹
3249 5280 3505 5331 nostram
3563 5279 3611 5328 1.

106 5348 156 5383 ⁸²
197 5364 285 5405 ac.

1764 5429 1807 5482 N
1816 5427 1967 5483 ΟΤιΕ

145 5524 289 5649 h(.34)
340 5523 516 5580 Hodie
561 5524 632 5580 de
677 5525 972 5593 Merwede,
1032 5526 1219 5583 Rheni
1261 5525 1376 5581 sive
1406 5525 1632 5581 Vahalis
1678 5525 1808 5580 bra-

185 5612 328 5649 ium.
644 5616 651 5622 ν

112 5612 328 5651 cuium.
644 5616 651 5622 ’

466 5701 738 5767 Parnm.
792 5702 963 5768 CXL.

1992 5524 2108 5666 (35g
2129 5525 2190 5578 In
2231 5524 2428 5580 dextra
2484 5524 2727 5580 Vahalis.

1992 5595 2082 5665 (36
2140 5594 2275 5651 Lek.

1991 5594 2108 5665 (36)
2140 5594 2275 5651 Lek.

3229 5707 3307 5764 l5
