3944 6330
336 337 441 391 459

1295 332 1590 387 ALPERTI
1631 333 1686 387 S.
1728 331 2206 387 SYMPHORIANI
2249 329 2543 386 METENS.
2579 329 2877 384 MONACII.
2964 330 2970 336 ’

3739 335 3845 385 460

336 461 521 532 ripam
571 457 835 513 instructi
890 457 1062 512 armis
1118 456 1428 511 adventum
1477 456 1726 510 hostium
1772 461 2033 527 expecta-
2064 458 2100 510 A
2145 456 2247 509 iste
2301 457 2528 507 sanctus
2585 452 2809 522 scriptis
2839 453 3050 506 nostris
3093 452 3419 522 intervenit,
3469 453 3611 509 libet
3658 470 3846 526 pauca

336 549 492 603 bant.
522 549 594 603 At
645 545 819 616 primi
866 546 1240 600 barbarorum
1295 545 1411 598 visa
1461 548 1619 598 tanta
1664 543 2032 598 multitudine

336 637 764 709 perturbantur,
811 640 867 688 et
913 635 973 689 in
1027 633 1211 688 medio
1267 632 1522 686 fluminis
1579 633 1737 686 alveo
1768 631 2033 686 anchoris

338 741 512 779 naves
590 728 917 785 statuentes,
993 723 1242 793 reliquos
1323 725 1620 791 expectare
1696 721 2030 792 disponunt.

336 815 644 884 Postquam
689 812 745 865 in
791 827 973 864 unum
1007 809 1443 877 conveniebant,
1476 815 1534 862 et
1563 809 1858 863 sententiis
1886 808 2037 862 inter

339 918 437 956 eos
467 901 722 966 conlatis,
757 899 946 952 invitis
978 897 1186 952 nostris
1242 898 1487 951 transire
1537 897 1896 963 difﬁdebant,
1950 898 2035 950 le-

340 995 502 1061 gatos
537 989 604 1043 ad
657 1005 752 1042 eos
809 987 1102 1052 miserant,
1165 990 1230 1040 ut
1286 987 1438 1058 ipsos
1481 1001 1583 1057 per
1639 987 1780 1039 lines
1838 1000 2036 1038 eorum

340 1075 715 1147 transportari
773 1079 1139 1146 paterentur;
1201 1074 1310 1127 sibi
1371 1090 1490 1128 esse
1549 1073 1606 1126 in
1666 1074 1858 1127 animo
1914 1073 2035 1127 sine

336 1166 548 1235 injuria
578 1170 633 1218 et
662 1164 938 1218 maleticio
971 1165 1052 1218 ire
1080 1164 1245 1229 velle,
1292 1169 1350 1216 et
1379 1168 1438 1215 ut
1484 1162 1538 1216 id
1573 1178 1772 1216 eorum
1815 1178 1951 1232 pace
1982 1167 2038 1215 et

337 1253 566 1308 licentia
595 1253 791 1306 liceret
848 1252 1087 1322 precari.
1122 1252 1187 1304 Et
1229 1251 1535 1322 impetrato
1563 1249 1633 1316 ⁸³,
1667 1267 1733 1304 eo
1766 1250 1857 1304 die
1897 1266 2034 1321 pace

337 1341 448 1396 lusi
468 1346 617 1395 sunt.
649 1340 921 1411 Sequenti
960 1340 1051 1393 die
1082 1355 1209 1393 cum
1261 1340 1494 1392 classem
1529 1338 1859 1403 movissent,
1896 1339 2033 1408 jam-

339 1445 450 1500 que
477 1429 649 1499 primi
680 1431 931 1483 Hrenum
957 1434 1148 1482 essent
1173 1428 1435 1498 ingressi,
1466 1427 1646 1482 nostri
1676 1443 1804 1480 cum
1837 1426 2035 1498 paucis

337 1517 596 1584 navibus,
648 1518 897 1570 clamore
951 1533 1160 1586 magno
1217 1515 1552 1569 novissimos
1584 1515 1833 1584 adhorti,
1883 1515 2032 1568 bello

340 1607 610 1659 lacessere
640 1602 688 1638 ⁸³
735 1611 1045 1675 coeperunt.
1083 1605 1205 1668 Quo
1257 1605 1503 1657 clamore
1535 1604 1603 1657 ab
1635 1604 1760 1656 aliis
1816 1603 2028 1668 audito,

2143 545 2212 598 de
2241 541 2354 596 vita
2374 542 2495 612 ejus
2526 541 2657 595 huic
2679 541 2839 611 operi
2869 545 3064 596 nostro
3099 542 3374 598 inserere.

2538 651 2622 702 ll.
2659 649 2742 702 De
2773 649 2922 702 beato
2943 649 3218 716 Ans/rido
3239 651 3446 704 comite.

2217 739 2347 793 Erat
2379 735 2426 771 ⁸9
2475 736 2650 807 igitur
2717 737 3015 791 Ansfridus
3069 737 3128 791 in
3194 739 3657 810 Bratuspantium
3709 738 3846 794 ﬁni-

2145 829 2250 883 bus
2283 826 2390 898 (37)
2445 843 2630 881 comes
2661 843 2900 881 summas
2948 827 3212 897 justiciaa,
3248 834 3310 882 ut
3353 843 3540 899 neque
3581 829 3844 883 muneri-

2145 917 2252 970 bus
2285 931 2472 986 neque
2505 915 2669 969 donis
2697 912 2748 949 9°
2773 931 2806 968 a
2835 915 3192 969 rectitudinis
3217 917 3358 971 calle
3389 917 3600 971 reﬂecti
3624 923 3846 988 posset.

2147 1005 2497 1076 Frequenter
2533 1003 2595 1057 in
2630 1003 2885 1057 conciliis
2925 1008 2981 1056 et
3023 1005 3392 1058 conventibus
3425 1005 3725 1059 sententia:
3773 1006 3850 1059 ab

2145 1109 2212 1147 eo
2234 1093 2497 1164 inprimis
2527 1092 2841 1162 exquisitae,
2885 1093 2954 1146 ab
2991 1109 3089 1148 ore
3120 1094 3246 1164 ejus
3275 1109 3475 1148 omnes
3502 1099 3668 1149 erant
3696 1112 3850 1167 pen-

2145 1183 2340 1237 dentes
2361 1187 2417 1236 et
2446 1197 2574 1252 quae
2605 1182 2727 1252 ipse
2782 1182 2973 1251 legum
3033 1181 3258 1235 decreta
3301 1184 3516 1245 statuit,
3564 1183 3652 1237 his
3696 1185 3845 1238 nulli

2143 1271 2530 1326 contradicere
2561 1270 2643 1324 fas
2673 1269 2800 1324 fuit.
2851 1271 3047 1324 Sermo
3089 1270 3212 1340 ejus
3252 1271 3330 1324 ita
3361 1271 3750 1327 mediocritate
3791 1278 3852 1325 et

2143 1357 2907 1427 discretione'temperatus,
2971 1362 3036 1410 ut
3096 1373 3213 1410 non
3267 1358 3467 1412 comici
3535 1359 3719 1412 nostri
3765 1359 3851 1413 di-

2142 1452 2297 1502 ctum
2355 1449 2508 1516 (Tan.
2543 1447 2708 1502 Andr
2739 1447 2780 1511 ἰ,
2825 1463 2864 1511 1,
2915 1446 3002 1514 34)
3047 1461 3060 1498 :
3102 1447 3181 1500 Ne
3229 1447 3365 1515 quid
3399 1448 3582 1512 nimis,
3637 1464 3844 1519 super-

2145 1537 2494 1607 grederetur.
2529 1536 2637 1589 Sed
2695 1541 2751 1589 et
2806 1535 2911 1588 hoc
2963 1534 3402 1602 adnectendum,
3431 1536 3568 1605 quia
3605 1551 3669 1590 ex
3713 1554 3848 1590 mo-

2143 1625 2434 1680 deratione
2494 1640 2728 1678 suorum
2783 1623 3087 1676 verborum
3155 1623 3320 1676 facile
3381 1624 3722 1694 compositio
3789 1631 3848 1679 et

337 1693 598 1747 celeriter
649 1698 969 1759 accurrunt,
1033 1698 1088 1746 et
1143 1693 1376 1746 armatis
1442 1693 1589 1745 circa
1642 1691 1799 1745 littus
1849 1691 1973 1762 disp

2217 1712 2410 1761 »nestas
2433 1706 2558 1776 ejus
2582 1705 2783 1759 occulti
2826 1705 3011 1758 cordis
3055 1705 3125 1758 ab
3180 1691 3544 1760 audientibus
3585 1708 3846 1779 intellegi

339 1781 483 1850 sitis,
517 1786 739 1835 nostros
769 1797 839 1834 ne
871 1780 1334 1850 adpropinquare
1383 1781 1660 1834 auderent
1689 1785 2027 1850 perterrent.

340 1871 671 1924 lntermisso
714 1869 890 1924 noctis
939 1867 1129 1938 spacio
1179 1873 1235 1922 et
1282 1869 1548 1922 omnibus
1575 1869 1783 1922 nostris
1818 1869 2032 1922 ﬂumen

339 1959 756 2029 transportatis,
790 1965 845 2011 et
873 1955 920 1992 ⁸⁵
945 1959 1194 2011 diluculo
1227 1958 1293 2012 ad
1331 1964 1553 2011 nostros
1575 1957 1674 2029 qui
1705 1959 1766 2011 in
1797 1958 2034 2012 navibus

339 2053 504 2100 erant
546 2047 682 2100 falsa
722 2046 873 2100 fama
930 2047 1281 2117 pervenisset
1319 2044 1388 2111 ⁸⁵,
1449 2047 1668 2118 equites
1698 2063 1827 2100 cum
1855 2046 2033 2100 hosti-

338 2136 444 2189 bus
476 2151 683 2206 magno
731 2136 1042 2189 certamine
1096 2135 1418 2189 conﬂixisse
1467 2136 1704 2207 jamque
1757 2135 2034 2206 quasdam

341 2239 512 2277 naves
540 2224 787 2292 direptas
812 2241 954 2289 esse,
1004 2225 1148 2277 nihil
1195 2225 1402 2295 reliqui
1432 2224 1500 2276 ad
1533 2224 1884 2278 celeritatem
1927 2225 2037 2278 sibi

339 2313 614 2365 fecerunt.
678 2312 946 2364 Tumultu
1005 2319 1061 2365 et
1127 2313 1374 2365 clamore
1425 2313 1617 2365 omnia
1660 2313 2032 2382 complentes,

339 2401 496 2454 nullo
523 2401 684 2464 duce,
714 2401 873 2453 nullo
901 2405 1054 2453 certo
1095 2401 1310 2463 ordine,
1349 2406 1408 2454 ut
1458 2402 1674 2472 quique
1723 2401 1831 2454 sibi
1895 2402 2037 2455 cele-

341 2488 520 2542 riores
552 2488 913 2554 videbantur,
938 2489 1192 2543 hostibus
1221 2489 1784 2559 appropinquabant.
1819 2489 2034 2553 Quibus

338 2577 493 2643 visis,
555 2577 613 2630 in
677 2593 856 2631 unum
915 2579 1104 2632 hostes
1134 2579 1463 2650 conglobati
1515 2582 1903 2632 occurrerunt.
1964 2581 2036 2632 At

337 2666 517 2720 nostri
549 2665 647 2737 qui
674 2666 730 2720 in
765 2666 1000 2720 navibus
1027 2673 1208 2732 erant,
1246 2673 1308 2721 ut
1336 2667 1605 2721 viderunt
1635 2667 2033 2721 Nordmannos

333 2755 576 2826 integris
626 2754 841 2808 viribus
893 2757 1222 2823 occurrisse,
1268 2757 1478 2810 relictis
1511 2757 1767 2818 navibus,
1827 2755 2030 2826 praeci-

331 2843 480 2914 pites
510 2859 569 2896 se
600 2843 750 2914 fuga:
777 2844 1080 2898 dederunt.
1117 2846 1268 2909 Quos
1323 2845 1511 2899 hostes
1568 2844 1891 2911 consectati,
1945 2848 2032 2898 tot

330 2932 391 2986 in
417 2948 485 2987 ea
539 2931 675 3003 fuga
729 2939 1099 3003 peremerunt
1145 2938 1288 3005 quot
1317 2949 1484 2988 cursu
1524 2934 1798 3004 consequi
1823 2938 2026 3004 potue-

333 3024 488 3075 runt.
1917 3017 1922 3026 “

691 3109 775 3164 ’lO.
808 3111 882 3164 De
904 3114 1070 3179 portu
1090 3111 1417 3178 Trajectensi
1443 3113 1674 3166 incenso.

403 3215 794 3285 Trajectenses
840 3214 888 3249 ³⁷
941 3215 1009 3269 de
1057 3215 1301 3270 adventu
1349 3217 1724 3271 barbarorum
1755 3216 2030 3272 cerciores

332 3303 486 3370 facti,
519 3319 591 3357 ne
641 3303 904 3358 hostibus
937 3303 1224 3358 commodi
1261 3309 1363 3358 aut
1412 3305 1542 3359 usui
1566 3306 1643 3382 ad
1676 3305 2028 3360 obsidionem

333 3391 546 3446 castelli
624 3391 787 3458 foret,
853 3397 1082 3462 portum
1147 3409 1375 3448 omnem
1441 3393 1552 3463 ipsi
1632 3394 2026 3449 incenderunt.

335 3483 505 3535 Portu
550 3485 768 3548 exusto,
824 3481 1124 3552 conquesti
1182 3487 1316 3536 sunt
1369 3482 1596 3536 barbari
1647 3499 1750 3537 cur
1805 3487 2026 3538 tantum

330 3568 763 3623 incommodum
812 3575 961 3623 esset
1002 3569 1340 3635 admissum,
1399 3587 1459 3625 se
1530 3573 1753 3625 nullum
1809 3573 2026 3626 malum

333 3659 602 3712 adversus
655 3658 844 3711 locum
903 3658 1110 3724 moliri,
1170 3660 1486 3729 praesertim
1555 3677 1682 3714 cum
1731 3661 2029 3715 Ausfridus

332 3751 505 3800 tantm
563 3745 881 3800 sanctitatis
955 3746 1041 3799 vir
1098 3747 1283 3802 eidem
1367 3754 1637 3818 praeesset
1694 3749 2019 3819 episcopus.

332 3833 649 3904 Religionis
706 3839 899 3887 tamen
961 3850 1124 3888 causa
1169 3839 1230 3889 ut
1268 3836 1326 3888 in
1349 3837 1642 3890 castellum
1673 3836 2026 3892 intromitte-

330 3928 533 3977 rentur
573 3921 841 3986 orabant;
878 3923 1140 3976 ecclesias
1182 3924 1567 3979 oblationibus
1615 3926 1729 3980 suis
1767 3929 2026 3982 venerari

331 4027 390 4064 se
420 4011 561 4064 velle
590 4009 876 4064 dicebant.
921 4010 1140 4074 Quibus
1193 4012 1492 4082 oppidani,
1549 4020 1838 4085 assumpto
1866 4018 2024 4071 vultu

328 4103 384 4151 et
435 4098 773 4165 constantia,
832 4101 1183 4170 respondent
1229 4117 1286 4153 se
1345 4101 1563 4156 aditum
1603 4103 1836 4157 armatis
1877 4121 2022 4173 pra:-

327 4187 461 4242 bere
503 4204 615 4242 non
645 4204 830 4258 posse.
883 4189 947 4242 Et
998 4189 1256 4260 quamvis
1282 4188 1331 4223 ⁸⁸
1367 4191 1636 4245 facillima
1673 4193 2022 4262 expugnatio

2147 1797 2352 1867 potuit.
2417 1795 2698 1866 Quicquid
2749 1811 2879 1848 vero
2905 1791 2950 1828 9‘
2978 1794 3036 1849 in
3083 1795 3207 1866 jugi
3241 1801 3295 1848 et
3339 1797 3622 1850 cotidiana
3647 1799 3844 1852 confa-

2143 1884 2436 1939 bulatione
2490 1885 2850 1955 loquebatur,
2893 1884 2997 1937 hoc
3047 1884 3369 1938 divinarum
3418 1884 3846 1955 Scripturarum

2144 1974 2416 2044 exemplis
2458 1974 2664 2027 blande
2695 1973 3012 2043 leniterque
3042 1973 3372 2039 condiebat;
3419 1980 3474 2028 et
3511 1975 3558 2028 si
3608 1976 3843 2045 quando

2145 2063 2382 2133 contigit
2414 2065 2536 2116 uta
2592 2063 2939 2115 secularibus
2993 2063 3238 2132 negotiis
3293 2062 3522 2132 quietus
3567 2079 3692 2117 esse
3742 2081 3848 2134 po-

2143 2155 2308 2218 terat,
2359 2156 2458 2205 aut
2511 2151 2662 2220 justa
2705 2150 2923 2220 judicia
2977 2149 3027 2184 θ’
3084 2152 3384 2218 tractabat,
3443 2155 3544 2206 aut
3602 2152 3842 2206 lectioni

2142 2244 2301 2294 tanto
2335 2240 2521 2292 studio
2568 2239 2882 2304 insistebat,
2917 2243 2979 2292 ut
3021 2254 3054 2291 a
3093 2239 3437 2309 quibusdam
3500 2239 3848 2308 insipienti-

2144 2329 2248 2382 bus
2324 2327 2714 2381 monachicam
2771 2327 2946 2380 vitam
3007 2326 3171 2380 illum
3221 2342 3393 2397 agere
3463 2327 3843 2383 derideretur.

2141 2416 2301 2480 Quod
2341 2416 2469 2469 ideo
2501 2415 2689 2468 minus
2714 2413 2788 2468 sit
2815 2415 3026 2468 mirum
3056 2431 3280 2468 necesse
3307 2420 3413 2476 est,
3447 2417 3582 2486 quia
3614 2421 3839 2488 quanto

2143 2503 2383 2558 avidiori
2424 2503 2794 2557 meditatione
2829 2503 3009 2556 sancti
3047 2502 3252 2556 divinis
3320 2505 3591 2574 operibus
3633 2504 3845 2575 invigi-

2143 2592 2280 2658 lant,
2323 2597 2481 2646 tanto
2507 2592 2752 2662 amplius
2791 2592 3016 2645 viliores
3049 2593 3264 2647 mundo
3305 2592 3471 2659 tiunt,
3521 2598 3577 2646 et
3635 2599 3701 2647 ut
3740 2611 3843 2664 pa-

2140 2681 2337 2735 tientia
2375 2697 2575 2734 eorum
2624 2681 2916 2750 probetur,
2947 2696 2979 2734 a
3032 2681 3222 2750 pravis
3253 2681 3585 2736 hominibus
3615 2698 3684 2736 ex
3717 2699 3842 2753 per-

2141 2769 2412 2824 missione
2478 2770 2578 2823 Dei
2628 2770 2967 2840 plerumque
3027 2769 3500 2838 dehonsstantur,
3541 2775 3686 2824 teste
3745 2787 3847 2824 no-

2140 2859 2285 2913 tario
2319 2858 2560 2930 Spiritus
2592 2857 2787 2926 sancti,
2834 2857 3054 2912 dicente
3087 2875 3100 2912 :
3153 2859 3511 2928 Obprobrium
3551 2861 3846 2929 insipienti

2141 2947 2344 3002 dedisti
2387 2948 2660 3017 mc(Psal.
2715 2963 2942 3013 xxxvul,
2987 2947 3061 3017 9).
3110 2947 3332 3001 Summi
3386 2949 3556 3002 etiam
3601 2951 3658 3002 et
3708 2948 3841 3003 illu-

2065 3015 2106 3071 θ
2144 3041 2286 3111 stres
2307 3037 2431 3102 viri,
2467 3015 2601 3090 dum
2650 3035 2709 3090 in
2735 3036 2865 3106 jure
2906 3015 3145 3091 dicendo
3175 3037 3403 3106 gravius
3425 3033 3473 3070 93
3493 3036 3632 3107 quid
3656 3037 3841 3092 disce-

2141 3125 2422 3196 ptandum
2454 3130 2593 3191 erat,
2625 3131 2691 3182 .et
2720 3131 2784 3178 ut
2831 3125 2973 3178 solet
3023 3124 3146 3178 ﬁeri
3183 3124 3389 3179 diversi
3411 3125 3634 3179 diversa
3660 3127 3838 3180 senti-

2142 3221 2288 3281 rent,
2331 3219 2386 3268 et
2425 3213 2631 3267 variari
2663 3213 2958 3267 sententiae
2990 3213 3340 3279 viderentur,
3369 3219 3440 3268 ad
3481 3229 3611 3267 eum
3653 3200 3842 3284 gratia

2145 3302 2471 3357 discendict
2499 3301 2893 3371 interrogandi
2917 3301 3286 3354 recurrebant
3323 3298 3389 3353 9‘.
3435 3301 3841 3372 lmperialibus

2141 3408 2371 3463 quoque
2411 3390 2638 3445 secretis
2685 3390 2997 3461 saepissime
3050 3389 3416 3457 intererat,et
3445 3390 3719 3461 quociens
3769 3392 3840 3446 de

2141 3480 2451 3551 majoribus
2490 3479 2658 3534 rebus
2708 3480 3068 3534 tractandum
3120 3484 3259 3546 erat,
3299 3483 3456 3532 tanta
3497 3480 3840 3533 auctoritate

2141 3573 2196 3623 et
2222 3568 2499 3637 dignitate
2524 3565 2574 3600 9⁸
2610 3567 2944 3632 habebatur,
2977 3573 3042 3621 ut
3072 3567 3192 3621 sine
3224 3567 3400 3638 ipsius
3432 3567 3669 3621 consilio
3703 3584 3838 3623 raro

2139 3657 2354 3728 aliquid
2406 3661 2766 3711 statueretur.
2823 3657 2936 3710 [Ioc
2984 3657 3092 3710 sibi
3126 3656 3186 3709 in
3237 3656 3393 3710 omni
3433 3662 3598 3710 aetate
3645 3657 3840 3711 decre-

2137 3749 2282 3811 tum,
2333 3745 2438 3800 hoc
2489 3745 2596 3799 sibi
2651 3745 3028 3816 prOpositum,
3077 3761 3192 3798 non
3251 3745 3395 3798 sicut
3447 3745 3726 3816 quosdam
3787 3743 3838 3779 9⁵

2139 3833 2318 3889 nostri
2364 3834 2658 3906 temporis,
2720 3851 2863 3905 quos
2919 3835 3259 3905 plerumque
3291 3841 3388 3888 aut
3442 3833 3835 3889 misericordia

2138 3929 2236 3978 aut
2265 3923 2479 3978 invidia
2513 3940 2548 3977 a
2570 3922 2617 3958 9"
2651 3923 2867 3993 judicio
2907 3923 3020 3977 labi
3069 3923 3466 3994 conspicimus,
3496 3925 3565 3978 de
3595 3924 3749 3994 juris
3780 3930 3839 3979 et

2138 4014 2280 4084 legis
2318 4012 2553 4081 veritate
2581 4012 2722 4066 nihil
2765 4012 3114 4067 diminuerat
3142 4010 3209 4064 9⁸.
3259 4013 3339 4067 Ob
3370 4013 3490 4066 haec
3518 4011 3565 4046 99
3594 4013 3664 4066 ab
3698 4030 3837 4084 rege

2137 4103 2465 4172 frequenter
2521 4101 2765 4155 adscitus
2818 4106 2874 4154 et
2919 4117 3082 4155 carus
3140 4117 3258 4172 prie
3313 4101 3531 4155 caeteris
3579 4101 3834 4169 habitus,

2137 4191 2259 4260 ejus
2290 4190 2547 4246 oratione
2597 4195 2654 4244 et
2678 4191 2893 4262 {pravos
2924 4188 2996 4224 ¹⁰⁰
3027 4191 3358 4244 cohercebat
3389 4195 3444 4244 et
3475 4207 3595 4244 rem
3637 4191 3838 4260 publi-

327 4281 496 4343 esset,
549 4283 742 4330 tamen
777 4283 1202 4348 cognoscentes,
1263 4285 1518 4333 sanctum
1577 4281 1764 4334 locum
1808 4285 1863 4334 et
1894 4285 2025 4335 tan-
2053 4294 2094 4348 ι)
2134 4295 2258 4333 cam
2295 4279 2358 4314 ¹⁰¹
2392 4296 2521 4334 cum
2573 4295 2711 4350 pace
2758 4278 3129 4350 gubernabat.
3184 4279 3576 4349 Prmdonibus,
3621 4281 3836 4350 quibus

325 4369 445 4420 tum
478 4366 825 4420 sacerdotem
865 4366 982 4420 suis
1034 4367 1278 4422 fortunis
1320 4369 1457 4422 alias
1513 4369 1786 4423 obsistere
1843 4386 2023 4440 posse,

328 4453 546 4508 nullam
605 4453 895 4509 lesiouem
954 4455 1162 4510 civitati
1219 4457 1527 4512 inferentes
1565 4459 1847 4513 abierunt.
1890 4460 2026 4523 Quis

325 4540 436 4594 hoc
466 4541 684 4594 meritis
705 4542 884 4596 sancti
930 4543 1182 4614 episcopi
1228 4561 1341 4598 non
1373 4545 1675 4612 adscribat,
1710 4545 2023 4616 oppidanos

326 4633 521 4682 contra
551 4645 709 4699 spem
754 4634 908 4684 metu
959 4631 1247 4701 liberatos,
1281 4638 1338 4686 et
1394 4634 1712 4704 periculum
1754 4635 2018 4696 evasisse.

329 4721 386 4771 et
432 4718 620 4771 locum
677 4718 840 4773 illum
892 4719 1228 4775 inviolatum
1284 4722 1884 4792 permansisse?Quia
1935 4723 2023 4778 vir

2136 4368 2298 4438 regio
2361 4369 2828 4440 Bratuspantium
2873 4368 2917 4402 ¹²
2957 4368 3203 4422 maxime
3260 4368 3539 4437 alebatur,
3580 4369 3832 4424 infestis-

2136 4459 2314 4512 simus
2344 4463 2486 4524 erat,
2510 4463 2568 4512 et
2587 4457 2800 4512 crebris
2829 4457 3258 4512 occursionibus
3286 4475 3485 4513 eorum
3518 4463 3724 4513 conata
3758 4458 3828 4492 ¹⁰³

2132 4546 2503 4617 impediebat.
2563 4547 2882 4618 Principem
2925 4563 3152 4618 quoque
3195 4563 3418 4614 eorum,
3462 4548 3827 4618 desperatum

2131 4636 2448 4702 hominem,
2480 4637 2641 4707 cujus
2672 4652 2883 4690 nomen
2916 4652 2986 4690 ne
3011 4634 3077 4672 ¹⁰⁸
3137 4635 3248 4690 dici
3287 4636 3520 4707 quidem
3546 4653 3691 4706 opus
3720 4643 3825 4703 est,

2131 4725 2411 4796 sanguine
2469 4725 2678 4780 civium
2747 4723 2820 4759 ¹⁰⁵
2861 4730 2919 4780 et
2958 4726 3155 4796 prmda
3195 4724 3476 4790 adultum,
3534 4724 3824 4796 frequenti

1745 4835 1976 4890 VARIzE
2018 4836 2422 4892 LECTIONES.

1034 4928 1082 4966 ⁸⁸
1149 4930 1459 4985 lascercere
1522 4935 1569 4985 l.

394 4924 446 4998 337
517 4926 823 4998 impetrata
893 4931 955 4984 E.

761 4998 808 5032 ⁸⁷
864 5001 1221 5069 Trajectense
1280 5017 1322 5055 c.

322 4997 612 5052 venissent
640 5015 684 5053 c.
761 4998 836 5073 "_
864 5001 1221 5069 Trajectense
1280 5017 1322 5055 c.
1397 5001 1445 5036 ⁸⁸
1479 5003 1715 5073 quanvis
1762 5019 1807 5057 c.

1640 4932 1942 4986 lassescere
2008 4934 2060 4988 2.

1884 5002 1933 5076 8?
1985 5009 2150 5058 Anno
2216 5006 2384 5076 tertio
2442 5007 2665 5060 Henrici
2715 5006 3102 5076 imperatoris.
3163 5002 3385 5062 Ottonis
3443 5007 3598 5060 tertii
3643 5002 3823 5060 beatm

2138 4932 2186 4966 ⁸⁵
2263 4935 2543 4989 verborum
2623 4937 2944 4990 constructio
3018 4941 3203 4989 nostro
3255 4938 3502 5004 propria.
3580 4934 3628 4971 ⁸⁸
3687 4951 3823 5005 per-

321 5070 868 5148 meruorirg‘caasaris
897 5073 1122 5148 augusti
1155 5070 1511 5148 successoris,
1543 5080 1663 5148 erat
1699 5073 1850 5148 θωιά
1873 5074 2337 5148 _Brachbantium
2393 5092 2584 5130 comes
2615 5070 2906 5148 Aufridus,
2951 5082 3054 5130 etc.
3079 5077 3308 5148 incipit
3330 5080 3360 5131 3
3389 5077 3543 5148 ('y'ita
3575 5077 3639 5133 S.
3678 5079 3824 5132 Ans-

319 5140 510 5210 fridi.)
584 5139 718 5194 90d.
774 5139 1114 5210 transituriis
1159 5145 1276 5196 ullo
1327 5144 1496 5198 modo
1553 5160 1586 5197 a
1632 5147 1682 5198 3.

322 5212 628 5265 veniebant
680 5213 730 5265 3.

323 5279 395 5349 109
426 5282 640 5349 primos
676 5286 727 5335 3.

321 5348 395 5384 ⁴⁰⁵
418 5348 591 5406 civilii
622 5353 880 5407 adultum
917 5355 1154 5409 3.media
1174 5348 1384 5410 desunt.

1758 5141 1802 5179 9t

809 5145 1114 5195 ransitoriis
1159 5145 1276 5196 ullo
1327 5145 1496 5198 modo
1553 5160 1586 5197 a
1632 5147 1682 5198 3.
1758 5145 1802 5179 ⁹¹
1851 5145 1995 5200 deest
2029 5149 2076 5200 l.

809 5209 855 5245 9⁵
921 5220 1092 5268 tantae
1152 5215 1505 5268 auctoritatis
1553 5214 1872 5269 habebatur
1903 5219 1953 5270 3.
2030 5213 2080 5250 9°

805 5281 874 5319 ⁴⁰¹
924 5300 980 5358 7c.
1034 5289 1094 5358 et
1135 5300 1376 5358 regnum
1409 5302 1513 5355 per
1568 5302 1698 5340 eum
1765 5287 1822 5340 in
1881 5304 2019 5358 pace
2050 5305 2104 5358 g.
2155 5281 2222 5343 ’3.

2857 5145 2905 5182 9³
2928 5147 3119 5218 gravis
3164 5145 3219 5200 c.’
3287 5145 3334 5184 9‘
3368 5145 3740 5218 requirebant
3773 5153 3818 5202 t.

2922 5215 2974 5249 9³
3037 5217 3359 5271 diminuere
3415 5215 3466 5272 3:
3526 5216 3574 5251 99
3630 5219 3739 5272 hoc
3767 5221 3817 5273 3.

2891 5285 2976 5340 .¹⁰³
3039 5295 3272 5343 conatus
3339 5291 3390 5344 3.
3468 5287 3538 5325 ¹⁰⁴
3601 5305 3705 5344 nec
3766 5292 3814 5344 3.

2153 5145 2202 5182 θ’
2245 5147 2281 5202 i.
2336 5149 2372 5201 i.
2425 5149 2613 5218 legum
2649 5153 2687 5200 t.
2730 5151 2780 5202 3.

2139 5220 2368 5289 quidam
2429 5216 2496 5272 3.‘
2556 5216 2603 5252 97
2652 5223 2748 5271 aut
2800 5233 2844 5272 c.

2303 5288 2374 5324 ¹⁰²
2401 5289 2716 5344 brachbant
2780 5291 2830 5344 3.

1986 5445 2190 5500 NOTAE

397 5533 507 5605 (37)
536 5533 798 5590 Brabant.
