3956 6328
342 363 444 417 463

1362 355 1659 410 ALPERTI
1697 355 1752 409 S.
1796 353 2263 410 SYMPHOBIANI
2303 352 2601 408 METENS.
2647 351 2948 407 MONACH.

3745 352 3855 406 464

344 483 608 550 removit,
645 481 862 535 viribus
893 479 1026 534 totis
1075 478 1338 532 laudibus
1369 477 1471 531 Dei
1523 482 1578 532 et
1616 476 1906 547 obsequiis
1957 477 2040 530 in-
2069 480 2117 532 A
2154 476 2398 530 maliciaa
2432 476 2783 530 exercendae.
2819 475 2924 540 Qui
2969 479 3161 530 tamen
3209 475 3383 529 miser
3425 477 3623 546 paucis
3653 475 3861 530 diebus

347 573 512 638 stitit,
559 571 936 635 orationibus,
982 569 1212 639 vigiliis,
1265 567 1590 621 elemosinis
1646 566 1724 619 ita
1768 565 2042 633 intentus,

347 665 414 715 ut
460 677 628 714 nemo
661 666 856 713 nostra
909 662 1074 712 atate
1106 656 1212 710 sibi
1242 655 1420 726 possit
1476 654 1810 708 adsimilari.
1863 655 2043 708 Unam

351 767 418 804 ex
451 751 571 819 ejus
594 747 913 803 innumeris
958 746 1356 799 liberalitatem
1407 744 1463 796 in
1505 760 1786 814 pauperes
1836 743 2046 798 Christi

352 838 663 892 exhibitam
720 837 1051 890 referemus.
1113 835 1174 887 In
1233 833 1356 902 ipsa
1410 833 1550 886 cella
1580 849 1750 903 quam
1799 832 2048 886 diximus

352 926 591 998 positus,
633 930 900 978 consueto
930 922 1002 957 ‘33
1053 939 1223 992 opere
1255 922 1351 974 Dei
1377 924 1620 990 expleto,
1654 925 1784 991 post
1812 922 2046 975 terciam

351 1014 628 1084 vigiliam,
663 1029 842 1066 unum
893 1029 960 1064 ex
1001 1013 1117 1063 suis
1150 1009 1424 1062 ministris
1464 1010 1532 1063 ad
1573 1025 1632 1062 se
1677 1015 1856 1073 vocat,
1909 1009 2047 1080 quid

352 1101 476 1157 ﬁeri
504 1102 638 1155 velit
674 1100 946 1163 ostendit,
989 1105 1044 1152 et
1075 1105 1136 1152 ut
1169 1115 1338 1151 nemo
1373 1098 1426 1150 id
1461 1102 1767 1167 cognoscat
1797 1113 2048 1150 summo-

351 1206 488 1262 pere
548 1189 859 1242 interdicit.
930 1187 1116 1242 Sumit
1182 1186 1432 1249 situlam,
1497 1185 1758 1239 immittit
1806 1191 2045 1253 vectem,

352 1293 527 1347 seque
557 1277 727 1330 simul
761 1276 1043 1346 portando
1087 1275 1410 1328 ministrum
1466 1274 1530 1327 ad
1578 1273 1858 1343 regendos
1891 1289 2047 1343 gres-

353 1383 447 1420 sus
484 1381 618 1418 suos
665 1380 848 1435 usque
899 1365 966 1418 ad
1023 1363 1239 1416 flumen
1287 1361 1606 1432 praecedere
1650 1361 1834 1430 jubet.
1885 1365 2048 1431 Aqua

352 1454 557 1508 hausta
581 1453 729 1508 redit
763 1451 858 1518 13",
890 1453 1024 1524 igne
1055 1451 1332 1517 calefacit,
1379 1449 1598 1503 dolium
1645 1450 1768 1519 ipse
1819 1449 2045 1516 infudit,

353 1544 667 1614 leprosum,
726 1541 887 1611 cujus
942 1557 1147 1610 corpus
1206 1538 1549 1592 miserabilis
1616 1539 1803 1592 sanies
1859 1543 2045 1592 totum

357 1631 697 1699 obduxerat,
755 1629 961 1700 pannis
1029 1635 1261 1682 exutum
1327 1627 1388 1680 in
1436 1627 1708 1681 balneum
1787 1626 2050 1698 deposuit

354 1719 744 1791 putrescentia
789 1718 1046 1772 membra
1093 1717 1355 1771 manibus
1398 1717 1752 1785 perlustrans
1802 1715 2045 1786 diligen-

355 1807 575 1862 tissime
607 1805 679 1842 ¹⁴⁰
729 1806 886 1874 lavit,
937 1807 1117 1859 lotum
1168 1806 1226 1858 in
1277 1806 1542 1858 lectulum
1572 1803 1638 1839 1“
1697 1803 1877 1872 ipsius
1932 1803 2048 1857 col-

355 1896 579 1961 locavit,
612 1899 667 1950 et
697 1895 950 1948 vestibus
981 1893 1139 1948 novis
1181 1893 1446 1947 vestitum
1499 1892 1907 1946 antelucanum
1950 1892 2054 1946 sub

353 1984 656 2038 testatione
696 1999 767 2037 ne
799 1983 926 2054 quis
976 1983 1028 2037 id
1077 1982 1248 2036 sciret
1287 1981 1519 2036 abeunti
1553 1980 1696 2017 “'2-‘3
1755 1980 2050 2051 praecepit.

357 2073 456 2126 Hic
517 2071 558 2125 si
619 2087 843 2142 quaeras
895 2087 995 2124 cur
1047 2071 1152 2125 iste
1210 2075 1403 2124 tantus
1451 2070 1554 2136 vir,
1606 2073 1691 2123 tot
1745 2069 2053 2123 virtutibus

355 2159 654 2230 praeditus,
715 2159 958 2230 Spiritus
1005 2159 1184 2212 sancti
1241 2158 1425 2227 gratia
1471 2157 1777 2224 inroratus,
1829 2159 2052 2229 leproso

356 2248 442 2301 illi
482 2247 758 2301 solacium
807 2247 1120 2301 curationis
1178 2263 1296 2300 non
1365 2246 1713 2315 impenderit,
1759 2245 1909 2299 facili
1952 2247 2052 2300 has

356 2335 731 2406 cogitationes
759 2335 955 2390 obvius
985 2337 1088 2388 hac
1118 2334 1486 2404 responsione
1513 2334 1810 2404 excipiam.

595 2427 680 2478 l5.
723 2426 831 2480 Cur
861 2424 1165 2489 Ansfridus
1187 2422 1432 2491 inﬁrmos
1453 2438 1559 2476 non
1586 2426 1819 2476 curaret.

428 2511 696 2583 Legimus
729 2528 979 2581 namque
1011 2510 1060 2578 (Ι
1087 2512 1217 2564 Cor.
1251 2526 1364 2576 xIv,
1395 2508 1490 2578 2'2)
1521 2509 1688 2580 {quod
1729 2510 1886 2580 signa
1918 2510 2054 2566 inﬁ-

359 2601 603 2668 delibus,
635 2617 749 2653 non
785 2600 1072 2665 ﬁdelibus,
1108 2599 1239 2653 data
1265 2599 1380 2652 sint
1412 2599 1500 2667 ¹⁴⁴,
1549 2603 1612 2652 ut
1657 2599 1717 2652 in
1755 2600 1917 2653 initio
1956 2616 2054 2654 na-

357 2690 565 2746 scentis
647 2688 908 2742 Ecclesiaz
976 2688 1148 2741 corda
1206 2686 1528 2757 gentilium,
1587 2687 1922 2757 longissima
1981 2687 2054 2722 “5

358 2777 772 2833 consuetudine
818 2777 1104 2830 idolorum
1160 2775 1445 2841 indurata,
1476 2775 1609 2828 visis
1640 2781 1728 2830 tot
1777 2778 2052 2847 prodigiis

359 2868 428 2922 ad
461 2867 807 2920 credendum
841 2863 912 2899 ηδ
953 2864 1370 2919 emollirentur.
1404 2864 1541 2928 Quis
1568 2864 1720 2918 enim
1750 2870 1884 2919 tunc
1915 2872 2053 2920 tem-

357 2955 538 3025 poris,
572 2953 788 3006 mundo
820 2953 880 3006 in
911 2951 1329 3006 ﬂorentissimis
1366 2953 1536 3006 rebus
1582 2953 1785 3024 posita,
1841 2954 2052 3025 praedi-

2154 569 2299 636 post,
2356 567 2573 618 caeteris
2614 565 3054 628 dormientibus,
3099 566 3408 636 suspendio
3465 571 3718 619 mortem
3751 566 3863 619 sibi

2155 655 2447 708 conscivit.
2484 657 2615 710 Haec
2653 655 2897 708 breviter
2925 655 3256 724 perstrinxi,
3309 671 3377 708 ne
3422 655 3550 726 quis
3593 655 3654 708 in
3686 656 3862 710 corde

2155 759 2256 796 suo
2312 743 2614 809 existimet,
2674 750 2908 814 propter
2962 743 3340 796 defectionem
3406 744 3664 814 probatae
3726 744 3860 797 vita:

2156 848 2318 885 servo
2364 848 2467 885 suo
2516 833 2822 886 Dominum
2856 837 3114 885 nostrum
3159 833 3352 886 Jesum
3396 833 3688 886 Christum
3743 832 3865 885 vir-

2155 924 2336 974 tutem
2368 921 2664 990 signorum
2709 921 3020 974 concedere
3071 909 3346 986 noluisse,
3380 920 3479 991 qui
3511 923 3695 974 multo
3750 937 3866 974 ma-

2148 1009 2277 1079 jora
2326 1014 2380 1063 et
2414 1009 2584 1080 longe
2617 1009 2704 1062 his
2737 1009 3014 1077 feliciora,
3052 1008 3111 1063 id
3149 1015 3232 1063 est
3262 1010 3437 1063 vitam
3467 1016 3746 1064 aeternam
3798 1010 3860 1064 in

2155 1098 2367 1151 caelesti
2399 1113 2600 1168 regno,
2635 1096 2928 1150 concessit.
3231 1147 3238 1152 .

2514 1187 2596 1240 16.
2642 1188 2713 1240 De
2751 1187 2897 1240 obitu
2928 1184 3191 1250 Ansfridi
3223 1186 3484 1254 episcopi.

2226 1273 2408 1344 Igitur
2444 1290 2572 1327 cum
2627 1273 2709 1328 illi
2750 1274 2954 1328 virium
3009 1273 3372 1326 imbecillitas
3396 1275 3754 1328 adcresceret
3805 1277 3862 1326 et

2157 1363 2433 1432 languore
2481 1377 2686 1432 corpus
2736 1361 2807 1415 ad
2866 1377 3128 1415 occasum
3183 1376 3416 1430 vergere
3462 1361 3857 1430 intellegeret,

2158 1450 2228 1504 ad
2259 1450 2650 1521 supradictum
2679 1449 2882 1503 collem
2913 1449 3210 1502 transferri
3233 1449 3418 1519 jubet.
3453 1449 3715 1519 Cumque
3746 1449 3866 1502 illic

2157 1539 2451 1603 aliquanto
2502 1541 2761 1610 tempore
2813 1539 2863 1592 vi
2906 1538 3266 1609 aegritudinis
3314 1544 3697 1608 premeretur,
3757 1539 3867 1592 Re-

2156 1627 2401 1681 demtori
2431 1631 2658 1696 fnostro,
2702 1628 2793 1681 cui
2832 1628 3084 1694 servivit,
3129 1626 3394 1697 spiritum
3449 1628 3696 1681 reddidit
3747 1630 3863 1697 (an.

2165 1716 2339 1785 1010).
2369 1717 2578 1770 Aderat
2606 1716 2665 1769 in
2697 1716 2951 1788 exequiis
2984 1717 3107 1787 ejus
3139 1717 3257 1770 lilia
3289 1715 3466 1786 ipsius
3494 1715 3866 1780 venerabilis,

2163 1804 2446 1858 abbatissa
2483 1805 2792 1858 Tornensis
2830 1807 2939 1871 (41)
2981 1804 3332 1872 monasterii,
3373 1805 3868 1874 consanguineus-

2163 1909 2275 1962 que
2314 1894 2456 1963 ejus,
2491 1893 2560 1948 de
2609 1911 2723 1964 quo
2773 1911 2942 1964 supra
2981 1893 3232 1946 diximus
3273 1902 3410 1961 (cap.
3463 1895 3542 1961 8),
3591 1893 3863 1946 Unruoch

2162 1996 2374 2047 comes,
2420 1983 2940 2052 corpusculumque
2972 1982 3030 2034 in
3061 1981 3314 2035 oratorio
3356 1981 3632 2050 positum,
3672 1998 3702 2034 a
3742 1982 3860 2035 fra-

2162 2070 2343 2124 tribus
2376 2070 2558 2123 solitis
2594 2072 3065 2141 frequentabatur
3096 2070 3316 2135 ol'iiciis,
3362 2072 3616 2124 futurum
3660 2075 3723 2122 ut
3765 2086 3868 2139 po-

2163 2163 2312 2211 stero
2343 2157 2434 2211 die
2465 2158 2524 2211 in
2555 2158 2678 2228 ipsa
2713 2159 2970 2226 ecclesia,
3009 2163 3071 2211 ut
3099 2158 3207 2228 ipsi
3233 2158 3426 2211 animo
3466 2156 3864 2224 ﬁrmaverant,

2162 2247 2565 2300 tumularetur.
2599 2247 2836 2300 Interim
2877 2247 3264 2315 Trajectenses
3294 2262 3467 2317 quam
3508 2246 3864 2316 frequentis-

2163 2334 2293 2388 simi
2348 2344 2756 2403 convenerant,
2824 2351 3030 2405 corpus
3091 2335 3354 2389 exanime
3401 2333 3470 2371 ³⁵⁸
3531 2334 3866 2404 Trajectum

2163 2422 2536 2477 deferendum
2565 2423 2790 2477 auferre
2825 2424 3231 2476 moliebantur.
3257 2425 3338 2476 Ad
3359 2424 3479 2478 haec
3504 2423 3859 2493 peragenda,

2165 2511 2344 2565 Deum
2398 2513 2736 2582 adjutorem,
2782 2512 2839 2566 in
2890 2512 3127 2565 ecclesia
3170 2513 3323 2582 justa
3386 2512 3659 2565 feretrum
3723 2527 3859 2580 pro-

2163 2601 2344 2667 strati,
2387 2602 2520 2655 totis
2558 2601 2868 2671 gemitibus
2908 2603 3307 2672 precabantur.
3357 2602 3498 2655 Tum
3549 2600 3743 2654 subito
3794 2617 3861 2654 ex

2163 2705 2278 2743 uno
2309 2690 2483 2742 latere
2517 2690 2676 2743 collis
2709 2689 2936 2742 officina
2967 2691 3225 2759 quaedam
3252 2689 3366 2743 sive
3399 2705 3532 2742 casu
3559 2705 3657 2742 seu
3691 2689 3862 2758 jussu

2164 2778 2265 2832 Dei
2293 2777 2426 2848 igne
2457 2784 2718 2848 correpta
2743 2782 2845 2844 est,
2874 2778 3256 2848 omnibusque
3279 2778 3350 2832 ad
3381 2778 3862 2848 restinguendum

2161 2867 2354 2937 ignem
2385 2866 2857 2921 concurrentibus
2889 2873 2947 2920 et
2989 2867 3228 2920 omnino
3265 2867 3324 2920 in
3358 2883 3422 2920 ea
3453 2883 3514 2921 re
3544 2867 3861 2937 occupatis,

2164 2955 2434 3010 feretrum
2466 2956 2854 3026 Trajectenses
2902 2955 2961 3009 in
3002 2972 3116 3027 quo
3164 2972 3372 3026 corpus
3410 2956 3514 3009 viri
3559 2956 3659 3010 Dei
3703 2956 3865 3026 posi-

359 3043 508 3096 canti
543 3043 713 3095 aliam
752 3041 927 3094 vitam
968 3041 1243 3108 crederet,
1286 3041 1395 3094 nisi
1426 3058 1492 3094 ea
1537 3042 1902 3096 exiberentur
1930 3059 2053 3114 quae.
2083 3043 2125 3100 C
2163 3049 2284 3098 tum
2338 3049 2422 3097 est
2459 3045 2660 3098 leviter
2698 3045 2973 3110 levantes,
3019 3044 3087 3097 ad
3132 3044 3348 3097 flumen
3385 3060 3568 3115 usque
3617 3061 3860 3115 progre-

360 3136 524 3185 antea
559 3147 662 3184 nec
695 3127 766 3166 “7
809 3130 927 3183 visa
967 3145 1071 3183 nec
1101 3129 1295 3183 audita
1325 3129 1597 3184 fuerant?
1642 3131 1708 3186 Et
1763 3147 1891 3202 quas
1949 3148 2055 3185 ne-

359 3219 588 3273 cessitas
646 3218 773 3284 fuit,
829 3217 952 3271 istis
997 3217 1322 3272 novissimis
1357 3215 1430 3251 ¹¹³⁸
1473 3218 1829 3288 temporibus
1869 3221 2053 3274 Eccle-

359 3307 504 3362 siam
557 3307 656 3361 Dei
698 3307 874 3378 signis
915 3306 1204 3374 illustrari,
1235 3323 1364 3360 cum
1396 3307 1590 3361 nullus
1619 3307 1692 3361 sit
1721 3309 1878 3362 locus
1909 3325 2054 3380 quo-

354 3398 439 3452 vis
478 3397 760 3468 gentium,
812 3414 928 3451 non
973 3414 1159 3462 mons,
1194 3413 1311 3451 non
1353 3397 1536 3465 vallis,
1591 3413 1709 3452 non
1747 3399 1885 3452 silva
1923 3400 2052 3454 inﬁ-

357 3488 499 3553 nita,
535 3503 651 3540 non
683 3488 846 3555 palus
879 3485 1182 3547 immensa,
1218 3502 1336 3540 non
1377 3486 1566 3542 insula
1603 3487 1673 3542 ab
1721 3487 1859 3542 orbe
1890 3492 2056 3542 terrae

357 3579 580 3629 remota
620 3571 708 3638 “‘9,
772 3589 902 3644 quae
953 3589 1070 3627 non
1116 3573 1227 3627 sint
1276 3572 1347 3608 ¹⁵⁰
1403 3574 1627 3629 Domini
1683 3575 1868 3630 nostri
1925 3578 2054 3631 Jesu

359 3664 570 3719 Christi
618 3661 971 3716 confessione
1020 3663 1238 3731 repleta
1265 3660 1330 3696 1³1
1356 3663 1367 3718 ἔ
1406 3663 1499 3716 Vir
1527 3662 1626 3717 Dei
1655 3680 1903 3736 namque
1933 3665 2055 3720 ina-

358 3751 528 3806 nibus
558 3751 846 3804 favoribus
877 3751 1177 3804 hominum
1208 3751 1403 3806 extolli
1433 3752 1638 3818 noluit,
1688 3753 1788 3824 qui
1829 3770 2057 3825 semper

361 3840 511 3893 intra
543 3839 948 3892 conscientiam
980 3838 1133 3909 quod
1183 3839 1322 3893 boni
1367 3839 1485 3910 egit
1530 3840 1634 3894 soli
1686 3842 1800 3896 Deo
1838 3858 2052 3911 cogno-

361 3928 635 3982 scendum
685 3932 988 3997 contegere
1037 3927 1255 3982 studuit
1309 3926 1401 3982 “5’.
1456 3929 1521 3982 Et
1555 3929 1792 3983 fortasse
1829 3931 2052 4000 leproso

358 4015 444 4070 illi
475 4015 778 4070 infirmitas
811 4015 964 4068 utilis
997 4016 1126 4082 fuit,
1175 4021 1239 4070 ut
1268 4033 1396 4087 quze
1429 4017 1700 4082 humana
1749 4017 2051 4087 fragilitate

355 4105 553 4160 illicite
589 4105 895 4170 commisit,
941 4106 1009 4159 ad
1043 4107 1161 4159 hac
1194 4105 1451 4159 iteranda
1480 4106 1644 4160 illum
1685 4105 1947 4160 debilitas
1981 4105 2050 4142 “‘3

356 4194 611 4262 corporis
652 4193 975 4263 impediret.
1021 4196 1214 4264 Neque
1244 4195 1346 4247 ulli
1394 4195 1463 4248 de
1510 4195 1674 4247 istius
1705 4193 1813 4247 viri
1844 4197 2049 4250 sancti-

354 4287 470 4336 tate
501 4282 880 4335 dubitandum
927 4286 1031 4345 est,
1065 4299 1236 4352 quem
1277 4282 1551 4335 demones
1598 4281 1770 4336 etiam
1815 4284 2048 4338 conﬁte-

354 4371 584 4426 bantur.
619 4369 824 4423 Audivi
865 4371 1151 4440 quendam
1201 4370 1643 4440 energuminum
1675 4369 1824 4423 inter
1855 4371 2048 4426 diver-

357 4475 553 4513 sorum
583 4457 892 4511 criminum
931 4458 1344 4511 confessionem
1376 4459 1499 4511 haec
1545 4457 1717 4511 etiam
1757 4459 2048 4529 adjecisse,

356 4562 416 4600 se
474 4547 803 4616 frequenter
862 4552 1056 4600 sancto
1107 4547 1192 4602 illi
1247 4547 1512 4616 episcopo
1559 4546 1680 4599 sine
1728 4563 1896 4602 causa
1953 4549 2048 4602 de-

355 4634 615 4699 traxisse,
652 4636 828 4687 multa
858 4635 1161 4688 inhonesta
1204 4636 1272 4689 de
1317 4652 1384 4688 eo
1425 4635 1651 4699 dixisse,
1706 4651 1836 4690 cum
1884 4637 2048 4691 illum

355 4727 550 4778 sancta
581 4722 785 4792 religio
818 4724 1175 4793 implicatum
1208 4728 1462 4787 teneret;
1493 4740 1551 4776 se
1579 4729 1768 4778 autem
1790 4725 1932 4779 nihil
1965 4725 2048 4780 rei

355 4811 624 4865 adversus
662 4827 795 4865 eum
850 4811 1082 4880 habere,
1129 4811 1239 4865 nisi
1300 4813 1484 4865 solam
1535 4811 1808 4866 invidiam
1866 4814 2046 4884 ipsius

2165 3132 2489 3198 diebantur,
2540 3136 2596 3186 et
2626 3134 2876 3202 positum
2926 3133 2984 3186 in
3015 3132 3336 3185 naviculam
3367 3132 3582 3185 ﬂumen
3612 3131 3861 3185 transire

2163 3226 2478 3291 ceperunt.
2527 3222 2592 3274 Et
2629 3221 2764 3292 quia
2804 3222 3070 3276 navicula
3110 3240 3321 3294 paucos
3361 3239 3563 3294 capere
3610 3227 3858 3292 poterat,

2163 3309 2355 3363 caeteri
2386 3308 2658 3379 quamdiu
2691 3309 2898 3364 vadum
2931 3308 3002 3344 ¹δ⁵
3026 3311 3388 3380 permiserat,
3416 3310 3620 3365 deinde
3653 3315 3861 3364 natatu

2165 3397 2568 3468 sequebantur.
2599 3399 2669 3452 At
2695 3397 2753 3451 hi
2784 3398 2882 3468 qui
2919 3398 2985 3452 ad
3029 3399 3482 3453 submovendum
3506 3399 3702 3470 ignem
3727 3415 3864 3453 con—

2163 3489 2481 3553 currerant,
2509 3501 2638 3539 cum
2677 3502 2793 3539 non
2826 3487 2984 3557 prius
3014 3488 3317 3541 consilium
3348 3503 3548 3541 eorum
3591 3487 3863 3541 animad-

2163 3579 2470 3639 verterent,
2519 3575 2778 3643 quamvis
2815 3575 3216 3630 brevissimum
3257 3577 3512 3647 spacium
3554 3575 3867 3631 interesset

2163 3679 2337 3733 quam
2361 3663 2444 3716 illi
2474 3663 2794 3716 naviculam
2828 3664 2896 3718 ad
2929 3664 3084 3718 aliud
3114 3665 3250 3719 litus
3271 3665 3676 3725 subducerent,
3708 3681 3865 3720 sum-

2163 3751 2274 3822 ptis
2323 3751 2498 3805 armis
2541 3767 2745 3806 eorum
2805 3758 3010 3808 conata
3065 3754 3358 3808 advertere
3414 3754 3717 3824 parabant.
3775 3755 3864 3808 lbi

2164 3839 2465 3906 abbatissa,
2502 3841 2571 3895 de
2605 3857 2717 3912 qua
2747 3842 2970 3911 prmfati
2999 3859 3217 3909 sumus,
3265 3843 3442 3914 passis
3474 3843 3742 3896 manibus
3781 3859 3845 3895 so

2163 3930 2335 3998 loque
2390 3934 2698 3998 prostratu,
2750 3946 2821 3982 ne
2870 3930 3200 3984 recedentes
3243 3931 3706 4001 insequerentur,
3768 3931 3863 3984 vix

2161 4018 2425 4088 precibus
2473 4017 2738 4072 obtinuit.
2781 4018 2918 4082 Quis
2962 4019 3134 4072 etiam
3163 4019 3272 4072 hoc
3313 4019 3532 4072 meritis
3562 4019 3716 4073 beati
3753 4019 3862 4073 viri

2163 4122 2278 4160 non
2306 4106 2610 4171 adscribet,
2646 4112 2894 4161 armatos
2927 4107 3142 4161 furenti
3172 4108 3364 4161 animo
3393 4107 3662 4161 facillime
3690 4108 3864 4162 seda-

2162 4201 2270 4262 tos,
2306 4200 2362 4248 et
2382 4198 2650 4248 rusticam
2684 4195 3110 4250 multitudinem
3144 4199 3202 4249 in
3235 4196 3473 4250 ﬂumine
3502 4197 3865 4252 transeundo

2091 4325 2132 4379 Β
2161 4283 2493 4354 impeditam
2527 4291 2584 4338 et
2627 4285 2948 4355 periculum
2998 4289 3056 4338 et
3085 4302 3282 4339 necem
3313 4285 3600 4339 evasisse?
3647 4285 3864 4356 Sicque

2161 4372 2254 4426 isti
2295 4377 2351 4426 et
2397 4373 2480 4426 illi
2521 4389 2649 4427 cum
2690 4390 2914 4428 summa
2963 4375 3377 4444 tranquillitate
3425 4375 3671 4428 invicem
3719 4390 3861 4428 con—

2155 4461 2359 4532 juncti,
2409 4477 2537 4515 cum
2570 4463 2803 4532 psalmis
2835 4467 2892 4516 et
2917 4464 3109 4534 ymnis
3140 4462 3493 4516 levissimum
3535 4479 3682 4516 onus
3711 4463 3854 4517 Hre-

2158 4566 2300 4604 num
2333 4567 2515 4621 usque
2538 4551 2919 4621 deportantes,
2954 4551 3013 4605 in
3039 4553 3230 4606 navim
3261 4551 3332 4605 ad
3355 4552 3460 4605 hoc
3489 4551 3567 4605 ibi
3595 4557 3858 4622 paratam

2157 4639 2595 4706 constituerunt,
2655 4645 2710 4694 et
2762 4641 3081 4710 Trajectum
3129 4644 3537 4710 pervenerunt.
3591 4641 3856 4712 Cumque

2155 4726 2214 4780 in
2246 4727 2380 4781 litus
2411 4733 2812 4797 exponeretur,
2863 4744 3142 4783 concursu
3195 4729 3393 4798 populi
3425 4729 3648 4796 magnis
3693 4729 3851 4783 obla-

2153 4815 2410 4870 tionibus
2471 4815 2882 4886 honorabatur,
2945 4821 3002 4871 et
3049 4817 3312 4888 sequenti
3367 4817 3458 4872 die
3505 4816 3568 4871 in
3614 4817 3856 4872 ecclesia

1769 4937 2001 4992 VABIIE
2042 4939 2336 4994 LECTION
2347 4939 2441 4994 ES.

1353 5045 1422 5081 ¹δ⁹
1469 5048 1657 5103 rediit.

1053 5116 1122 5154 ηδ
1156 5119 1320 5187 longa
1357 5122 1405 5172 3.

424 5044 496 5080 1³⁸
542 5061 590 5098 c.
645 5062 698 5100 ο.
758 5047 818 5100 D.
878 5063 926 5100 e.
978 5047 1172 5101 desunt
1220 5051 1270 5102 3.

350 5118 419 5153 ¹δ⁴
451 5123 599 5182 sunt,
649 5134 764 5186 quo
807 5117 865 5169 in
921 5120 970 5172 3.

352 5257 425 5293 ¹⁶²
456 5258 639 5312 noluit
660 5274 800 5312 corr.
834 5258 1054 5311 studuit
1083 5275 1128 5313 c.
1163 5291 1230 5298 —
1261 5262 1322 5314 In
1353 5262 1452 5315 hac
1478 5277 1602 5316 voce
1629 5261 1833 5317 desinit
1871 5264 1924 5318 3.

344 5359 414 5370 —
443 5330 706 5383 examine
735 5331 810 5384 E.
894 5326 963 5365 ‘5‘
989 5332 1069 5383 ita
1097 5333 1163 5385 E.
1197 5347 1392 5385 vasum
1424 5335 1472 5386 l.

1741 5091 1752 5103 .
1812 5051 2067 5105 calefecit
2108 5055 2157 5107 3.

1489 5121 1555 5155 ¹⁴⁰
1609 5122 1693 5174 ita
1745 5123 1797 5175 3.
1849 5123 2218 5177 crescendum
2277 5141 2322 5178 ο.

347 5189 551 5242 arbore
583 5193 745 5240 terrae
787 5193 937 5240 mota
968 5204 1010 5242 c.
1045 5189 1114 5242 ab
1145 5190 1281 5242 orbe
1314 5194 1533 5243 remota
1588 5196 1758 5244 terra
1809 5193 1859 5245 3.
1914 5193 2052 5246 adeo
2097 5199 2314 5248 remota
2364 5195 2603 5248 Eckhart
2647 5197 2788 5249 coni.

2004 5263 2076 5298 ¹⁸³
2123 5269 2204 5320 ita
2233 5267 2290 5320 E
2327 5265 2546 5320 debitas
2591 5281 2640 5322 c.

2862 5053 2929 5088 ¹⁸¹
2986 5054 3196 5108 lectum
3262 5057 3312 5108 3.
3394 5054 3533 5093 “’43
3590 5053 3748 5110 abire
3794 5059 3849 5111 3.

2815 5123 2885 5162 “3
2939 5125 3148 5179 nostris
3206 5128 3257 5180 3.
3338 5124 3407 5160 “9
3448 5127 3531 5179 ita
3595 5131 3848 5192 corremi;

2871 5193 2941 5229 ιω
3001 5201 3135 5250 sunt
3181 5199 3231 5250 3.
3314 5193 3380 5231 ¹⁶¹
3432 5212 3492 5250 re
3543 5198 3764 5266 repleta
3795 5202 3844 5253 l.

2722 5267 2790 5303 ¹⁵⁴
2820 5269 2920 5321 ita.
2971 5281 3024 5321 c.
3075 5269 3116 5320 ἱ.
3161 5281 3206 5320 e.
3257 5267 3626 5336 processione
3676 5269 3846 5323 facta.

2241 5054 2312 5090 ¹⁴⁰
2371 5053 2675 5121 diligenter
2729 5056 2778 5109 3.

2403 5125 2469 5159 “7
2511 5141 2624 5176 non
2683 5127 2734 5179 3.

1983 5449 2206 5506 ΝΟΤᾸΞ.

418 5561 529 5633 (41)
567 5560 760 5615 Thorn
792 5560 853 5615 in
885 5559 1113 5615 sinistra
1145 5561 1330 5631 Mosae,
1373 5578 1543 5633 supra
1574 5563 1955 5619 Ruremonde.
