3956 6298
100 303 214 356 465

959 306 1044 360 DE
1085 306 1547 364 DIVERSITATE
1585 311 1966 369 TEMPORUM
2009 314 2198 369 LIBRI
2238 314 2394 370 DUO.
2435 342 2505 355 —
2544 316 2675 371 LIB.
2716 317 2784 371 II.

3516 324 3619 377 466

96 421 289 476 sancti
319 421 568 489 Martini,
602 422 700 477 ubi
730 422 855 494 ipse
900 426 1096 480 sedem
1127 428 1504 500 episcopalem
1539 432 1805 498 habebat,
1840 437 1883 491 A
1921 451 2024 505 per
2053 452 2184 490 cum
2222 437 2373 507 gulae
2401 436 2731 503 deserviret,
2754 438 2874 507 jam
2907 439 3011 493 sub
3048 440 3182 494 solis
3220 458 3481 498 occasum
3514 445 3615 498 do-

94 509 375 580 religiose
416 511 705 581 sepelitur.
743 514 875 567 Ilaec
923 513 992 567 de
1042 514 1208 569 beato
1242 518 1362 571 viro
1394 536 1521 589 quae
1558 521 1804 575 dicerem

95 597 307 665 habui,
341 614 457 651 non
489 602 552 652 ut
582 599 830 668 pleniter
858 600 926 654 de
947 600 1047 656 illo
1078 604 1270 658 omnia
1301 622 1429 675 quae
1457 607 1628 677 digne
1660 625 1807 662 com-

95 686 437 740 mendanda
466 687 761 742 memoriae
787 688 1014 743 fuerant
1044 692 1396 761 colligerem,
1442 700 1524 748 set
1554 701 1616 749 ut
1652 695 1806 750 istud

100 776 450 846 opusculum
504 776 744 830 materia
791 778 913 848 ejus
959 779 1115 847 vitae,
1160 783 1420 852 quamvis
1466 783 1807 855 insipienter

97 863 278 932 edita,
314 864 479 934 quasi
509 864 594 917 sol
625 865 954 921 illustraret.

352 989 435 1040 l7.
467 987 541 1039 De
561 986 1007 1044 obtrectatoribus
1045 990 1309 1058 Αντεῄίίἁὶ
1339 995 1593 1063 episcopi.

170 1091 269 1145 Set
298 1091 437 1145 libet
461 1092 647 1146 adhuc
679 1096 1005 1163 percontari
1040 1096 1277 1152 ubinam
1330 1117 1481 1154 nunc
1528 1106 1660 1155 sunt
1710 1102 1805 1171 qui

101 1180 283 1233 vitam
334 1180 586 1234 Ansfridi
634 1184 929 1237 venenatis
979 1185 1189 1256 linguis
1238 1204 1470 1258 carpere
1526 1191 1803 1261 solebant,

106 1268 208 1339 qui
240 1268 393 1321 fame
425 1284 483 1321 se
511 1268 698 1339 ipsum
722 1270 1007 1340 afﬂixisse,
1042 1274 1218 1346 impie
1247 1278 1804 1348 calumpniabantur.

102 1362 161 1410 et
191 1372 299 1410 nec
340 1372 614 1426 umquam
649 1359 771 1429 ejus
800 1361 1024 1415 aridum
1046 1379 1253 1434 corpus
1284 1365 1344 1419 in
1379 1372 1530 1420 tanta
1560 1369 1647 1421 sui
1677 1368 1803 1439 epi-

98 1451 368 1516 scopatns
398 1447 693 1516 opulentia
725 1450 811 1502 vel
858 1452 1084 1504 modico
1134 1454 1274 1522 cybo
1324 1456 1598 1510 refectum
1660 1474 1801 1524 esse,

98 1534 387 1605 pestiferis
421 1535 837 1591 invectionibus
863 1536 933 1572 ¹⁵⁶
964 1540 1229 1596 dicebant
1255 1544 1284 1597 ?
1314 1543 1356 1598 Ο
1385 1546 1655 1614 profanos
1685 1548 1805 1600 sola

96 1622 321 1676 ventris
368 1624 727 1693 plenitudine
777 1627 1120 1696 gloriantes!
1157 1631 1199 1683 Ο
1240 1633 1533 1686 neminem
1572 1634 1801 1689 illorum

97 1712 157 1766 in
186 1712 291 1765 tali
322 1712 511 1766 studio
565 1713 692 1767 vita:
744 1721 1080 1786 occupatum
1118 1718 1186 1755 “‘7
1219 1720 1464 1776 inveniri
1518 1740 1682 1792 posse
1715 1730 1725 1777 ι
1760 1724 1802 1779 Ο
1835 1717 1874 1768 Β

97 1800 322 1854 steriles
353 1801 537 1854 omnis
572 1801 818 1871 pietatis,
852 1806 948 1876 qui
980 1808 1190 1861 nullius
1221 1809 1277 1862 in
1312 1826 1369 1863 se
1401 1812 1629 1866 virtutis
1668 1829 1802 1866 con-

104 1890 227 1956 scii,
287 1891 495 1943 sanctis
549 1892 880 1947 hominibus
923 1897 1184 1950 invident
1231 1900 1383 1967 quod
1427 1900 1537 1970 ipsi
1577 1902 1803 1971 assequi

102 1984 403 2049 nequeunt
429 1977 441 2032 l
478 1980 615 2033 Vere
647 1981 828 2035 fateor
857 1984 1017 2037 illum
1044 1985 1290 2056 jejunio,
1320 2004 1439 2041 non
1463 1990 1631 2056 fame,
1662 1990 1805 2044 sicut

96 2069 505 2121 obtrectatores
535 2070 623 2121 sui
654 2086 757 2138 per
803 2072 1057 2126 ofﬁcinas
1106 2075 1413 2144 oblatrant,
1469 2078 1680 2147 saepius
1722 2080 1802 2132 la-

102 2157 363 2222 borasse,
392 2157 698 2228 ipsumque
733 2160 863 2213 totis
889 2162 1095 2216 animis
1126 2164 1195 2217 ad
1249 2166 1425 2219 Deum
1465 2182 1804 2220 conversum

98 2245 402 2317 pestiferos
459 2263 795 2317 syrenarum
845 2250 1039 2304 sibilos
1097 2254 1269 2307 surda
1315 2270 1452 2307 aure
1513 2255 1800 2310 transisse.

100 2335 197 2389 Set
229 2352 362 2390 cum
403 2336 596 2405 plures
628 2353 695 2391 ex
745 2338 833 2391 his
886 2340 1361 2396 obtrectatoribus
1414 2336 1674 2398 videmus
1713 2345 1805 2398 di-

106 2425 241 2479 vino
270 2424 487 2495 judicio
516 2426 689 2479 domo
719 2429 1004 2498 expulsos,
1050 2432 1288 2501 praedia,
1343 2432 1516 2501 vicos,
1564 2433 1806 2487 aediﬁcia

112 2515 332 2568 cultore
382 2514 653 2569 destituto
701 2517 981 2581 amisisse,
1040 2520 1276 2590 jamque
1336 2520 1433 2574 diu
1472 2537 1575 2592 per
1618 2522 1806 2575 aliena

110 2603 315 2656 limina
345 2604 716 2670 mendicasse,
750 2605 866 2660 sive
923 2606 1075 2661 furto
1127 2625 1227 2662 seu
1257 2608 1553 2663 latrocinio
1583 2609 1691 2664 sibi
1721 2609 1801 2663 vi-

109 2697 267 2746 ctum
296 2692 545 2762 turpiter
573 2694 892 2764 adquisisse
922 2696 1309 2765 cognovimus.

459 2800 542 2852 18.
574 2800 702 2852 Item
733 2800 799 2853 de
819 2802 1052 2868 quodam
1084 2802 1451 2856 obtrectatore.

174 2901 386 2956 Audivi
431 2902 658 2958 ﬁdelem
708 2911 969 2960 nostrum
1002 2907 1365 2975 referentem,
1416 2908 1702 2979 quendam
1736 2925 1804 2963 ex

1917 540 2079 578 mum
2122 541 2382 579 reversus
2431 525 2596 595 quasi
2637 526 2944 581 redivivam
2998 528 3241 582 esuriem
3293 532 3612 598 sedaturus,

1916 628 2096 683 usque
2147 612 2205 666 in
2255 614 2495 667 multam
2549 618 2773 667 noctem
2833 616 3157 670 convivium
3210 619 3482 687 protraxit
3521 618 3611 687 1³⁸,

1915 700 2263 771 tandemque
2295 706 2486 772 optato
2513 702 2654 771 cybo
2703 708 2941 756 onustus
2988 704 3047 757 in
3081 706 3354 759 lectulum
3403 723 3461 761 se
3503 709 3616 761 col-

1916 789 2142 857 locavit,
2194 794 2251 843 et
2301 806 2568 843 somnum
2617 790 2819 844 subitm
2871 793 3044 846 morti
3087 794 3338 848 sociavit.
3389 796 3497 858 Qui
3540 796 3611 850 ad

1915 878 2308 947 sepeliendum
2339 878 2583 947 ejicitur,
2631 886 2689 932 et
2735 881 2793 932 in
2842 897 3051 950 magno
3103 884 3404 952 sepulchro
3434 884 3613 937 intru-

1915 966 2086 1032 ditur,
2134 972 2219 1020 set
2263 970 2519 1020 ventrem
2559 968 2867 1022 admodum
2914 976 3235 1039 porrectum
3290 988 3419 1025 cum
3467 972 3611 1041 lapis

1915 1055 2180 1123 superior
2208 1054 2603 1125 superpositus
2635 1071 2966 1127 compressu
3010 1076 3111 1110 suo
3144 1060 3468 1130 stringeret,
3508 1078 3619 1130 per.

1914 1144 2070 1197 labra
2120 1143 2368 1214 sepulcri
2416 1144 2477 1198 in
2526 1144 2652 1215 giro
2686 1146 2859 1214 adeps
2907 1147 3338 1217 pinguissimus,
3386 1149 3611 1219 integra

1914 1238 2106 1288 tamen
2136 1239 2284 1300 cute,
2335 1234 2481 1303 proh
2529 1234 2750 1302 pudor!
2785 1236 3023 1288 dilfusus
3076 1241 3178 1289 est.
3231 1238 3513 1291 Nimirum
3562 1238 3609 1291 si

1915 1324 2159 1388 adesses,
2192 1322 2453 1376 faetorem
2485 1322 2633 1375 ferre
2683 1338 2793 1374 non
2836 1324 3044 1390 valens,
3096 1340 3260 1377 nares
3304 1332 3457 1378 veste
3506 1327 3606 1379 ob-

1913 1410 2195 1465 clusisses.
2225 1411 2316 1465 Set
2349 1426 2624 1480 quorsum
2665 1410 2773 1463 ista
2821 1416 2935 1464 tam
2968 1413 3147 1465 multa
3188 1413 3256 1467 de
3295 1414 3416 1482 illo,
3447 1415 3607 1484 cujus

1915 1499 2189 1552 memoria
2228 1498 2630 1568 praetereunda
2674 1497 2864 1567 potius
2916 1505 3001 1552 est
3043 1515 3215 1568 quam
3264 1517 3609 1555 commemo-

1915 1587 2137 1641 randa?
2186 1587 2331 1650 Quia
2375 1585 2629 1655 profecto
2680 1585 2857 1651 vides,
2906 1588 3175 1639 miserum
3226 1588 3388 1641 illum
3436 1589 3609 1643 fuisse

1915 1676 2232 1742 hominem,
2266 1674 2365 1744 qui
2405 1690 2508 1727 nec
2549 1673 2611 1726 in
2641 1674 2843 1727 ultima
2892 1692 2993 1727 sua
3040 1682 3205 1729 aetate
3239 1676 3497 1747 linguam
3536 1678 3605 1732 ab

1913 1762 2321 1818 obtrectatione
2371 1762 2546 1815 sancti
2605 1762 2712 1814 viri
2762 1778 3122 1833 compescere
3174 1764 3373 1818 voluit.
3433 1766 3605 1835 Cujus

1912 1853 2084 1907 etiam
2131 1852 2375 1923 gloriam
2405 1850 2462 1903 in
2512 1850 2625 1904 ﬁne
2677 1852 2878 1903 mundi
2924 1859 3352 1922 conspecturus,
3404 1853 3603 1907 dicet:

1910 1943 2027 1995 Hic
2049 1946 2147 2007 est,
2190 1956 2347 2011 quem
2387 1939 2689 2007 aliquando
2723 1940 2891 1992 habui
2919 1942 2975 1992 in
3008 1940 3192 1993 derisu
3226 1945 3275 1993 et
3305 1944 3366 1993 in
3407 1942 3605 1995 simili-

1911 2031 2099 2085 tudine
2126 2030 2461 2097 improperii.
2493 2030 2608 2095 Ego
2640 2030 2945 2081 insensatus
2994 2031 3164 2081 vitam
3202 2028 3319 2096 ejus
3357 2031 3605 2081 estima-

1913 2120 2035 2173 bam
2084 2121 2357 2172 insaniam
2402 2123 2453 2171 et
2490 2120 2645 2185 ﬁnem
2691 2116 2807 2185 ejus
2856 2118 2971 2170 sine
3017 2117 3229 2170 honore.
3279 2117 3419 2170 Ecce
3467 2132 3605 2185 quo-

1912 2208 2064 2262 modo
2113 2210 2451 2275 computatus
2495 2210 2571 2259 est
2613 2207 2756 2258 inter
2800 2206 2940 2273 ﬁlios
2984 2207 3079 2259 Dei
3117 2211 3167 2258 et
3204 2208 3346 2258 inter
3395 2210 3607 2258 sanctos

1911 2311 2025 2350 sors
2046 2297 2193 2349 illius
2236 2300 2329 2349 est.
2368 2293 2616 2347 Audiant
2647 2293 2771 2357 ista,
2821 2292 2920 2363 qui
2971 2293 3077 2345 soli
3126 2292 3339 2345 carnali
3385 2292 3605 2362 cupidi-

1913 2380 2015 2435 tati
2040 2378 2361 2433 inserviunt
2406 2386 2461 2431 et
2491 2377 2772 2431 consimili
2814 2376 3029 2431 invidia
3078 2377 3264 2429 virum
3312 2376 3411 2429 Dei
3456 2376 3601 2429 inse-

1913 2470 2255 2541 quebantur,
2315 2472 2387 2533 et,
2450 2469 2831 2536 utrorumque
2878 2467 2993 2520 ﬁne
3050 2474 3375 2536 conspecto,
3432 2481 3603 2535 quem

1911 2558 2111 2629 pocius
2150 2555 2365 2609 imitari
2397 2553 2665 2619 debeant,
2697 2554 3025 2620 exemplum
3052 2553 3332 2621 accipiant
3359 2568 3372 2618 ;
3406 2557 3461 2604 et
3491 2567 3605 2604 me-

1912 2645 2189 2699 minerint
2223 2641 2313 2709 ‘59,
2362 2644 2610 2697 alterum
2662 2657 2775 2694 non
2822 2641 2900 2694 ita
2948 2640 3171 2710 magnis
3201 2640 3407 2710 Opibus
3436 2640 3606 2693 locu-

1911 2734 2145 2805 pletem,
2188 2736 2274 2785 set
2315 2730 2521 2784 cotidie
2570 2745 2673 2799 per
2713 2730 2917 2783 domos
2961 2729 3400 2788 discurrentem.
3454 2743 3608 2781 nunc

1913 2821 2103 2887 minis,
2158 2836 2310 2873 nunc
2362 2819 2570 2871 misera
2613 2817 3063 2871 subsannatione
3111 2819 3300 2870 alvum
3354 2816 3602 2885 implen-

1910 2916 2047 2976 tem,
2071 2912 2127 2961 et
2155 2906 2383 2961 tandem
2413 2904 2589 2959 veluti
2622 2920 2794 2975 pecus
2841 2906 3099 2975 saginato
3145 2904 3413 2958 cadavere
3446 2904 3603 2955 salu-

107 2993 195 3047 his
224 2993 472 3061 miseris,
504 3010 633 3048 cum
664 2994 721 3049 in
755 2996 1009 3049 tabernis
1047 2995 1181 3049 vino
1239 3002 1485 3050 aestuans
1517 2997 1804 3051 derisisset
1836 3000 1875 3054 C
1915 3003 2031 3051 tem
2080 3011 2242 3049 suam
2286 2994 2477 3048 seculo
2518 3010 2794 3064 spemque
2837 2995 3095 3064 sepulcro
3146 2993 3408 3059 dedisse;
3462 2991 3603 3045 item

108 3086 370 3135 sanctum
399 3081 714 3149 hominem,
747 3084 815 3137 ad
864 3084 1012 3137 hanc
1059 3085 1229 3138 etiam
1275 3085 1659 3140 miserabilem
1703 3103 1801 3140 vo-

105 3188 225 3226 cem
250 3171 524 3239 erupisse,
580 3172 831 3226 animam
865 3173 1116 3227 hominis
1161 3174 1304 3227 nihil
1357 3190 1477 3228 esse
1525 3179 1582 3227 et
1625 3174 1684 3229 in
1718 3175 1804 3227 ul-

112 3259 256 3313 timo
304 3258 441 3313 ﬂatu
481 3260 542 3313 in
573 3276 740 3314 auras
787 3259 1017 3330 penitus
1069 3276 1424 3315 evanescere.
1479 3263 1541 3315 Et
1580 3261 1716 3333 quia
1745 3262 1806 3315 in

108 3348 325 3402 noticia
356 3350 533 3403 Deum
583 3346 794 3403 habere
843 3349 1046 3414 noluit,
1096 3348 1333 3419 insuper
1383 3350 1555 3404 etiam
1614 3366 1806 3404 servos

112 3431 210 3484 Dei
252 3433 510 3485 obscenis
558 3433 745 3487 verbis
799 3435 1078 3505 impetere
1126 3454 1244 3490 non
1293 3438 1508 3505 timuit,
1570 3439 1807 3493 tradidit

111 3536 241 3574 eum
281 3522 425 3575 Deus
457 3521 514 3574 in
549 3523 857 3591 reprobum
882 3540 1133 3593 sensum,
1182 3532 1246 3581 ut
1274 3527 1486 3580 faceret
1518 3531 1575 3581 et
1603 3527 1805 3597 loque-

120 3615 277 3664 retur
307 3627 372 3663 ea
420 3626 546 3681 quae
579 3627 695 3664 non
747 3613 1137 3667 convenirent.
1172 3615 1330 3669 Unde
1377 3621 1433 3668 et
1476 3615 1716 3686 contigit
1744 3619 1807 3669 ut

114 3700 266 3753 illius
299 3700 565 3770 potestati
621 3699 941 3754 traderetur
988 3702 1150 3771 cujus
1198 3702 1302 3756 ista
1351 3702 1622 3755 instinctu
1671 3717 1802 3772 age-

116 3790 228 3844 bat.
292 3792 433 3844 Nam
488 3790 682 3860 aliquo
740 3789 922 3858 spatio
970 3790 1076 3842 sibi
1131 3790 1203 3844 ad
1246 3791 1640 3861 paenitentiam
1671 3795 1805 3859 post

114 3877 265 3945 dato,
306 3895 412 3931 nec
442 3884 632 3933 tamen
662 3877 1042 3947 resipisceret,
1081 3878 1172 3932 die
1205 3880 1451 3950 quadam
1479 3878 1624 3932 sicut
1661 3894 1804 3932 sem-

1004 4162 1501 4236 EXPLICIT
1583 4162 1901 4235 LIBER
1989 4163 2051 4234 Ι.

1838 4339 1881 4392 D
1922 4352 2144 4390 servare
2173 4334 2484 4401 constituit,
2518 4350 2771 4404 sperans,
2800 4333 2847 4386 si
2877 4347 3008 4385 cum
3037 4329 3145 4383 sibi
3170 4327 3503 4399 adjunctum
3534 4325 3607 4361 “’3

329 4342 377 4392 l.
418 4341 493 4392 De
514 4339 790 4392 simultate
815 4338 1059 4393 Baldrici
1086 4342 1136 4391 et
1170 4340 1476 4393 Wicmanni
1507 4335 1595 4391 ιδο.

186 4430 497 4498 Postquam
527 4427 775 4496 praefecti
799 4426 1090 4481 Godefridi
1116 4431 1172 4480 et
1196 4426 1354 4479 [item
1377 4424 1704 4497 Wigmanni
1738 4425 1802 4460 ¹⁸¹

116 4534 206 4573 res
231 4517 290 4569 in
324 4515 590 4569 amicitiai
626 4512 697 4548 ¹⁰²
728 4514 914 4569 foedus
945 4520 1348 4581 convenerant,
1397 4530 1639 4583 eamque
1686 4529 1808 4567 rem

118 4605 373 4675 utrisque
431 4605 489 4657 in
547 4609 838 4674 posterum
890 4603 1024 4656 satis
1078 4602 1185 4656 sibi
1237 4602 1490 4672 pra-sidii
1557 4603 1809 4655 futuram

119 4693 527 4759 existimarent,
578 4692 878 4761 prtefectus
930 4691 1189 4752 moritur,
1241 4691 1477 4760 ﬁlioque
1522 4705 1625 4745 suo
1678 4706 1810 4759 pro-

120 4789 242 4853 pter
272 4780 617 4852 probitatem
657 4780 853 4850 patris,
888 4790 945 4833 et
987 4796 1271 4833 summam
1305 4780 1530 4833 consilii
1567 4779 1810 4850 diligen-

121 4872 255 4926 tiam
314 4885 428 4940 qua
478 4885 707 4938 semper
752 4868 950 4938 viguit,
1005 4870 1342 4938 praefectura
1397 4868 1659 4921 traditur.
1720 4868 1814 4921 Set

123 4959 254 5030 quia
280 4957 355 4992 ¹⁶³
387 4959 541 5011 iners
574 4964 631 5011 et
656 4958 868 5010 nullius
896 4956 1122 5009 consilii
1168 4956 1497 5026 nulliusque
1526 4970 1689 5025 paene
1711 4972 1811 5008 va-

123 5048 378 5103 litudinis
427 5052 568 5113 erat,
600 5047 871 5100 amicitiae
904 5052 1095 5100 tamen
1129 5046 1589 5111 conventionem,
1638 5061 1812 5116 quam

126 5137 273 5209 patri
315 5137 684 5190 Wicmannus
737 5134 809 5169 ‘5“
858 5138 1183 5202 devoverat,
1226 5135 1484 5188 consulto
1545 5133 1655 5204 ipsi
1685 5150 1815 5187 con-

1913 3088 2178 3152 alterum,
2223 3100 2352 3137 cum
2416 3082 2498 3136 illi
2547 3082 2732 3135 omnis
2787 3082 2924 3135 boni
2966 3082 3127 3152 copia
3172 3085 3502 3152 suppeteret
3550 3084 3606 3133 et

1914 3174 2020 3229 sibi
2051 3189 2198 3245 pene
2250 3170 2444 3226 omnia
2487 3171 2557 3225 ad
2591 3187 2725 3224 usus
2754 3186 3076 3241 pauperum
3096 3170 3469 3241 subtraheret
3492 3168 3607 3221 fru-

1914 3268 2174 3316 ctuosum
2232 3260 2488 3313 laborem
2538 3258 2724 3328 gratia
2778 3258 2880 3311 Dei
2941 3257 3217 3327 largiente
3272 3256 3343 3309 ad
3394 3256 3606 3308 calcem

1914 3366 2093 3421 usque
2123 3346 2471 3419 perduxisse.
2507 3346 2630 3411 Cui,
2674 3345 2945 3417 quamdiu
2995 3345 3156 3411 vixit,
3203 3344 3392 3396 vivere
3436 3342 3605 3396 Chri-

1915 3442 2029 3491 stus
2079 3442 2221 3505 erat,
2270 3441 2325 3489 et
2367 3435 2517 3489 mori
2546 3435 2788 3488 lucrum.
2827 3435 2939 3486 Nos
2971 3449 3103 3486 vero
3134 3432 3194 3485 in
3237 3438 3443 3485 nostra;
3473 3446 3601 3482 nar-

1913 3526 2152 3580 rationis
2179 3525 2383 3579 itinere
2423 3539 2649 3577 ammna
2696 3527 2860 3592 prata
2891 3521 3220 3591 conspicati,
3272 3536 3386 3572 non
3419 3518 3600 3572 inuti-

1913 3616 2043 3671 liter
2072 3632 2104 3669 a
2135 3615 2226 3669 via
2266 3614 2620 3680 divertimus,
2665 3618 2721 3667 et
2765 3629 2868 3683 per
2900 3613 3018 3665 loca
3054 3610 3439 3682 pulcherrima
3468 3624 3601 3662 ocu-

1914 3704 1999 3757 los
2046 3702 2531 3766 circumferentes,
2587 3700 3005 3770 aliquantulum
3056 3698 3337 3753 demorati
3383 3712 3604 3765 sumus,

1913 3796 1970 3845 et
1999 3791 2243 3845 necdum
2275 3790 2452 3843 odore
2480 3787 2944 3841 dulcissimorum
2984 3786 3188 3840 ﬂorum
3238 3784 3453 3853 saciati,
3508 3798 3607 3836 see.-

1914 3877 2043 3947 pius
2076 3881 2475 3947 respectantes,
2508 3881 2756 3944 coeptum
2788 3873 2898 3927 iter
2946 3872 3220 3942 perﬁcere
3249 3869 3601 3925 conabimur.

2132 4159 2538 4232 INCIPIT
2620 4158 2728 4229 II.

1915 4424 2167 4492 haberet,
2202 4424 2363 4477 facile
2414 4438 2470 4475 se
2521 4437 2755 4475 suorum
2806 4419 3067 4473 omnium
3110 4416 3393 4470 dominari
3421 4431 3603 4484 posse.

1919 4516 1995 4568 Ex
2044 4530 2111 4567 eo
2160 4518 2419 4582 tempore
2468 4511 2618 4564 inter
2650 4502 2839 4579 ipsum
2885 4514 2942 4562 et
2981 4506 3305 4563 Baldricum
3349 4505 3608 4558 simulta-

1916 4609 2001 4656 tes
2034 4600 2106 4637 1⁸⁵
2148 4602 2525 4655 nascebantur
2557 4600 2668 4670 (an.
2729 4600 2912 4666 10H).
2948 4598 3015 4649 Et
3061 4612 3191 4649 cum
3234 4600 3438 4648 neuter
3467 4593 3608 4647 alte-

1918 4707 2048 4745 rum
2078 4691 2183 4744 sibi
2210 4690 2563 4760 superiorem
2598 4703 2718 4741 esse
2750 4693 3060 4757 pateretur,
3096 4688 3379 4738 conventu
3416 4687 3610 4736 tamen

1919 4780 2126 4850 saepius
2158 4780 2307 4832 inter
2344 4794 2401 4831 se
2434 4778 2599 4843 facto,
2643 4781 2904 4845 suspecta
2952 4773 3204 4827 amicitia
3252 4770 3319 4806 ¹⁶⁷
3369 4771 3608 4824 uteban-

1920 4872 2032 4921 tur.
2066 4867 2161 4922 Set
2208 4882 2297 4919 res
2344 4866 2443 4919 illa
2486 4863 2719 4917 conatui
2766 4864 3087 4916 Wicmanm
3124 4861 3407 4924 obstabat,
3459 4858 3611 4928 quod

1922 4956 2164 5010 eandem
2206 4954 2425 5024 copiam
2472 4968 2742 5022 agrorum
2793 4951 2851 5005 in
2896 4950 3073 5005 Gallia
3104 4964 3276 5019 quam
3326 4947 3613 5002 Baldricus

1921 5061 2037 5099 non
2066 5044 2366 5109 habuerat,
2407 5041 2665 5112 quamvis
2694 5044 2749 5094 et
2774 5041 2895 5110 ipse
2939 5040 3080 5092 latos
3108 5038 3248 5090 ﬁnes
3288 5036 3347 5089 in
3379 5036 3611 5090 Germa-

1922 5133 2018 5185 nia
2043 5136 2279 5192 teneret,
2327 5135 2384 5183 et
2413 5129 2555 5183 nihil
2598 5144 2770 5199 quam
2804 5126 2959 5198 quod
3004 5141 3133 5179 cum
3168 5139 3339 5178 uxore
3386 5136 3615 5191 accepe-

1537 5256 1771 5310 VARI/‘8
1811 5254 2207 5310 LECTIONES.

196 5372 267 5406 ¹⁶⁶
307 5372 389 5425 bis
434 5374 705 5441 scriptum
728 5387 768 5426 c.

132 5442 443 5496 mamicize
471 5459 516 5497 c.
598 5444 666 5479 “3
720 5445 800 5498 ita
852 5459 899 5498 c.

128 5517 343 5585 sapius.

851 5370 921 5408 ¹⁶⁷
968 5376 1275 5441 ocupatum
1304 5387 1348 5425 c.

1430 5368 1501 5405 1⁵⁸
1550 5369 1829 5440 pertraxit
1858 5386 1903 5423 ο.

979 5442 1048 5479 *5“
1074 5444 1465 5496 wincmannus
1494 5444 1577 5495 ita
1622 5443 1819 5509 saepius
1862 5455 1909 5494 c.

2584 5364 2657 5400 ¹⁶⁰
2697 5362 3001 5417 wincmani
3043 5378 3088 5417 ο.

2552 5438 2619 5473 ¹⁶⁸
2668 5436 3028 5490 simultantes
3057 5449 3104 5488 c.

1983 5367 2054 5403 ¹⁵⁹
2103 5367 2411 5421 memincrt
2453 5383 2499 5419 c.

1991 5437 2060 5475 ³⁸⁵
2108 5438 2384 5510 adjunctu
2425 5453 2471 5492 ο.

3170 5360 3238 5395 ίθί
3289 5360 3537 5430 wigman
3566 5376 3613 5415 ο.

3186 5433 3254 5467 ¹⁶⁷
3287 5431 3538 5486 amiticia
3569 5448 3616 5485 c.
