3956 6300
323 323 420 376 467

1277 324 1567 381 ΑιιιΕΒΤι
1609 327 1664 380 S.
1707 324 2175 382 SYill'ilOBlANl
2221 321 2516 378 METENS.
2563 320 2866 377 MONACH.

3735 323 3845 378 468

322 450 411 502 rat
459 447 542 501 eis
572 449 826 502 Hrenum
866 449 976 520 (42)
1022 448 1292 516 haberet;
1349 449 1501 521 quod
1545 453 1740 504 tamen
1789 448 2022 503 alterius
2050 451 2090 503 Α
2131 450 2243 512 tur,
2276 444 2360 499 illi
2387 443 2488 516 qui
2517 443 2668 498 infra
2699 442 2978 514 oppidum
3009 448 3192 510 erant,
3227 444 3597 516 desperantes
3631 460 3709 498 ne
3743 444 3845 498 ob-

323 532 503 604 copiis
534 533 749 605 aquari
792 550 909 588 non
950 539 1193 604 poterat.
1243 535 1399 588 Unde
1447 534 1787 605 quibusdam
1836 534 2015 589 Cisre-

324 622 488 676 nanis
543 623 928 677 familiaritate
990 624 1062 678 ad
1114 640 1172 677 se
1230 623 1448 684 vinctis,
1509 623 1590 677 eis
1640 622 1779 694 quid
1812 623 1901 677 sui
1943 622 2017 677 sit

324 711 547 765 consilii
567 712 838 783 proponit
866 712 996 780 (43).

323 804 375 853 2.
412 799 492 854 De
548 801 763 854 castello
820 801 1130 854 Wicmanm'
1182 798 1252 833 ¹⁶⁸
1299 815 1331 853 a
1379 800 1630 855 Baldrico
1682 805 2012 870 expugnato,

802 895 850 942 et
879 889 944 942 de
962 891 1168 942 Munna
1200 888 1268 924 ¹⁶⁹
1302 890 1531 942 munita.

397 977 494 1031 Est
538 981 806 1047 stagnum
852 978 1124 1048 palustrae
1177 994 1208 1030 a
1275 977 1426 1031 Mosa
1474 977 1711 1032 ﬂumine
1761 977 2019 1032 ducentis

329 1064 590 1136 passibus
623 1066 858 1132 distans,
891 1066 1040 1119 infra
1078 1065 1232 1136 quod
1276 1071 1397 1119 erat
1430 1066 1591 1120 collis
1619 1067 1875 1136 exiguus,
1918 1067 2021 1120 dif-

327 1155 492 1210 ﬁcilis
541 1155 694 1210 aditu
742 1186 810 1195 —
851 1171 984 1208 nam
1039 1154 1150 1208 nisi
1196 1155 1326 1208 navi
1375 1160 1611 1224 propter
1657 1153 2018 1208 altitudinem

327 1245 513 1316 stagni
567 1248 625 1296 et
679 1240 1117 1311 impeditionem
1171 1241 1395 1311 paludis
1453 1258 1818 1313 nequaquam
1875 1242 2020 1298 adiri

327 1336 550 1405 poterat
589 1361 678 1396 —,
712 1329 965 1383 studenti
1007 1329 1168 1383 novis
1224 1330 1394 1384 rebus
1426 1331 1723 1385 castellum
1771 1329 2018 1384 efficien-

326 1424 462 1478 dum
498 1419 881 1493 promittebat.
923 1421 1086 1474 Hunc
1115 1419 1299 1472 locum
1323 1435 1425 1489 per
1459 1419 1674 1473 amicos
1705 1419 2018 1489 cognitum,

327 1510 572 1565 advectis
623 1508 862 1562 navibus
893 1507 1053 1562 adiit.
1089 1509 1210 1571 Quo
1257 1509 1569 1578 explorato,
1623 1508 1894 1578 extimplo
1925 1524 2018 1560 co-

329 1600 450 1670 egit
480 1613 748 1668 magnam
779 1595 848 1630 ¹⁷⁰
881 1595 1312 1650 multitudinem
1344 1602 1719 1664 armatorum,
1771 1603 1828 1650 et
1855 1596 2024 1650 rusti-

328 1689 408 1742 cis
437 1687 692 1756 undique
726 1684 991 1747 evocatis,
1025 1689 1082 1739 et
1111 1685 1261 1738 fossa
1307 1685 1369 1739 in
1398 1686 1639 1740 circuitu
1692 1687 1858 1748 facta,
1901 1685 2019 1740 edi-

329 1778 536 1832 tiorem
563 1773 872 1829 admodum
911 1771 1058 1826 fecit.
1103 1773 1283 1836 Quem
1341 1773 1487 1827 vallo
1539 1773 1933 1839 circumdedit,
1967 1779 2024 1830 et

330 1865 585 1920 turribus
626 1860 892 1930 evocatis,
926 1861 1304 1916 munitionem
1341 1862 1476 1916 satis
1507 1863 1734 1916 firmam
1763 1862 2018 1933 perfecit.

335 1948 474 2002 Dein
506 1945 766 2000 ﬁnitimis
797 1961 911 1999 non
943 1944 1064 2000 sine
1096 1946 1420 2016 arrogantia
1439 1947 1743 2016 imperare,
1777 1953 1841 2002 ut
1868 1964 2021 2002 com-

332 2040 552 2091 meatus
581 2035 652 2088 ad
685 2033 960 2105 oppidum
988 2040 1376 2105 apportarent.
1417 2037 1688 2092 Custodes
1718 2036 1890 2107 ipsos,
1925 2037 2025 2108 qui

333 2125 387 2180 ei
418 2123 726 2178 consilium
756 2123 1052 2190 dederant,
1089 2124 1396 2178 munitioni
1438 2125 1695 2195 adponit.
1731 2127 1911 2191 Quem
1936 2127 2024 2180 lo-

333 2229 465 2267 cum
505 2213 564 2266 in
605 2211 893 2282 reliquum
927 2216 1153 2282 tempus
1193 2213 1262 2266 ad
1311 2213 1681 2284 optinendam
1731 2216 2027 2285 praefectu-

336 2317 480 2368 ram,
513 2305 570 2354 et
597 2299 920 2354 Baldricum
965 2300 1013 2352 si
1059 2300 1198 2371 quid
1247 2307 1550 2355 conaretur
1579 2303 1797 2357 facilius
1841 2304 2025 2374 repri-

335 2390 631 2457 mendum,
667 2388 804 2443 satis
832 2387 1106 2443 idoneum
1134 2389 1514 2444 existimabat.
1565 2391 1687 2455 Qua
1718 2409 1777 2445 re
1809 2393 2025 2459 audita,

339 2478 627 2533 Baldricns
674 2478 1045 2532 vehementer
1069 2479 1458 2549 perturbatur,
1499 2481 1732 2551 suisque
1786 2481 2029 2536 fortunis

337 2566 736 2622 difﬁcillimam
814 2566 1075 2633 credidit,
1158 2573 1216 2621 et
1279 2567 1391 2621 nisi
1450 2568 1536 2622 his
1592 2570 2029 2624 adversitatibus

337 2672 563 2710 summa
604 2671 753 2713 cura.
771 2671 885 2708 non
926 2655 1292 2726 prospiceret,
1329 2658 1642 2711 maximum
1689 2675 1805 2713 suae
1837 2659 2027 2730 digni-

337 2745 468 2798 tatis
503 2745 783 2798 honorem
827 2759 886 2796 se
925 2743 1274 2798 amissurum
1322 2761 1435 2798 non
1466 2745 1781 2801 dubitabat.
1829 2749 2029 2818 Itaque

339 2832 656 2887 convocatis
701 2831 1000 2885 clientibus
1045 2832 1182 2898 suis,
1231 2849 1476 2902 quorum
1509 2850 1783 2904 maguum
1829 2852 2030 2890 nume-

339 2936 469 2974 rum
510 2919 777 2985 habebat,
809 2926 866 2973 et
896 2919 1097 2989 legatis
1144 2921 1590 2992 circumquaque
1623 2922 1829 2990 missis,
1864 2924 2029 2978 Laut-

341 3007 571 3062 bertum
598 3008 688 3073 1'“,
723 3008 883 3076 cujus
913 3023 1088 3076 supra
1116 3009 1474 3062 mentionem
1507 3009 1764 3076 fecimus,
1799 3013 1856 3063 et
1893 3012 2032 3065 Ger-
2065 3013 2104 3066 C

343 3097 607 3163 hardum,
641 3096 805 3166 cujus
831 3094 1105 3166 singulari
1131 3096 1382 3150 amicitia
1417 3113 1552 3151 usus
1581 3103 1685 3167 est,
1714 3104 1770 3152 et
1800 3105 2035 3154 caeteros

345 3185 555 3240 amicos
599 3184 660 3237 iu
690 3199 872 3238 unum
908 3183 1108 3255 coegit,
1141 3184 1393 3256 ipsisque
1438 3188 1834 3256 praesentibus,
1868 3190 2032 3260 quid-

345 3289 476 3327 nam
530 3277 727 3326 contra
779 3287 836 3325 se
894 3277 1215 3343 pararetur,
1274 3273 1527 3344 exponit.
1590 3274 1655 3328 Et
1712 3292 1880 3330 causa
1935 3294 2031 3332 co—

345 3361 505 3434 gnita
533 3362 621 3428 ‘7’,
655 3377 778 3414 sese
808 3361 867 3415 in
897 3377 1023 3415 eam
1055 3366 1277 3431 partem
1324 3363 1544 3416 futuros
1573 3379 1746 3434 quam
1776 3364 1872 3419 ille
1901 3383 2035 3421 con-

347 3449 640 3518 stituisset,
685 3449 970 3503 dixerunt.
1021 3449 1239 3513 Quibus
1293 3467 1422 3504 cum
1466 3451 1769 3522 magniﬁce
1825 3455 2037 3524 gratias

348 3538 574 3607 egisset,
607 3538 747 3608 ipsis
779 3537 1144 3592 hortantibus
1174 3543 1345 3609 atque
1378 3539 1762 3609 cupientibus,
1807 3542 1879 3596 ad
1910 3559 2036 3598 mu-

345 3626 626 3680 nitionem
686 3626 919 3679 accessit
975 3627 1070 3694 “3,
1123 3643 1386 3698 eamque,
1442 3627 1502 3682 iu
1554 3635 1833 3700 quantum
1893 3631 2037 3686 situs

345 3713 574 3783 paludis
604 3713 884 3782 permisit,
916 3713 1155 3768 obsedit.
1195 3715 1334 3769 Nam
1365 3720 1569 3770 natura
1601 3717 1710 3772 loci
1747 3723 1934 3773 totum
1967 3716 2034 3757 1⁷*

346 3801 794 3865 circumvallare,
847 3800 978 3854 sinu
1017 3802 1198 3872 stagni
1230 3803 1457 3873 longius
1490 3811 1772 3874 porrecto,
1809 3823 1926 3860 non
1958 3807 2031 3860 si-

345 3888 536 3944 nebat.
571 3889 855 3959 Oppidani
879 3905 1008 3943 vero
1029 3889 1167 3944 certi
1186 3891 1338 3961 quod
1371 3892 1548 3946 telum
1575 3893 1634 3947 in
1662 3899 1819 3949 tanto
1849 3896 2033 3966 spatio

346 3973 415 4028 ad
445 3989 503 4026 se
557 3973 707 4042 adigi
751 3989 939 4044 neque
996 3973 1209 4028 remitti
1265 3981 1473 4043 posset,
1535 3978 1682 4032 vallo
1739 3984 1864 4033 tuto
1913 3997 2034 4033 sese

343 4061 711 4116 continebant
741 4067 798 4116 et
839 4068 1104 4116 eventum
1153 4063 1235 4117 rei
1286 4066 1676 4134 expectabant.
1721 4071 1793 4121 At
1841 4069 2032 4122 hostes

343 4151 578 4222 experti,
615 4149 768 4222 quod
807 4149 867 4204 in
912 4151 1082 4204 nullis
1131 4151 1367 4207 omnino
1410 4153 1550 4208 locis
1591 4156 1737 4210 vado
1789 4156 2032 4210 transire

341 4244 592 4310 possent,
637 4243 868 4310 pontem
903 4239 1087 4293 facere
1133 4239 1457 4295 instituunt.
1513 4243 1607 4296 Set
1659 4259 1789 4297 cum
1843 4244 1941 4298 diu
1972 4245 2031 4300 iu

341 4327 448 4381 hoc
477 4343 646 4398 opere
675 4327 1021 4391 insisterent,
1057 4333 1112 4381 et
1156 4329 1420 4383 effectum
1453 4331 1672 4385 nullum
1703 4331 1868 4386 labor
1895 4350 2030 4404 ope-

341 4415 591 4469 rantium
624 4416 1315 4485 propterinmensitatem
1375 4435 1538 4489 aquae
1597 4419 1731 4473 dare
1784 4425 2028 4490 poterat,

340 4503 566 4572 incepto
619 4503 962 4558 destiterunt
1007 4502 1091 4558 “5.
1159 4506 1414 4576 Denique
1474 4506 1728 4560 adductis
1757 4510 2033 4564 onerariis

341 4589 600 4656 navibus,
638 4589 963 4659 adjungnnt
1000 4589 1272 4644 animalia
1316 4595 1372 4644 et
1408 4591 1469 4645 in
1508 4597 1774 4663 stagnum
1808 4596 2032 4650 trahere

340 4681 566 4748 parant,
599 4681 663 4730 ut
711 4694 884 4748 super
922 4693 1092 4732 naves
1123 4679 1404 4733 machinis
1449 4681 1744 4735 exstructis
1793 4682 1862 4737 ad
1903 4700 2030 4738 mu-

345 4765 622 4819 nitionem
655 4766 1185 4836 adpropinquarent
1211 4772 1266 4820 et
1295 4783 1553 4838 pugnam
1583 4770 2027 4826 committerent.

339 4856 598 4925 Cumque
627 4870 755 4907 cum
809 4856 1006 4925 plures
1057 4854 1178 4909 dies
1209 4855 1268 4909 iu
1320 4855 1410 4910 his
1437 4857 1706 4928 operibus
1735 4874 2028 4913 versaren-

2124 533 2376 588 sessione
2423 550 2455 585 a
2512 549 2615 585 suo
2665 532 2899 586 domino
2934 531 3336 598 liberarentur,
3369 539 3426 587 et
3457 532 3735 587 timentes
3768 550 3843 587 ne

2125 622 2257 676 victi
2317 619 2720 675 inclementius
2778 624 3133 686 tenerentur,
3186 621 3425 692 jamque
3483 620 3594 674 illis
3651 620 3848 674 victus

2123 709 2363 763 deﬁcere
2393 707 2674 778 coepisset,
2708 708 2926 777 legatos
2964 707 3032 761 de
3066 707 3356 762 deditione
3389 707 3460 762 ad
3499 707 3844 777 'Baldricum

2128 796 2424 851 miserunt.
2462 795 2714 866 Cognitis
2741 811 2945 850 eorum
2977 796 3298 866 postulatis,
3347 801 3407 850 ut
3447 796 3843 850 munitionem

2127 884 2311 956 ipsam
2342 901 2518 956 quam
2547 885 2796 938 fecerant
2851 883 2968 937 suis
3001 884 3270 939 manibus
3300 885 3411 954 ipsi
3459 885 3850 938 incenderent

2128 979 2300 1044 atque
2332 973 2693 1028 destruerent
2738 973 2932 1044 jussit.
2980 973 3141 1036 Quod
3189 978 3252 1027 ut
3293 973 3505 1028 factum
3544 978 3650 1040 est,
3683 974 3846 1027 illa:-

2128 1079 2218 1116 sos
2273 1078 2402 1115 cum
2457 1060 2574 1115 suis
2628 1059 2896 1115 omnibus
2958 1061 3114 1116 abire
3166 1061 3451 1131 permisit.
3511 1062 3604 1117 His
3660 1062 3845 1116 rebus

2129 1151 2418 1216 confectis,
2469 1165 2598 1203 cum
2656 1148 2804 1202 vires
2837 1148 3088 1203 hostium
3139 1149 3504 1204 Wicmanuus
3545 1149 3843 1204 sustinere

2129 1238 2434 1305 difﬁderet,
2497 1238 2750 1291 Hrenum
2793 1237 2938 1290 clam
2983 1237 3287 1301 transiens,
3324 1237 3596 1292 Munuam
3628 1239 3840 1292 castel-

2130 1327 2249 1380 lum
2281 1341 2485 1396 aggere
2516 1331 2572 1379 et
2601 1325 2858 1380 turribus
2883 1324 3097 1379 edicius
3127 1325 3350 1391 extulit,
3386 1331 3442 1380 et
3476 1326 3612 1396 quia
3657 1342 3846 1397 supra

2131 1418 2388 1468 montem
2435 1417 2556 1467 erat
2603 1414 2878 1482 positum,
2915 1419 3032 1467 tam
3060 1413 3225 1468 facile
3279 1414 3416 1468 illud
3449 1413 3716 1481 munivit,
3780 1420 3846 1468 ut

2132 1502 2242 1556 nisi
2270 1501 2562 1556 obsidione
2592 1501 2911 1573 expugnari
2955 1518 3068 1556 non
3115 1501 3384 1572 potuerit.
3446 1503 3644 1556 Hostes
3697 1519 3843 1556 vero

2134 1591 2284 1644 vicos
2310 1596 2367 1646 et
2395 1589 2582 1644 vicina
2622 1591 2748 1644 loca
2789 1591 3005 1645 crebris
3045 1590 3491 1658 incursionibus,
3526 1607 3598 1644 ne
3631 1593 3846 1645 castel-

2138 1685 2281 1739 lanis
2310 1685 2438 1740 usui
2491 1686 2700 1754 forent,
2746 1685 2965 1756 rapinis
3007 1690 3063 1740 et
3093 1686 3432 1756 plerumque
3463 1686 3613 1740 caede
3646 1691 3841 1739 vasta-

2137 1780 2292 1828 runt.
2350 1773 2671 1844 Adjuvabat
2723 1774 2896 1828 etiam
2957 1790 3048 1829 res
3112 1774 3373 1840 Baldrici,
3437 1775 3592 1844 quod
3645 1774 3842 1828 adhuc

2133 1861 2316 1932 gratia
2347 1859 2716 1930 imperatoris
2748 1862 2927 1916 multa
2961 1861 3223 1916 utebatur
3257 1859 3349 1924 ‘76,
3385 1867 3440 1915 et
3478 1861 3841 1915 Coloniensis

2133 1948 2441 2004 sacerdotis
2494 1954 2551 2003 et
2583 1949 2780 2004 domui
2829 1949 3127 2005 Adelboldi
3159 1949 3430 2020 episcopi,
3488 1951 3589 2020 qui
3620 1949 3840 2004 celebri

2133 2039 2285 2092 fama
2315 2036 2575 2092 omnium
2605 2042 2817 2092 nostrae
2846 2037 3030 2092 astatis
3059 2037 3514 2108 sapientissimus
3543 2043 3599 2092 et
3626 2037 3842 2094 Laciali

2133 2126 2333 2198 lingua
2365 2128 2534 2196 longe
2563 2126 3008 2181 facundissimus
3038 2133 3098 2181 et
3125 2127 3362 2181 maximi
3392 2127 3478 2181 vir
3497 2127 3719 2198 ingenii
3753 2135 3845 2181 est

2132 2215 2363 2271 habitus
2400 2257 2416 2283 ,
2473 2215 2688 2269 auxilia
2741 2215 2848 2270 sibi
2903 2214 3156 2271 adscivit.
3217 2216 3539 2270 Gel-bardus
3601 2233 3843 2288 quoque

2135 2301 2505 2368 Moselleusis,
2536 2307 2594 2357 et
2625 2303 2984 2370 Lantbertus,
3018 2304 3089 2358 de
3129 2304 3338 2376 quibus
3384 2321 3555 2376 supra
3585 2306 3841 2359 mentio-

2135 2407 2265 2446 nem
2321 2391 2578 2459 fecimus,
2631 2407 3023 2463 quascumque
3080 2393 3417 2448 acerbitates
3470 2399 3528 2447 et
3581 2395 3844 2464 pericula

2135 2495 2266 2533 cum
2297 2496 2365 2533 eo
2397 2495 2456 2532 se
2493 2480 2708 2533 laturos
2741 2479 3027 2535 dixerunt.
3076 2481 3143 2537 [li
3175 2480 3332 2534 enim
3362 2481 3475 2536 duo
3506 2497 3738 2552 semper
3769 2484 3842 2536 ad

2137 2583 2336 2621 omnes
2379 2571 2570 2621 motus
2614 2572 2672 2621 et
2701 2567 3399 2635 seditionesjcoucitandas
3429 2573 3594 2623 erant
3621 2570 3838 2639 parati.

2209 2658 2258 2708 3.
2302 2658 2375 2710 De
2402 2656 2611 2724 Aspota
2637 2655 2755 2726 (44)
2785 2656 2854 2710 ab
2883 2656 3161 2710 Adelbodo
3182 2659 3426 2726 episcopo
3455 2658 3690 2712 obsessa.

2213 2744 2343 2798 Post
2375 2745 2497 2798 haec
2547 2760 2718 2798 causa
2767 2745 2972 2813 extitit,
3016 2761 3138 2816 qua
3189 2745 3432 2800 domnus
3483 2747 3842 2801 Adelboldus

2135 2832 2508 2902 Trajectensis
2535 2833 2798 2887 sacerdos
2826 2837 3011 2887 castra
3053 2833 3412 2904 imperatoris
3446 2835 3606 2900 adiit,
3641 2840 3701 2889 et
3749 2835 3842 2890 his

2137 2924 2376 2990 propter
2403 2937 2531 2992 qua:
2570 2927 2804 2974 venerat
2833 2922 3098 2990 peractis,
3145 2923 3275 2976 navi
3308 2938 3408 2993 per
3441 2923 3692 2977 Hreuum
3747 2940 3838 2978 re-

2142 3016 2402 3079 portatus
2431 3014 2532 3064 est.
2565 3009 2704 3081 Equi
2737 3026 2868 3064 vero
2907 3011 3031 3081 ejus
3085 3027 3188 3082 per
3217 3011 3402 3081 ripam
3436 3011 3691 3080 ejusdem
3723 3015 3840 3067 ilu-

2143 3097 2314 3151 minis
2336 3099 2503 3168 juxta
2532 3100 2802 3169 Aspolam
2825 3099 2989 3152 asuis
3010 3101 3378 3154 reducuntur.
3411 3099 3564 3164 Quos
3601 3101 3839 3157 clientes

2144 3186 2467 3254 Godizouis,
2526 3193 2831 3258 propterea
2861 3188 3014 3258 quod
3073 3187 3342 3242 favebant
3382 3187 3640 3259 partibus
3700 3190 3842 3244 Wic-

2144 3275 2363 3345 manui,
2415 3276 2840 3348 interceperant
2890 3283 3062 3348 atque
3111 3277 3262 3331 inter
3315 3293 3373 3330 se
3404 3277 3844 3334 distribuerant-

2144 3364 2264 3429 Qua
2311 3365 2381 3419 de
2432 3381 2493 3419 re
2536 3365 2832 3436 episcopus
2884 3366 3204 3420 necessario
3256 3371 3599 3431 commotus,
3663 3373 3722 3422 et
3750 3368 3879 3433 his_

2142 3451 2370 3521 injuriis
2397 3469 2567 3522 quam
2599 3452 2767 3506 citius
2797 3454 3287 3524 medericupiens,
3321 3453 3590 3507 omnibus
3619 3455 3738 3508 suis
3772 3455 3840 3491 '77

2143 3540 2322 3609 copiis
2354 3557 2483 3594 cum
2519 3541 2771 3595 Baldrico
2801 3543 3049 3607 adscitis,
3101 3543 3171 3596 de
3226 3542 3538 3612 improviso
3581 3544 3839 3611 veniens,

2144 3631 2412 3699 Aspolam
2465 3646 2532 3683 ex
2589 3646 2704 3683 una
2759 3636 2919 3701 parte
2976 3632 3219 3685 obsedit.
3258 3633 3396 3685 Nam
3441 3647 3511 3685 ex
3541 3633 3721 3686 altera
3746 3649 3842 3703 pa-

2143 3717 2276 3772 lude
2335 3723 2390 3772 et
2434 3723 2632 3789 stagno
2663 3718 2964 3790 interjecto
3019 3719 3425 3774 inaccessibilis
3471 3725 3615 3774 erat.
3666 3721 3836 3775 Cum-

2144 3822 2254 3877 que
2285 3807 2506 3876 aliquot
2537 3807 2737 3861 diebus
2785 3808 2991 3862 acriter
3047 3809 3117 3863 ab
3153 3809 3409 3879 utrisque
3458 3815 3836 3878 pugnaretur,

2143 3900 2198 3949 et
2224 3895 2418 3949 omnia
2451 3896 2637 3950 studio
2695 3897 3067 3967 obpuguaudi
3123 3899 3546 3968 experirentur,
3603 3906 3839 3970 propter

2143 3980 2470 4038 ﬁrmitatem
2504 3984 2614 4038 loci
2645 3990 2700 4039 et
2727 3985 3092 4040 altitudinem
3141 3986 3392 4040 turrium
3425 3987 3570 4041 nihil
3601 3989 3841 4057 proﬁce-

2141 4088 2203 4125 re
2258 4077 2542 4142 poterant.
2601 4073 2695 4127 Set
2750 4090 2880 4127 cum
2928 4073 3139 4127 frustra
3188 4074 3444 4128 laborem
3496 4091 3554 4128 se
3607 4091 3838 4130 sumere

2139 4160 2420 4226 viderent,
2456 4165 2512 4214 et
2558 4178 2686 4232 spes
2733 4162 3035 4232 prociuudi
3089 4161 3247 4232 opidi
3301 4179 3332 4216 a
3391 4180 3449 4216 se
3501 4163 3837 4231 discederet,

2144 4248 2314 4302 simul
2345 4248 2517 4302 etiam
2565 4249 2700 4319 quia
2747 4250 3043 4304 dicebatur
3074 4249 3164 4316 ‘78,
3197 4251 3390 4304 hostes
3422 4267 3550 4304 cum
3583 4253 3836 4307 exercitu

2143 4335 2496 4402 adventasse,
2556 4336 2984 4407 obpugnatione
3043 4337 3407 4404 destiterunt,
3476 4343 3532 4393 et
3589 4339 3648 4392 in
3706 4357 3837 4395 suas

2141 4424 2302 4478 sedes
2354 4441 2411 4478 se
2443 4432 2798 4495 receperunt.
2837 4427 3146 4497 Episcopus
3187 4443 3320 4480 vero
3369 4428 3456 4481 his
3506 4428 3576 4481 de
3627 4429 3831 4495 causis,

2142 4512 2295 4583 quod
2350 4518 2480 4566 ante
2534 4513 2892 4568 obsidionem
2943 4514 3161 4569 castelli
3210 4515 3422 4569 Godizo
3455 4516 3525 4569 ad
3556 4533 3614 4569 se
3655 4517 3711 4569 iu
3743 4534 3832 4587 pe-

2141 4599 2311 4654 tenda
2339 4615 2478 4670 pace
2506 4600 2722 4672 legatos
2765 4603 3016 4670 miserat,
3054 4607 3108 4656 et
3137 4603 3208 4656 de
3247 4603 3475 4672 injuriis
3515 4621 3546 4656 a
3583 4605 3698 4658 suis
3728 4606 3836 4660 sibi

2139 4687 2332 4741 inlatis
2361 4689 2630 4743 omnibus
2661 4691 2982 4744 rationibus
3015 4690 3440 4745 satisfacturum
3469 4692 3829 4759 promiserat,

2139 4775 2400 4845 quamvis
2431 4777 2591 4830 illum
2626 4778 2756 4831 dolo
2793 4778 2949 4850 loqui
3003 4779 3408 4849 suspicaretur,
3459 4786 3516 4834 et
3555 4780 3685 4835 ideo
3716 4783 3834 4836 uul-

2138 4862 2252 4916 lam
2287 4863 2672 4918 conditionem
2723 4867 2881 4936 pacis
2931 4865 3066 4920 dare
3099 4867 3391 4935 voluisset,
3424 4873 3480 4922 et
3534 4883 3699 4922 suum
3728 4869 3830 4923 do-

1748 4967 1980 5022 VARIAS
2019 4969 2412 5047 LECTIONES.

412 5077 943 5160 ’63“\\’All\'Cltl_.:\NNl
1001 5093 1069 5160 (ξε.
1115 5075 1197 5160 _“'9
1243 5094 1348 5132 eoa:
1395 5078 1540 5160 deest
1596 5083 1776 5160 spatio
1826 5083 2034 5160 relicto.
2117 5082 2184 5118 ¹τ⁰
2236 5101 2445 5154 magna
2499 5083 2704 5160 c.__u"“_
2755 5087 3126 5160 lauttbertum
3187 5106 3265 5160 οη
3317 5091 3382 5123 ¹⁷²
3438 5088 3726 5160 incognita
3781 5096 3825 5146 t.

335 5147 562 5217 cognita
593 5152 650 5202 2.

336 5219 604 5272 utebatur
630 5235 674 5272 c.
713 5217 777 5253 ’⁷⁷
811 5219 891 5272 bis
918 5221 1180 5288 scriptum
1212 5223 1259 5272 t.
1295 5217 1362 5255 ¹⁷⁸
1392 5219 1732 5274 dicebautur
1765 5225 1813 5276 1.

739 5147 806 5184 1⁷⁵
864 5147 1156 5202 acceditt.
1209 5149 1443 5203 accessit
1499 5154 1550 5203 2.
1624 5147 1702 5187 "7‘
1759 5156 1981 5205 tantum
2040 5169 2178 5208 corr.
2213 5147 2398 5209 totum
2425 5173 2470 5210 ο.
2553 5155 2620 5192 ¹⁷³
2675 5157 3058 5212 destituerunt
3100 5176 3145 5213 θ.
3228 5159 3298 5195 ¹⁷⁶
3351 5147 3666 5215 utebantur
3693 5177 3824 5216 corr.

1974 5328 2195 5383 NOTAS.

426 5446 515 5510 42)
545 5445 606 5498 In
641 5445 872 5499 sinistra
905 5445 1108 5500 Rheni.

426 5517 513 5579 43)
545 5515 672 5570 Scil.
705 5517 1086 5569 Wicmanuus.

2211 5454 2317 5523 (44)
2345 5458 2428 5507 Au
2463 5455 2611 5525 Spei,
2645 5455 2713 5508 ad
2745 5457 3099 5510 confluentes
3135 5457 3316 5512 Rheni
3348 5463 3403 5512 et
3435 5457 3689 5529 Lippize?
