3956 6300
148 304 251 355 469

978 306 1067 361 DE
1110 305 1572 365 DIVERSITATE
1616 312 2000 368 TESIPOBUM
2050 315 2232 368 LIBRI
2282 315 2435 370 IlUU.
2484 346 2524 353 —
2582 318 2705 370 LIB.
2745 317 2818 371 II.

3543 320 3648 373 470

148 430 330 483 lorem
359 430 482 501 jam
506 430 640 485 satis
684 429 975 500 expiatum
1015 448 1136 486 esse
1164 433 1535 504 populatione
1578 452 1851 505 agrorum
1881 441 1922 491 Α
1964 437 2306 509 digniorem.
2342 439 2668 493 Muneribus
2707 456 2937 510 quoque
2972 439 3195 506 dandis,
3225 441 3373 507 auri,
3405 443 3647 513 argenti,

145 524 204 573 et
235 518 513 581 vicorum,
548 524 604 573 et
632 519 827 573 hostes
849 520 970 590 jam
1003 520 1077 574 ad
1121 523 1425 577 sanitatem
1456 524 1664 577 reverti
1690 525 1848 579 arbi-

148 612 420 673 traretur,
462 608 531 661 ab
566 608 672 662 hac
719 610 967 679 procella
1011 609 1307 664 seditionis
1354 628 1411 665 se
1440 613 1743 681 subtraxit,
1793 620 1851 668 et

148 712 325 766 quem
377 695 587 750 exitum
657 712 745 750 res
810 702 959 752 esset
1010 697 1275 752 habitura
1329 699 1562 753 interim
1622 702 1849 773 quietus

147 788 446 854 expectare
496 784 685 854 coepit.
743 785 999 840 Baldrico
1049 790 1240 841 tamen
1285 788 1543 843 studium
1576 806 1744 844 suum
1794 797 1850 845 et

151 872 430 927 auxilium
455 890 683 944 semper
714 874 994 940 praestitit.

230 962 284 1017 4.
322 966 395 1018 De
422 980 553 1033 pace
582 966 724 1017 inter
748 964 1062 1019 Baldricum
1091 969 1142 1020 et
1182 967 1562 1022 Wicmannum
1589 971 1762 1035 facta.

221 1052 430 1105 Munna
459 1056 740 1106 exstructa
788 1057 845 1106 et
886 1054 1133 1119 ﬁrmata,
1170 1054 1534 1109 Wicmannus
1579 1056 1848 1110 audacius

150 1140 413 1194 resistere
463 1145 517 1194 et
558 1157 719 1211 spem
750 1142 867 1195 suis
918 1158 1149 1213 augere,
1194 1144 1535 1215 plerumque
1588 1145 1848 1199 hostibus

150 1227 497 1297 improvisus
524 1228 830 1283 adveniens
860 1246 959 1283 eos
985 1230 1043 1282 in
1076 1230 1270 1300 fugam
1301 1232 1558 1302 conjecit.
1593 1232 1689 1286 Set
1717 1250 1846 1286 cum

150 1316 249 1369 diu
281 1315 599 1371 inimicitia:
646 1317 795 1371 inter
838 1335 935 1372 eos
982 1324 1404 1385 exercerentur,
1454 1325 1508 1373 et
1540 1321 1844 1375 homicidia

150 1403 373 1467 tierent,
418 1409 472 1457 et
502 1403 725 1458 insidiae
768 1404 838 1459 ab
892 1405 1149 1475 utrisque
1181 1413 1555 1476 ponerentur,
1597 1413 1651 1462 et
1700 1408 1845 1462 invi-

150 1508 272 1546 cem
332 1494 478 1545 alter
534 1494 605 1546 ab
665 1493 840 1546 altero
892 1494 1209 1564 fugaretur,
1260 1496 1489 1549 tandem
1542 1497 1769 1567 utrique
1816 1516 1849 1551 ιι

152 1596 284 1650 rege
320 1581 380 1633 in
411 1587 593 1634 castra
624 1587 757 1635 sunt
785 1582 989 1638 vocati.
1026 1583 1092 1635 Et
1138 1599 1267 1636 cum
1300 1583 1400 1637 diu
1432 1601 1617 1647 causa:
1647 1602 1845 1638 eorum

148 1669 588 1739 discuterentur,
639 1675 695 1723 et
726 1687 821 1724 rex
855 1671 976 1724 sine
1010 1672 1324 1726 otfensione
1356 1675 1668 1727 multorum
1705 1690 1845 1727 neu-

146 1763 300 1812 trum
330 1758 760 1813 familiariorem
786 1759 845 1813 in
867 1761 1287 1815 reconciliando
1309 1759 1379 1795 ¹⁷⁹
1404 1762 1612 1816 habere
1636 1767 1844 1832 posset,

146 1847 297 1900 inter
343 1864 401 1901 se
452 1847 609 1917 regia
653 1852 930 1917 potestate
979 1865 1178 1919 pacem
1232 1849 1443 1903 habere
1486 1851 1674 1921 jussit.
1725 1851 1847 1915 Qua

146 1941 503 1990 sacramento
551 1936 796 2004 firmata,
845 1937 1247 1990 discesserunt.
1300 1937 1667 1992 Wicmannus
1715 1956 1845 1992 cum

152 2039 272 2077 rem
303 2022 364 2076 in
394 2024 846 2078 commodiorem
878 2029 1084 2078 statum
1109 2026 1438 2079 collocatam
1471 2026 1842 2092 existimaret,

151 2118 207 2167 et
254 2112 397 2167 nihil
431 2114 567 2167 mali
618 2102 822 2167 dehinc
875 2114 1280 2184 suspicaretur,
1334 2120 1397 2169 ut
1435 2120 1602 2186 rupto
1634 2118 1846 2171 fcedere

150 2202 340 2272 aliqua
372 2202 577 2256 seditio
614 2219 813 2257 rursus
841 2204 1106 2265 oriretur,
1142 2204 1417 2258 orationis
1448 2221 1613 2259 causa
1646 2206 1847 2259 limina

150 2291 329 2344 sancti
370 2291 524 2345 Petri
582 2291 736 2345 adire
784 2293 1042 2361 parabat,
1094 2297 1150 2347 et
1187 2295 1528 2363 comparatis
1580 2294 1667 2348 his
1717 2312 1846 2365 quae

149 2379 256 2432 sibi
314 2379 374 2433 in
428 2378 634 2433 itinere
695 2380 1011 2434 necessaria
1066 2386 1246 2448 erant,
1308 2384 1591 2452 profectus
1642 2388 1727 2437 est
1776 2384 1844 2438 ad

154 2466 387 2522 Urbem.
428 2467 492 2521 In
524 2484 591 2521 eo
632 2468 837 2523 itinere
864 2470 999 2523 dum
1034 2475 1198 2537 esset,
1240 2487 1381 2525 uxor
1414 2472 1655 2526 Baldrici
1683 2473 1844 2543 quie-

146 2556 219 2609 tis
248 2555 303 2609 in
313 2555 544 2625 paciens
590 2563 646 2611 et
686 2574 913 2629 semper
955 2575 1136 2630 prona
1165 2559 1233 2613 ad
1266 2576 1353 2614 res
1384 2572 1560 2614 novas
1592 2561 1846 2615 excitan—

150 2644 268 2711 das,
298 2644 405 2698 hac
437 2644 693 2699 oratione
725 2646 1049 2716 interpellat
1078 2648 1350 2701 maritum
1384 2665 1397 2702 ε

500 2735 550 2786 5.
585 2734 772 2789 Oratio
801 2735 988 2789 Adelae
1016 2738 1203 2790 uxoris
1233 2737 1495 2791 Baldrici.

223 2842 251 2870 «
279 2821 559 2876 Saxonem
590 2822 761 2876 istum
806 2822 865 2876 in
907 2828 1065 2877 tanta
1098 2824 1529 2895 propinquitate
1568 2824 1843 2879 aedificio-

147 2925 275 2962 rum
327 2909 578 2964 vicinum
634 2916 894 2965 nostrum
944 2912 1059 2982 pati
1094 2928 1211 2966 non
1260 2929 1533 2983 possum;
1586 2918 1643 2968 et
1672 2930 1845 2984 quem

1960 528 2230 598 preciosas
2264 529 2448 594 vestis,
2489 546 2605 582 non
2653 529 2833 582 deerit
2866 528 2963 581 tibi
3008 529 3208 598 c0pia;
3258 530 3651 586 incunctanter

1959 616 2151 669 omnia
2182 617 2451 671 tribuam.
2492 640 2511 665 ι
2563 620 2870 671 Persuadet
2918 617 3081 671 facile
3122 617 3348 687 cupido,
3384 624 3442 671 et
3492 636 3650 673 more

1958 704 2256 758 hominum
2308 706 2407 776 qui
2456 706 2772 760 honoribus
2820 705 3037 776 expleri
3086 705 3367 771 nesdunt,
3417 707 3653 778 suscipit

1960 793 2275 863 negotium,
2324 808 2439 846 non
2492 794 2675 847 solum
2718 795 2791 847 ad
2841 810 2959 849 suae
3005 794 3304 848 familiaris
3353 795 3435 848 rei
3484 795 3652 849 dam-

1960 897 2121 949 num,
2164 882 2259 935 sed
2299 882 2469 936 etiam
2502 883 2568 936 ad
2620 888 2955 953 perpetuam
3005 884 3234 937 ruinam
3284 901 3402 937 sua:
3433 884 3647 937 salutis.

1958 970 2025 1023 Et
2054 969 2310 1040 quamvis
2360 987 2559 1040 graves
2603 988 2787 1024 causae
2820 971 3035 1025 irarum
3066 972 3216 1025 inter
3254 988 3351 1025 eos
3394 976 3649 1025 anteces-

1959 1058 2184 1126 sissent,
2214 1064 2407 1113 tamen
2438 1060 2561 1114 haec
2590 1059 2769 1113 fomes
2801 1066 2856 1113 et
2901 1060 3128 1114 initium
3178 1061 3473 1130 utriusque
3506 1060 3649 1114 exti-

1958 1148 2028 1202 tit
2056 1146 2249 1214 exitii;
2294 1152 2350 1203 et
2378 1147 2524 1202 sicut
2579 1148 2842 1203 Iliezabel
2892 1150 3106 1215 Achab,
3138 1149 3217 1202 ita
3256 1154 3313 1203 et
3363 1149 3471 1202 ista
3498 1149 3652 1203 hunc

1957 1236 2028 1290 ad
2060 1235 2276 1306 ﬂagitia
2321 1252 2546 1306 semper
2589 1236 2910 1304 concitavit,
2969 1236 3109 1290 dans
3155 1236 3206 1288 ei
3237 1236 3473 1289 consilia
3522 1234 3651 1305 qui-

1958 1325 2064 1378 bus
2106 1324 2177 1378 ad
2208 1324 2518 1395 perniciem
2553 1341 2715 1379 suam
2769 1329 3041 1391 uteretur,
3087 1325 3267 1379 donec
3312 1324 3649 1378 abhomina-

1958 1412 2088 1466 bilis
2116 1418 2173 1467 et
2201 1413 2427 1467 odiosus
2460 1413 2728 1467 omnibus
2762 1414 2944 1467 fieret.

2274 1507 2325 1555 6.
2360 1503 2438 1555 De
2464 1504 2791 1571 praefectura
2821 1502 3071 1556 Baldrico
3101 1501 3326 1554 tradita.

2027 1591 2229 1645 Parata
2261 1590 2629 1660 profectione,
2683 1590 2837 1643 venit
2876 1589 2944 1643 ad
2993 1604 3208 1658 regem,
3242 1606 3271 1641 a
3306 1604 3420 1658 quo
3465 1590 3523 1640 et
3551 1587 3645 1640 be-

1959 1678 2133 1749 nigne
2182 1678 2518 1749 suscipitur;
2569 1678 2774 1731 oblatis
2806 1678 2892 1731 his
2937 1694 3066 1747 quae
3115 1676 3401 1738 attulerat,
3453 1692 3650 1729 causas

1958 1766 2236 1821 adventus
2267 1767 2355 1820 sui
2397 1767 2650 1837 exponit,
2684 1771 2739 1820 et
2784 1781 2976 1835 regem
3007 1765 3077 1819 ad
3112 1766 3462 1818 voluntatem
3513 1778 3650 1817 sen-

1957 1854 2149 1909 tentias
2178 1872 2295 1909 suae
2349 1856 2629 1926 perduxit.
2674 1854 2931 1925 Denique
2980 1853 3188 1907 tradita
3235 1858 3319 1907 est
3349 1852 3401 1906 ei
3448 1851 3651 1923 praefe-

1956 1950 2136 2009 ctura,
2183 1950 2240 1997 et
2267 1960 2340 1997 ne
2371 1943 2441 1997 ob
2472 1943 2580 1997 hoc
2627 1942 2817 1996 civiles
2849 1941 3259 2009 dissensiones,
3308 1939 3460 1993 unde
3490 1955 3651 1992 arma

1957 2032 2189 2086 excitari
2232 2036 2483 2103 possent,
2519 2036 2845 2098 nascantur,
2891 2045 3253 2100 summopere
3282 2027 3648 2082 interdictum

1957 2124 2058 2173 est.
2093 2119 2200 2183 Qui
2248 2135 2377 2172 mox
2411 2124 2475 2173 ut
2517 2119 2685 2173 rediit
2731 2118 2965 2187 Ganipaa
3013 2117 3122 2188 (45)
3163 2116 3648 2169 municiunculam

1957 2207 2209 2276 praefecti
2255 2206 2565 2278 propinqui
2612 2207 2699 2259 sui
2728 2204 3042 2275 occupavit,
3086 2211 3144 2257 et
3172 2220 3275 2275 per
3303 2219 3529 2257 servum
3557 2204 3646 2257 fu-

1956 2295 2220 2364 gitivum,
2267 2294 2367 2365 qui
2397 2311 2454 2348 se
2493 2295 2613 2364 jam
2659 2294 2879 2365 pridem
2930 2293 3018 2347 his
3066 2293 3167 2363 qui
3212 2294 3274 2346 in
3312 2291 3457 2346 turri
3490 2294 3650 2344 erant

1958 2384 2258 2437 devoverat
2290 2387 2346 2437 et
2394 2382 2647 2436 studium
2692 2399 2860 2436 suum
2890 2381 3249 2452 promiserat,
3296 2380 3428 2434 dolo
3474 2379 3651 2433 intro-

1956 2471 2160 2526 ductus
2210 2475 2311 2539 est,
2360 2476 2416 2525 et
2448 2488 2544 2525 eos
2596 2488 2738 2543 quos
2792 2470 3152 2542 propinquus
3190 2485 3325 2522 suus
3368 2468 3437 2522 ad
3482 2472 3648 2521 tuen-

1956 2560 2089 2615 dam
2118 2560 2324 2613 turrim
2371 2559 2682 2630 reliquerat
2725 2559 2963 2629 expulit,
3009 2556 3389 2629 praesidiaque
3438 2571 3540 2608 sua
3567 2553 3646 2607 ibi

1955 2649 2133 2721 ponit.

1956 2744 2007 2792 7.
2048 2739 2130 2792 De
2156 2737 2586 2792 reconciliatione
2622 2734 2914 2790 Adelboldi
2940 2736 3180 2803 episc0pi
3217 2738 3267 2787 et
3315 2733 3643 2788 Wicmanm'.

2029 2826 2132 2881 Ubi
2162 2826 2222 2879 in
2268 2826 2474 2895 vulgus
2516 2823 2715 2895 populi
2763 2823 2976 2876 elatum
3032 2827 3135 2887 est,
3188 2820 3509 2875 Baldricum
3555 2836 3647 2872 re-

1957 2932 2086 2986 gem
2145 2914 2348 2980 adisse,
2408 2914 2807 2984 pra>fecturam
2864 2912 2971 2966 sibi
3033 2927 3354 2981 usurpasse,
3415 2909 3647 2979 Ganipte

146 3014 347 3068 parem
377 2996 477 3051 tibi
510 3014 630 3052 esse
677 2998 825 3053 ferre
857 3016 970 3052 non
1000 3001 1181 3065 valeo,
1231 3001 1278 3053 si
1309 3001 1667 3072 superiorem
1706 3018 1841 3056 con-
1876 2997 1916 3051 C
1954 3004 2158 3059 turrim
2204 3002 2500 3069 invasisse,
2534 3007 2693 3055 tanta
2736 3001 2923 3054 subito
2970 3001 3229 3055 omnium
3272 2998 3645 3053 commutatio

147 3102 405 3157 spexero,
453 3086 641 3141 vivere
676 3088 828 3143 nolo.
864 3087 1105 3143 Proinde
1154 3106 1365 3158 quaeso,
1399 3094 1559 3144 utere
1592 3090 1843 3144 consiliis

147 3177 311 3242 meis,
346 3182 403 3230 et
433 3177 603 3231 verba
645 3193 792 3243 mea,
827 3178 1045 3231 caeteris
1090 3179 1239 3231 curis
1279 3178 1625 3249 postpositis,
1661 3179 1843 3232 menti

144 3271 260 3319 tuae
293 3265 572 3333 reconde;
608 3282 672 3319 ex
716 3267 823 3320 hoc
870 3266 1025 3321 enim
1082 3267 1604 3321 fortunatissimum
1634 3273 1689 3320 te
1720 3267 1841 3321 fore

146 3352 358 3408 licebit.
432 3355 565 3408 Ecce
633 3354 737 3407 iste
806 3354 985 3409 hostis
1052 3360 1273 3423 noster,
1339 3356 1535 3409 videns
1575 3361 1841 3427 nepotem

80 3430 83 3431 ν
147 3447 313 3495 tuum
341 3459 459 3495 esse
505 3442 626 3496 sine
658 3443 894 3498 scientia
940 3445 1112 3498 ullius
1158 3444 1401 3509 consilii,
1434 3445 1589 3498 falsis
1636 3445 1841 3498 adula-

146 3530 402 3585 tionibus
430 3531 489 3584 iu
522 3532 641 3585 dies
670 3532 907 3591 deludit,
937 3538 993 3587 et
1025 3533 1364 3604 dignitatem
1395 3549 1554 3586 suam
1579 3538 1632 3586 te
1664 3532 1841 3586 invito

140 3620 267 3690 jam
306 3619 526 3674 invasit.
583 3620 837 3691 Denique
884 3621 980 3676 ille
1028 3621 1265 3674 stolidus
1321 3621 1625 3688 existimat,
1676 3622 1839 3675 illum

147 3724 281 3761 vera
310 3707 586 3762 afﬁnitate
626 3709 955 3775 adductum,
1004 3709 1223 3763 sincere
1270 3708 1388 3762 suis
1417 3709 1587 3762 rebus
1630 3711 1838 3775 favere,

149 3802 206 3851 et
233 3813 346 3850 non
378 3799 567 3866 potius
597 3798 669 3851 ob
698 3798 825 3865 hoc,
859 3802 922 3851 ut
950 3798 1111 3851 illum
1142 3798 1200 3851 in
1230 3798 1490 3868 proximo
1516 3798 1841 3868 principatu

149 3884 377 3956 dejiciat
408 3890 463 3939 et
489 3885 609 3957 ipse
639 3887 827 3940 locum
861 3888 983 3957 ejus
1015 3886 1192 3940 nimia
1221 3903 1322 3940 sua
1361 3886 1669 3941 calliditate
1696 3887 1839 3940 arri-

147 3974 286 4045 piat.
314 3975 380 4028 Et
407 3974 497 4028 cui
530 3975 770 4029 dubium
802 3980 900 4039 est,
937 3976 1101 4029 illum
1125 3977 1244 4045 jam
1278 3975 1504 4046 pridem
1536 3976 1839 4030 adversum

147 4068 203 4117 te
235 4079 407 4133 prava
460 4062 698 4116 moliri?
743 4064 953 4134 Egone,
1000 4063 1047 4117 si
1100 4064 1185 4116 vir
1231 4080 1434 4127 essem,
1487 4079 1619 4117 eum
1662 4064 1723 4117 in
1754 4064 1841 4117 his

148 4151 484 4222 regionibus
541 4152 853 4207 consistere
900 4153 1198 4207 sinerem?
1253 4155 1318 4207 Et
1371 4153 1419 4207 si
1471 4170 1647 4221 nunc,
1705 4170 1841 4223 pace

1952 3094 2101 3147 facta
2162 3097 2264 3151 est.
2328 3098 2390 3145 ut
2447 3097 2665 3144 mentes
2726 3106 2839 3143 non
2888 3090 3073 3143 solum
3141 3088 3516 3143 finitimorum
3563 3089 3650 3139 set

1955 3181 2129 3235 etiam
2183 3180 2634 3235 domesticorum
2695 3179 2764 3233 ab
2798 3195 2865 3231 eo
2924 3179 2983 3231 in
3055 3183 3281 3232 tantum
3322 3181 3646 3230 averteren-

1953 3276 2048 3324 tur
2103 3269 2193 3336 ¹⁸²,
2226 3275 2292 3324 ut
2320 3269 2486 3340 pauci
2537 3268 2745 3339 reliqui
2794 3273 2985 3321 essent
3033 3266 3131 3337 qui
3167 3267 3291 3337 ejus
3338 3265 3485 3318 facta
3531 3279 3646 3315 non

1954 3360 2373 3414 detestarentur
2431 3359 2520 3411 ‘33.
2577 3359 2730 3411 Inter
2777 3358 2942 3427 Alpes
2997 3355 3328 3409 Wicmanno
3382 3351 3646 3406 redeunti

1952 3463 2042 3500 res
2098 3452 2257 3516 gesta
2313 3446 2632 3510 nuntiatur,
2694 3460 3019 3514 magnaque
3074 3459 3210 3497 cura
3265 3439 3643 3505 afliciebatur,

1952 3536 2107 3606 quod
2138 3534 2456 3588 remedium
2510 3534 2641 3587 huic
2682 3532 3046 3586 incommodo
3096 3529 3388 3600 repperire
3430 3531 3641 3598 posset.

1954 3626 2093 3679 Nam
2120 3624 2347 3694 publice
2391 3622 2563 3677 armis
2608 3638 2729 3675 rem
2759 3621 3032 3691 incipere,
3066 3627 3250 3674 metus
3279 3614 3641 3689 imperatoris

1951 3711 2331 3782 prohibebat;
2368 3711 2518 3764 unde
2562 3710 2633 3764 ab
2661 3708 2841 3762 animi
2888 3709 3097 3763 virtute
3140 3706 3442 3761 consilium
3475 3710 3532 3759 et
3557 3721 3641 3758 ra-

1949 3802 2166 3855 tionem
2221 3800 2586 3871 quaerendam
2654 3815 2774 3852 esse
2824 3799 3040 3854 statuit.
3102 3796 3260 3852 Talia
3317 3793 3643 3850 sollicitanti

1949 3907 2042 3945 res
2071 3888 2520 3961 oportunissima
2559 3888 2630 3942 ad
2676 3888 3020 3957 capiendum
3069 3886 3367 3940 consilium
3417 3884 3637 3939 accidit.

1949 3980 2225 4034 Audierat
2282 3995 2528 4049 namque
2577 3994 2807 4032 omnem
2855 3978 3128 4047 populum
3180 3981 3375 4029 contra
3423 3972 3640 4029 Baldri-

1952 4084 2081 4121 cum
2141 4082 2531 4121 murmurasse
2583 4071 2639 4120 et
2695 4065 2962 4119 omnibus
3012 4065 3277 4134 precibus
3329 4063 3455 4133 ejus
3500 4062 3644 4116 facta

1953 4155 2257 4221 detestari;
2286 4154 2416 4209 ideo
2458 4154 2708 4224 primum
2735 4154 2794 4206 in
2826 4153 2912 4206 his
2943 4151 3353 4206 elaborandum
3392 4166 3512 4203 esse
3540 4149 3643 4203 de-

148 4242 316 4307 facta,
342 4241 493 4311 justa
542 4241 763 4295 occasio
798 4242 955 4295 nulla
995 4240 1317 4309 intercedit,
1366 4258 1480 4313 qua
1514 4239 1584 4275 ¹³⁰
1612 4258 1740 4295 cum
1772 4258 1839 4295 eo
1874 4278 1917 4331 Β
1955 4242 2149 4307 crevit,
2182 4247 2245 4295 ut
2274 4241 2447 4296 etiam
2491 4241 2703 4295 auxilia
2732 4241 2984 4310 episcopi
3015 4239 3211 4294 domni
3245 4236 3541 4293 Adelboldi
3573 4236 3643 4290 ab

149 4330 341 4399 palam
374 4330 714 4384 contendere
764 4330 966 4400 possis,
1014 4331 1121 4385 hoc
1168 4330 1356 4384 saltim
1398 4330 1566 4384 facito
1601 4347 1613 4384 ε
1645 4346 1842 4400 regem

147 4418 328 4486 adito,
361 4422 417 4471 et
442 4418 859 4488 prmfecturam,
910 4435 1039 4490 qua:
1063 4418 1278 4489 justius
1322 4435 1393 4473 ex
1422 4419 1572 4472 linea
1602 4434 1843 4472 consan-

149 4506 449 4579 guinitatis
479 4513 537 4560 et
564 4507 832 4578 prosapia
862 4508 1147 4577 majorum
1178 4513 1408 4562 tuorum
1439 4506 1544 4561 tibi
1574 4506 1846 4576 obtingit,

146 4596 456 4666 postulato.
507 4596 565 4651 Si
594 4600 831 4667 propter
859 4597 969 4650 hoc
1015 4596 1219 4667 aliquis
1265 4596 1544 4649 tumultus
1582 4596 1653 4649 ab
1683 4596 1844 4649 hoste

149 4685 449 4740 adversum
500 4690 555 4738 te
603 4684 1002 4751 concitabitur,
1053 4685 1175 4755 ipse
1214 4684 1318 4738 tibi
1367 4685 1527 4755 prius
1564 4684 1842 4754 peccabit,

148 4779 327 4845 tuque
354 4778 710 4827 sacramento
747 4774 1051 4828 adstrictus
1081 4791 1199 4828 non
1226 4774 1533 4828 teneberis.
1565 4773 1711 4838 Quid
1744 4774 1847 4828 tibi

152 4862 424 4918 obsistit?
456 4862 601 4927 Quid
648 4863 941 4932 impedit?
971 4862 1340 4934 Amplissima
1378 4862 1606 4931 domus,
1638 4862 1841 4916 latissi-

154 4968 247 5006 ma
292 4950 527 5022 praedia.
588 4951 797 5005 milites
829 4950 1124 5006 numerosi
1170 4951 1319 5005 vires
1365 4950 1473 5005 tibi
1513 4956 1568 5004 et
1596 4951 1847 5005 favorem

154 5040 481 5095 adtribuent
535 5039 627 5107 ¹⁸¹,
678 5040 969 5094 neminem
1016 5056 1189 5111 quam
1222 5045 1278 5094 te
1326 5040 1432 5093 hoc
1469 5040 1689 5093 honore
1731 5056 1850 5093 esse

1956 4346 2022 4383 eo
2053 4330 2397 4393 detraheret,
2449 4335 2507 4383 et
2535 4346 2695 4399 spem
2740 4329 2811 4381 ad
2856 4328 3019 4382 illum
3051 4344 3109 4381 se
3147 4325 3461 4397 recipiendi
3488 4326 3644 4380 ulte-

1954 4417 2074 4472 rius
2116 4434 2232 4471 non
2284 4416 2540 4482 haberet,
2593 4414 2901 4470 amicitiam
2956 4415 3079 4484 ejus
3125 4414 3234 4467 sibi
3285 4414 3642 4485 adjungeret,

1954 4508 2078 4577 ejus
2126 4506 2461 4560 auctoritate
2509 4510 2565 4557 et
2611 4504 2865 4558 subsidio
2911 4504 3131 4558 hostem
3181 4504 3249 4558 ab
3280 4503 3508 4575 incepto
3554 4504 3648 4558 de-

1954 4595 2155 4649 terreri
2207 4610 2368 4665 posse
2434 4593 2791 4647 existimavit.
2848 4593 2944 4648 Set
2995 4593 3129 4665 quia
3186 4593 3441 4647 nondum
3492 4592 3646 4647 bono

1955 4684 2147 4739 animo
2192 4683 2253 4737 in
2282 4683 2473 4753 ipsum
2503 4698 2569 4737 ex
2608 4682 2698 4736 his
2744 4682 2972 4753 injuriis
3015 4699 3159 4754 quas
3187 4682 3395 4739 Godizo
3439 4681 3523 4736 illi
3558 4681 3646 4735 in-

1956 4773 2175 4828 ferebat
2228 4772 2545 4837 videbatur,
2604 4771 2857 4843 primum
2912 4788 3016 4843 per
3075 4772 3293 4842 legatos
3353 4771 3647 4826 hominem

1959 4867 2239 4933 temptare
2286 4860 2589 4931 disposuit.
2642 4861 2900 4931 Cumque
2934 4859 3157 4914 aditum
3191 4860 3251 4913 in
3299 4852 3422 4930 ejus
3451 4860 3647 4914 amici-

1956 4951 2098 5006 tiam
2145 4954 2338 5020 patere
2389 4948 2764 5020 cognovisset,
2824 4964 2891 5002 eo
2944 4948 3098 5019 quod
3147 4948 3404 5002 Baldrico
3453 4963 3520 5001 ex
3562 4947 3649 5001 bis

1958 5040 2131 5093 rebus
2178 5039 2248 5092 de
2304 5037 2517 5109 quibus
2574 5053 2747 5108 supra
2796 5036 3249 5091 demonstratum
3300 5040 3384 5090 est
3434 5035 3650 5090 amicus

1559 5162 1790 5217 VARIAS
1842 5161 2133 5217 LECTION
2146 5161 2240 5217 ES.

228 5267 295 5304 "9
322 5268 634 5324 reciliando
664 5286 709 5324 c.

157 5345 416 5395 tarentur
442 5357 484 5394 c.

789 5268 859 5304 ’⁸ο
884 5286 1059 5341 quam
1088 5286 1134 5325 ο.

1216 5269 1282 5304 ¹⁸¹
1336 5269 1671 5325 adtribuunt
1728 5286 1866 5323 corr.
1917 5268 2247 5324 adtribuent
2303 5284 2349 5322 c.

2432 5266 2501 5302 ι⁸²
2541 5271 2935 5323 everterentur
2977 5283 3023 5322 ο.
3104 5266 3175 5301 ¹⁸³
3207 5270 3291 5322 ita
3342 5266 3509 5321 Eckh.
3556 5266 3650 5321 de-

1799 5428 2022 5482 NOTAE.

235 5529 339 5600 (45)
364 5531 621 5600 Gennep,
651 5530 721 5584 ad
747 5533 1136 5584 continentem
1176 5530 1383 5583 Niersae
1410 5537 1465 5583 et
1501 5530 1685 5595 Mosae,
1723 5529 1779 5582 in
1812 5546 1961 5599 pago
1994 5529 2439 5581 Ilattuariorum.
