3956 6332
255 285 352 346 471
1214 279 1514 335 ALPERTI
1552 281 1606 334 S.
1639 275 2115 334 SYMPllORIANI
2145 272 2450 330 METENS.
2496 271 2796 328 MONACH.

3660 268 3766 320 5172

258 421 378 460 non
406 407 530 458 erat
579 401 668 471 13",
699 402 856 457 venit
884 403 954 458 ad
1003 417 1156 467 eum,
1189 405 1400 455 etcum
1457 399 1527 434 ³⁸³
1560 401 1629 454 de
1677 400 1766 454 his
1800 399 1954 470 inju-
1985 399 2030 451 A
2067 397 2244 452 latere
2293 397 2416 468 ejus
2463 395 2752 450 discedere
2800 394 3054 449 auderet.
3103 393 3160 448 Si
3198 396 3484 466 praecepta
3531 408 3770 465 quoque

261 493 430 548 stitiis
473 475 546 527 1“
595 509 723 563 quas
773 492 1075 562 episcopus
1123 495 1356 560 questus
1402 487 1472 523 ¹⁸⁷
1521 494 1606 543 est
1652 505 1684 542 a
1734 505 1790 542 se
1833 493 1888 542 et
1926 504 1958 540 a

262 583 380 636 suis
432 581 630 634 amicis
670 580 777 633 sibi
830 579 1043 642 inlatis,
1095 579 1556 632 satisfaciendum
1605 577 1663 630 in
1709 581 1958 648 potesta-

263 651 380 726 tem
411 670 535 738 ejus
566 669 928 739 promitteret
970 665 1063 734 ηδ,
1107 684 1210 737 pro
1257 667 1530 736 temporis
1573 666 1960 734 oportunitate

265 759 438 813 ﬁdem
471 763 527 811 et
575 756 882 811 amicitiam
916 757 1064 809 inter
1110 771 1171 808 se
1201 759 1533 808 sanxerunt.
1576 754 1844 818 Quamvis
1892 754 1962 807 de

266 846 654 903 conventione
717 845 948 900 illorum
1015 843 1302 897 Baldricus
1361 858 1566 913 parum
1615 847 1962 908 moveretur,

266 942 462 990 tamen
508 939 787 1005 potestate
837 932 1090 1002 episcopi
1122 931 1182 984 in
1228 931 1367 984 locis
1410 931 1509 1001 qui
1541 931 1612 985 ad
1656 931 1964 1000 praefectu—

269 1042 392 1080 ram
445 1023 808 1095 pertinebant
850 1022 946 1090 jus
977 1021 1165 1074 dicere
1219 1018 1544 1090 prohibitus
1589 1025 1691 1073 est.
1747 1019 1966 1090 Episco-

270 1131 378 1186 pus
423 1112 619 1166 videns
666 1111 992 1164 adcrescere
1041 1107 1423 1163 dissensiones
1472 1113 1528 1161 et
1566 1107 1627 1160 in
1670 1106 1791 1160 dies
1843 1106 1966 1158 lites

272 1200 489 1272 augeri,
537 1204 799 1252 metuens
831 1214 902 1250 ne
951 1196 1277 1249 temeritate
1323 1210 1520 1248 eorum
1554 1195 1714 1265 plebs
1744 1193 1969 1246 labere-

271 1295 383 1357 tur,
417 1293 475 1343 et
522 1303 757 1357 sperans
799 1285 1214 1339 controversias
1255 1299 1357 1336 sua
1403 1283 1734 1336 auctoritate
1781 1280 1966 1335 minui

270 1394 459 1448 posse,
523 1375 677 1430 diem
743 1374 1032 1444 colloquio
1100 1371 1398 1426 constituit
1449 1387 1660 1442 eosque
1712 1370 1780 1425 ad
1819 1370 1968 1425 hanc

271 1466 466 1520 venire
490 1465 639 1520 fecit.

613 1555 663 1607 8.
701 1553 782 1605 De
810 1552 1087 1606 sententiis
1119 1552 1259 1602 inter
1288 1564 1372 1603 eos
1400 1549 1631 1602 collatis.

2065 485 2431 556 imperatoris
2462 483 2672 537 servari
2703 483 2998 552 deberent,
3031 483 3158 549 hoc,
3206 483 3360 554 quod
3394 481 3501 536 sibi
3529 481 3772 552 propria

2068 590 2240 627 manu
2275 573 2523 637 dederat,
2560 571 2840 642 injustum
2887 586 3005 624 esse
3037 571 3105 624 ab
3137 570 3255 624 ullo
3288 570 3574 624 interdici.
3605 569 3774 633 Quod

2070 679 2201 716 vero
2249 661 2482 728 diceret,
2534 676 2603 714 ex
2641 659 2920 714 afﬁnitate
2966 659 3209 729 injurias
3241 659 3362 729 ejus
3407 675 3524 712 non
3573 658 3771 727 negle—

2070 757 2315 819 cturum,
2363 766 2421 803 se
2469 749 2656 819 ipsum
2709 749 2792 802 illi
2827 747 3162 818 propiorem
3208 764 3328 801 esse
3361 747 3772 816 consanguini-

2068 844 2202 902 tate,
2263 838 2363 909 qui
2419 839 2684 892 avunculi
2735 836 2912 906 ipsius
2973 837 3240 890 existeret
3297 836 3468 902 ﬁlius,
3528 842 3586 890 et
3638 836 3773 889 ideo

2070 928 2230 982 illam
2257 925 2596 995 dignitatem
2630 942 2699 979 ex
2725 931 2884 996 parte
2919 926 3202 996 majorum
3248 925 3354 995 ipsi
3379 926 3591 996 justius
3624 941 3772 995 prie-

2071 1022 2159 1071 ter
2207 1020 2476 1086 nepotem
2535 1031 2710 1085 quam
2763 1015 2928 1068 alteri
2971 1014 3256 1068 obvenire.
3308 1014 3472 1079 Quod
3529 1030 3664 1067 vero
3711 1029 3772 1066 se

2074 1105 2279 1160 dixerit
2331 1105 2398 1158 ad
2455 1103 2582 1157 lites
2634 1103 2909 1157 sedandas
2955 1103 3322 1174 interponere
3367 1103 3530 1168 velle,
3584 1103 3772 1155 nemi-

2075 1210 2205 1248 nem
2234 1210 2407 1266 quam
2440 1209 2497 1246 se
2545 1193 2734 1260 ipsum
2764 1193 2823 1246 in
2855 1193 3146 1247 communi
3177 1193 3356 1246 salute
3401 1191 3612 1244 civium
3639 1206 3774 1244 con-

2074 1283 2313 1337 sulenda
2368 1281 2804 1345 studiosiorem;
2866 1281 3254 1335 testimonium
3311 1297 3432 1334 esse
3479 1280 3604 1350 ejus
3660 1278 3772 1344 rei,

2075 1372 2223 1444 quod
2257 1387 2374 1424 non
2405 1386 2470 1423 ex
2498 1370 2677 1440 ipsius
2704 1370 2960 1435 arbitrio,
3005 1375 3089 1423 set
3114 1371 3454 1440 imperatore
3493 1367 3779 1438 largiente

2078 1459 2372 1529 negotium
2423 1457 2735 1527 susceperit
2794 1453 2884 1509 ‘93.
2942 1457 3097 1510 Talia
3148 1462 3199 1510 et
3253 1457 3435 1510 multa
3481 1455 3594 1509 alia
3639 1471 3779 1508 cum

2071 1549 2189 1619 jam
2224 1548 2283 1600 in
2315 1547 2555 1616 longum
2588 1545 2740 1600 diem
2790 1546 2861 1600 ab
2896 1545 3153 1616 utrisque
3191 1545 3608 1616 proferrentur,
3658 1544 3782 1614 epi-

346 1645 653 1712 Postquam
703 1656 769 1693 eo
825 1643 1167 1693 conventum
1219 1641 1320 1703 est,
1369 1637 1670 1707 episcopus
1706 1635 1815 1689 hoc
1857 1635 1966 1689 ini-
2003 1670 2040 1722 Β
2079 1651 2282 1706 scopus
2329 1633 2584 1700 tandem,
2636 1633 2830 1686 litibus
2877 1649 3076 1687 eorum
3124 1632 3353 1704 plenius
3400 1631 3667 1703 cognitis,
3718 1631 3782 1684 in

276 1731 420 1785 tium
470 1729 747 1784 orationis
798 1728 1043 1782 habuit:
1077 1743 1134 1779 se
1178 1742 1330 1796 aegre
1369 1725 1515 1779 ferre
1558 1729 1640 1778 tot
1671 1731 1862 1778 motus
1906 1724 1967 1777 in

277 1819 401 1874 dies
450 1817 928 1872 inrationabiliter
972 1815 1632 1883 adcrescere,_oportere
1664 1814 1732 1868 ad
1775 1813 1966 1882 cogni-

277 1908 493 1961 tionem
548 1923 710 1960 suam
744 1910 798 1958 et
829 1904 1088 1956 omnium
1127 1902 1225 1974 qui
1268 1902 1420 1972 justa
1449 1903 1753 1956 decernere
1795 1901 1974 1954 velint

279 1996 516 2061 referre,
569 2000 626 2048 et
678 1995 779 2048 has
825 1992 1120 2062 improbas
1168 1990 1494 2057 seditiones,
1551 1991 1758 2060 quibus
1808 1990 1972 2059 plebs

277 2084 528 2151 laeditur,
587 2082 712 2152 agri
767 2081 1210 2152 depopulantur,
1270 2079 1476 2132 debere
1533 2077 1856 2148 comprimi.
1915 2077 1971 2131 Si

280 2190 414 2227 vero
445 2171 757 2242 pertinatia
799 2170 1072 2224 desistere
1109 2168 1349 2235 nollent,
1399 2167 1759 2238 imperatoris
1805 2172 1974 2237 pote-

281 2265 425 2314 state
471 2264 526 2314 et
563 2259 681 2312 suis
728 2257 907 2328 copiis
955 2256 1010 2309 vi
1061 2261 1382 2319 coacturos,
1416 2261 1482 2308 ut
1523 2256 1592 2308 ab
1624 2255 1848 2324 incepto
1881 2260 1971 2308 tu-

283 2347 469 2401 multu
521 2345 819 2410 absistant,
880 2336 1252 2397 demonstrat.
1302 2343 1382 2396 Ad
1443 2343 1564 2395 haec
1610 2343 1976 2395 Wicmannus

281 2433 623 2504 respondit:
657 2432 989 2502 intellegere
1022 2447 1163 2495 sese,
1215 2447 1342 2500 quae
1386 2435 1864 2485 commemoraret
1908 2430 1977 2484 de

283 2525 444 2577 horto
476 2521 726 2574 tumultu
776 2536 897 2573 esse
927 2535 1060 2573 vera
1092 2517 1182 2586 1⁸9,
1216 2535 1319 2572 nec
1365 2535 1714 2589 quemquam
1748 2518 1821 2552 ¹⁹⁰
1851 2521 1979 2590 plus

285 2609 496 2665 doloris
545 2625 717 2679 quam
766 2609 953 2679 ipsum
1003 2608 1203 2662 exinde
1251 2624 1472 2678 capere,
1518 2613 1575 2662 et
1621 2624 1679 2661 se
1708 2609 1768 2661 in
1819 2612 1977 2678 pote-

287 2704 489 2752 statem
539 2713 702 2751 suam
751 2697 1098 2759 dediturum,
1145 2701 1202 2750 et
1252 2696 1518 2750 omnibus
1563 2696 1903 2765 rationibus,
1936 2696 1979 2750 si

289 2802 401 2859 qua
433 2785 600 2854 culpa
647 2784 1004 2852 criminatur,
1038 2784 1459 2839 satisfacturum
1508 2785 1819 2856 promittit;
1861 2802 1981 2839 sese

2078 1723 2220 1779 alios
2266 1728 2579 1777 conventus
2617 1738 2739 1776 rem
2789 1722 3006 1777 deferre
3053 1722 3287 1793 placuit,
3319 1726 3374 1775 et
3417 1721 3646 1775 interim
3681 1736 3785 1791 pa-

2079 1829 2200 1867 cem
2234 1813 2384 1866 inter
2415 1828 2512 1865 eos
2557 1810 2776 1865 ﬁrmari
2809 1811 3109 1864 constituit
3153 1810 3265 1882 (an.
3323 1811 3500 1878 {012).
3555 1808 3782 1862 Baldri—

2081 1919 2179 1956 cus
2221 1917 2378 1963 vero,
2427 1900 2578 1971 quod
2627 1899 2907 1954 memoria
2957 1899 3206 1968 tenebat,
3253 1899 3462 1953 sororis
3507 1914 3627 1951 sum
3680 1897 3784 1950 do-

2082 2006 2242 2044 mum
2291 1988 2486 2058 paucis
2545 1988 2744 2042 diebus
2801 1992 2932 2042 ante
2982 1988 3258 2059 quosdam
3306 2004 3372 2042 ex
3421 1992 3583 2057 parte
3635 1985 3786 2038 Wic-

2084 2077 2283 2132 manni
2337 2076 2630 2143 invasisse,
2687 2081 2744 2129 et
2800 2075 3143 2146 quibusdam
3201 2075 3535 2140 interfectis,
3588 2074 3785 2128 ﬁlium

2082 2167 2238 2221 illius
2286 2167 2526 2219 alterum
2561 2165 2713 2218 intra
2762 2165 3057 2218 ecclesiam
3090 2164 3179 2218 vix
3232 2181 3431 2220 necem
3464 2163 3783 2234 aufugisse,

2085 2261 2142 2310 et
2191 2255 2327 2309 item
2371 2255 2613 2308 alterum
2669 2253 2738 2308 ab
2788 2253 3039 2324 indignis
3085 2258 3314 2324 captum
3360 2258 3417 2307 et
3468 2253 3785 2306 abductum

2087 2360 2224 2408 esse,
2277 2348 2332 2397 et
2377 2343 2503 2396 ideo
2555 2358 2684 2396 cum
2729 2342 2834 2407 his,
2888 2360 2920 2395 a
2962 2343 3170 2414 quibus
3223 2347 3384 2396 tanta
3430 2340 3792 2395 contumelia

2087 2433 2196 2487 sibi
2246 2436 2304 2486 et
2357 2432 2474 2484 suis
2518 2431 2675 2486 illata
2725 2431 2944 2498 fuisset,
2991 2433 3208 2487 nullam
3263 2431 3419 2503 pacis
3471 2430 3790 2485 amicitiam

2089 2521 2211 2574 sine
2272 2519 2651 2573 satisfactione
2716 2520 2924 2574 habere
2983 2536 3150 2590 posse
3207 2519 3638 2575 demonstravit.
3700 2519 3792 2573 Ad

2089 2609 2210 2664 haec
2249 2609 2614 2662 Wicmannus
2648 2626 2660 2663 :
2697 2611 2758 2665 Si
2786 2611 3042 2676 conferri,
3075 2609 3284 2680 inquit,
3324 2610 3542 2678 injuriae
3571 2608 3790 2674 debent,

2090 2714 2269 2752 unam
2298 2697 2503 2751 harum
2552 2697 2700 2751 hanc
2742 2713 2863 2751 esse
2903 2697 3346 2768 iniquissimam,
3393 2698 3545 2769 quod
3574 2714 3605 2751 a
3636 2712 3798 2750 soro-

2092 2787 2170 2840 ris
2199 2802 2314 2841 suae
2346 2785 2478 2840 ﬁliis
2510 2786 2766 2840 nondum
2817 2786 3025 2840 adultis
3059 2787 3247 2840 servili
3276 2786 3506 2857 agmine
3549 2801 3798 2856 congre-

289 2879 483 2928 tamen
539 2874 862 2944 permoveri
915 2874 1066 2944 quod
1129 2873 1438 2942 Baldricus,
1492 2877 1620 2944 post
1673 2874 1982 2928 amicitiam
2093 2881 2246 2946 gato,
2283 2875 2615 2944 praefectum
2665 2890 2791 2928 cum
2824 2875 3021 2945 paucis
3065 2875 3173 2929 iter
3211 2891 3406 2930 secure
3441 2880 3707 2947 agentem
3737 2880 3800 2928 et

290 2962 443 3016 inter
476 2973 572 3014 eos
605 2961 910 3030 ﬁrmatam,
960 2962 1097 3016 belli
1143 2961 1305 3015 initia
1336 2962 1557 3032 primus
1599 2961 1982 3027 concitaverit,
2025 2948 2065 3004 (ἶ
2097 2963 2238 3017 nihil
2279 2963 2415 3017 mali
2445 2980 2478 3017 a
2509 2979 2800 3034 quoquam
2833 2963 3234 3035 suspicantem,
3285 2980 3497 3034 magna
3535 2964 3800 3018 insolen-

291 3051 622 3122 praafectum
675 3050 1063 3120 propinquum
1114 3050 1290 3117 illius,
1343 3051 1442 3121 qui
1489 3050 1600 3103 ﬁde
1644 3055 1701 3103 et
1747 3050 1986 3104 consilio

293 3139 565 3210 prodesse
596 3138 811 3205 debuit,
857 3139 1014 3193 omni
1045 3139 1262 3193 honore
1297 3138 1367 3192 ab
1418 3154 1485 3191 eo
1521 3138 1829 3209 spoliatum
1868 3144 1925 3193 et
1958 3156 1988 3192 a

296 3227 618 3300 principatu
669 3227 967 3296 dejectum,
1004 3227 1116 3298 ipsi
1147 3231 1202 3280 et
1231 3227 1498 3280 omnibus
1529 3227 1874 3297 nationibus,
1919 3229 1986 3283 ad

297 3332 440 3388 quas
471 3317 621 3370 fama
654 3320 826 3370 tantae
859 3316 1298 3370 inhumanitatis
1330 3315 1625 3386 pervenire
1651 3317 1858 3387 potuit,
1891 3318 1988 3372 de-

297 3405 556 3459 testabile
586 3405 784 3460 videri.
834 3405 940 3470 Qui
992 3405 1103 3458 nisi
1134 3405 1203 3459 ab
1252 3404 1341 3458 his
1371 3405 1600 3474 injuriis
1643 3405 1895 3461 discedat
1937 3411 1992 3461 et

295 3493 540 3548 liberam
571 3494 896 3547 facultatem
931 3493 1014 3546 illi
1045 3493 1104 3547 in
1153 3493 1269 3546 suis
1300 3493 1520 3562 legibus
1553 3494 1634 3547 uti
1672 3495 1988 3564 permittat,

297 3598 361 3636 ex
394 3582 494 3636 illa
523 3583 711 3635 saltim
761 3581 1058 3649 affinitate,
1094 3581 1247 3652 quod
1299 3597 1552 3635 sororem
1591 3598 1753 3636 suam
1783 3583 1895 3654 (46)
1932 3585 1990 3638 in

299 3670 634 3740 conjugium
673 3671 932 3736 duxerat,
969 3670 1092 3740 ejus
1133 3669 1375 3739 injurias
1423 3685 1541 3722 non
1572 3671 1988 3740 neglecturum,

300 3775 488 3829 neque
543 3759 664 3812 haec
717 3757 978 3812 faciendo
1039 3757 1348 3828 quicquam
1405 3757 1671 3811 maleﬁcii
1725 3760 1993 3814 adversus

301 3847 546 3920 gratiam
607 3845 968 3916 imperatoris
1030 3861 1088 3898 se
1146 3849 1428 3911 acturum,
1491 3848 1806 3916 prmsertim
1863 3866 1993 3905 cum

303 3935 591 3999 omnibus,
634 3935 786 3987 unde
833 3933 960 3986 lites
997 3938 1302 4002 augentur,
1336 3933 1522 3986 studio
1555 3934 1708 4004 pacis
1737 3953 1995 3991 summo-

302 4040 437 4094 pere
464 4039 522 4075 se
553 4023 918 4092 interponere
950 4025 1006 4075 et
1042 4037 1110 4074 ea
1140 4019 1476 4074 submovere
1502 4024 1642 4075 velle
1673 4025 1997 4082 conﬁrmat-

305 4113 595 4167 Baldricus
639 4111 771 4165 huic
815 4110 1112 4163 sententiae
1161 4110 1281 4162 haec
1327 4109 1524 4163 retulit
1559 4126 1571 4164 :
1605 4126 1722 4163 non
1768 4127 1798 4164 a
1836 4127 1894 4164 se
1937 4110 1998 4164 ﬁ-

2096 3051 2177 3106 tia
2208 3051 2276 3106 de
2307 3051 2598 3122 inproviso
2631 3052 2922 3121 adortum,
2956 3053 3087 3106 etin
3118 3053 3312 3124 fugam
3353 3054 3700 3124 conjectum,
3736 3057 3797 3106 et

2095 3139 2154 3193 in
2204 3154 2362 3192 sacra
2409 3139 2530 3193 aede
2582 3143 2958 3207 contutatum,
3011 3140 3100 3194 vix
3157 3147 3340 3194 morte
3393 3141 3792 3207 subtractum;

2096 3226 2384 3280 neminem
2449 3227 2569 3281 fore
2631 3231 2746 3280 tam
2811 3228 3152 3297 pacientem,
3211 3229 3311 3299 qui
3367 3230 3540 3282 talem
3605 3233 3795 3282 actam

2096 3314 2475 3386 periculosam
2514 3314 2921 3369 contumeliam
2962 3315 3200 3369 inultam
3247 3316 3488 3371 transire
3535 3317 3654 3386 pati
3686 3334 3798 3388 po-

2099 3403 2300 3458 tuisset
2333 3401 2424 3458 19".
2478 3403 2766 3458 Baldricus
2815 3403 2913 3457 ubi
2945 3403 3303 3458 manifestius
3351 3405 3634 3458 intellexit
3685 3407 3800 3461 sibi

2098 3492 2305 3560 resisti,
2354 3492 2492 3547 dixit
2540 3509 2906 3564 nequaquam
2957 3509 3077 3547 rem
3125 3494 3339 3547 exitum
3390 3494 3572 3560 illum,
3618 3511 3800 3566 quem

2099 3581 2182 3634 illi
2234 3581 2646 3648 existimarent,
2707 3597 2828 3634 esse
2877 3581 3224 3636 habituram.
3277 3583 3341 3636 Et
3390 3597 3519 3635 cum
3568 3599 3635 3636 ex
3689 3585 3804 3637 hoc

2099 3671 2383 3723 tumultus
2430 3687 2578 3740 pene
2623 3669 2980 3737 excitaretur,
3012 3671 3244 3724 accessit
3272 3671 3339 3724 ad
3390 3687 3520 3724 eum
3557 3671 3805 3742 quidam

2102 3759 2315 3826 dicens,
2371 3763 2424 3813 et
2453 3759 2512 3812 id
2563 3759 2792 3812 clariori
2838 3775 2970 3813 voce
3022 3764 3084 3813 ut
3121 3776 3332 3830 magna
3380 3777 3512 3830 pars
3560 3778 3803 3817 suorum

2103 3847 2343 3912 audiret,
2389 3848 2553 3902 illum
2601 3865 2665 3900 ex
2699 3864 2766 3901 eo
2799 3864 2935 3918 agro
2968 3847 3154 3903 vivum
3189 3865 3307 3903 non
3346 3849 3653 3917 exiturum,
3691 3851 3806 3905 nisi

2103 3937 2212 3991 hoc
2275 3937 2484 3991 faceret
2548 3937 2699 4007 quod
2763 3937 3061 4007 episcopus
3124 3943 3180 3991 et
3242 3939 3611 3992 Wicmannus
3665 3956 3805 3993 con-

2105 4025 2444 4078 stituissent.
2510 4025 2632 4089 Qua
2695 4040 2831 4077 voce
2903 4026 3257 4096 perterritus,
3328 4026 3534 4080 annuit
3580 4031 3644 4081 ut
3689 4044 3806 4098 pax

2106 4113 2287 4178 ﬁeret,
2322 4129 2450 4183 quae
2482 4113 2551 4168 ab
2587 4112 2842 4184 utrisque
2894 4114 2964 4167 ad
2994 4119 3206 4168 certam
3245 4115 3395 4169 diem
3444 4121 3807 4170 sacramento

306 4203 438 4258 dem
471 4202 687 4267 laesam,
742 4215 931 4269 neque
963 4215 994 4252 a
1025 4215 1082 4252 se
1111 4197 1500 4265 commissum,
1552 4199 1704 4254 unde
1749 4199 1999 4253 amicitia
2027 4229 2069 4282 Β
2106 4203 2334 4257 ﬁrmata
2362 4206 2466 4255 est.

307 4289 540 4345 dissolvi
604 4287 919 4353 debuisset;
991 4286 1132 4340 scire
1195 4303 1252 4340 se
1312 4286 1544 4356 quidem
1604 4287 2000 4358 propinquum

306 4395 474 4432 suum
508 4394 621 4431 non
660 4377 759 4430 illa
791 4373 858 4410 ¹⁹¹
907 4375 1144 4431 scientia
1173 4381 1272 4430 aut
1300 4377 1607 4446 prudentia
1645 4393 1766 4430 esse
1797 4382 1862 4431 ut
1893 4376 2003 4431 sibi

307 4466 627 4520 commissae
677 4464 942 4536 dignitati
991 4481 1187 4519 curam
1231 4464 1442 4518 habere
1493 4470 1713 4536 posset;
1765 4465 1894 4519 ideo
1943 4481 2002 4518 se

307 4555 462 4608 illius
527 4553 697 4607 rebus
763 4553 1160 4617 intermisisse,
1219 4559 1284 4606 ut
1341 4553 1392 4606 ei
1455 4553 1646 4623 potius
1706 4555 2004 4623 prodesset

311 4659 482 4714 quam
515 4642 757 4708 obesset,
788 4647 844 4696 et
873 4642 928 4696 id
963 4659 1071 4695 sua
1099 4642 1391 4696 voluntate
1421 4642 1537 4711 jam
1568 4642 1791 4712 pridem
1835 4659 2004 4712 agere

309 4732 573 4799 voluisse,
605 4731 652 4784 si
687 4730 755 4766 ‘9’
804 4731 925 4802 ipse
955 4731 1178 4802 copiam
1228 4747 1357 4784 cum
1388 4748 1454 4784 eo
1494 4731 1859 4801 colloquendi
1903 4731 2004 4784 ha-

311 4821 445 4876 bere
503 4821 806 4891 potuisset;
868 4821 962 4874 sed
1010 4821 1091 4873 ita
1145 4820 1328 4884 illum,
1383 4819 1544 4888 quasi
1602 4820 1706 4872 sub
1757 4819 2005 4890 quadam

312 4909 586 4975 custodia,
648 4925 875 4980 semper
932 4925 965 4962 a
1023 4907 1358 4962 Wicmanno
1415 4905 1738 4960 devinctum
1798 4912 1852 4960 et
1907 4907 2008 4961 tali

312 4999 612 5071 disciplina
647 4999 1038 5066 constrictum,
1085 5002 1149 5051 ut
1187 5012 1374 5068 neque
1418 4996 1489 5049 ad
1537 5002 1894 5050 momentum
1937 4997 2008 5051 ab

2605 4293 2655 4345 9.
2689 4293 2764 4345 De
2803 4290 2941 4345 dolis
2976 4292 3301 4345 Wicmanni.

2180 4379 2276 4434 Set
2329 4381 2537 4449 praeter
2601 4395 2667 4432 ea
2731 4379 2866 4432 dum
2929 4395 3151 4432 mecum
3217 4384 3438 4449 reputo,
3495 4382 3579 4432 tot
3615 4395 3805 4433 sacra-

2113 4471 2307 4521 menta
2336 4467 2554 4538 perﬁdo
2592 4467 2784 4520 animo
2816 4472 3161 4538 perpetrata,
3194 4469 3597 4522 mirandumne
3627 4469 3700 4522 sit
3730 4485 3806 4522 an

2114 4557 2422 4611 dolendum
2457 4556 2679 4624 dubito,
2707 4573 2772 4610 eo
2812 4556 2966 4626 quod
2999 4557 3082 4610 illi
3115 4557 3212 4626 qui
3244 4573 3470 4610 summo
3500 4558 3717 4612 honore
3751 4563 3809 4612 et

2113 4644 2390 4716 dignitate
2421 4645 2646 4714 praediti
2691 4646 2759 4699 ad
2790 4650 3008 4699 tantam
3041 4645 3342 4716 perﬁdiam
3373 4646 3486 4698 sint
3531 4646 3806 4711 devoluti,

2114 4739 2180 4787 ut
2219 4733 2356 4786 talia
2413 4739 2607 4787 contra
2647 4734 2936 4804 justiciam
2986 4735 3319 4789 Christianae
3367 4733 3503 4788 ﬁdei
3553 4739 3809 4804 agerent,

2117 4821 2309 4891 qualia
2339 4836 2442 4873 nec
2475 4821 2586 4874 vile
2617 4822 2820 4892 vulgus
2864 4822 3208 4892 cogitatione
3246 4822 3477 4894 quidem
3509 4822 3810 4891 concipere

2116 4914 2522 4979 praesumeret;
2580 4910 2728 4963 unde
2785 4912 2954 4964 etiam
2995 4911 3310 4964 secundum
3358 4911 3648 4964 notarium
3685 4911 3809 4981 Spi-

2117 4997 2261 5051 ritus
2291 4998 2471 5051 sancti
2525 4998 2810 5052 dicentem
2847 5015 2859 5054 :
2892 5001 3012 5056 Non
3043 5001 3297 5070 loquatur
3335 5016 3390 5055 os
3433 5016 3606 5054 meum
3649 5015 3812 5070 opera

1718 5111 1952 5165 VARUE
2005 5111 2397 5166 LECTIONES.

1147 5215 1218 5251 13“
1247 5233 1353 5270 vom
1403 5217 1624 5271 emcidit.

1164 5287 1234 5323 19’
1264 5305 1322 5341 se
1351 5303 1398 5341 ο.

383 5218 454 5258 ¹⁸⁶
515 5222 596 5275 ita
623 5221 698 5274 E.
732 5223 967 5274 noverat
1023 5235 1068 5273 c.

314 5288 388 5325 ¹⁹⁰
411 5307 660 5363 quemq;
700 5294 744 5345 Ι.
826 5289 894 5324 ¹⁹¹
925 5289 1012 5344 illi
1038 5305 1082 5343 c.
1164 5287 1234 5323 19’
1264 5305 1322 5341 se
1351 5303 1398 5341 ο.
1479 5286 1549 5321 ¹⁹³
1581 5287 1881 5358 susciperit
1912 5293 1960 5343 1.

1707 5215 1777 5250 ¹⁸⁶
1834 5216 2140 5286 ίηηῇιιδῐίῐλο.

2224 5215 2291 5252 ³⁸⁷
2347 5222 2538 5287 gestus
2597 5221 2644 5272 t.

2722 5217 2794 5254 ¹⁸⁶
2851 5219 3214 5290 permitteret
3263 5236 3308 5275 ο.
3390 5217 3464 5254 ¹⁸⁹
3515 5235 3710 5275 veram
3757 5237 3800 5275 c.

2044 5281 2113 5324 ‘9‘
2144 5281 2397 5360 potuisse
2426 5303 2472 5344 c.

1948 5391 2172 5447 ΝΟΤιΕ.
3051 5396 3074 5410 ’

383 5488 489 5559 (46)
522 5487 794 5545 Praefecti.
