3956 6332
146 302 254 355 473

987 299 1079 354 DE
1121 298 1585 355 DIVERSITATE
1625 297 2014 354 TEMPORUM
2058 298 2248 354 LIBRI
2289 300 2444 355 DUO.
2487 329 2554 339 —
2594 301 2718 355 LIB.
2761 302 2832 356 Il.

3550 302 3654 356 474

147 423 425 477 hominum
472 421 636 490 (Psal.
682 437 799 489 xvr,
848 419 920 489 4),
973 418 1151 474 timeo
1213 420 1425 473 referre
1490 420 1843 490 perversissi-
1873 422 1916 474 A
1956 420 2184 474 Talibus
2215 424 2271 474 et
2311 420 2437 474 aliis
2466 420 2861 491 hujuscemodi
2904 421 3073 476 rebus
3103 423 3273 476 corda
3301 438 3417 476 non
3447 439 3653 493 pauco-

147 526 269 565 mos
290 516 502 565 nostrae
547 525 733 563 mores
772 507 975 573 astatis,
1011 514 1066 561 et
1093 524 1239 578 pene
1284 509 1443 563 nulla
1478 509 1588 563 fide
1624 509 1845 562 stabili-

147 605 238 654 tos
268 597 363 660 195,»
392 605 478 652 set
534 615 675 652 caeca
717 597 1034 667 cupiditate
1076 597 1269 650 miseri
1327 598 1563 651 honoris
1607 603 1662 651 et
1692 597 1847 651 falsas

147 689 423 759 potentiae
476 688 770 753 adductos,
824 686 1011 739 omnis
1059 685 1434 740 humanitatis
1483 692 1539 740 et
1577 686 1849 740 bonitatis

151 794 273 830 esse
306 777 515 830 oblitos
549 773 642 826 ‘95.
684 775 779 829 Set
819 781 951 827 sunt
994 775 1255 829 nonnulli
1313 775 1412 846 qui
1449 776 1848 829 Wicmannum

151 867 211 919 in
262 865 353 919 his
403 865 600 919 litibus
645 863 992 934 iniquiorem
1042 880 1163 918 esse
1211 866 1582 933 contendunt,
1635 865 1743 919 hoc
1788 864 1850 918 in

152 954 486 1024 praesidium
523 969 639 1005 sure
681 952 969 1023 opinionis
1015 957 1388 1019 assumentes,
1423 954 1575 1023 quod
1609 970 1694 1021 ea,
1725 970 1848 1024 quae

153 1044 231 1097 cis
261 1044 513 1096 Hrenum
560 1041 748 1094 minus
778 1041 836 1094 in
870 1042 1327 1111 possessionibus
1360 1042 1655 1105 habuerat,
1709 1059 1850 1113 qua-

155 1148 402 1201 cumque
432 1131 719 1184 celeritate
759 1129 1007 1196 consilii,
1042 1130 1247 1199 opibus
1279 1131 1520 1185 Baldrici
1549 1132 1851 1202 adaequare

154 1221 454 1274 niteretur.
481 1219 641 1284 Quod
674 1234 737 1272 ex
772 1222 974 1272 eventu
1022 1219 1112 1272 hic
1159 1221 1522 1289 sequentium
1557 1220 1719 1274 facile
1757 1238 1852 1275 co-

156 1309 353 1378 gnosci
396 1311 598 1377 potest.
652 1307 792 1360 Nam
840 1312 1067 1377 postero
1118 1307 1207 1361 die
1265 1309 1333 1362 ad
1393 1325 1647 1363 sororem
1691 1327 1854 1364 suam

159 1396 598 1467 colloquendam
649 1396 934 1448 Baldricus
978 1412 1107 1448 cum
1155 1397 1351 1465 paucis
1390 1397 1640 1450 Hrenum
1676 1403 1857 1451 trans-

159 1484 277 1538 ivit.
335 1486 755 1554 Compertoque
812 1483 933 1553 ejus
990 1501 1095 1553 per
1152 1485 1536 1555 exploratores
1588 1487 1852 1553 adventu,

156 1574 241 1627 illi
294 1574 362 1627 de
406 1573 612 1644 quibus
654 1573 1044 1642 prmdiximus,
1092 1574 1190 1643 qui
1220 1574 1455 1627 domum
1498 1576 1709 1629 sororis
1739 1593 1855 1631 suae

156 1662 582 1732 impetiverant,
624 1678 687 1715 ex
731 1662 941 1715 Munna
990 1662 1223 1732 egressi,
1256 1679 1383 1715 cum
1435 1679 1643 1733 magno
1692 1666 1854 1736 equi-

157 1756 276 1805 tatu
309 1766 414 1820 per
451 1750 638 1820 ripam
687 1751 860 1804 Hreni
909 1750 1156 1804 latenter
1204 1751 1628 1817 descendentes,
1665 1753 1717 1806 ei
1755 1755 1853 1808 ad-

158 1839 647 1910 propinquarunt.
681 1840 811 1892 Nec
859 1844 1023 1892 antea
1070 1839 1177 1892 visi
1219 1845 1369 1905 sunt,
1417 1858 1586 1911 quam
1622 1844 1858 1914 propius

158 1929 347 1981 vicum
382 1927 765 1980 accessissent.
809 1929 881 1981 At
930 1926 1044 1993 isti,
1094 1928 1255 1999 equis
1284 1927 1352 1964 '97
1391 1930 1451 1983 in
1484 1935 1711 2000 pastum
1756 1949 1860 2002 per

160 2022 378 2085 segetes
421 2015 686 2079 dimissis,
726 2020 780 2069 et
826 2015 969 2069 nihil
1016 2017 1302 2086 timentes,
1351 2025 1658 2089 propterea
1705 2021 1858 2090 quod

159 2105 346 2175 pridie
388 2105 510 2173 ejus
541 2104 654 2158 diei
685 2120 791 2174 pax
823 2108 970 2158 esset
1008 2105 1157 2158 inter
1187 2123 1284 2160 eos
1327 2108 1635 2162 constituta
1677 2115 1733 2162 et
1761 2110 1856 2162 tir-

161 2198 335 2259 mata,
396 2192 685 2245 remissius
734 2190 804 2226 ‘98
850 2208 971 2245 sese
1031 2194 1293 2263 agebant.
1346 2195 1440 2249 Set
1486 2212 1612 2249 cum
1667 2196 1859 2250 hostes

164 2281 516 2335 obstinacius
548 2279 619 2317 199
658 2297 827 2334 cursu
864 2281 1147 2352 impetum
1196 2283 1255 2337 in
1302 2300 1398 2337 eos
1444 2284 1629 2338 facere
1660 2301 1857 2339 cerne-

160 2374 308 2438 rent,
336 2370 597 2423 celeriter
636 2370 910 2424 revocatis
966 2371 1150 2441 equis,
1188 2377 1245 2425 et
1291 2372 1565 2442 bipertito
1599 2373 1854 2444 equitatu

165 2458 370 2524 diviso,
404 2463 460 2511 et
502 2474 607 2528 pro
658 2458 923 2528 angustia
970 2459 1246 2529 temporis
1280 2462 1399 2514 acie
1439 2461 1732 2525 instructa,
1762 2478 1859 2515 eos

162 2550 527 2615 exceperunt.
573 2547 829 2616 Cumque
860 2547 1066 2600 acriter
1095 2546 1165 2600 ab
1197 2549 1455 2619 utrisque
1486 2556 1855 2619 pugnaretur,

165 2640 219 2688 et
239 2635 361 2704 jam
391 2650 482 2687 res
512 2634 571 2687 in
601 2650 667 2687 eo
705 2641 871 2703 esset,
908 2640 967 2688 ut
997 2635 1350 2705 superiorem
1382 2654 1614 2691 manum
1650 2639 1860 2692 Baldri-

162 2740 259 2777 cus
307 2723 516 2776 habere
567 2723 873 2788 debuisset,
925 2731 1159 2795 propter
1208 2726 1540 2795 opinionem
1592 2727 1856 2781 omnium

162 2812 353 2866 subito
400 2828 672 2865 converso
700 2828 846 2883 equo
875 2813 1025 2884 fugas
1057 2830 1115 2867 se
1149 2814 1324 2881 dedit,
1358 2820 1413 2867 et
1434 2815 1503 2868 ad
1537 2815 1719 2885 ripam
1753 2832 1860 2868 na-

162 2900 407 2953 viculam
438 2904 657 2965 nactus,
694 2917 758 2953 ea
792 2901 1064 2971 profugit.
1107 2903 1269 2966 Quod
1297 2904 1472 2957 ceteri
1499 2904 1856 2974 conspicien-

1952 527 2081 564 rum
2115 527 2145 563 a
2173 510 2361 565 mariti
2390 510 2641 564 amicitia
2666 516 2721 564 et
2752 511 3138 564 familiaritate
3178 512 3381 565 avertit
3410 511 3503 565 ²⁰ί.

1960 602 2042 655 10.
2080 602 2159 655 De
2204 600 2443 673 exercitu
2479 602 2537 654 in
2576 603 2967 669 Bratuspantes
3011 603 3174 656 misso
3228 607 3279 655 et
3322 606 3477 671 capto
3524 603 3649 657 Bal-

2735 690 2902 744 drico.

2027 781 2092 834 In
2124 779 2472 833 dissensione
2512 796 2644 833 vero
2676 797 2804 850 quas
2835 796 2985 833 nunc
3014 783 3137 833 orta
3170 783 3257 833 est
3288 779 3423 849 quia
3452 783 3654 832 neuter

1958 884 2154 923 eorum
2201 868 2261 922 in
2310 873 2463 922 tanta
2504 870 2933 939 propinquitate
2964 885 3233 938 agrorum
3264 874 3384 922 tuto
3431 883 3553 922 sese
3584 867 3652 921 ab

1959 960 2137 1011 altero
2174 974 2369 1011 cavere
2403 964 2610 1028 posset,
2657 958 2963 1011 concordia
3008 958 3217 1012 iterum
3261 957 3414 1011 inter
3446 974 3538 1011 eos
3586 956 3652 1010 ad

1959 1051 2171 1101 certam
2213 1046 2363 1100 diem
2404 1047 2662 1100 condicta
2715 1053 2816 1101 est.
2873 1049 2935 1101 In
2979 1064 3092 1118 quo
3144 1048 3326 1117 spatio
3379 1046 3656 1117 temporis

1961 1137 2145 1190 extitit
2180 1152 2364 1197 causa,
2396 1153 2508 1206 qua
2557 1137 2627 1189 ab
2671 1136 3015 1205 imperatore
3056 1136 3333 1190 exercitus
3364 1135 3422 1189 in
3456 1137 3654 1189 Bratu-

1962 1225 2257 1295 spanciom
2321 1225 2464 1278 fines
2517 1227 2838 1278 mitteretur
2889 1219 3058 1265 ²⁰²-
3108 1221 3367 1278 audierat
3415 1223 3591 1288 enim,
3625 1238 3658 1276 a

1962 1314 2305 1383 quihusdam
2357 1313 2701 1382 importunis
2745 1318 2802 1368 et
2861 1314 3145 1368 seditiosis
3193 1312 3527 1366 hominibus
3572 1328 3656 1365 re-

1963 1401 2190 1471 gionem
2236 1402 2629 1471 frequentibus
2660 1401 3079 1455 iucursiOnibus
3113 1401 3394 1455 devastari
3426 1430 3487 1440 —
3516 1416 3531 1466 ;
3565 1398 3656 1451 cui

1963 1489 2235 1542 exercitui
2276 1490 2622 1544 Adelboldus
2655 1490 2951 1561 episcopus
2990 1495 3045 1544 et
3089 1491 3199 1544 dux
3231 1488 3569 1544 Godefridus
3601 1492 3658 1540 et

1964 1580 2326 1632 Wicmannus
2370 1584 2668 1641 praeerant.
2721 1570 3058 1644 Baldricum,
3107 1580 3240 1650 quia
3271 1578 3361 1632 his
3390 1578 3655 1631 adversus

1965 1684 2108 1737 quos
2152 1668 2429 1721 exercitus
2478 1669 2792 1722 ducebatur
2849 1670 3064 1723 amicus
3117 1673 3257 1731 erat,
3320 1682 3509 1721 secum
3560 1667 3657 1718 ha-

1966 1758 2101 1810 bere
2132 1757 2420 1811 nolebant.
2466 1757 2559 1810 His
2585 1758 2872 1827 profectis,
2910 1758 3201 1812 Baldricus
3233 1755 3404 1811 dabat
3423 1769 3658 1825 operam

1967 1846 2282 1911 Gerhardo,
2338 1846 2406 1899 de
2454 1863 2567 1916 quo
2619 1863 2793 1916 supra
2842 1846 3112 1912 diximus,
3167 1846 3265 1916 qui
3308 1846 3427 1916 jam
3459 1842 3657 1898 multis

1966 1934 2168 1988 diebus
2199 1935 2686 1989 municiunculam
2724 1937 3053 2005 Hengibach
3082 1936 3193 2005 (47)
3223 1935 3462 1988 obsedit.
3498 1935 3560 1987 In
3583 1932 3661 1985 al-

1965 2022 2199 2076 tissimis
2249 2039 2499 2092 namque
2555 2023 2795 2093 rupibus
2843 2024 2967 2091 sita,
3016 2021 3477 2093 inexpugnabilis
3514 2022 3653 2072 erat.

1965 2111 2057 2165 Set
2084 2116 2277 2164 tamen
2310 2111 2630 2165 diutissima
2673 2112 2968 2166 obsidione
3012 2112 3289 2183 oppidani
3328 2108 3572 2180 fatigati,
3605 2113 3661 2161 et

1966 2200 2231 2253 omnibus
2263 2217 2391 2270 quae
2440 2217 2629 2254 secum
2664 2201 2950 2255 habebant
2996 2199 3372 2270 consumptis,
3403 2196 3659 2252 sededi-

1966 2290 2192 2343 derunt.
2240 2290 2545 2344 Itineribus
2609 2291 2846 2345 Baldrici
2892 2290 3223 2359 exploratis,
3275 2286 3656 2349 Gevehardus,

1967 2378 2067 2448 qui
2100 2378 2335 2432 domum
2393 2380 2602 2432 sororis
2633 2396 2748 2433 suae
2789 2380 2977 2433 viduas
3032 2379 3314 2449 praedictae
3355 2377 3657 2440 invaserat,

1968 2486 2165 2523 omnes
2197 2469 2313 2522 vias
2344 2470 2566 2523 obsedit
2614 2475 2668 2523 et
2713 2486 2938 2522 summa
2979 2468 3295 2538 diligentia,
3329 2467 3375 2519 si
3407 2481 3538 2519 eum
3570 2464 3657 2516 in-

1964 2564 2227 2627 paratum
2263 2558 2621 2628 aliquatenus
2651 2558 2807 2611 adire
2838 2564 3050 2627 posset,
3085 2574 3211 2611 cum
3245 2556 3362 2609 suis
3392 2553 3659 2608 omnibus

1967 2645 2318 2714 invigilahat.
2371 2647 2482 2700 Nec
2521 2646 2719 2699 fefellit
2765 2647 2997 2699 fortuna
3042 2645 3344 2698 consilium
3386 2642 3654 2697 hominis.

1972 2735 2109 2787 Nam
2163 2734 2469 2800 Baldricus,
2531 2735 2832 2788 clientibus
2864 2735 2980 2788 suis
3038 2735 3094 2788 in
3119 2751 3219 2787 sua
3276 2735 3397 2787 loca
3453 2733 3560 2785 hac
3608 2735 3664 2785 et

1967 2823 2096 2877 illac
2136 2824 2404 2891 dimissis,
2438 2842 2566 2877 cum
2617 2825 2810 2895 paucis
2850 2825 3144 2879 Coloniam
3194 2840 3390 2877 versus
3435 2823 3543 2876 iter
3570 2822 3657 2874 in-

1968 2913 2188 2966 cautius
2218 2914 2516 2979 adgressus
2547 2918 2647 2967 est.
2681 2914 2859 2978 Quem
2893 2930 3025 2967 mox
3073 2913 3252 2967 hostis
3298 2912 3576 2981 conspicit
3607 2916 3664 2965 et

76 2980 85 2993 δῑ
163 2995 266 3056 ῐθδ,
316 2990 509 3043 itidem
564 2990 758 3059 fugam
816 2992 918 3043 hac
972 2997 1028 3043 et
1080 2991 1209 3044 illac
1255 2992 1528 3059 inierunt,
1579 2994 1769 3063 plures
1800 2993 1859 3047 in
1899 2985 1939 3039 C
1970 3001 2140 3054 celeri
2180 3018 2350 3055 cursu
2382 3002 2726 3071 insequitur,
2760 3019 2889 3056 cum
2930 3003 3025 3055 ille
3074 3003 3144 3055 de
3188 3000 3500 3070 improviso
3526 3015 3663 3071 per—

164 3078 404 3132 ecclesia
442 3095 498 3131 se
527 3079 947 3134 concluserunt.
996 3081 1385 3147 Wicmannus,
1421 3082 1520 3152 qui
1551 3087 1685 3136 tunc
1716 3082 1860 3135 forte

166 3168 235 3221 ab
277 3167 375 3220 illo
424 3167 547 3220 loco
580 3184 693 3220 non
744 3168 913 3237 longe
953 3168 1164 3233 aberat,
1213 3170 1413 3239 praslio
1460 3187 1564 3240 per
1609 3172 1860 3241 legatum

165 3260 415 3325 accepto,
448 3255 710 3309 celeriter
746 3256 1009 3322 accurrit,
1071 3258 1364 3312 ecclesiam
1403 3258 1701 3329 inrumpit,
1736 3276 1860 3313 eos—

168 3360 279 3416 que
312 3343 412 3414 qui
459 3343 517 3397 in
553 3360 620 3397 ea
667 3360 724 3396 se
773 3344 1107 3399 abdiderant
1156 3346 1326 3414 cepit,
1359 3347 1702 3417 graviusque
1734 3348 1865 3400 reti-

168 3432 291 3487 neri
319 3433 510 3503 jussit,
559 3437 614 3485 et
662 3433 928 3487 Munnam
978 3434 1272 3501 adductos,
1319 3434 1377 3488 in
1408 3435 1635 3489 vincula
1673 3437 1863 3505 conje-

169 3522 262 3575 cit.
301 3522 372 3573 Ex
418 3535 483 3573 eo
510 3520 664 3573 enim
715 3520 924 3576 iterum
964 3522 1228 3576 redivivas
1274 3522 1424 3576 inter
1466 3540 1559 3577 eos
1593 3540 1720 3594 quae
1762 3540 1863 3577 an-

167 3614 259 3664 tea
312 3604 388 3641 ²υ⁰
424 3608 735 3661 seditiones
788 3614 927 3663 ortas
970 3615 1141 3674 sunt;
1202 3614 1258 3664 et
1304 3610 1562 3681 quamvis
1609 3612 1864 3665 Baldrico

168 3713 354 3751 causa:
398 3696 669 3766 justiores
700 3698 758 3750 in
807 3699 932 3766 hac,
985 3703 1044 3751 ut
1088 3700 1478 3769 praediximus,
1522 3701 1617 3754 lite
1667 3702 1868 3754 existe-

168 3792 317 3854 rent,
348 3792 541 3839 tamen
587 3786 646 3839 in
679 3787 785 3841 hoc
818 3787 1164 3855 inferiorari,
1200 3790 1351 3859 quod
1383 3789 1592 3855 milites
1627 3790 1714 3842 sui
1754 3806 1867 3843 cre-

168 3875 285 3929 bris
320 3875 781 3944 expeditionibus
814 3876 1127 3947 defatigati,
1157 3894 1262 3947 pro
1283 3882 1442 3931 tanto
1471 3878 1663 3932 labore
1693 3895 1865 3948 parva

169 3964 407 4034 praemia
438 3964 727 4018 consecuti
760 3970 910 4033 sunt,
964 3972 1019 4020 et
1050 3983 1191 4020 uxor
1229 3984 1328 4020 sua
1361 3968 1742 4037 dedignanter
1772 3984 1867 4022 eos

171 4053 514 4124 appellando
545 4058 600 4107 et
628 4053 923 4123 ignaviam
956 4059 1009 4109 et
1046 4056 1366 4109 socordiam
1398 4056 1864 4127 improperando,

171 4158 205 4195 a
257 4158 357 4195 suo
389 4141 662 4212 obsequio
715 4159 807 4196 eos
868 4143 1140 4197 dissuevit
1190 4150 1245 4199 et
1293 4146 1470 4199 multo
1521 4145 1867 4201 inﬁdeliores

172 4246 346 4301 quam
388 4235 555 4284 antea
584 4238 772 4285 essent
821 4232 1023 4286 effecit.
1061 4234 1394 4287 Domesticis
1426 4234 1597 4287 etiam
1630 4234 1706 4287 ita
1732 4250 1868 4305 gra-
1897 4269 1937 4321 Β

169 4318 253 4371 vis
300 4317 504 4383 extitit,
564 4323 628 4372 ut
664 4335 767 4389 pro
824 4319 934 4373 levi
988 4322 1155 4391 culpa
1185 4322 1465 4392 quosdam
1526 4323 1587 4374 in
1632 4323 1865 4375 exilium

172 4407 449 4473 mitteret,
485 4407 763 4477 quosdam
812 4414 1022 4475 autem,
1063 4427 1198 4463 naso
1229 4415 1327 4464 aut
1367 4411 1602 4464 auribus
1632 4410 1868 4465 desectis

172 4496 459 4550 deformes
514 4496 917 4566 aspicientibus
967 4500 1250 4567 redderet,
1300 4504 1356 4554 et
1386 4500 1644 4553 odiosam
1694 4499 1869 4553 vitam

172 4583 288 4637 illis
336 4589 676 4653 przesentem
727 4585 993 4640 efﬁceret.
1042 4588 1314 4642 Nobilitas
1355 4588 1581 4658 generis
1639 4593 1696 4641 et
1741 4604 1870 4641 om-

175 4674 340 4727 nium
392 4672 687 4743 opulentia
734 4690 928 4727 rerum
977 4677 1323 4745 pernimium
1376 4694 1501 4731 eam
1551 4676 1769 4741 extulit,
1812 4676 1870 4729 in

173 4765 399 4815 tantum
428 4765 493 4814 ut
535 4761 707 4815 etiam
754 4762 909 4816 illius
954 4765 1180 4833 satyrici
1220 4783 1380 4821 versu
1426 4783 1541 4820 non
1584 4765 1870 4819 immerito

172 4849 361 4903 notari
398 4849 580 4919 possit
607 4851 749 4920 (Juv.
778 4869 851 4913 vi,
884 4852 1047 4924 460):

294 5034 686 5085 Intolerabilius
710 5036 845 5086 nihil
868 5041 946 5087 est
968 5051 1125 5101 quam
1161 5037 1357 5087 femina
1387 5038 1549 5088 dives.

1970 3091 2203 3144 territus
2248 3095 2303 3144 et
2342 3091 2557 3145 viribus
2595 3091 2925 3151 dissolutus.
2970 3096 3035 3145 ut
3063 3108 3166 3144 nec
3203 3090 3433 3161 quidem
3475 3105 3665 3143 ascen-

1971 3196 2095 3233 sum
2124 3181 2258 3250 equi
2306 3180 2670 3234 accurtatoris
2713 3178 2786 3213 ²⁰³
2819 3180 2917 3250 qui
2961 3182 3126 3248 juxta
3169 3196 3300 3233 eum
3354 3179 3669 3234 ducebatur

1971 3273 2296 3338 temptaret,
2330 3274 2526 3338 captus
2558 3275 2658 3328 est,
2695 3274 2751 3322 et
2786 3270 2855 3323 ab
2889 3269 3164 3339 indignis,
3198 3269 3374 3321 barba
3403 3286 3469 3321 ex
3504 3271 3667 3337 parte

1972 3359 2198 3412 exvulsa
2230 3362 2282 3411 et
2313 3358 2528 3425 colatis,
2562 3359 2831 3425 infractis,
2878 3359 3034 3411 omni
3063 3358 3403 3426 indignitate
3434 3362 3519 3410 est
3557 3357 3664 3410 ha-

1970 3446 2141 3500 bitus.
2176 3447 2258 3499 Ad
2288 3448 2576 3510 Munnam,
2609 3447 2903 3500 castellum
2953 3447 3291 3513 Wicmanni,
3339 3462 3469 3500 cum
3509 3461 3665 3498 sum-

1972 3550 2066 3588 mo
2098 3535 2309 3604 probro
2350 3535 2625 3588 deductus
2658 3540 2761 3600 est,
2786 3535 2981 3604 ibique
3022 3536 3192 3588 minis
3221 3541 3279 3589 et
3309 3535 3487 3588 nimia
3520 3534 3667 3588 furia

1972 3623 2275 3686 victorum,
2317 3628 2378 3675 ut
2415 3624 2683 3689 Aspolam
2716 3623 2966 3678 traderet
3005 3624 3113 3677 nisi
3146 3624 3329 3694 capite
3374 3623 3668 3676 maluisset

1974 3711 2163 3783 plecti,
2186 3712 2670 3781 «compellebatur.
2705 3713 2806 3766 Ille
2836 3730 2969 3767 vero
3015 3714 3285 3780 legatum,
3319 3729 3491 3782 quem
3534 3712 3667 3765 illuc

1974 3802 2247 3869 mitteret,
2289 3801 2625 3870 expOstulat.
2676 3803 2797 3866 Quo
2827 3802 3133 3872 impetrato
3168 3801 3259 3870 θοι,
3291 3803 3469 3870 aliqui
3511 3818 3572 3855 ex
3598 3801 3669 3837 ⁵0⁸

1976 3890 2093 3943 suis
2124 3890 2194 3943 ad
2228 3906 2358 3943 eum
2390 3895 2691 3955 venerunt,
2735 3894 2789 3943 et
2818 3908 2885 3944 ex
2924 3908 3057 3944 casu
3097 3892 3219 3959 ejus
3259 3892 3442 3944 multo
3474 3891 3668 3944 dolore

1977 3983 2034 4033 et
2053 3978 2362 4049 gemitibus
2393 3979 2626 4041 affectis,
2658 3980 3037 4033 munitionem
3073 3980 3219 4033 tradi
3245 3980 3435 4048 jussit.

2158 4071 2241 4122 11.
2272 4069 2350 4121 De
2394 4069 2724 4132 Gevehardo,
2757 4074 2806 4122 et
2838 4070 3079 4124 Baldrici
3108 4070 3487 4135 redemptione.

2048 4156 2255 4211 Godizo
2297 4156 2363 4222 is,
2405 4156 2475 4209 de
2506 4174 2618 4226 quo
2667 4174 2842 4223 supra
2881 4157 3128 4210 diximus
3186 4157 3301 4225 (lib.
3339 4174 3375 4220 I,
3422 4171 3542 4224 cap.
3591 4154 3667 4223 2),

1981 4244 2337 4313 propinquus
2379 4245 2719 4297 venerabilis
2752 4245 3069 4311 Liutgardce
3101 4249 3155 4297 et
3184 4244 3377 4297 uxoris
3412 4243 3668 4309 Baldrici,

1978 4332 2229 4386 moriens
2247 4332 2572 4398 Hengibach
2602 4336 2657 4385 et
2690 4333 2954 4401 Aspolam
2988 4332 3044 4385 in
3072 4331 3348 4387 Gerhardi
3378 4330 3451 4366 ²⁰⁸
3475 4331 3669 4398 tidem,

1979 4420 2117 4490 quia
2162 4419 2518 4489 propinquus
2552 4424 2692 4481 erat,
2736 4424 2802 4473 ut
2842 4436 3075 4473 uxorem
3123 4424 3178 4473 et
3210 4420 3355 4473 ﬁlias
3401 4419 3522 4488 ejus
3548 4435 3675 4489 par-

1978 4508 2137 4561 vulas
2201 4508 2464 4567 nutriret,
2518 4508 2769 4562 tradidit.
2822 4508 3145 4563 Gerhardus
3187 4525 3319 4561 vero
3380 4510 3669 4578 Aspolam,

1981 4596 2114 4667 quia
2145 4596 2399 4665 proxima
2448 4600 2588 4660 erat,
2638 4598 2892 4651 Baldrico
2924 4597 3227 4665 commisit,
3262 4602 3317 4652 et
3346 4598 3673 4665 Hengibach

1981 4685 2187 4746 viduae,
2231 4684 2349 4737 suis
2396 4685 2665 4738 custodiis
2709 4686 2978 4739 adhibitis
3023 4686 3116 4754 20⁷,
3152 4686 3299 4740 tueri
3322 4687 3509 4755 jussit.
3537 4687 3673 4750 Quae

1981 4772 2355 4826 muliebribus
2386 4771 2460 4806 20⁸
2512 4772 2679 4827 rebus
2724 4774 2959 4843 agitata,
2992 4775 3232 4828 accitum
3275 4774 3672 4830 Gevehardum

1982 4861 2046 4914 ad
2076 4878 2134 4914 se
2175 4860 2429 4926 admisit,
2483 4865 2538 4914 et
2570 4861 2676 4914 sibi
2722 4861 2781 4915 in
2830 4863 3163 4933 conjugium
3214 4863 3521 4934 copulavit.
3574 4862 3674 4917 Hic

1980 4950 2146 5003 miles
2176 4950 2427 5017 primum
2486 4949 2728 5003 Baldrici
2774 4950 2979 5015 fuerat,
3031 4956 3116 5005 set
3146 4951 3279 5021 quia
3315 4952 3433 5005 haec
3479 4952 3675 5005 omnia

1980 5054 2049 5092 eo
2082 5038 2356 5093 insciente
2387 5043 2443 5093 et
2472 5037 2593 5092 sine
2632 5039 2755 5110 ejus
2783 5040 3020 5094 consilio
3056 5044 3374 5111 peregerat,
3410 5046 3466 5093 et
3494 5042 3673 5110 Aspo-

1575 5110 1808 5166 νΑΗῐίΕ
1865 5112 2258 5172 LECTIONES.

242 5175 314 5215 19⁸
345 5178 625 5234 stabilitas
668 5195 806 5233 corr.
855 5180 1137 5234 stabilitos
1166 5197 1211 5235 ο.
1320 5179 1391 5217 ¹⁹⁶
1421 5182 1647 5235 oblutos
1686 5199 1728 5236 c.

165 5250 376 5317 corrigo
406 5265 419 5313 ;
456 5266 566 5318 que
596 5252 828 5320 quiinea
863 5253 1007 5305 linea
1059 5253 1383 5307 subductum
1432 5268 1476 5305 c.

166 5323 225 5385 (ἱ.
258 5336 314 5387 q.
339 5321 610 5390 spadonis
652 5320 700 5391 ?)
727 5323 1095 5377 accuratioris
1152 5326 1202 5377 2.

1280 5322 1352 5357 ²⁰⁰
1394 5323 1674 5395 imperato
1723 5338 1767 5378 c.

160 5390 402 5444 lieribus
437 5408 482 5445 c.

1584 5250 1651 5289 ²⁰¹
1684 5253 1927 5308 advertit
1981 5275 2025 5312 c.

1836 5180 1903 5219 ‘97
1933 5204 2102 5243 manu
2130 5192 2181 5241 2.
2291 5185 2361 5225 I98
2398 5187 2665 5242 remisius
2700 5192 2749 5242 1.
2854 5185 2924 5226 ¹⁹⁹
2972 5188 3292 5243 obtinacius
3322 5206 3365 5243 ο.
3473 5188 3547 5223 ²⁰⁰
3593 5192 3675 5243 ita

2132 5258 2206 5293 ὀε
2253 5260 2618 5314 mitterentur
2670 5275 2808 5314 corr.
2870 5259 3193 5313 mitteretur
3225 5276 3270 5315 ο.
3384 5258 3458 5293 ²⁰³
3497 5263 3577 5315 ita
3619 5265 3667 5315 1.

1847 5324 1918 5361 ²⁰⁵
1943 5343 2008 5383 ex
2040 5333 2088 5383 1.
2119 5346 2169 5386 e.
2210 5333 2243 5385 2
2319 5330 2392 5364 ²⁰⁶
2440 5331 2679 5401 gehardi
2721 5347 2767 5387 θ.
2844 5329 2915 5366 ²⁰⁷
2965 5331 3252 5386 adhibitus
3300 5346 3344 5385 c.
3424 5329 3498 5365 ²⁰⁸
3549 5347 3668 5385 mu-

1805 5466 2026 5522 NOTAE.

235 5532 352 5603 (17)
384 5531 702 5588 Heimbach
731 5534 791 5587 in
821 5533 1001 5590 Eiﬂia.
