3956 6300
287 330 390 383 475

1240 327 1538 381 ALPEltTl
1579 326 1632 380 S.
1679 325 2150 380 SYlll’llORlANl
2192 323 2485 379 METENS.
2531 323 2832 379 MONACH.

3691 326 3797 378 476

288 449 426 517 lam,
461 465 599 520 quae
645 449 751 502 sub
799 463 904 501 sua
947 451 1227 518 potestate
1277 451 1417 515 erat,
1467 464 1536 502 ex
1583 453 1743 518 parte
1785 445 1978 501 uxoris
2009 449 2052 500 Α
2091 447 2150 499 in
2169 460 2227 500 eo
2281 445 2418 515 quid
2472 445 2610 498 mihi
2650 447 2723 498 sit
2769 449 3084 500 eventurum
3131 447 3410 514 ignorans,
3456 452 3534 503 set
3596 451 3699 504 Deo
3747 453 3799 502 et

289 537 682 608 appetiturum
745 541 1109 607 cognoverat,
1163 553 1278 607 qua
1309 552 1499 590 carere
1549 535 1797 602 nolebat,
1851 535 1994 590 ami-

277 625 485 680 citiam
528 625 652 696 ejus
696 624 906 695 repulit
945 629 1000 678 et
1049 625 1291 678 militem
1352 623 1649 678 abdicavit.
1702 623 1811 689 Qui
1862 640 1993 678 cum

290 716 415 785 ejus
466 714 739 783 potentiae
784 712 1050 767 resistere
1111 729 1226 768 non
1272 718 1482 784 posset,
1536 713 1867 768 Wicmanno
1934 730 1992 768 se

291 802 516 857 devovit
545 803 784 873 ejusque
806 801 1066 872 imperiis
1091 818 1150 855 se
1186 801 1456 856 subdidit.
1495 801 1624 856 llaec
1663 806 1784 855 erat
1823 818 1993 856 causa

290 908 420 962 quae
477 891 870 946 Gevehardum
919 895 1116 944 contra
1177 889 1499 944 Baldricum
1551 890 1888 946 accenderat
1937 897 1991 945 et

290 980 440 1034 inter
484 996 582 1033 eos
614 978 914 1033 discidium
945 979 1171 1032 fecerat.
1202 977 1436 1049 Aliquot
1464 977 1665 1033 diebus
1707 978 1990 1033 Baldricus

289 1083 421 1121 cum
459 1067 518 1121 in
541 1067 778 1120 vinculis
810 1072 1121 1132 teneretur,
1168 1067 1480 1137 postulavit
1511 1073 1572 1120 ut
1620 1071 1850 1137 accepta
1894 1084 1989 1138 pe-

290 1155 478 1221 cunia,
513 1161 788 1226 quantam
821 1155 1093 1210 voluisset
1139 1155 1543 1209 dimitteretur.
1596 1156 1876 1226 Cumque,
1928 1162 1990 1208 ut

287 1244 385 1298 ille
417 1243 522 1297 hoc
569 1243 806 1297 laudare
855 1243 1044 1314 vellet,
1095 1242 1186 1297 vix
1233 1248 1550 1314 cogeretur,
1586 1243 1896 1311 constituit,
1927 1250 1990 1298 ut

291 1331 441 1384 intra
464 1331 864 1386 brevissimum
898 1331 1154 1402 spacium
1188 1331 1464 1402 temporis
1495 1331 1609 1385 duo
1639 1331 1798 1385 milia
1821 1331 1987 1385 libra-

287 1435 418 1473 rum
449 1419 672 1489 argenti
697 1421 1083 1490 proﬁteretur.
1131 1421 1206 1473 Ea
1238 1419 1473 1491 quidem
1522 1421 1743 1474 ratione
1790 1420 1984 1475 dimis-

288 1525 384 1560 sus
405 1513 509 1573 est,
544 1512 599 1561 et
622 1508 719 1561 ille
751 1507 1040 1562 obsidibus
1071 1508 1141 1561 de
1175 1507 1417 1578 pecunia
1443 1508 1694 1563 cavebat.
1729 1508 1986 1580 Cumque

289 1596 407 1649 haec
457 1595 896 1666 conquireretur
955 1602 1012 1650 et
1054 1596 1408 1650 conferretur
1464 1595 1556 1662 ’09,
1609 1598 1806 1666 etjam
1856 1614 1986 1668 pars

290 1684 555 1754 quaedam
606 1683 738 1736 data
785 1688 932 1737 esset
990 1683 1290 1754 episcopus
1337 1689 1392 1738 et
1437 1685 1800 1738 Wicmauuus
1847 1701 1978 1739 cum
2013 1725 2054 1778 Β

291 1771 540 1826 exercitu
597 1771 910 1836 redierunt,
960 1789 1080 1826 rem
1127 1778 1347 1842 gestam
1391 1789 1425 1826 a
1460 1773 1838 1828 referentibus
1885 1790 1978 1828 co-

290 1865 636 1930 gnoverunt,
666 1865 725 1913 et
761 1863 1048 1925 eventum,
1100 1861 1274 1914 tantis
1322 1859 1652 1915 infortuniis
1697 1861 1814 1916 suis
1863 1862 1984 1916 exi-

291 1948 578 2018 gentibus,
643 1953 701 2002 et
754 1947 938 2002 nimia
999 1946 1075 1984 ²¹⁰
1132 1949 1586 2019 obtemperantia
1633 1950 1826 2003 uxoris
1871 1950 1982 2020 (48)

287 2035 672 2090 commiserati
732 2042 879 2090 sunt.
954 2037 1020 2090 Et
1062 2035 1276 2090 indicto
1320 2041 1627 2102 conventu,
1690 2037 1860 2091 simul
1914 2040 1983 2075 ²¹¹

289 2123 660 2190 conveniunt,
703 2124 1098 2180 Gevehardum
1156 2125 1561 2193 adhibuerunt,
1603 2129 1659 2180 et
1713 2132 1780 2180 ut
1823 2125 1982 2180 illam

290 2213 595 2283 pecuniam
635 2217 843 2283 praeter
885 2213 1337 2284 quadringentas
1377 2214 1553 2268 libras
1600 2214 1822 2285 argenti
1855 2215 1984 2268 Bal-

291 2300 449 2355 drico
501 2301 846 2372 indulgeret,
893 2301 1293 2372 perfecerunt;
1321 2305 1377 2357 et
1419 2301 1537 2371 ille,
1575 2303 1642 2357 de
1674 2302 1762 2356 liis
1793 2302 1985 2357 omni-

288 2389 395 2443 bus
423 2405 551 2459 quaa
583 2388 641 2442 in
677 2406 810 2443 eum
841 2389 1146 2444 commissa
1171 2397 1306 2444 sunt
1342 2391 1561 2444 nullam
1596 2407 1868 2464 umquam
1898 2392 1985 2446 ul-

289 2476 507 2531 tionem
543 2482 850 2547 expeteret,
884 2481 1236 2530 sacramento
1266 2477 1532 2531 ﬁrmavit.

775 2569 860 2619 l'2.
898 2569 974 2620 De
1001 2581 1122 2619 nece
1164 2567 1473 2620 Wicmanni
1504 2568 1647 2637 (49).

363 2653 483 2706 Non
519 2654 698 2707 multo
730 2660 990 2724 tempore
1029 2660 1156 2724 post
1193 2654 1309 2722 (an.
1344 2657 1502 2725 1016)
1535 2656 1657 2710 haec
1689 2655 1984 2711 familiari-

289 2741 396 2795 bus
437 2742 751 2812 amicisque
805 2742 1043 2796 Baldrici
1075 2749 1133 2797 ct
1170 2743 1487 2797 Wicmanni
1525 2745 1888 2814 complacuit,
1924 2750 1988 2798 ut

288 2829 578 2898 deinceps,
625 2829 783 2883 omni
830 2830 1117 2884 simultate
1158 2832 1494 2902 postposita,
1530 2849 1638 2902 pax
1685 2833 1902 2887 stabilis
1934 2836 1988 2888 et

290 2917 430 2972 ﬁdes
460 2918 628 2971 ﬁrma
670 2917 821 2971 inter
852 2934 950 2972 eos
1000 2918 1336 2973 sanciretur.
1386 2920 1549 2983 Quod
1593 2937 1724 2974 cum
1787 2937 1986 2974 omnes

290 3022 407 3060 uno
451 3005 644 3059 animo
689 3007 1100 3075 collaudareut,
1153 3007 1223 3060 ad
1264 3008 1635 3062 constitutam
1673 3009 1824 3063 diem
1869 3011 1978 3063 ite-
2015 3012 2054 3065 C

290 3107 420 3144 rum
461 3106 662 3144 omnes
691 3091 1052 3146 conveniunt.
1087 3092 1217 3146 Post
1263 3092 1444 3146 multa
1473 3093 1757 3164 colloquia
1806 3100 1986 3148 trans-

291 3179 767 3234 ieruntundecim
799 3195 927 3232 cum
979 3180 1235 3234 Baldrico
1283 3187 1342 3235 et
1386 3183 1624 3236 totidem
1671 3199 1800 3238 cum
1833 3185 1985 3238 Wic-

291 3285 524 3331 manno.
585 3269 936 3338 juramento,
997 3269 1149 3324 inter
1199 3271 1354 3341 ipsos
1409 3272 1736 3327 habituram
1785 3290 1984 3343 pacem

291 3362 347 3410 et
387 3357 560 3411 ﬁdem
607 3363 662 3410 et
709 3357 1096 3424 dilectionem,
1133 3375 1357 3413 summa
1397 3361 1685 3416 alacritate
1725 3363 1984 3417 omnium

293 3457 352 3496 se
383 3442 802 3512 obligaverunt.
845 3443 1004 3506 Quod
1049 3448 1108 3496 ut
1137 3443 1348 3498 factum
1381 3450 1484 3511 est,
1534 3449 1667 3500 satis
1708 3447 1820 3501 ﬁda
1849 3447 1988 3500 ami-

291 3530 425 3584 citia
464 3531 585 3585 sine
625 3531 743 3584 ulla
786 3531 1132 3601 suspicione,
1177 3537 1242 3585 ut
1283 3532 1624 3603 quibusdam
1665 3535 1984 3602 videbatur,

291 3624 492 3690 postea
522 3620 611 3674 usi
641 3624 791 3675 sunt.
833 3620 928 3674 Set
971 3636 1102 3673 cum
1153 3621 1485 3690 procederet
1515 3623 1638 3693 jam
1687 3640 1802 3678 non
1842 3625 1989 3678 mul-

290 3714 412 3762 tum
443 3709 699 3778 spacium
732 3709 1028 3778 temporis,
1052 3709 1266 3763 scilicet
1293 3711 1552 3764 nondum
1581 3719 1806 3782 peracto
1832 3729 1985 3766 anno

291 3796 476 3868 (0ct.),
519 3798 889 3852 Wicmauuus
933 3798 1002 3851 ad
1042 3797 1366 3853 convivium
1409 3801 1726 3856 Baldricum
1779 3803 1987 3856 invita-

290 3885 390 3939 vit.
440 3887 563 3951 Quo
599 3891 829 3955 peracto
861 3889 917 3940 et
961 3886 1334 3957 amplissimis
1362 3889 1526 3942 donis
1553 3890 1757 3945 oblatis
1789 3897 1845 3944 et
1881 3892 1984 3945 be-

292 3974 468 4044 nigne
499 3972 587 4028 his
610 3973 907 4043 susceptis,
928 3974 1147 4028 dimisit
1168 3990 1298 4029 eum
1318 3981 1519 4032 etcum
1542 3979 1788 4034 abeunte
1808 3981 1986 4034 comi-

288 4068 443 4116 tatus
510 4068 613 4118 est.
677 4062 893 4127 Quibus
969 4063 1259 4133 euntibus,
1319 4066 1606 4122 Baldricus
1681 4069 1990 4139 postulavit

290 4153 711 4217 Wicmannum,
759 4157 821 4206 ut
853 4151 1031 4206 vicem
1079 4153 1163 4208 illi
1215 4156 1579 4225 rependerat,
1627 4157 1697 4210 ad
1749 4156 1986 4210 domum

290 4256 451 4294 suam
483 4242 726 4308 veniret,
773 4242 1086 4312 epulasque
1127 4242 1235 4297 sibi
1285 4244 1511 4299 decenti
1555 4251 1836 4314 apparatu
1864 4246 1987 4300 exi—

287 4329 424 4384 bere
469 4329 680 4384 liceret.
731 4333 915 4400 Atque
963 4330 1215 4400 primum
1279 4332 1660 4398 renitebatur;
1717 4338 1802 4388 set
1856 4350 1985 4388 cum

289 4420 507 4470 tantam
556 4414 866 4471 amicitiam
908 4423 966 4471 et
1011 4418 1376 4474 dilectionem
1429 4420 1579 4474 inter
1621 4437 1718 4474 eos
1753 4422 1983 4491 {confla-

293 4509 407 4558 tam
463 4505 759 4572 recoleret,
821 4511 882 4560 ut
939 4507 1098 4561 nefas
1153 4512 1382 4579 putaret
1439 4509 1485 4562 si
1535 4525 1654 4563 non
1707 4511 1988 4566 voluntati

290 4594 412 4663 ejus
455 4593 864 4664 adquiesceret,
920 4595 1035 4650 suis
1101 4597 1382 4651 militibus
1429 4597 1892 4654 dissuadentibus
1932 4605 1988 4654 et

290 4681 452 4752 quasi
495 4681 616 4751 jam
663 4698 856 4738 casum
899 4685 1021 4755 ejus
1069 4685 1477 4753 divinantibus,
1522 4690 1714 4742 tamen
1761 4690 1982 4757 annuit,

293 4775 350 4824 et
374 4770 749 4825 deducentem
790 4773 1125 4828 subsecutus
1157 4778 1258 4828 est.
1296 4774 1364 4828 Et
1409 4791 1538 4829 cum
1581 4775 1700 4848 jam
1731 4785 1863 4832 ante
1895 4777 1982 4831 in-

290 4859 528 4913 troitum
558 4861 774 4916 castelli
803 4861 1036 4916 nomine
1085 4861 1307 4933 Upladii
1337 4864 1446 4935 (50)
1488 4865 1794 4934 venissent,
1836 4868 1983 4921 Wic-

290 4963 535 5002 mannus
577 4965 880 5003 conversus
939 4949 1082 5003 dixit
1139 4950 1209 5004 ad
1268 4951 1558 5006 alterum:
1610 4953 1750 5008 Ecce
1798 4960 1986 5009 contra

286 5038 616 5092 voluntatem
657 5053 904 5094 meorum
951 5037 1195 5093 militum
1223 5038 1320 5094 hoc
1367 5043 1645 5096 castellum
1682 5043 1980 5110 ingredior,

2101 538 2291 608 vestrae
2330 534 2459 602 ﬁdei
2501 548 2580 587 me
2627 533 2862 587 medium
2903 537 3202 602 interpono.
3237 535 3496 606 Cumque
3545 536 3650 605 illi,
3702 553 3801 591 ve-

2101 623 2400 676 hementer
2441 619 2728 674 admirans
2779 636 2954 692 super
2998 621 3168 676 verbo
3200 623 3328 689 hoc,
3379 623 3615 678 dixisset
3653 625 3804 679 nihil

2099 709 2452 765 incommodi
2494 710 2605 763 Deo
2657 709 2994 779 disponente
3045 717 3144 765 aut
3187 711 3525 779 aversitatis,
3560 719 3644 766 set
3673 729 3804 767 om-

2099 798 2196 853 nia
2226 815 2355 871 quaa
2387 815 2503 853 suae
2523 798 2694 852 saluti
2725 804 2782 852 et
2808 798 3014 852 honori
3056 805 3458 871 congruerent,
3490 800 3598 854 sibi
3633 817 3804 855 even-

2097 891 2246 954 tura,
2292 888 2582 959 iugressus
2631 893 2734 942 est.
2789 889 3048 958 Uxorque
3092 888 3333 943 Baldrici
3371 889 3490 943 solo
3535 905 3798 960 corpore,

2097 992 2215 1030 non
2252 977 2466 1045 animo,
2523 977 2856 1046 procedens,
2898 975 3164 1047 plurimis
3206 976 3411 1044 verbis,
3462 983 3525 1032 ut
3555 993 3680 1032 mos
3711 983 3802 1032 est

2097 1063 2475 1130 adulantium,
2520 1064 2684 1118 illum
2737 1064 3000 1135 suscepit.
3050 1065 3196 1120 Sane
3241 1065 3476 1136 quidem
3535 1083 3685 1136 pene
3735 1066 3799 1120 in

2096 1153 2337 1223 singulis
2388 1152 2685 1206 sententiis
2737 1156 2936 1206 contra
2966 1169 3092 1208 eam
3141 1153 3353 1208 bellum
3385 1155 3672 1224 suscipere
3719 1157 3799 1210 vi-

2094 1241 2250 1307 deor,
2281 1241 2418 1295 dum
2463 1241 2694 1307 invitus,
2727 1258 2853 1312 quae
2886 1241 2954 1296 de
2989 1241 3086 1296 illa
3134 1243 3481 1309 referuntur,
3532 1259 3797 1297 necessa-

2093 1329 2179 1383 rio
2207 1329 2408 1384 ordine
2448 1345 2728 1400 exponere
2773 1346 2964 1400 cogor.
3003 1332 3122 1397 llla,
3175 1331 3366 1384 statim
3403 1336 3467 1384 ut
3498 1331 3799 1402 ingressus

2094 1423 2199 1486 est,
2245 1405 2539 1474 de'morte
2586 1418 2836 1472 hominis
2891 1423 3133 1472 tractare
3183 1419 3376 1489 coepit,
3430 1422 3487 1472 et
3535 1421 3794 1488 primum

2095 1507 2324 1561 venenis
2372 1506 2704 1576 extinguere
2751 1507 3070 1577 temptavit.
3108 1508 3204 1562 Set
3247 1523 3377 1560 cum
3409 1507 3517 1561 hoc
3547 1507 3693 1561 nihil
3731 1524 3796 1562 se

2093 1597 2368 1667 proﬁcere
2442 1595 2844 1649 animadvertit
2913 1595 3188 1649 insciente
3251 1595 3478 1663 marito,
3550 1596 3795 1650 consilio

2093 1701 2222 1738 cum
2266 1685 2490 1738 duobus
2542 1684 2706 1750 inito,
2767 1700 2880 1737 uno
2929 1699 2991 1736 ex
3049 1684 3327 1738 militibus
3384 1689 3440 1738 et
3485 1685 3667 1738 altero
3717 1684 3795 1722 ²¹²

2093 1789 2252 1827 εντγο
2272 1773 2471 1843 ipsius,
2495 1771 2732 1843 perditis
2752 1771 3104 1838 hominibus,
3125 1771 3504 1841 promissione
3537 1773 3792 1838 ﬁrmata,

2093 1861 2238 1916 datis
2263 1860 2494 1929 dextris,
2526 1865 2588 1914 ut
2616 1877 2748 1914 eum
2798 1859 3334 1932 quomodocumque
3378 1861 3793 1927 interﬁcerent,

2094 1949 2361 2005 obtinuit.
2406 1949 2602 2003 'l‘ercio
2637 1949 2748 2015 die,
2805 1949 2969 2002 ﬁnito
3021 1950 3302 2013 convivio,
3358 1965 3567 2019 magno
3602 1949 3796 2003 comi-

2094 2040 2211 2091 tatu
2257 2054 2385 2090 cum
2432 2037 2638 2091 laeticia
2705 2042 2761 2091 et
2801 2037 3158 2107 jocunditate
3215 2037 3509 2093 Baldricus
3559 2037 3797 2092 deducit

2094 2126 2417 2180 abeuntem.
2450 2126 2670 2189 Quibus
2717 2125 3208 2196 proﬁciscentibus
3239 2125 3313 2159 9'3
3359 2127 3500 2193 (Oct.
3544 2126 3620 2194 6),
3663 2126 3796 2197 qui-

2092 2214 2222 2268 dam
2279 2231 2344 2268 ex
2405 2219 2562 2285 parte
2619 2214 2816 2268 uxoris
2874 2213 3137 2282 Baldrici,
3187 2213 3416 2268 intuens
3470 2214 3798 2268 Wicmanni

2093 2302 2438 2373 elegantiam
2466 2307 2522 2356 et
2550 2301 2904 2356 honestatem
2944 2301 3218 2367 hominis,
3253 2302 3394 2355 dixit
3427 2301 3496 2356 ad
3533 2302 3792 2357 socium:

2098 2392 2229 2444 Tam
2257 2390 2578 2459 prudentem
2625 2391 2806 2444 cirum
2832 2395 2882 2443 et
2935 2396 3047 2444 tam
3073 2391 3258 2460 probis
3287 2390 3526 2445 moribus
3567 2390 3799 2445 decora-

2096 2483 2277 2533 tumet
2311 2483 2386 2532 tot
2427 2478 2721 2533 virtutibus
2768 2480 3093 2547 praeclarum
3139 2495 3244 2533 non
3297 2481 3462 2546 facile
3501 2481 3798 2549 quisquam

2093 2569 2381 2637 repperict.
2409 2566 2513 2622 Cui
2558 2567 2704 2620 alter
2733 2567 3062 2636 respondit:
3102 2568 3346 2635 Expecta
3390 2568 3698 2636 paulisper,
3745 2571 3801 2622 et

2093 2656 2299 2710 videbis
2327 2658 2488 2710 istius
2520 2656 2854 2710 invidissimi
2883 2656 3115 2709 hominis
3141 2657 3371 2723 gloriam
3402 2658 3460 2709 in
3483 2656 3633 2710 brevi
3657 2672 3798 2725 per-

2094 2747 2318 2800 ituram.
2351 2746 2423 2798 Ex
2455 2760 2568 2815 qua
2597 2761 2657 2797 re
2678 2745 2987 2814 colligitur,
3025 2760 3152 2798 vere
3182 2750 3378 2797 contra
3409 2760 3541 2798 eum
3583 2744 3798 2799 factam

2096 2832 2574 2902 conspirationem
2611 2831 2802 2885 fuisse.
2837 2831 2932 2886 Set
2956 2848 3083 2884 cum
3121 2848 3234 2884 non
3267 2831 3489 2902 longius
3539 2831 3797 2886 miliario

2096 2922 2167 2975 ab
2200 2921 2411 2992 oppido
2444 2920 2952 2991 progrederentur,
3000 2926 3057 2974 et
3086 2920 3460 2974 Wicmauuus
3508 2935 3640 2973 cum
3677 2936 3798 2974 uno

2099 3010 2163 3062 de
2204 3025 2306 3062 sua
2358 3025 2417 3062 re
2465 3008 2736 3062 familiari
2770 3024 2963 3062 secum
3009 3007 3199 3078 agenti
3245 3008 3547 3078 paululum
3588 3024 3802 3078 praece-

2096 3097 2276 3163 deret,
2312 3102 2368 3150 et
2411 3097 2500 3150 sui
2549 3105 2678 3150 ante
2736 3112 2870 3150 eum
2930 3112 3032 3166 per
3063 3112 3263 3167 agrum
3311 3096 3512 3165 sparsi,
3570 3097 3798 3150 nullam

2095 3185 2430 3256 opinionem
2461 3186 2682 3240 timoris
2710 3185 3006 3251 habentes,
3041 3185 3483 3255 praecessissent,
3517 3185 3600 3238 illi
3635 3186 3799 3240 nefa-

2094 3275 2166 3328 rii
2214 3274 2477 3328 homines
2527 3274 2594 3327 de
2645 3273 2954 3344 improviso
3012 3290 3145 3326 eum
3198 3272 3449 3342 adgressi
3479 3272 3667 3326 subito
3705 3273 3800 3327 in-

2093 3363 2402 3430 terﬁciunt,
2423 3367 2480 3416 et
2513 3361 2710 3432 rapido
2738 3377 2907 3415 cursu
2931 3378 2988 3415 se
3011 3361 3142 3415 inde
3164 3360 3510 3432 proripiunt.
3529 3361 3798 3432 Cumque

2093 3467 2404 3506 concursus
2448 3451 2631 3513 ﬁeret,
2666 3455 2723 3504 et
2772 3451 2917 3505 alius
2957 3450 3152 3516 alium,
3185 3450 3461 3520 quidnam
3512 3451 3802 3504 tumultus

2094 3540 2463 3611 signiﬁcaret,
2482 3539 2749 3593 clamosis
2780 3538 3012 3592 vocibus
3043 3543 3488 3610 percontaretur,
3533 3543 3590 3592 et
3621 3555 3801 3594 nemo

2094 3630 2404 3701 quicquam
2443 3629 2600 3694 certi,
2645 3629 2904 3682 nondum
2937 3644 2997 3681 re
3041 3630 3290 3698 cognita,
3323 3627 3667 3697 respondere
3699 3645 3801 3699 po-

2095 3719 2320 3783 tuisset,
2355 3717 2587 3770 tandem
2619 3717 2773 3770 caede
2819 3722 3112 3786 conperta,
3149 3722 3206 3769 et
3241 3715 3481 3769 cadaver
3510 3716 3800 3786 sanguine

2096 3821 2468 3877 conspersum
2498 3806 2664 3876 juxta
2710 3806 2859 3860 viam
2880 3806 3078 3876 jacens
3108 3809 3428 3872 cernerent,
3468 3805 3719 3860 clamore
3742 3810 3801 3859 et

2094 3895 2326 3966 planctu
2395 3911 2608 3965 magno
2656 3895 2876 3949 sublato
2945 3895 3052 3948 hoc
3101 3895 3283 3948 scelus
3353 3893 3706 3948 unanimiter
3735 3894 3798 3949 in

2099 3983 2420 4037 Baldricum
2452 3982 2856 4050 conferebant;
2890 3984 3001 4036 tale
3032 3984 3154 4053 ejus
3199 3988 3255 4036 et
3283 3982 3584 4036 consilium
3615 3989 3674 4036 et
3725 3983 3798 4037 ﬁ-

2097 4073 2227 4126 dem
2261 4088 2407 4126 esse.
2449 4073 2513 4125 Et
2542 4072 2804 4142 quamvis
2843 4071 3117 4126 innocens
3145 4071 3321 4142 hujus
3367 4069 3590 4125 consilii
3621 4076 3796 4134 esset,

2097 4160 2288 4214 nullus
2331 4166 2524 4213 tamen
2573 4176 2638 4213 ex
2683 4160 2951 4214 omnibus
2982 4160 3050 4214 ad
3095 4161 3202 4214 hoc
3255 4158 3458 4213 adduci
3489 4157 3700 4230 potuit,
3737 4164 3802 4213 ut

2096 4250 2260 4304 illum
2315 4250 2483 4320 culpa
2541 4265 2654 4303 non
2702 4249 2886 4303 teneri
2937 4249 3363 4318 arbitraretur;
3421 4249 3499 4302 ita
3556 4254 3801 4320 propter

2098 4337 2384 4393 maliciam
2427 4337 2622 4392 uxoris
2672 4337 2732 4391 in
2787 4337 2980 4392 odium
3015 4338 3137 4409 ejus
3186 4337 3446 4391 omnium
3479 4337 3632 4393 fama
3657 4354 3793 4392 con-

2096 4425 2347 4480 sentiens
2392 4430 2532 4479 erat.
2595 4426 2882 4480 Baldricus
2948 4442 3080 4480 vero
3137 4431 3199 4480 ut
3250 4425 3466 4480 audivit
3522 4427 3797 4482 comitem

2096 4531 2217 4568 esse
2283 4514 2553 4581 occisum,
2624 4515 2816 4570 animo
2880 4516 3373 4582 consternebatur,
3433 4516 3684 4570 lacrimis
3738 4522 3799 4571 et

2094 4603 2288 4657 multis
2338 4603 2645 4674 gemitibus
2676 4604 2893 4659 deﬂens
2945 4604 3240 4659 interitum
3268 4604 3411 4671 viri;
3446 4610 3503 4659 et
3531 4609 3798 4659 metuens

2096 4707 2166 4744 ne
2197 4696 2396 4745 contra
2424 4707 2483 4745 se
2515 4707 2582 4746 ex
2612 4693 2825 4746 recenti
2855 4692 3050 4747 dolore
3093 4693 3376 4747 tumultus
3429 4693 3796 4762 excitaretur,

2093 4780 2356 4834 celeriter
2383 4797 2442 4834 se
2472 4779 2673 4852 recipit
2693 4780 2751 4834 in
2783 4781 3078 4852 oppidum.

2557 4872 2640 4924 l3.
2665 4872 2739 4924 De
2763 4870 2991 4925 Ubladio
3021 4870 3317 4924 destructa.

2165 4959 2276 5012 Hac
2301 4974 2363 5012 re
2414 4957 2628 5030 ubique
2687 4958 2996 5029 divulgata,
3051 4959 3239 5012 statim
3272 4959 3342 5012 ab
3366 4959 3581 5014 domno
3612 4959 3789 5014 Adel-

2097 5045 2270 5100 boldo
2308 5045 2578 5116 episcopo
2609 5051 2668 5100 et
2709 5046 2849 5100 duce
2879 5052 2936 5100 et
2982 5047 3202 5100 caeteris
3246 5045 3445 5099 amicis
3477 5062 3673 5099 eorum
3709 5047 3792 5100 le-

1692 5167 1925 5221 VABUE
1965 5167 2257 5223 LECTION
2269 5170 2364 5224 ES.

360 5245 432 5282 ’09
462 5247 883 5304 conferrcretur
914 5265 959 5304 c.
1069 5248 1144 5284 ²¹⁰
1173 5249 1361 5304 exnim
1396 5268 1427 5304 a
1451 5253 1571 5321 jam
1605 5254 1823 5308 exnimi
1855 5271 1885 5309 a
1922 5272 1967 5310 c.

2082 5259 2151 5291 ²¹¹
2189 5223 2419 5313 simul.
2525 5259 2595 5294 ²¹²
2627 5259 2768 5313 alter
2797 5263 2816 5313 l
2926 5258 2999 5292 ²¹³
3024 5223 3516 5330 protiscicentibus
3552 5263 3596 5313 l.

1921 5377 2146 5433 NOTAE.

361 5456 472 5523 (is)
491 5455 697 5511 Adeiae.

365 5527 480 5592 (49)
511 5527 598 5580 Cf.
654 5528 966 5582 Tliietmari
1023 5528 1232 5582 Chron.
1269 5547 1366 5598 vn,
1415 5535 1501 5598 33,
1554 5534 1639 5586 3i.
1678 5537 1801 5587 Aun
1839 5534 1982 5588 Hild.

2093 5465 2283 5520 Lamb.
2317 5465 2517 5529 Quedl.
2556 5480 2649 5518 an.
2689 5469 2851 5519 1016.

2167 5535 2278 5602 (50)
2313 5537 2470 5590 Haud
2501 5536 2694 5606 procul
2729 5535 3076 5606 Noviomago
3099 5539 3156 5589 et
3185 5536 3400 5589 Eltena.
