3956 6302
170 313 278 365 477

1021 313 1109 371 DE
1152 314 1611 370 DIVERSITATE
1652 316 2040 373 TEMPORUM
2090 319 2277 373 LIBRI
2320 318 2475 373 DUO.
2521 350 2585 357 —
2628 320 2752 373 LIB.
2799 321 2861 373 ll.

3578 323 3680 377 i578

166 434 436 506 gationes
486 434 561 490 ud
607 436 1012 506 imperatorem
1074 435 1405 507 mittuntur,
1464 438 1563 510 qui
1594 443 1730 494 tunc
1750 456 1877 495 cum
1908 444 1954 496 A
1995 441 2249 512 utrisque
2301 444 2572 497 certatur.
2628 442 2725 496 Set
2777 440 3096 513 oppidanos
3143 441 3205 496 in
3243 443 3351 498 hoc
3398 445 3680 515 superari,

166 524 428 579 exercitu
481 525 541 578 in
590 524 921 595 Burgundia
982 526 1333 593 morabatur,
1392 527 1464 581 ab
1508 527 1597 581 his
1628 528 1697 583 de
1728 528 1878 584 Wic-

169 613 375 668 manni
405 613 559 667 caede
612 617 934 683 cognoscat.
996 613 1104 677 Qui
1135 613 1205 668 de
1246 619 1428 667 morte
1460 615 1791 670 amicissimi
1823 622 1881 673 et

166 700 607 756 familiarissimi
650 701 752 754 viri
791 701 1161 755 vehementer
1207 708 1549 767 commotus,
1585 709 1878 758 auctorem

169 792 347 846 caedis
401 795 462 843 ut
519 797 935 861 persequantur
964 795 1017 844 et
1044 790 1196 844 bona
1228 792 1349 861 ejus
1389 791 1662 862 diripiant
1684 792 1875 863 jussit,

171 896 353 950 seque
384 878 537 933 illico
591 886 897 932 venturum
928 878 1257 934 denuntiat.
1309 879 1597 933 Baldricus
1630 897 1760 935 vero
1788 881 1876 935 in-

173 968 456 1037 tellegens
509 967 799 1021 neminem
832 966 998 1020 aliter
1048 966 1508 1021 existimaturum
1557 985 1730 1039 quam
1777 986 1877 1024 suo

172 1058 418 1111 consilio
473 1055 767 1111 hominem
824 1055 1258 1126 interemptum,
1295 1063 1597 1127 propterea
1627 1058 1776 1129 quod
1806 1058 1875 1112 ab

175 1144 300 1215 ipso
358 1145 515 1198 domi
546 1144 816 1197 invitatus
880 1145 1085 1209 fuerat,
1136 1150 1192 1198 et
1244 1145 1454 1216 oppido
1483 1151 1793 1215 receperat,
1824 1152 1879 1200 et

174 1233 489 1287 abeuntem
550 1233 887 1301 deduxerat,
949 1238 1004 1287 et
1044 1234 1104 1287 in
1136 1234 1442 1305 prmsentia
1497 1251 1599 1288 sua
1646 1240 1877 1289 necatus

171 1321 384 1385 fuerat,
420 1320 578 1391 gravi
609 1321 802 1375 dolore
830 1321 1186 1376 afficiebatur
1215 1326 1270 1376 et
1302 1321 1440 1393 quid
1491 1322 1623 1377 huic
1658 1324 1741 1377 rei
1772 1341 1874 1394 op-

172 1415 423 1479 poneret
481 1409 853 1479 excogitabat.
888 1411 1068 1474 Quem
1124 1411 1320 1465 dolore
1364 1416 1700 1466 moerentem
1736 1428 1879 1467 uxor

175 1500 474 1566 accedens,
545 1498 740 1551 multis
816 1498 1303 1570 increpationibus
1355 1501 1648 1570 arguebat,
1709 1506 1765 1556 et
1815 1506 1877 1556 ut

172 1587 556 1640 constantiam
599 1593 656 1641 et
696 1587 842 1640 vires
874 1594 1145 1643 sumeret'
1173 1594 1229 1643 et
1261 1589 1537 1643 desidiam
1569 1590 1879 1660 deponeret

174 1675 534 1728 hortabatur.
593 1674 751 1728 Hanc
781 1675 1085 1730 molliciem
1117 1676 1295 1730 animi
1328 1676 1425 1731 vili
1457 1677 1740 1748 mancipio
1773 1695 1873 1749 po-

176 1763 293 1817 tius
351 1779 525 1834 quam
580 1763 665 1817 illi
718 1779 1037 1834 congruere
1083 1765 1321 1831 dicebat,
1375 1766 1594 1837 hocque
1626 1767 1879 1837 mquiore

177 1852 377 1906 animo
416 1853 717 1907 ferendum
758 1853 940 1919 docet,
992 1854 1146 1925 quod
1178 1855 1335 1908 nullo
1369 1855 1620 1909 remedio
1652 1872 1881 1927 recupe-

177 1942 297 1995 rari
336 1941 538 2011 possit.
606 1943 801 2012 Neque
857 1942 1028 1996 etiam
1067 1942 1446 1998 dubitandum
1489 1944 1629 2014 quin
1656 1961 1755 1998 sua
1784 1961 1881 1998 ra-

178 2030 338 2084 tione
389 2035 447 2083 et
488 2030 780 2084 voluntate
838 2031 1108 2085 comitem
1166 2031 1413 2086 occisum
1442 2033 1568 2087 illos
1598 2033 1877 2088 arbitran-

177 2117 301 2183 dos,
336 2123 394 2171 et
456 2117 667 2173 idcirco
720 2121 917 2189 procul
973 2119 1148 2174 dubio
1211 2121 1565 2175 credendum
1600 2122 1879 2177 ultionem

178 2206 253 2259 ab
307 2206 387 2259 eis
427 2222 546 2259 esse
607 2208 1001 2278 expetendam.
1060 2209 1309 2263 Proinde
1347 2226 1488 2280 opus
1519 2226 1638 2263 esse
1670 2214 1734 2264 ut
1763 2226 1879 2265 suae

179 2310 539 2365 suorumque
598 2296 769 2350 saluti
826 2296 1178 2367 prospiceret
1227 2302 1283 2352 et
1321 2298 1490 2352 rebus
1515 2298 1630 2352 suis
1656 2300 1881 2353 tuendis

177 2400 409 2438 summa
462 2401 597 2438 cura
651 2384 994 2454 invigilaret.
1068 2385 1164 2441 His
1216 2390 1272 2441 et
1324 2387 1452 2440 aliis
1490 2387 1883 2458 hujuscemodi

180 2472 367 2525 verbis
426 2473 686 2543 conjugis
735 2478 1030 2544 permotus
1079 2480 1135 2528 et
1172 2473 1231 2528 in
1295 2474 1540 2544 majores
1592 2478 1883 2547 angustias

181 2560 485 2627 adductus,
538 2568 924 2616 commeatum
949 2563 1006 2617 in
1039 2563 1317 2634 oppidum
1349 2566 1673 2636 conportari
1697 2567 1878 2635 jubet,

180 2654 248 2701 ut
294 2648 341 2701 si
381 2648 521 2719 quid
571 2650 716 2703 facto
746 2667 888 2719 opus
940 2658 1108 2717 esset,
1167 2651 1274 2705 sibi
1323 2652 1560 2706 facultas
1584 2654 1881 2708 resistendi

182 2754 303 2791 non
333 2738 621 2792 defuisset.
649 2740 816 2794 Mittit
854 2741 1086 2793 nuntios
1127 2741 1418 2795 Coloniam
1462 2742 1533 2796 ad
1569 2742 1879 2812 archipre-

182 2828 389 2893 sulem,
423 2827 483 2880 in
522 2828 684 2897 cujus
737 2828 1019 2882 clientela
1047 2834 1168 2882 erat
1218 2835 1274 2883 et
1302 2829 1425 2900 ejus
1477 2830 1741 2900 largitate
1791 2831 1884 2884 be-

182 2915 390 2968 nelicia
455 2918 637 2970 multa
684 2918 932 2983 tenebat,
976 2917 1056 2970 illi
1090 2934 1206 2971 rem
1240 2923 1456 2987 gestam
1489 2919 1775 2990 proponit.
1811 2922 1883 2973 At

1988 531 2141 601 quia,
2176 548 2304 585 cum
2363 531 2531 585 multi
2587 531 2954 585 accessissent
2995 536 3052 585 et
3080 531 3405 601 defatigatis
3426 532 3521 587 alii
3553 550 3677 587 suc-

1986 620 2305 686 cessissent,
2352 624 2587 690 pr0pter
2642 619 2989 689 paucitatem
3022 620 3450 674 defendentium
3498 637 3561 674 ex
3592 621 3679 676 his

1989 708 2129 761 nihil
2162 708 2230 762 ab
2279 708 2360 763 eis
2400 708 2523 762 ﬁeri
2554 708 2764 779 potuit.
2814 708 3072 762 Mulieres
3121 724 3349 779 quoque
3391 708 3567 778 galeis
3592 725 3676 763 ca-

1985 795 2200 865 pitibus
2249 797 2624 866 superpositis
2686 813 2789 867 per
2846 812 3076 851 murum
3145 797 3566 866 disposuerunt,
3625 800 3680 850 et

1984 899 2087 953 per
2131 900 2227 937 eas
2278 883 2527 953 speciem
2586 883 2969 954 pugnantium
3018 884 3409 953 praebuerunt,
3471 887 3531 937 ut
3565 883 3681 937 visa

1986 972 2329 1042 quasicopia
2349 978 2697 1025 armatorum
2722 958 3176 1043 desperationem
3198 971 3394 1042 oppidi
3418 970 3683 1042 potiundi

1983 1059 2241 1113 hostibus
2295 1060 2512 1114 darent.
2574 1059 2801 1115 Talibus
2853 1059 3229 1114 incommodis
3276 1061 3522 1130 fatigati,
3578 1061 3679 1115 ali-

1985 1152 2126 1219 quot
2154 1148 2354 1202 diebus
2392 1164 2543 1218 aegre
2577 1147 3061 1217 obpugnationem
3093 1149 3397 1203 sustinent.
3450 1148 3544 1203 Set
3564 1149 3683 1204 haec

1984 1236 2104 1288 sola
2164 1252 2252 1289 res
2310 1235 2561 1289 remedio
2610 1235 2721 1289 illis
2781 1242 2922 1302 erat,
2954 1237 3107 1305 quod
3143 1237 3297 1290 locus
3328 1253 3396 1290 ex
3436 1239 3681 1307 planicie

1984 1340 2187 1377 natura
2213 1323 2512 1393 paululum
2531 1324 2783 1389 adclivis,
2817 1329 2871 1378 et
2896 1341 3101 1395 aggere
3130 1325 3376 1396 aegregie
3409 1327 3680 1391 elevatus,
3780 1362 3789 1369 ρ

1985 1417 2040 1465 et
2073 1428 2259 1478 muro,
2294 1413 2447 1482 quod
2500 1412 2560 1465 in
2610 1413 2720 1466 illis
2746 1412 2886 1466 locis
2934 1414 3292 1467 rarissimum
3324 1419 3426 1481 est,
3461 1416 3683 1469 circun-

1985 1501 2149 1554 datus
2209 1504 2347 1554 erat.
2412 1501 2551 1555 Huic
2606 1500 2865 1555 firmitati
2913 1502 3110 1572 pocius
3166 1519 3341 1572 quam
3386 1502 3494 1557 sibi
3546 1504 3683 1574 ipsis

1985 1590 2372 1644 confidebant.
2411 1590 2504 1643 Set
2537 1605 2665 1643 cum
2721 1590 3132 1659 imperatorem
3192 1591 3682 1661 adpropinquasse

1989 1683 2399 1748 cognoscerent
2427 1683 2483 1732 et
2538 1679 2660 1749 ejus
2716 1682 2897 1733 castra
2955 1680 3153 1749 procul
3192 1679 3375 1733 extrui
3422 1680 3683 1734 animad-

1990 1773 2296 1833 verterent,
2350 1768 2645 1838 desperata
2692 1767 2893 1833 salute,
2954 1768 3023 1822 de
3074 1767 3363 1823 deditione
3393 1768 3462 1822 ad
3494 1768 3684 1822 hostes

1989 1858 2208 1927 legatos
2269 1856 2564 1910 miserunt.
2614 1855 2828 1920 Quibus
2876 1857 3230 1911 Adelboldus
3275 1857 3578 1928 episcopus
3626 1862 3683 1911 et

1992 1946 2354 2000 Bernhardus
2408 1946 2518 2000 dux
2574 1944 2800 1999 veniam
2856 1945 3159 2014 dederunt,
3207 1952 3263 2001 et
3292 1962 3523 2000 uxorem
3557 1947 3680 2000 Bal-

1988 2034 2131 2089 drici
2176 2050 2307 2088 cum
2364 2033 2481 2087 suis
2533 2034 2705 2088 rebus
2758 2034 3025 2089 omnibus
3082 2034 3239 2088 abire
3274 2034 3680 2104 permiserunt.

1991 2122 2297 2176 Castellum
2356 2138 2508 2186 vero,
2542 2138 2708 2177 muro
2778 2122 2967 2177 diruto
3008 2128 3065 2177 ct
3093 2124 3385 2190 subverso,
3417 2123 3684 2177 incendio

1989 2215 2484 2281 consumpserunt.

2282 2300 2362 2354 t-i.
2393 2302 2465 2354 De
2482 2299 2750 2355 Ruodoldo
2771 2315 2892 2367 rege
2920 2299 3392 2367 Burgundionum.

2062 2389 2379 2458 Imperator
2406 2388 2516 2442 illis
2574 2388 2773 2442 diebus
2829 2388 2889 2442 in
2938 2388 3285 2457 Burgundia,
3321 2394 3382 2443 ut
3422 2386 3684 2459 praedixi,

1992 2492 2120 2530 cum
2149 2477 2398 2531 exercitu
2464 2477 2571 2531 bac
2609 2477 2678 2530 de
2723 2493 2892 2531 causa
2948 2477 3291 2531 morabatur.
3340 2478 3480 2531 Nam
3539 2477 3689 2531 Boo-

1993 2566 2194 2620 doldus
2251 2582 2347 2619 rex
2403 2565 2751 2635 Burgundios
2806 2571 3044 2635 propter
3103 2565 3603 2619 mansuetudinem
3630 2568 3687 2618 et

1992 2654 2381 2708 innocentiam
2453 2653 2580 2708 vita:
2648 2671 2681 2707 a
2753 2654 3094 2725 quibusdam
3160 2652 3515 2723 principibus
3569 2652 3685 2706 suis

1993 2749 2352 2813 contemptus
2408 2747 2515 2811 est,
2593 2743 2742 2797 unde
2801 2748 2858 2797 et
2932 2743 3001 2797 de
3061 2758 3239 2812 regno
3309 2758 3441 2795 eum
3493 2742 3685 2812 expel-

1992 2832 2108 2886 lere
2193 2836 2636 2901 temptaverunt.
2739 2831 2861 2896 Qua
2943 2830 3277 2885 necessitate
3359 2831 3685 2901 compulsus

1994 2918 2060 2972 ad
2093 2919 2495 2989 imperatorem
2554 2921 2727 2985 venit,
2784 2919 2983 2990 illique
3040 2935 3267 2973 causam
3316 2934 3546 2972 omnem
3595 2934 3688 2971 or-

181 3004 277 3057 ille
330 3005 540 3059 auxilia
592 3022 694 3059 sua
765 3007 871 3060 sibi
929 3023 1046 3071 non
1101 3007 1366 3060 defutura
1435 3007 1724 3077 pollicitus
1777 3012 1877 3061 est.
1917 3010 1956 3063 C
1993 3008 2124 3061 dine
2191 3010 2440 3079 exponit,
2497 3014 2552 3063 et
2622 3008 2756 3079 quia
2812 3010 3068 3063 laborem
3133 3012 3188 3062 et
3239 3007 3470 3077 negotia
3526 3005 3688 3077 regni

182 3090 504 3160 Trajectum
558 3108 785 3162 quoque
847 3091 1100 3160 mittens,
1169 3094 1567 3162 supplementa
1617 3093 1881 3163 {episcopi

182 3179 464 3249 exposcit;
524 3180 623 3251 qui
677 3180 799 3251 ejus
846 3181 1167 3251 adjutorem
1220 3186 1275 3235 et
1313 3181 1560 3236 amicum
1612 3183 1733 3236 fore
1764 3199 1881 3237 non

178 3283 349 3336 posse
380 3268 753 3336 demonstrat,
814 3270 923 3322 nisi
982 3269 1218 3323 domino
1250 3286 1353 3323 suo
1420 3270 1755 3341 imperatori
1788 3288 1883 3325 au-

182 3361 350 3426 gusto
410 3358 478 3411 de
536 3357 783 3412 admisso
837 3359 1046 3412 scelere
1108 3359 1515 3430 inculpabilem
1574 3377 1694 3414 esse
1766 3358 1881 3415 ﬁda

182 3445 561 3500 satisfactione
609 3463 668 3501 se
726 3451 1094 3518 expurgaret.
1144 3451 1256 3503 [lac
1297 3465 1396 3519 spe
1454 3448 1881 3520 dejectus,om-

180 3549 300 3603 nes,
332 3551 363 3587 a
424 3535 632 3605 quibus
681 3536 850 3589 ﬁdem
906 3542 962 3590 et
1012 3537 1459 3590 familiaritatem
1490 3539 1776 3608 sperabat,
1812 3538 1882 3592 ad

182 3639 351 3676 suum
409 3624 683 3677 auxilium
723 3630 1021 3691 convocat;
1075 3630 1130 3679 et
1155 3625 1491 3695 priusquam
1520 3626 1573 3679 id
1607 3627 1878 3694 efticeret,

182 3711 492 3782 propinqui
551 3717 609 3765 et
666 3729 866 3766 omnes
924 3713 1093 3766 amici
1161 3713 1500 3778 Wicmanni,
1549 3720 1606 3768 et
1633 3714 1880 3768 maxime

182 3800 529 3855 Adelboldus
558 3801 931 3869 Trajectensis
976 3801 1294 3872 episcopus,
1330 3802 1429 3872 qui
1462 3802 1544 3855 illi
1569 3804 1646 3871 :ex
1688 3803 1791 3856 hac
1822 3819 1882 3857 re

187 3888 445 3943 omnium
494 3888 896 3943 infestissimus
952 3890 1130 3943 factus
1179 3896 1281 3957 est,
1328 3891 1551 3945 hostem
1588 3891 1880 3961 judicave-

186 3982 321 4032 runt
349 3982 405 4031 et
454 3977 603 4031 bona
633 3995 732 4031 sua
768 3977 1221 4049 publicaverunt.
1252 3979 1486 4033 Summa
1530 3996 1758 4051 quoque
1790 3980 1880 4034 di-

188 4065 425 4134 ligentia
456 4067 621 4133 clam,
666 4083 736 4120 ne
790 4066 845 4120 id
878 4068 945 4121 ad
979 4067 1363 4137 cognitionem
1410 4069 1533 4138 ejus
1566 4068 1878 4138 perveniat,

190 4154 504 4225 legationes
550 4155 701 4209 inter
757 4171 816 4209 se
871 4155 1095 4209 mittere
1148 4162 1461 4226 cceperunt.
1520 4162 1575 4211 et
1638 4158 1882 4227 quisque

189 4249 358 4314 prout
386 4243 565 4313 possit
613 4243 804 4314 copias
835 4249 1019 4314 cogat,
1064 4249 1119 4298 et
1156 4245 1225 4299 ad
1257 4245 1623 4298 constitutam
1658 4250 1878 4299 noctem

190 4337 247 4385 et
296 4337 516 4386 certum
574 4332 764 4386 locum
821 4332 1184 4397 conveniant,
1231 4339 1287 4386 et
1317 4334 1466 4386 intra
1498 4333 1881 4387 munitionem

192 4420 531 4487 Baldricum,
592 4420 637 4474 si
692 4420 817 4474 ﬁeri
869 4426 1077 4491 posset,
1130 4421 1410 4476 obsident.
1475 4423 1636 4486 Quod
1692 4438 1884 4475 cuma

188 4508 549 4575 capientibus
612 4509 875 4563 celeriter
950 4509 1450 4564 administraretur
1529 4506 1620 4572 3",
1707 4510 1884 4564 hostis

189 4597 600 4651 consuetudine
627 4614 728 4651 sua
775 4603 907 4652 ante
963 4598 1211 4668 primam
1242 4599 1553 4653 confectam
1605 4598 1878 4669 vigiliam,

189 4685 397 4739 timens
456 4684 775 4753 periculum
831 4684 1195 4748 obsessionis,
1265 4685 1477 4756 oppido
1528 4702 1655 4739 cum
1689 4686 1883 4756 paucis

190 4788 447 4842 egressus
468 4777 573 4825 est.
605 4772 713 4836 Qui
752 4771 811 4825 in
850 4773 1124 4837 tenebris,
1159 4779 1467 4844 conspectu
1497 4774 1764 4843 adempto
1788 4774 1880 4839 Μ,

187 4859 375 4913 hostes
422 4858 614 4914 videre
655 4877 768 4913 non
795 4862 1007 4931 potuit;
1063 4868 1145 4915 set
1204 4862 1468 4916 exaudito
1501 4863 1750 4916 tumultu
1782 4862 1882 4916 ad-

187 4948 541 5002 ventantium
584 4951 945 5019 perterritus,
978 4950 1149 5005 celeri
1181 4950 1317 5021 fuga
1346 4951 1541 5004 evasit.
1576 4952 1883 5006 Castellum

190 5035 481 5089 obsidetur
525 5031 619 5102 ³¹⁶,
671 5052 870 5089 omnes
924 5037 1031 5091 vici
1076 5042 1133 5091 et
1189 5038 1409 5108 privata
1445 5038 1685 5092 mditicia
1721 5039 1792 5093 ad
1824 5055 1882 5093 se

192 5124 537 5195 pertinentia
564 5124 779 5196 ubique
809 5130 1123 5192 vastantur,
1155 5132 1212 5180 et
1258 5143 1466 5197 magno
1523 5142 1764 5180 numero
1789 5144 1883 5197 pe-

192 5212 333 5266 coris
390 5216 447 5266 et
497 5215 811 5267 ceterarum
875 5230 1067 5268 rerum
1100 5215 1424 5285 pociuntur.
1489 5214 1625 5268 Dein
1658 5231 1783 5285 quae
1810 5215 1881 5269 ad

194 5316 440 5371 pugnam
496 5308 974 5372 praeparaverant,
1034 5302 1363 5374 expediunt.
1434 5303 1665 5357 Summa
1721 5303 1771 5356 vi
1811 5304 1880 5358 ab

1991 3096 2204 3150 diutius
2259 3097 2406 3150 ferre
2467 3113 2584 3150 non
2630 3102 2874 3168 poterat,
2918 3097 3051 3167 quia
3105 3098 3223 3167 jam
3278 3101 3439 3150 aetate
3483 3112 3688 3166 prove-

1990 3190 2113 3238 ctus
2145 3185 2347 3251 fuerat,
2382 3201 2625 3257 regnum
2679 3185 3012 3256 imperatori
3045 3185 3299 3250 tradidit,
3346 3190 3419 3252 et,
3454 3184 3685 3253 amplis-

1991 3273 2154 3327 simis
2197 3274 2361 3327 donis
2403 3274 2665 3345 acceptis,
2730 3274 2785 3329 in
2819 3274 3063 3345 patriam
3097 3290 3386 3345 regressus
3417 3278 3518 3328 est.
3554 3276 3685 3328 Post

1990 3363 2112 3416 haec
2150 3362 2461 3433 imperator
2498 3363 2559 3417 in
2612 3363 3001 3434 Burgundiam
3035 3364 3337 3431 profectus,
3371 3368 3684 3417 conventus

1990 3467 2134 3522 quos
2215 3451 2513 3506 constituit
2568 3452 2805 3522 peregit,
2876 3451 3101 3505 obsides
3150 3450 3386 3520 accepit,
3464 3454 3520 3504 et
3594 3467 3682 3505 re-

1989 3541 2094 3594 bus
2136 3539 2467 3594 necessariis
2513 3540 2829 3610 imperatis,
2890 3539 3079 3594 rediit.
3138 3539 3229 3594 Hii
3280 3536 3352 3571 ²¹⁷
3420 3554 3554 3592 vero
3585 3538 3685 3609 qui

1991 3634 2159 3682 antea
2214 3627 2586 3682 rebellionem
2641 3629 2914 3694 fecerant,
2965 3643 3094 3681 cum
3142 3627 3399 3681 viderent
3429 3643 3621 3696 regem
3652 3645 3686 3682 a

1990 3717 2234 3787 negotiis
2277 3717 2439 3787 regni
2471 3718 2803 3783 alienatum,
2855 3722 2912 3771 et
2962 3732 3021 3771 se
3080 3732 3113 3770 a
3170 3716 3347 3787 priori
3402 3721 3684 3787 potestate

1990 3805 2309 3871 submotos,
2342 3810 2400 3858 et
2430 3806 2826 3858 auctoritatem
2881 3809 2939 3858 et
2966 3803 3209 3875 gratiam
3254 3805 3402 3858 inter
3431 3803 3687 3858 civitates

1988 3894 2048 3947 in
2080 3894 2285 3964 quibus
2344 3893 2629 3948 dominari
2678 3894 2936 3948 solebant
2965 3910 3086 3948 esse
3119 3893 3484 3960 diminutam,
3516 3908 3686 3945 vene—

1990 3987 2125 4037 runt
2153 3982 2223 4036 ad
2264 3998 2476 4053 regem,
2511 3987 2567 4036 et
2613 3983 2735 4052 ejus
2766 3982 3010 4051 pedibus
3043 3981 3334 4051 provoluti
3364 3998 3421 4034 se
3454 3980 3684 4034 dedide-

1989 4077 2146 4136 runt,
2196 4074 2253 4124 et
2308 4071 2575 4124 omnibus
2622 4070 2940 4125 rationibus
2986 4070 3054 4124 de
3102 4073 3434 4138 contemptu
3464 4068 3683 4122 satisfa-

1990 4164 2179 4213 cturos
2211 4159 2617 4229 promiserunt,
2652 4175 2839 4229 neque
2863 4174 2920 4212 se
2948 4174 3224 4227 umquam
3259 4157 3327 4210 ab
3361 4157 3467 4209 hoc
3492 4156 3685 4209 animo

1995 4248 2265 4315 revocari,
2301 4247 2441 4318 quin
2489 4263 2715 4317 semper
2742 4247 2857 4301 suis
2899 4246 3156 4316 imperiis
3185 4245 3301 4297 sint
3327 4244 3687 4311 obedientes;

1997 4352 2175 4389 unum
2230 4336 2371 4389 illud
2406 4335 2725 4406 specialiter
2753 4333 3066 4404 deprecari,
3116 4349 3187 4386 ne
3239 4333 3471 4386 alterius
3500 4332 3688 4402 gentis

1994 4440 2188 4494 regem
2245 4440 2417 4494 super
2479 4423 2781 4493 populum,
2814 4438 2983 4476 suum
3034 4420 3317 4475 dominari
3362 4425 3683 4490 pateretur;

1994 4512 2177 4582 legem
2226 4512 2372 4565 hanc
2401 4515 2738 4581 perpetuam
2773 4508 3246 4579 Burgundionum
3274 4524 3412 4570 esse,
3441 4513 3505 4562 ut
3533 4508 3689 4563 hunc

1992 4615 2188 4669 regem
2219 4599 2515 4665 haberent,
2576 4615 2748 4669 quem
2794 4598 2905 4668 ipsi
2953 4598 3233 4665 eligerent
3277 4603 3450 4669 atque
3475 4598 3686 4651 consti-

1992 4693 2241 4743 tuerent.
2310 4689 2523 4742 Horum
2582 4686 2837 4742 oratione
2886 4688 3143 4757 placatus
3194 4692 3250 4741 et
3306 4686 3688 4741 satisfactione

1992 4778 2241 4844 accepta,
2299 4790 2398 4828 rex
2455 4774 2670 4845 legatos
2709 4773 2776 4828 ad
2810 4772 3213 4843 imperatorem
3249 4772 3442 4840 mittit,
3474 4773 3687 4839 dicens,

1994 4861 2344 4916 adversarios
2394 4877 2525 4915 suos
2578 4860 2651 4915 ad
2680 4876 2738 4915 se
2782 4860 3023 4928 venisse,
3058 4860 3283 4914 veniam
3338 4861 3409 4914 de
3440 4860 3528 4913 his
3559 4876 3688 4930 qua:

1992 4950 2051 5004 in
2080 4966 2213 5005 eum
2262 4949 2671 5004 commiserant
2711 4949 3049 5020 postulasse,
3082 4947 3306 5017 sibique
3336 4946 3541 5000 dehinc
3564 4945 3688 4999 sine

1993 5040 2108 5094 ulla
2165 5038 2486 5110 suspicione
2538 5038 2659 5093 fore
2722 5037 3051 5092 obedientes
3098 5037 3483 5090 conﬁrmasse.
3541 5034 3691 5089 Petit

1992 5134 2058 5182 ut
2083 5129 2229 5182 hanc
2279 5127 2524 5197 gratiam
2580 5126 2686 5181 sibi
2742 5128 3035 5189 concedat,
3092 5125 3257 5195 regni
3288 5126 3289 5129 “
3321 5123 3409 5177 sui
3448 5123 3690 5194 pristina

1991 5222 2276 5287 potestate
2320 5233 2426 5288 pro
2484 5233 2585 5270 sua
2631 5215 2934 5270 clementia
2989 5213 3061 5252 ³⁸⁸
3107 5232 3165 5268 se
3242 5212 3324 5267 uti
3375 5212 3683 5283 permittat.

1991 5306 2310 5375 Imperator
2362 5321 2514 5371 vero,
2576 5304 2835 5376 quamvis
2865 5302 2973 5357 sibi
3008 5302 3115 5356 hoc
3143 5301 3433 5355 videretur
3463 5298 3691 5353 incom-

1603 5427 1834 5481 VARl/E
1864 5428 2258 5483 LECTIONES.

263 5550 329 5584 3“
404 5552 481 5604 ita
513 5552 576 5604 E.
613 5550 1047 5606 administretur
1099 5569 1143 5605 δ.
1222 5550 1292 5589 ²¹δ
1366 5553 1632 5622 adeptos.
1712 5553 1787 5587 ²¹⁶

1860 5553 2142 5608 obsiditur
2171 5570 2220 5609 c.

2308 5552 2375 5589 ²¹⁷
2456 5554 2552 5608 Hic
2572 5572 2617 5607 ο.
2698 5553 2772 5587 ²¹⁸
2846 5553 3102 5623 potentia
3131 5568 3269 5605 corr.
3305 5550 3608 5605 clementia
3639 5568 3683 5603 c.
