3956 6298
275 294 344 344 ‘79
1201 291 1498 346 ALPERTI
1537 290 1592 345 S.
1635 289 2105 346 SYMPHORIANI
2148 287 2443 344 METENS.
2489 286 2789 343 MONACH.

145 425 152 436 ‘
239 413 498 479 modum,
548 414 743 464 tamen
789 411 1068 477 recolens,
1098 411 1494 481 propinquum
1526 426 1694 465 suum
1717 427 1940 464 summa
1969 413 2014 466 Α
2054 410 2246 482 ignem
2273 410 2659 476 immiserunt,
2693 413 2749 463 et
2776 423 2937 478 spem
2955 407 3221 462 omnibus
3240 406 3321 461 ibi
3351 406 3592 462 ulterius
3621 423 3766 460 con-

239 499 574 554 necessitate
626 503 886 552 coactum
943 498 1017 551 ad
1073 514 1135 552 se
1167 499 1386 553 venisse
1439 503 1495 553 et
1547 515 1788 568 regnum
1822 515 1938 552 non

241 594 360 644 tam
412 590 706 643 voluntate
759 603 932 658 quam
993 587 1326 641 necessitate
1376 587 1680 641 adductum
1703 588 1812 641 sibi
1834 594 1942 640 tra-

243 678 473 742 didisse,
525 691 595 730 ne
629 676 806 729 nimis
854 675 1164 729 inhumane
1200 679 1398 728 contra
1431 691 1563 729 eum
1614 676 1795 746 egisse
1826 676 1940 730 exi-

241 768 592 831 stimaretur,
631 765 900 836 peticioni
932 765 1085 834 regis
1134 763 1353 826 annuit,
1413 764 1640 835 sibique
1698 782 1943 836 regnum

246 853 510 921 reddidit,
559 857 616 906 et
653 852 1008 924 principibus
1035 851 1151 904 suis
1185 856 1248 905 ut
1275 852 1360 905 illi
1389 852 1447 905 in
1480 853 1748 907 omnibus
1779 854 1941 906 obse-

244 942 558 995 cundantes
613 945 800 994 essent
849 940 1170 1011 imperavit.
1224 940 1319 994 Set
1349 940 1546 1010 siquis
1575 941 1635 994 in
1674 941 1784 1009 his,
1815 957 1944 1012 quae

246 1045 400 1082 nunc
419 1029 684 1094 diximus,
707 1033 942 1099 propter
971 1029 1250 1081 honorem
1280 1029 1642 1098 imperatoris
1671 1029 1728 1082 in
1752 1030 1945 1099 paucis

246 1117 431 1172 verbis
460 1117 530 1171 ab
561 1116 810 1170 historice
841 1116 1076 1171 veritate
1104 1133 1196 1171 me
1230 1117 1541 1171 declinasse
1565 1117 1944 1186 contenderit,

247 1205 506 1277 quamvis
556 1221 662 1276 ego
718 1205 860 1259 nihil
919 1206 1046 1259 falsi
1091 1221 1219 1259 mea
1270 1206 1634 1274 conscientia,
1692 1212 1778 1261 set
1821 1223 1947 1276 quas

244 1293 628 1362 plurimorum
689 1293 869 1346 relatu
936 1293 1130 1359 didici,
1185 1293 1556 1362 scripsissem,
1597 1293 1646 1347 is
1693 1295 1946 1364 profecto

249 1381 386 1434 sciat
434 1381 541 1434 hoc
597 1385 792 1434 tamen
845 1381 1105 1434 omnium
1165 1381 1495 1435 testimonio
1552 1399 1750 1436 verum
1801 1399 1942 1449 esse,

248 1469 702 1539 Burgundiones,
738 1469 1101 1539 imperatoris
1164 1470 1372 1523 timore
1422 1471 1774 1540 perterritos,
1829 1471 1947 1540 regi

245 1557 549 1627 pristinam
573 1558 907 1611 servitutem
947 1557 1216 1628 deinceps
1245 1557 1589 1613 exhibuisse.
1627 1559 1943 1625 Heinricus,

249 1645 580 1715 Burgundia
621 1645 863 1706 rediens,
938 1647 1205 1700 Munnam
1258 1650 1314 1700 et
1385 1646 1578 1700 omnia
1646 1663 1776 1717 quae
1836 1649 1945 1700 Wi-

249 1733 481 1787 cmanni
512 1738 674 1787 erant
733 1734 1058 1788 Bernhardo
1110 1732 1184 1770 “9
1242 1735 1390 1796 duci,
1453 1741 1512 1788 ut
1560 1735 1744 1789 ﬁlium
1779 1752 1944 1790 suum

248 1822 553 1892 parvulum
577 1821 821 1875 nutriret
851 1821 1033 1876 donec
1061 1822 1431 1888 adolesceret,
1455 1823 1762 1877 commisit.

648 1913 727 1963 l5.
765 1911 846 1964 De
898 1913 1103 1965 Munna
1139 1912 1280 1966 clam
1327 1912 1554 1966 tradita.

322 2000 388 2053 In
418 1999 626 2052 Munna
655 2004 777 2052 erat
827 2015 1019 2053 servus
1047 2000 1347 2068 cujusdam
1386 2002 1636 2072 partium
1681 2000 1944 2067 Baldrici,

251 2087 322 2141 ad
351 2087 663 2140 fallendum
696 2087 860 2140 valde
907 2089 1175 2155 callidus;
1227 2089 1318 2143 hic
1365 2089 1555 2143 nescio
1598 2107 1712 2160 quo
1742 2090 1812 2144 de
1839 2090 1948 2143 cri-

254 2176 406 2228 mine
450 2191 602 2242 reus,
662 2175 892 2229 domino
922 2194 1024 2230 suo
1058 2178 1252 2231 multis
1275 2179 1474 2231 diebus
1503 2179 1776 2248 fugitivus
1808 2184 1946 2234 erat.

253 2264 382 2329 Qui,
429 2263 744 2334 excogitato
795 2265 1055 2331 consilio,
1114 2283 1280 2336 posse
1330 2267 1568 2321 domino
1622 2283 1724 2321 suo
1756 2268 1814 2321 in
1845 2267 1953 2321 hoc

255 2352 615 2406 reconciliari
664 2353 710 2405 si
759 2355 1052 2408 castellum
1084 2354 1168 2408 illi
1217 2355 1486 2420 traderet,
1511 2356 1656 2409 clam
1688 2356 1840 2409 venit
1881 2356 1950 2410 ad

256 2457 410 2505 eum,
444 2441 760 2495 certissime
789 2443 1154 2512 promittens,
1206 2443 1253 2497 si
1287 2460 1418 2498 eum
1478 2445 1640 2514 sequi
1671 2445 1861 2512 vellet,
1893 2445 1953 2498 in

256 2530 511 2584 medium
561 2530 784 2584 Munna:
839 2532 1053 2602 absque
1110 2533 1228 2586 ullo
1268 2532 1522 2602 periculo
1549 2533 1950 2587 deducturum.

256 2619 356 2672 Ille
389 2625 600 2686 autem,
631 2624 695 2672 ut
720 2625 805 2673 est
829 2621 1178 2675 consuetudo
1209 2622 1684 2689 adolescentium,
1709 2622 1952 2676 nimium

256 2705 316 2759 in
367 2705 780 2776 pollicitatione
824 2707 947 2778 ejus
993 2710 1272 2774 exultans,
1325 2726 1536 2780 magna
1584 2710 1636 2763 ei
1672 2710 1959 2780 promittit

259 2810 520 2861 munera,
573 2800 628 2849 et
683 2801 748 2850 ut
778 2812 951 2867 quam
1001 2797 1260 2850 celeriter
1302 2798 1358 2852 id
1411 2798 1618 2852 efficiat
1672 2799 1952 2852 hortatur.

261 2883 360 2935 Ille
390 2899 522 2936 vero
552 2882 722 2938 ﬁdem
757 2885 855 2938 dat
900 2900 959 2939 se
1017 2885 1094 2938 ita
1147 2885 1451 2954 facturum,
1503 2891 1560 2939 et
1588 2886 1657 2939 ad
1691 2887 1961 2939 constitu-

3653 286 3764 339 480

2050 499 2354 554 stituendae
2378 498 2714 552 munitionis
2745 497 3102 552 ademerunt.

2057 592 2139 642 l7.
2168 591 2240 644 De
2283 591 2573 657 quastione
2597 587 2785 642 habita
2832 601 2951 640 cum
2997 586 3250 640 Baldrico
3283 585 3349 639 de
3385 589 3554 638 morte
3599 585 3758 638 Wic-

2793 679 3001 731 manni.

2125 766 2224 823 His
2263 766 2402 821 actis
2441 765 2634 832 rebus,
2687 765 2757 820 de
2812 781 2950 818 nece
2984 763 3302 818 Wicuianni
3332 779 3460 816 cum
3496 762 3758 817 Baldrico

2054 856 2431 927 quaestionem
2460 855 2671 908 habere
2703 853 2972 907 instituit.
3007 855 3264 923 Cumque
3313 852 3381 905 ad
3416 851 3566 904 hunc
3605 867 3754 904 con-

2054 948 2286 997 ventum
2309 942 2475 996 multi
2507 943 2791 1008 adessent,
2815 940 3127 1010 imperator
3161 940 3500 1004 Baldricum,
3522 939 3757 1009 publica

2053 1032 2184 1087 data
2216 1032 2347 1097 ﬁde,
2397 1030 2664 1085 advenire
2709 1030 2894 1100 jussit.
2962 1031 3023 1082 In
3055 1045 3228 1100 quem
3273 1045 3402 1082 cum
3456 1027 3756 1080 acerrimos

2056 1119 2357 1174 sententiae
2403 1119 2814 1190 proferrentur,
2865 1123 2920 1172 et
2979 1118 3074 1172 ille
3133 1133 3358 1171 summo
3422 1119 3626 1169 conatu
3693 1129 3756 1167 se

2055 1207 2465 1277 inculpabilem
2521 1222 2625 1276 per
2673 1222 2870 1260 omnes
2921 1205 3200 1276 justicias,
3251 1221 3394 1276 quas
3438 1203 3759 1273 imperator

2057 1297 2446 1360 constitueret,
2505 1295 2900 1350 demonstrare
2949 1299 3203 1363 cuperet,
3257 1294 3368 1348 dux
3413 1290 3759 1348 Godefridus

2059 1390 2116 1439 et
2146 1385 2508 1440 Bernhardus
2535 1382 2609 1418 ²²³
2669 1400 2900 1437 omnem
2943 1375 3346 1453 purgationem
3397 1380 3486 1434 sui
3538 1379 3758 1433 facien-

2058 1473 2189 1528 dam
2238 1473 2458 1543 legibus
2494 1472 2934 1537 interdixerunt,
2992 1476 3293 1542 propterea
3350 1469 3502 1540 quod
3545 1468 3761 1538 saepius

2059 1563 2206 1616 inter
2227 1563 2390 1616 illum
2421 1566 2478 1616 et
2531 1563 2929 1614 Wicmannum
2978 1560 3120 1614 ﬁdes
3151 1565 3206 1612 et
3258 1576 3364 1629 pax
3397 1561 3761 1611 sacramento

2059 1652 2308 1720 ﬁrmata,
2349 1665 2576 1721 semper
2627 1650 2723 1704 ille
2759 1649 2914 1719 prior
2936 1648 3240 1702 discidium
3290 1647 3505 1714 fecerit,
3541 1651 3597 1700 et
3627 1645 3760 1699 ideo

2059 1739 2182 1810 ejus
2221 1739 2666 1793 satisfactionem
2723 1737 2966 1791 ulterius
3024 1752 3140 1790 non
3174 1735 3563 1805 recipiendam
3608 1748 3758 1799 esse,

2056 1828 2155 1898 qui
2200 1828 2489 1881 convictus
2546 1831 2664 1879 tam
2724 1824 3038 1878 manifestis
3091 1823 3319 1877 indiciis
3374 1821 3639 1892 perjurus
3681 1819 3760 1855 ²²⁶

2057 1916 2338 1970 existeret.
2421 1915 2680 1985 Cumque
2738 1912 2896 1983 loqui
2952 1917 3277 1978 conantem,
3353 1925 3549 1962 vocem
3606 1910 3756 1978 ejus,

2055 2021 2129 2058 ne
2173 2019 2401 2057 causam
2441 2019 2604 2057 suam
2650 2002 2880 2068 diceret,
2936 2001 3346 2070 interciperent
3395 2003 3451 2052 et
3513 1998 3571 2051 in
3621 2013 3758 2050 eum

2056 2093 2408 2158 frenderent,
2457 2091 2752 2146 saevientes
2802 2090 2872 2144 ob
2931 2087 3253 2144 innocentis
3283 2095 3550 2154 mortem,
3581 2090 3638 2140 et
3669 2085 3761 2138 vix

2058 2186 2427 2252 conspectum
2476 2181 2600 2250 ejus
2632 2181 2868 2244 ferrent,
2901 2195 2990 2232 res
3015 2178 3131 2248 jam
3164 2193 3311 2247 pene
3340 2177 3402 2230 in
3433 2191 3499 2229 eo
3523 2178 3666 2235 erat,
3696 2179 3766 2228 ut.

2059 2269 2310 2324 militum
2340 2270 2607 2324 manibus
2661 2269 3100 2338 discerperetur.
3137 2268 3395 2334 Cumque
3451 2263 3672 2316 videret
3701 2277 3764 2314 se

2059 2361 2119 2414 in
2157 2365 2282 2414 arto
2335 2359 2585 2430 positum
2624 2364 2682 2412 et
2747 2357 2989 2411 evadere
3039 2370 3204 2426 posse
3260 2353 3564 2418 difﬁderet,
3626 2366 3766 2404 voce

2065 2464 2272 2518 magna
2307 2433 2582 2501 clamavit
2660 2453 2862 2517 petens
2917 2444 3194 2499 auxilium
3270 2443 3443 2512 regis.
3498 2440 3768 2496 Clamore

2063 2537 2186 2606 ejus
2215 2535 2430 2599 audito,
2479 2533 2724 2588 surrexit
2774 2549 2892 2598 rex,
2942 2537 3000 2585 et
3045 2536 3278 2585 extensa
3324 2545 3522 2594 manu,
3557 2543 3631 2582 ne
3657 2543 3768 2596 pu-

2064 2624 2270 2678 blicam
2303 2623 2496 2677 datam
2537 2623 2704 2677 ﬁdem
2730 2621 2984 2684 Izederet,
3017 2637 3080 2674 ex
3115 2619 3378 2674 manibus
3405 2615 3769 2671 saevientium

2066 2713 2297 2782 eripuit,
2357 2717 2415 2766 et
2460 2711 2581 2782 jam
2611 2711 2966 2780 disperatum
2997 2708 3156 2762 abire
3186 2723 3221 2760 a
3252 2706 3394 2760 facie
3421 2707 3546 2775 ejus
3570 2703 3766 2774 jussit.

2066 2801 2246 2866 Quem
2300 2799 2757 2869 archiepiscopus
2810 2795 3142 2866 suscipiens,
3169 2809 3377 2864 magna
3401 2807 3538 2846 cura
3563 2791 3770 2844 tueba-

2066 2893 2177 2953 tur,
2212 2892 2268 2941 et
2315 2887 2384 2941 ab
2436 2887 2698 2941 hostibus
2751 2885 2836 2938 vix
2869 2890 3153 2954 ereptum,
3196 2881 3494 2936 Coloniam
3520 2877 3764 2932 remisit.

258 2974 380 3024 tum
414 2975 642 3040 tempus
687 2971 950 3025 reseratis
981 2972 1162 3041 portis
1199 2989 1426 3028 summo
1460 2989 1626 3027 mane
1657 2973 1957 3026 dominum
1989 2972 2028 3028 C
2069 2976 2175 3042 Qui
2204 2980 2336 3046 post
2359 2977 2491 3030 hinc
2516 2974 2829 3028 triennium
2873 2989 3026 3056 aeger
3073 2971 3253 3026 factus
3311 2969 3370 3022 in
3435 2965 3770 3036 Hengibach

261 3076 428 3112 suum
487 3060 818 3114 intromisit.
871 3060 1158 3130 Oppidani
1189 3061 1248 3114 in
1294 3061 1513 3116 lectulis
1547 3063 1732 3115 adhuc
1762 3078 1961 3116 somno

261 3148 499 3219 gravati,
550 3148 847 3218 inopinato
885 3149 1134 3202 clamore
1193 3150 1442 3204 hostium
1491 3149 1677 3203 subito
1717 3150 1963 3204 excitan-

262 3243 374 3290 tur.
428 3237 686 3308 Cumque
733 3253 836 3307 per
892 3236 1146 3307 hospicia
1195 3238 1299 3291 hac
1328 3243 1384 3292 et
1412 3237 1541 3292 illac
1580 3238 1966 3294 discurrerent

264 3331 452 3396 etquo
487 3342 545 3379 se
576 3326 898 3394 reciperent
948 3326 1303 3396 ignorarent,
1335 3326 1585 3380 inermes
1634 3328 1962 3398 capiuntur,

264 3430 378 3467 uno
435 3418 655 3467 tantum
687 3413 745 3466 in
772 3413 956 3484 prima
999 3415 1372 3468 concursione
1412 3414 1730 3483 interfecto,
1775 3419 1964 3470 caeteri

267 3518 467 3555 omnes
489 3502 559 3555 de
598 3501 826 3554 castello
851 3500 1232 3572 expelluntur.

381 3594 457 3643 16.
495 3591 574 3644 De
597 3589 910 3659 expulsione
937 3590 1201 3654 Baldrici,
1242 3595 1291 3644 et
1320 3592 1526 3644 Munna
1561 3592 1853 3648 destructa.

342 3679 629 3732 Baldricus
705 3679 878 3731 domo
946 3679 1210 3748 expulsus
1259 3685 1317 3733 et
1390 3680 1655 3734 omnibus
1721 3679 1968 3735 fortunis

271 3766 494 3820 amissis
521 3765 632 3836 (an.
669 3769 841 3833 1018),
874 3767 944 3820 ad
996 3767 1344 3821 sacerdotem
1382 3769 1772 3823 Coloniensem
1806 3770 1962 3823 abiit.

272 3855 380 3918 Qui
413 3854 534 3924 ejus
598 3861 855 3908 recentes
909 3855 1258 3910 calamitates
1312 3856 1741 3925 commiserans,
1777 3859 1967 3911 sedem

273 3943 332 3996 in
363 3944 584 3996 civitate
637 3943 918 4012 delegavit
963 3944 1427 4016 stipendiumque
1473 3947 1783 4001 constituit.
1833 3947 1968 4000 Ger-

275 4031 508 4100 hardus,
531 4048 761 4103 quoque
788 4033 1131 4087 Mosellensis
1187 4035 1516 4104 Hengibach
1548 4035 1628 4089 illi
1657 4051 1971 4088 accommo-

275 4119 446 4186 davit,
480 4125 557 4185 ut,
613 4137 726 4191 quo
756 4137 813 4174 se
847 4121 1084 4191 recipiat
1123 4121 1348 4188 habeat,
1400 4127 1455 4176 et
1500 4128 1658 4176 tutus
1687 4123 1758 4176 ab
1797 4122 1973 4176 hosti-

2072 3065 2317 3120 moritur
2408 3068 2522 3131 (an.
2561 3063 2744 3133 tO2l),
2819 3077 3140 3131 corpusque
3223 3059 3348 3130 ejus
3421 3056 3484 3110 in
3549 3070 3774 3126 posses-

2072 3154 2292 3208 sionem
2340 3151 2412 3190 ³³⁵
2451 3169 2613 3206 suam
2668 3151 2928 3206 Seﬁuche
2989 3149 3101 3220 (5t)
3135 3147 3390 3202 defertur
3417 3151 3475 3200 et
3504 3144 3584 3198 ibi
3615 3159 3774 3215 sepe-

2071 3243 2228 3297 litur.

2147 3333 2230 3386 18.
2283 3329 2552 3396 Quomodo
2599 3327 2950 3383 Geuehardus
2979 3329 3038 3380 in
3085 3329 3305 3380 mortem
3340 3320 3414 3358 ²²⁶
3443 3322 3638 3376 ductus
3669 3324 3774 3375 est.

2144 3421 2278 3474 Post
2333 3419 2496 3490 cujus
2551 3423 2796 3472 mortem
2856 3431 3050 3469 servus
3102 3414 3284 3468 isdem
3335 3412 3434 3483 qui
3500 3411 3777 3465 Munnam

2072 3507 2328 3574 tradidit,
2381 3507 2533 3560 venit
2585 3507 2652 3560 ad
2694 3505 3107 3570 Gevehardum,
3164 3503 3233 3556 de
3272 3517 3387 3572 quo
3437 3515 3609 3570 supra
3637 3496 3779 3552 dixi-

2075 3613 2204 3650 mus
2235 3597 2383 3666 (cap.
2445 3599 2554 3662 Η),
2607 3595 2949 3665 promittens
2988 3592 3094 3654 illi,
3142 3591 3190 3644 si
3247 3590 3369 3659 ejus
3408 3587 3647 3642 consilio
3673 3585 3776 3640 ad-

2075 3684 2368 3755 quiescere
2425 3693 2480 3736 et
2509 3700 2567 3736 se
2633 3681 2795 3752 sequi
2842 3681 3030 3746 vellet,
3074 3679 3303 3733 beatum
3355 3676 3660 3739 facturum,
3703 3672 3776 3726 ad

2077 3789 2243 3826 suum
2275 3773 2569 3826 castellum
2621 3770 2969 3840 Hengibach,
3002 3768 3155 3838 quod
3190 3767 3242 3820 ei
3275 3782 3340 3819 ex
3368 3772 3529 3835 parte
3585 3761 3778 3816 uxoris

2071 3863 2202 3932 jure
2232 3861 2518 3927 successit,
2550 3861 2950 3924 deducturum,
3010 3863 3066 3911 et
3109 3856 3234 3910 sine
3264 3854 3498 3907 vulnere
3529 3851 3774 3906 liberam
3831 3890 3834 3892 η

2077 3949 2404 4003 facultatem
2452 3948 2561 4002 sibi
2619 3947 2892 4018 pociundi
2947 3945 3236 3999 daturum.
3313 3943 3420 4007 Qui
3487 3941 3557 3994 ad
3609 3953 3774 3992 suam

2079 4037 2494 4103 infelicitatem,
2553 4036 2800 4090 nimium
2863 4034 3126 4089 credulus
3176 4031 3362 4085 verbis
3421 4028 3587 4095 servi,
3649 4027 3776 4080 sine

2079 4142 2242 4180 mora
2274 4125 2641 4196 subsequitur
2699 4127 2951 4177 euntem.
2988 4124 3053 4176 Et
3097 4137 3226 4175 cum
3257 4135 3360 4190 per
3386 4118 3779 4188 exploratores

273 4208 380 4261 bus
411 4208 632 4262 existat.
686 4211 897 4264 Munna
938 4227 1095 4277 vero,
1158 4217 1218 4266 ut
1270 4228 1445 4281 supra
1489 4211 1758 4277 diximus,
1793 4227 1826 4264 a
1854 4211 1970 4264 suis
2003 4249 2044 4302 Ο
2082 4229 2213 4268 eum
2266 4212 2758 4282 adpropinquasse
2813 4210 3106 4281 cognitum
3164 4213 3268 4273 est,
3339 4207 3684 4269 Gerbardus,
3715 4207 3782 4256 ut

275 4303 461 4367 capta,
510 4299 828 4367 augebatur
878 4299 961 4352 illi
992 4315 1138 4369 spes,
1163 4315 1400 4368 sperans
1420 4315 1478 4353 se
1505 4297 1577 4335 ²²⁰
1607 4314 1709 4368 per
1738 4299 1885 4352 hanc
1903 4301 1970 4336 ²²¹

273 4402 465 4439 casum
510 4403 680 4440 suum
737 4392 793 4441 et
833 4388 1091 4441 dolorem
1158 4387 1521 4458 expiaturum
1569 4392 1625 4440 et
1671 4387 1971 4456 pristinam

278 4475 518 4528 salutem
567 4480 1056 4545 recuperaturum.
1091 4475 1188 4529 Set
1215 4476 1386 4544 longe
1421 4475 1586 4528 aliter
1614 4492 1703 4530 res
1733 4477 1962 4533 accidit.

279 4563 418 4616 Nam
474 4564 824 4634 Noviomago
879 4565 1121 4618 concilio
1173 4564 1388 4619 indicto
1446 4562 1634 4633 (Mart.
1694 4566 1800 4634 16),
1843 4582 1971 4620 cum

279 4651 446 4703 multi
487 4651 866 4719 advenissent,
920 4652 1232 4724 imperator
1287 4653 1575 4717 Munnam,
1621 4669 1691 4706 ne
1743 4653 1974 4724 aliquod

281 4739 705 4808 incommodum
739 4746 838 4795 aut
861 4746 1055 4812 praeda
1104 4756 1169 4794 ex
1200 4757 1266 4794 ea
1294 4740 1516 4811 regioni
1546 4741 1726 4808 ﬁeret,
1760 4742 1976 4797 destrui

271 4828 462 4896 jussit.
539 4829 620 4883 Ad
696 4831 820 4902 ejus
886 4829 1328 4884 destructionem
1387 4829 1746 4885 Heribertum
1797 4831 1956 4886 archi

281 4919 613 4989 episcopum
631 4925 688 4974 et
717 4921 1069 4975 Gerhardum
1095 4918 1484 4973 Mosellensem
1516 4925 1574 4973 et
1593 4920 1736 4974 alios
1766 4923 1976 4975 multos

284 5007 440 5060 misit
469 5005 566 5078 ²²²,
621 5009 722 5079 qui
764 5008 1024 5063 funditus
1076 5006 1318 5060 aediﬁcia
1363 5008 1559 5062 omnia
1613 5010 1974 5076 subruentes,

2082 4301 2411 4356 condictum
2440 4305 2581 4366 erat,
2615 4315 2883 4369 magnam
2943 4296 3374 4352 multitudinem
3424 4296 3779 4347 armatorum

2083 4406 2186 4461 per
2233 4390 2490 4443 ofﬁcinas
2545 4393 2600 4441 et
2647 4386 2934 4441 conclavia
2971 4385 3167 4456 oppidi
3212 4382 3523 4446 abscondit,
3549 4385 3605 4433 et
3638 4378 3781 4449 quid

2085 4479 2172 4532 sui
2204 4479 2276 4532 sit
2312 4477 2534 4532 consilii
2579 4476 2693 4530 illis
2723 4475 2998 4541 ostendit,
3045 4479 3101 4528 et
3157 4473 3277 4543 ipse
3317 4471 3377 4524 in
3420 4468 3663 4523 circuitu
3694 4483 3786 4520 ca-

2083 4569 2232 4622 stelli
2285 4567 2345 4621 in
2378 4567 2517 4620 silva
2561 4581 2691 4619 cum
2719 4564 2845 4618 aliis
2887 4563 3068 4632 copiis
3099 4560 3344 4616 delituit.
3384 4560 3448 4613 Et
3493 4573 3624 4612 cum
3673 4556 3784 4610 Ge-

2084 4656 2368 4711 vehardus
2414 4656 2472 4709 in
2529 4655 2782 4709 medium
2819 4651 3153 4706 munitionis
3191 4650 3354 4720 quasi
3383 4649 3484 4702 bos
3515 4646 3584 4700 ad
3616 4644 3784 4699 victi-

2085 4762 2239 4800 mam
2287 4745 2564 4798 deductus
2620 4747 2785 4808 esset,
2844 4741 3031 4796 subito
3080 4755 3278 4793 omnes
3327 4737 3395 4791 de
3451 4734 3707 4789 turribus
3727 4737 3788 4786 et

2085 4833 2424 4888 habitaculis
2497 4830 2842 4895 exsilientes,
2917 4833 3112 4899 portas
3194 4826 3496 4881 obsistunt.
3579 4820 3785 4876 Paucis

2086 4922 2276 4993 primo
2329 4936 2608 4975 concursu
2652 4919 2772 4973 viso
2823 4917 3028 4984 evasis,
3077 4914 3268 4970 caeteri
3303 4918 3438 4967 sunt
3474 4910 3661 4966 occisi.
3687 4910 3788 4965 Set

2085 5010 2200 5076 ille,
2257 5025 2372 5062 non
2424 5007 2678 5079 segniter
2733 5023 2899 5062 muro
2953 5020 3207 5073 ascenso,
3257 5001 3496 5056 insidias
3547 5000 3617 5054 de
3644 4998 3788 5053 foris

1704 5116 1938 5170 VARIA‘I
1969 5115 2364 5172 LECTIONES.

356 5218 432 5253 ²¹⁹
505 5219 787 5274 berhardo
851 5223 906 5274 l.
942 5219 1228 5273 bernardo
1257 5223 1310 5272 2.

291 5289 366 5324 ’3“
440 5291 676 5361 pejurus
704 5295 760 5347 2.
838 5289 908 5327 ³³⁵
983 5292 1306 5361 possionem
1341 5307 1387 5345 c.

1389 5218 1466 5254 ²²⁰
1537 5237 1702 5275 manu
1730 5225 1782 5276 2.

1861 5223 1930 5258 ²²¹
2007 5223 2160 5276 hunc
2216 5227 2262 5277 l.

1464 5293 1538 5328 ²²⁶
1611 5298 1870 5347 montem
1899 5309 2037 5347 corr.
2069 5300 2312 5347 mortem
2342 5309 2395 5348 c.

2339 5220 2412 5258 ²²²
2487 5221 2698 5276 multos
2746 5236 2883 5275 corr.
2927 5216 3085 5273 misit
3118 5234 3164 5271 c.
3243 5213 3317 5250 ’³³
3389 5212 3704 5267 berhardus
3734 5228 3783 5266 c.

1915 5407 2138 5462 NOTAE.

362 5511 474 5582 (5t)
514 5513 772 5568 Fortasse
829 5511 1105 5579 Sefferen,
1161 5511 1395 5567 ditionis
1430 5513 1566 5568 olim
1609 5511 1981 5569 Prumiensis.
