3956 6314
192 356 298 411 481

1042 358 1132 414 DE
1175 358 1634 414 DIVERSITATE
1675 358 2058 414 TEMPORUM
2102 359 2290 414 LIBRI
2324 359 2485 416 DUO.
2526 390 2596 398 —
2635 361 2763 415 LIB.
2806 363 2876 418 Il.

3608 368 3711 422 482

192 480 486 547 nesciens,
523 495 581 533 se
630 480 1007 552 praecipitavit
1059 487 1115 537 et
1161 498 1314 552 aegre
1362 483 1634 537 membris
1677 483 1902 536 collisus
1932 488 1977 540 Α
2014 482 2165 537 cludi
2197 484 2395 553 possit,
2427 499 2555 537 cum
2589 484 3110 555 alterajuramento
3143 488 3465 559 denegabit.
3499 492 3556 546 Si
3582 492 3710 562 quis

195 573 307 622 est.
372 570 697 623 Gerliardus
754 587 985 641 quoque
1040 588 1359 639 accurrens,
1426 576 1679 643 porrecta
1732 587 1907 624 manu

196 658 421 710 collum
480 658 604 727 ejus
660 659 912 728 graviter
970 660 1123 723 ferit,
1181 660 1270 713 his
1321 660 1506 714 verbis
1565 676 1577 714 :
1636 661 1906 715 Seniorcm

198 750 358 799 tuum
408 746 590 799 eodem
639 747 794 800 modo
844 748 1126 815 cecidisti;
1174 764 1257 814 en,
1315 749 1476 803 habes
1525 749 1670 817 quod
1708 751 1907 815 egisti!

201 835 347 888 Dein
384 834 455 887 ab
490 836 587 888 illo
635 852 668 887 a
712 852 826 906 quo
861 836 1229 890 Wicmannus
1279 853 1456 891 caesus
1485 843 1587 904 est,
1640 838 1906 905 adjuncto

197 924 457 994 quodam
494 940 655 977 servo
693 924 952 989 Baldrici,
986 926 1313 979 confoditur
1340 931 1510 996 atque
1544 926 1905 981 interﬁcitur.

198 1013 412 1083 Sicque
439 1014 577 1067 dum
610 1014 739 1083 plus
772 1014 1008 1086 appetit,
1037 1015 1180 1069 illud
1214 1015 1368 1085 quod
1400 1015 1602 1069 habuit
1632 1031 1762 1069 cum
1793 1014 1909 1069 vita

200 1102 421 1155 amisit.

412 1193 494 1245 19.
529 1194 602 1246 De
630 1193 820 1261 eclipsz‘
848 1192 987 1247 luna?
1016 1196 1065 1247 et
1098 1190 1244 1257 solis,
1274 1197 1323 1246 et
1350 1194 1465 1246 viso
1495 1198 1704 1246 comete.

276 1282 444 1333 Anno
474 1297 592 1333 uno
639 1286 950 1350 antequam
1004 1282 1308 1335 concilium
1359 1282 1706 1351 Noviomago
1756 1279 1906 1334 indi-

202 1372 359 1422 ctum
407 1375 552 1422 esset
609 1372 719 1436 (an.
777 1372 958 1437 1017),
1008 1370 1148 1424 luna
1190 1376 1321 1441 post
1378 1371 1624 1424 mediam
1679 1374 1905 1423 noctem

201 1456 449 1510 hiberno
481 1464 743 1527 tempore
774 1458 998 1520 defecit,
1027 1464 1080 1511 et
1102 1475 1236 1528 rege
1258 1458 1519 1528 sequenti
1545 1474 1695 1510 anno
1722 1455 1903 1527 (1018)

201 1544 264 1598 in
324 1548 527 1600 eodem
578 1548 697 1600 loco
752 1548 1122 1608 consistente,
1173 1547 1229 1601 in
1287 1547 1537 1617 paschali
1588 1546 1905 1601 ebdomada

201 1635 340 1687 solis
389 1635 614 1705 eclipsis
662 1636 807 1689 facta
857 1641 962 1689 est.
1010 1636 1203 1689 Tercio
1258 1653 1484 1706 quoque
1523 1652 1672 1688 anno
1722 1634 1904 1704 (l0l9)

200 1729 456 1777 cometes
485 1725 541 1776 in
569 1726 889 1795 aquilonari
922 1731 1086 1795 parte
1117 1725 1243 1778 coeli
1279 1724 1621 1791 longissimis
1653 1723 1904 1777 crinibus

200 1818 261 1865 et
301 1812 512 1882 pallida
568 1813 755 1881 specie
804 1812 956 1865 visus
997 1817 1098 1866 est.
1152 1814 1481 1883 Sequuntur
1527 1814 1635 1866 hoc
1676 1812 1904 1881 signum

202 1900 389 1953 multa
433 1901 577 1954 bella
609 1906 664 1954 et
706 1901 765 1954 in
797 1901 1060 1971 plurimis
1098 1901 1425 1955 nationibus
1457 1902 1738 1955 maximus
1768 1917 1905 1954 san-

144 1990 153 1995 ’
200 1986 332 2057 guis
362 1986 661 2039 hominum
693 2004 797 2057 per
824 1988 1024 2057 praelia
1057 1988 1214 2041 fusus
1245 1994 1348 2043 est.

199 2075 293 2128 20.
330 2077 402 2128 De
432 2075 713 2129 Μεγίωὶάο
760 2092 792 2129 α
833 2077 1036 2129 Frisiis
1082 2076 1317 2138 obtenta,
1350 2080 1400 2129 et
1447 2076 1512 2129 de
1554 2075 1898 2130 Tielensibus.

273 2165 601 2232 Antequam
636 2165 743 2216 hoc
774 2164 1104 2233 prodigium
1145 2164 1203 2217 in
1234 2165 1375 2217 coelo
1408 2168 1726 2234 appareret,
1758 2163 1905 2217 circa

200 2248 345 2302 litus
385 2249 585 2302 oceani
634 2251 849 2303 bellum
898 2257 1152 2304 coortum
1204 2256 1289 2303 est
1330 2253 1442 2317 (an.
1494 2253 1669 2316 1018).
1724 2250 1905 2319 Hujus

200 2337 346 2391 belli
403 2338 525 2393 haec
556 2354 725 2393 causa
764 2339 890 2393 fuit.
945 2342 1081 2393 Pars
1132 2340 1465 2406 Frisiorum,
1516 2339 1741 2392 sedibus
1788 2338 1905 2391 suis

202 2426 440 2493 relictis,
490 2427 548 2480 in
602 2428 743 2481 silva
791 2429 1103 2496 Meriwido,
1151 2430 1219 2483 de
1274 2445 1388 2498 qua
1434 2443 1607 2497 supra
1656 2427 1905 2481 diximus

203 2515 328 2581 (lib.
364 2533 401 2582 ι,
435 2533 555 2587 cap.
607 2517 682 2586 8),
717 2517 1036 2571 habitacula
1075 2521 1469 2571 construentes
1499 2517 1900 2582 consederunt,

204 2610 263 2658 et
312 2605 600 2676 adjunctis
646 2606 752 2659 sibi
799 2605 1166 2676 praedonibus
1221 2622 1432 2674 magna
1488 2604 1903 2658 mercatoribus

201 2693 457 2763 dampna
501 2694 838 2747 intulerunt.
875 2693 1180 2747 Preedones
1223 2710 1379 2759 vero,
1412 2692 1493 2747 eis
1531 2697 1729 2762 postea
1769 2694 1902 2746 sub-

192 2782 439 2853 jugatis,
482 2782 725 2851 singulis
762 2783 830 2837 ad
878 2783 1116 2836 modum
1169 2782 1621 2853 uniuscujusque
1663 2781 1901 2835 culturae

200 2872 273 2926 ad
327 2871 664 2942 extirpanda
715 2872 942 2925 novalia
999 2875 1211 2925 terram
1267 2870 1602 2937 diviserunt,
1658 2886 1902 2941 eamque

200 2959 387 3012 colere
436 2959 749 3028 jusserunt,
802 2963 860 3013 et
907 2958 1017 3013 sibi
1064 2959 1371 3029 vectigales
1422 2958 1694 3012 fecerunt.
1744 2960 1902 3014 Unde

2020 571 2117 623 Dei
2149 570 2407 625 ﬁdelium
2456 571 2607 641 apud
2659 572 3068 642 imperatorem
3113 575 3451 643 intercedat,
3486 584 3546 632 ut
3591 581 3712 633 haec

2019 661 2231 713 scelera
2286 660 2589 714 interdicat
2644 677 2716 714 ne
2784 666 2867 715 tot
2922 662 3131 717 anima:
3189 666 3398 719 cotidie
3455 674 3708 736 pereant,

2017 761 2287 817 magnam
2326 748 2578 817 profecto
2609 765 2637 801 a
2671 750 2785 803 Deo
2816 752 3343 806 remunerationem
3368 755 3476 807 sibi
3504 758 3713 809 donan-

2020 835 2149 888 dam
2186 851 2415 905 sperare
2447 837 2680 905 poterit.
2715 838 3074 892 Adulterium
3108 840 3166 893 in
3201 843 3423 912 culpam
3460 859 3569 896 non
3601 844 3713 898 du-

2020 928 2175 976 cunt.
2217 924 2495 988 Quamdiu
2525 941 2665 978 uxor
2694 927 2955 992 tacuerit,
2990 928 3172 981 virum
3204 946 3308 999 per
3339 931 3554 984 nefaria
3588 949 3711 986 sce-

2017 1012 2136 1065 lera
2165 1012 2491 1067 sordescere
2532 1014 2753 1068 licitum
2784 1015 3014 1083 habent,
3064 1022 3119 1070 et
3150 1018 3285 1072 talia
3322 1027 3588 1088 agentem
3621 1038 3715 1075 ne-

2018 1102 2235 1154 minem
2258 1108 2468 1172 preeter
2503 1119 2739 1156 uxorem
2761 1103 2819 1157 in
2844 1106 3058 1175 synodo
3082 1105 3448 1177 interpellare
3482 1109 3709 1164 debere.

2019 1190 2254 1243 Summo
2302 1206 2468 1244 mane
2510 1191 2907 1261 potationibus
2960 1195 3210 1263 student,
3245 1201 3301 1249 et
3341 1198 3601 1267 quisquis
3634 1197 3713 1251 ibi

2017 1278 2206 1332 altiori
2236 1294 2369 1332 voce
2399 1284 2593 1349 turpes
2624 1296 2917 1333 sermones
2948 1282 3017 1335 ad
3055 1282 3414 1338 excitandum
3449 1285 3626 1339 risum
3660 1291 3715 1340 et

2017 1367 2085 1420 ad
2125 1367 2322 1421 vinum
2368 1368 2614 1422 indocile
2667 1369 2872 1439 vulgus
2910 1373 3335 1440 provocandum
3384 1376 3709 1443 protulerit,

2016 1472 2288 1526 magnam
2317 1456 2469 1526 apud
2500 1473 2595 1510 eos
2628 1457 2737 1510 fert
2772 1458 3021 1512 laudem.
3050 1458 3342 1530 Siquidem
3375 1463 3448 1515 ob
3480 1462 3588 1516 hoc
3618 1479 3714 1533 pe-

2016 1545 2243 1597 cuniam
2275 1545 2447 1598 simul
2495 1545 2819 1612 conferunt,
2866 1551 2923 1600 et
2970 1547 3115 1600 hanc
3158 1548 3424 1617 partitam
3470 1551 3714 1621 singulis

2016 1634 2085 1686 ad
2118 1634 2271 1686 lucra
2311 1633 2682 1700 distribuunt,
2712 1640 2768 1688 et
2798 1651 2863 1688 ex
2894 1636 2983 1689 his
3015 1652 3405 1708 quoscumque
3444 1645 3612 1708 potus
3642 1639 3716 1676 ²³²

2015 1722 2184 1775 certis
2226 1723 2583 1792 temporibus
2622 1722 2681 1776 in
2730 1739 2881 1776 anno
2936 1730 3177 1778 cernunt
3222 1726 3314 1791 ³³³,
3363 1730 3419 1779 et
3462 1728 3518 1780 in
3564 1729 3712 1783 cele-

2013 1809 2301 1864 brioribus
2330 1810 2486 1865 festis
2520 1811 2684 1882 quasi
2714 1813 3113 1882 sollempniter
3143 1814 3405 1869 ebrietati
3434 1820 3504 1853 ²³⁴
3527 1820 3710 1872 inser-

2012 1899 2190 1952 viunt.

2304 1990 2392 2042 21.
2434 1991 2503 2042 De
2534 1989 2666 2043 bello
2695 1994 2884 2043 contra
2915 1992 3119 2045 Frisios
3148 1991 3414 2046 adhibito.

2082 2076 2404 2146 Imperator
2446 2076 2564 2129 vias
2613 2084 2997 2131 mercatorum
3044 2080 3305 2149 pateﬁeri
3356 2080 3547 2134 volens
3589 2083 3705 2151 (an.

2016 2166 2191 2232 lOl8),
2241 2164 2621 2218 Adelbaldum
2652 2163 2726 2199 ³³⁵
2754 2167 3085 2236 episcopum
3118 2174 3174 2221 et
3209 2171 3411 2223 ducem
3446 2170 3711 2224 Godefri—

2013 2252 2148 2306 dum
2182 2253 2254 2307 ad
2303 2269 2360 2306 se
2409 2270 2615 2307 vocans
2656 2252 2787 2325 (54),
2837 2258 3071 2309 mandat
3121 2262 3187 2311 ut
3218 2258 3425 2311 Frisios
3481 2260 3709 2325 adeant,

2012 2356 2223 2412 eosque
2267 2342 2338 2395 ab
2368 2341 2455 2394 his
2500 2342 2729 2396 sedibus
2778 2360 2919 2413 quas
2966 2344 3176 2412 injuste
3209 2351 3555 2416 occuparant
3585 2364 3713 2418 pro-

2011 2431 2230 2501 pellant
2275 2435 2329 2482 et
2357 2430 2658 2500 praedones
2700 2432 3094 2487 submoveant.
3151 2435 3248 2487 His
3297 2437 3578 2490 mandatis
3614 2454 3710 2491 ac-

2011 2518 2209 2589 ceptis,
2254 2518 2594 2572 immensam
2629 2521 3056 2574 multitudinem
3105 2529 3335 2592 cogunt.
3370 2526 3710 2580 clarissimos

2010 2621 2240 2677 quoque
2288 2606 2440 2659 viros
2487 2610 2543 2658 et
2590 2606 2848 2676 adprime
2901 2607 2959 2660 in
2990 2623 3049 2660 re
3103 2609 3338 2661 militari
3379 2610 3706 2679 instructos,

2011 2694 2111 2764 qui
2138 2698 2329 2747 tamen
2355 2694 2638 2763 equitatui
2682 2694 2842 2747 omni
2885 2695 2999 2748 vita
3028 2697 3352 2762 studebant,
3391 2701 3517 2753 navi
3563 2700 3708 2754 nihil

2008 2786 2294 2852 poterant,
2344 2799 2536 2836 secum
2592 2782 2912 2837 adsciscunt
2960 2782 3048 2837 ³³⁸.
3103 2784 3358 2855 Cumque
3408 2786 3468 2839 in
3525 2804 3707 2843 unum

2009 2872 2423 2937 convenissent,
2477 2886 2705 2924 omnem
2762 2871 3074 2926 exercitum
3124 2873 3183 2925 in
3241 2874 3479 2927 navibus
3532 2877 3708 2929 collo-

2008 2965 2157 3026 cant,
2189 2976 2372 3031 eoque
2405 2959 2501 3012 ubi
2545 2960 2750 3014 Frisios
2781 2977 2910 3014 cum
2950 2961 3158 3015 coactis
3187 2962 3366 3031 copiis
3409 2964 3709 3018 audierant

199 3053 550 3101 mercatores
615 3047 920 3107 Tielenses.
994 3047 1093 3118 qui
1160 3051 1333 3101 etiam
1399 3047 1719 3117 specialiter
1780 3064 1901 3117 prae
1940 3050 1980 3105 C
2010 3065 2130 3102 esse
2183 3049 2554 3103 contendunt.
2589 3051 2656 3103 At
2705 3048 2790 3102 illi
2835 3048 2933 3119 qui
2984 3050 3183 3103 silvam
3230 3050 3604 3121 occupabant,
3646 3055 3710 3104 ut

200 3136 425 3190 caneris
467 3136 631 3190 facile
662 3136 732 3190 ad
764 3152 1155 3206 quascumque
1201 3135 1591 3206 querimonias
1639 3136 1901 3191 excitan-

201 3225 304 3277 das
354 3225 746 3278 accenduntur
794 3226 885 3290 "7,
934 3226 1135 3279 crebro
1189 3241 1383 3294 regem
1433 3224 1896 3294 interpellabant,

202 3317 398 3383 ηιρΓο
428 3329 530 3366 sua
557 3314 739 3383 gratia
785 3330 882 3367 eos
911 3313 982 3367 ab
1012 3313 1099 3366 his
1155 3312 1381 3382 injuriis
1415 3313 1701 3367 defendat.
1746 3313 1804 3367 Si
1843 3314 1899 3367 id

201 3418 316 3456 non
347 3402 537 3469 faciat,
570 3419 754 3473 neque
782 3420 840 3457 se
867 3419 1036 3457 causa
1066 3402 1401 3472 negotiandi
1428 3402 1488 3456 in
1511 3402 1757 3456 insulam
1791 3402 1895 3470 (52)

200 3492 416 3554 venire,
451 3508 639 3563 neque
681 3490 751 3546 ad
805 3508 863 3545 se
911 3492 1212 3546 Britannos
1260 3490 1569 3545 commeari
1608 3507 1796 3561 posse,
1842 3496 1901 3546 et

200 3580 331 3634 ideo
356 3580 654 3651 vectigalia
699 3580 830 3648 sibi,
877 3586 942 3634 ut
974 3581 1290 3650 oportebat,
1341 3579 1564 3650 plenius
1596 3579 1898 3650 provenire

199 3686 320 3724 non
368 3687 551 3741 posse,
606 3670 889 3723 dicebant.
947 3668 1041 3724 Set
1093 3670 1229 3723 libet
1284 3685 1484 3738 pauca,
1540 3685 1655 3722 non
1704 3668 1899 3722 detra-

201 3759 418 3825 hendo,
471 3764 555 3812 set
585 3775 653 3813 ex
703 3758 906 3812 intimo
956 3758 1123 3811 corde
1167 3757 1520 3811 condolendo
1560 3756 1651 3822 ²²⁸,
1694 3757 1786 3810 hic
1814 3756 1898 3811 in-

203 3864 412 3917 serere,
453 3848 662 3918 quibus
706 3848 960 3901 moribus
991 3851 1045 3899 et
1078 3846 1356 3900 institutis
1395 3846 1488 3900 isti
1512 3847 1796 3901 Tielenses
1827 3846 1897 3900 ab

203 3936 329 3991 aliis
360 3936 498 3988 viris
542 3932 617 3969 “9
665 3935 950 3989 ditferant.
1004 3935 1272 3988 Homines
1311 3940 1444 3987 sunt
1475 3935 1627 4003 duri,
1672 3940 1727 3988 et
1752 3950 1897 4005 pene

204 4024 361 4078 nulla
401 4024 704 4094 disciplina
750 4023 1080 4090 adsuefacti,
1130 4022 1347 4092 judicia
1380 4022 1487 4092 (53)
1532 4040 1647 4077 non
1696 4040 1896 4077 secun-

201 4112 339 4166 dum
379 4112 564 4182 legem
610 4118 697 4166 set
742 4112 1054 4166 secundum
1105 4113 1458 4165 voluntatem
1506 4113 1894 4178 decernentes,

203 4204 259 4253 et
286 4200 394 4253 hoc
428 4202 498 4254 ab
541 4202 888 4271 imperatore
937 4201 1101 4253 karta
1153 4198 1230 4234 ²³⁰
1280 4200 1551 4253 traditum
1611 4204 1667 4253 et
1697 4200 1898 4253 contir-

201 4296 423 4343 matum
479 4290 691 4344 dicunt.
743 4290 799 4345 Si
834 4290 959 4360 quis
1012 4289 1320 4360 quicquam
1354 4289 1425 4342 ab
1479 4289 1589 4342 alio
1628 4293 1895 4342 mutuum

203 4377 318 4431 sive
350 4379 842 4433 accommodatum
892 4378 1186 4447 acceperit,
1231 4384 1287 4431 et
1315 4378 1409 4431 ille
1442 4378 1511 4431 ad
1556 4377 1894 4431 constitutas

202 4465 464 4520 inducias
512 4484 631 4521 rem
663 4483 825 4521 suam
857 4467 1084 4536 repetit,
1131 4466 1415 4519 constanti
1447 4466 1639 4519 animo
1678 4465 1898 4519 inﬁcias

202 4556 262 4620 it,
297 4560 354 4609 et
385 4556 507 4609 sine
557 4573 718 4610 mora
750 4572 807 4609 se
854 4556 1001 4609 nihil
1047 4556 1116 4609 ab
1155 4556 1252 4609 illo
1304 4555 1585 4625 accepisse
1628 4555 1798 4625 jurat.
1836 4556 1899 4608 Et

203 4644 248 4697 si
330 4645 459 4715 quis
540 4646 930 4716 deprehensus
1015 4634 1190 4698 fberit
1281 4644 1509 4713 publice
1579 4644 1894 4714 pejurasse,

203 4749 236 4786 a
264 4735 423 4786 nullo
469 4749 635 4803 posse
689 4735 756 4771 ²³¹
790 4733 1058 4803 redargui
1104 4733 1467 4787 confirmant.
1516 4731 1573 4786 Si
1605 4748 1723 4785 rem
1761 4748 1900 4803 quo-

204 4838 311 4893 que
354 4838 468 4875 una
510 4838 684 4877 manu
712 4822 982 4892 tenuerit,
1014 4822 1061 4875 si
1105 4822 1327 4876 tantilla
1364 4825 1450 4875 est
1479 4824 1539 4874 ut
1569 4836 1763 4891 pugno
1809 4821 1898 4872 in-

2010 3143 2416 3207 compererunt
2447 3153 2551 3207 per
2596 3138 2986 3208 exploratores
3019 3138 3087 3191 de
3120 3137 3368 3191 adventu
3403 3139 3705 3207 exercitus,

2007 3227 2366 3296 reliquerunt
2412 3226 2633 3292 domos,
2684 3230 2742 3278 et
2769 3226 2838 3279 ad
2889 3225 3004 3289 eos,
3040 3226 3189 3279 inter
3236 3243 3377 3296 quos
3408 3228 3709 3297 prwdones

2009 3314 2494 3367 municiunculam
2551 3318 3002 3379 construxerant,
3050 3314 3186 3383 fuga
3232 3331 3290 3368 se
3338 3321 3703 3384 receperunt.

2006 3403 2077 3454 At
2105 3402 2283 3455 nostri
2315 3417 2444 3455 cum
2492 3404 2611 3454 tota
2643 3402 2819 3454 classe
2868 3402 3039 3471 pleno
3071 3407 3210 3454 aestu
3247 3409 3607 3457 accesserunt
3637 3404 3706 3458 ad

2008 3489 2418 3560 Flaridingun;
2449 3488 2526 3541 sic
2559 3488 2712 3542 enim
2766 3488 2885 3542 haec
2932 3488 3091 3559 regio
3124 3489 3235 3559 (55)
3272 3490 3579 3544 Frisiorum
3614 3508 3710 3545 vo-

2005 3583 2185 3631 catur.
2222 3577 2285 3630 In
2323 3576 2485 3647 cujus
2516 3577 2649 3630 litus
2697 3593 2828 3631 cum
2860 3582 3288 3648 exponerentur
3334 3579 3564 3648 milites,
3595 3580 3707 3634 dux

2005 3671 2253 3719 ceteram
2293 3680 2525 3720 omnem
2575 3666 3005 3720 multitudinem
3038 3667 3233 3737 egredi
3274 3668 3465 3738 jussit,
3511 3669 3707 3738 paucis

2004 3756 2217 3809 relictis
2264 3756 2363 3825 qui
2414 3770 2586 3809 naves
2635 3754 2693 3808 in
2740 3756 2922 3809 altum
2966 3756 3328 3826 reducerent,
3378 3773 3449 3810 ne
3498 3757 3706 3811 iterum

2006 3849 2357 3898 commutato
2408 3849 2548 3899 aestu
2594 3843 2655 3898 in
2704 3845 2864 3899 arido
2916 3846 3317 3915 consisterent,
3361 3850 3425 3900 ut
3475 3845 3521 3899 si
3568 3847 3708 3917 quid

2007 3950 2151 4003 opus
2196 3938 2341 3987 esset
2387 3934 2467 3986 eis
2514 3933 2691 3987 libere
2724 3935 2809 3987 uti
2862 3934 3203 4005 potuissent.
3260 3935 3423 3989 Frisii
3464 3934 3565 3989 ubi
3610 3952 3706 3990 eos

2007 4039 2273 4093 campum
2323 4024 2615 4077 audaciter
2642 4021 2710 4058 ³³⁷
2743 4024 2859 4077 suis
2891 4024 3215 4093 agminibus
3258 4025 3546 4095 complere
3585 4042 3709 4079 cer-

2007 4116 2229 4177 nerent,
2279 4115 2334 4164 et
2363 4127 2549 4181 neque
2598 4111 2666 4164 ab
2711 4110 2800 4165 his
2831 4112 2931 4181 qui
2961 4112 3019 4165 in
3052 4112 3375 4166 munitione
3423 4118 3586 4166 erant
3619 4114 3705 4167 ul-

2007 4202 2123 4254 lum
2150 4199 2481 4270 praesidium
2514 4204 2829 4270 sperarent,
2860 4217 2927 4253 eo
2959 4201 3112 4271 quod
3143 4205 3201 4254 et
3229 4200 3313 4254 illi
3343 4200 3707 4270 circumjecta

2010 4294 2169 4341 tanta
2200 4287 2567 4342 multitudine
2600 4288 2823 4341 nullum
2869 4287 3142 4358 effugium
3176 4288 3474 4357 haberent,
3508 4290 3709 4344 editio-

2010 4378 2167 4431 ribus
2214 4374 2285 4412 ²³⁸
2314 4377 2453 4429 locis
2501 4377 2562 4430 in
2610 4376 2949 4430 stationibus
2985 4377 3145 4431 Frisii
3193 4378 3521 4445 coadunati,
3566 4381 3705 4450 quid

2005 4465 2229 4519 consilii
2259 4466 2451 4518 hostes
2481 4470 2752 4536 caperent
2796 4465 3187 4535 expectabant.
3234 4467 3363 4519 Haec
3392 4472 3583 4522 tamen
3616 4486 3706 4524 res

2006 4554 2065 4608 in
2096 4555 2221 4607 loco
2245 4569 2341 4606 eos
2370 4554 2754 4621 continuerat,
2783 4570 2850 4607 eo
2882 4555 3037 4624 quod
3062 4556 3190 4609 illos
3212 4554 3335 4609 sine
3359 4557 3523 4627 equis
3545 4559 3708 4613 adve-

2007 4642 2157 4696 nisse
2216 4647 2623 4711 cognoverant,
2690 4659 2749 4697 se
2806 4648 2998 4697 autem
3058 4644 3253 4699 labore
3309 4645 3598 4702 cotidiano
3651 4655 3709 4704 et

2007 4730 2215 4784 rustica
2247 4730 2649 4785 exercitatione
2687 4732 2928 4801 pedibus
2969 4733 3286 4802 plurimum
3335 4749 3498 4803 posse
3528 4731 3705 4785 conti-

2007 4818 2216 4872 debant
2242 4836 2263 4885 ;'
2285 4824 2341 4873 et
2370 4820 2418 4873 si
2456 4820 2527 4874 ab
2558 4820 2817 4875 hostibus
2846 4828 3205 4891 premantur,
3258 4820 3483 4875 stabant
3524 4821 3592 4875 ad
3624 4820 3703 4875 fu-

1626 4910 1862 4963 VARIAS
1922 4908 2209 4961 LECTION
2221 4907 2312 4961 ES.

272 4978 347 5017 ²²⁶
422 4982 769 5035 acceduntur
826 4984 874 5035 1.

206 5141 257 5193 2.
289 5140 490 5194 ebriati
524 5143 572 5193 1.
649 5137 722 5174 ³³⁵
752 5140 1134 5194 adebbaldum
1161 5155 1204 5194 c.
1284 5138 1354 5175 ³³⁸
1388 5138 1680 5192 adciscunt
1708 5153 1755 5192 c.

952 4979 1024 5018 ²²⁸
1070 4980 1426 5035 detrahendo
1469 4995 1607 5034 corr.
1666 4980 2023 5033 condolendo
2078 4994 2123 5034 c.
2202 4975 2274 5014 ²²⁹
2330 4981 2413 5032 ita
2463 4981 2705 5046 corrigo;
2765 4978 2839 5033 ist
2863 4996 3002 5034 corr.
3064 4981 3199 5034 vicis
3233 4997 3277 5035 c.
3357 4979 3432 5015 ²³⁰
3480 4995 3547 5034 ne
3585 4983 3707 5049 quis

208 5069 409 5123 Karool
446 5070 552 5135 legi
581 5072 902 5136 suspicetur.
942 5068 1171 5122 codicem
1202 5067 1367 5121 karta
1417 5067 1611 5121 habere
1656 5081 1857 5121 moneo.
1933 5064 2004 5101 2³⁸
2059 5081 2197 5135 pose
2230 5069 2249 5119 1

208 5141 257 5191 2.
289 5140 490 5191 ebriati
524 5143 572 5191 1.
649 5137 722 5174 ³³⁵
752 5140 1134 5191 adebbaldum
1161 5155 1204 5191 c.
1284 5138 1354 5175 ³³⁸
1388 5138 1680 5191 adciscunt
1708 5153 1755 5191 c.
1834 5137 1905 5171 ⁵³⁷
1937 5137 2203 5191 audacter
2234 5140 2253 5190 1

1834 5150 1901 5171 ²⁰¹
1937 5150 2203 5191 audacter
2234 5150 2282 5191 1.

2357 5062 2432 5137 ἐξ
2459 5067 2575 5135 pot’
2630 5082 2676 5120 c.
2723 5082 2795 5121 an
2825 5072 2988 5137 potos
3008 5068 3036 5121 τ
3112 5068 3186 5103 ²³³
3217 5062 3374 5123 ceri—1t
3403 5084 3448 5123 c.
3526 5068 3597 5104 ³³⁸
3625 5072 3707 5123 ita

2059 5081 2197 5135 pose
2230 5069 2279 5119 1.

2362 5135 2435 5171 ³⁵⁸
2464 5135 2836 5192 εάὶὶὶοηὶὺυέ
2852 5142 2900 5192 1.

1832 5216 2063 5271 NOTAE.

275 5290 382 5360 (52)
416 5289 788 5343 Britanniam.

276 5357 384 5430 (53)
416 5361 495 5415 Cf.
530 5377 657 5430 qua:
695 5377 760 5413 ea
791 5360 858 5413 de
889 5376 951 5413 re
993 5360 1134 5414 duce
1165 5361 1225 5413 V.
1261 5359 1329 5413 cl.
1377 5357 1683 5430 Birnbaum
1717 5358 1779 5430 D.
1810 5358 1895 5430 Jo.

209 5428 502 5487 Heinricus
540 5428 792 5485 Beucker
838 5431 1079 5485 Andreae
1124 5432 1182 5483 in
1212 5429 1534 5501 Specimine
1577 5428 1646 5501 de
1676 5428 1898 5501 origine

202 5503 343 5627 jurti:
381 5502 754 5627 'rtnunicipalis
785 5502 980 5557 Frisici
1013 5519 1069 5574 p.
1107 5504 1209 5557 369
1246 5500 1369 5573 Sqq.
1417 5500 1748 5571 nuperrime
1775 5500 1896 5554 dis-

208 5589 283 5627 nu
343 5590 396 5627 v1
429 5616 441 5627 .

207 5573 441 5643 putavit.

2082 5288 2189 5357 (54)
2221 5287 2299 5343 Cf.
2331 5287 2622 5341 Tbietmar
2652 5303 2764 5354 vui,
2802 5290 2884 5342 13.

2082 5360 2192 5426 (55)
2226 5358 2399 5412 Hodie
2429 5362 2651 5430 tantum
2684 5362 2805 5430 ejus
2836 5358 3086 5413 nominis
3114 5359 3269 5413 vicus
3299 5363 3480 5414 exstat
3511 5360 3703 5414 Vlaer-

2008 5428 2241 5501 dingen,
2273 5445 2446 5499 quem
2490 5429 2557 5483 ab
2591 5428 2811 5501 Oceano
2844 5431 3055 5485 Mosam
3102 5430 3376 5501 invectus,
3411 5448 3444 5486 a
3474 5430 3705 5487 sinistra

2008 5499 2158 5554 infra
2185 5501 2579 5556 Roterdanum
2609 5500 2909 5573 conspicis.
