3956 6300
263 331 368 384 483

1212 325 1510 392 ΑιιιΕιιΤι
1550 325 1604 380 S.
1649 322 2120 380 SYMPHORIANI
2161 323 2456 378 METENS.
2502 321 2806 377 MONACII.

3665 323 3775 376 484

265 469 394 524 gam
445 450 756 522 praeparati
809 454 977 520 atque
1028 448 1292 520 expediti.
1355 449 1474 508 Una
1533 464 1620 501 res
1672 452 1794 502 erat
1841 447 1951 500 illis
1980 451 2025 502 Α
2065 450 2394 518 erumpunt,
2428 445 2622 499 omnia
2665 445 2939 499 cadavera
2969 449 3332 499 mortuorum
3375 445 3774 518 perequitant,

265 557 477 612 magno
524 540 676 605 usui,
730 539 886 610 quod
937 554 1203 610 campum
1264 553 1494 591 omnem
1547 537 1712 590 fossis
1761 536 1961 607 praefo-

265 630 496 698 derant,
573 628 688 682 sive
761 628 831 681 ad
908 627 1329 682 defendendum
1404 627 1681 695 majorem
1757 630 1957 678 mstum

267 718 468 784 maris,
556 716 655 788 qui
729 716 788 770 in
879 716 1196 787 plenilunio
1269 713 1514 769 validior
1587 712 1727 767 solet
1798 713 1956 776 fieri,

269 807 384 860 sive
451 805 522 860 ad
589 805 1021 876 impediendum
1087 805 1195 858 iter
1267 804 1542 858 hostium.
1619 803 1769 867 Quas
1830 819 1958 856 cum

267 893 398 948 duci
421 894 709 948 videretur
737 893 968 947 difficile
998 908 1126 945 cum
1161 891 1535 945 multitudine
1563 891 1958 956 transeundas,

260 981 453 1053 jussit,
504 985 567 1036 ut
617 981 713 1052 qui
772 981 934 1051 signa
980 980 1238 1034 ferebant
1292 980 1567 1047 redirent,
1619 985 1676 1033 et
1723 979 1960 1032 circuta-

266 1071 339 1123 tis
373 1068 446 1105 ²³⁰
488 1070 653 1124 fossis
687 1069 744 1123 in
791 1069 928 1124 locis
980 1069 1166 1140 planis
1215 1068 1620 1135 consisterent,
1673 1072 1734 1122 ut
1763 1067 1808 1120 si
1841 1066 1964 1121 Fri-

267 1159 334 1212 sii
366 1157 438 1195 ’το
468 1158 740 1212 dimicare
786 1158 1019 1225 vellent,
1053 1173 1148 1211 eos
1180 1157 1498 1228 excipiendi
1548 1156 1862 1227 expeditior
1887 1156 1964 1210 fa-

267 1246 446 1300 cultas
475 1251 640 1300 esset.
675 1247 739 1300 Et
783 1262 911 1300 cum
947 1245 1225 1300 exercitus
1253 1245 1412 1300 ducis
1445 1244 1512 1282 ²⁴¹
1561 1245 1723 1316 signa
1752 1245 1962 1300 referre

268 1333 588 1404 coepissent,
640 1339 794 1386 ortus
826 1338 908 1388 est
957 1334 1106 1388 inter
1133 1333 1472 1388 novissimos
1521 1349 1720 1388 eorum
1751 1335 1966 1387 clamor

268 1438 297 1475 a
344 1422 592 1493 quodam
644 1422 1064 1488 scelestissimo,
1106 1422 1428 1493 propinquo
1471 1422 1830 1492 prmdonum,
1883 1421 1964 1477 di-

267 1525 420 1576 cens,
473 1517 540 1564 ut
595 1511 836 1582 quisque
895 1512 1026 1564 vita:
1083 1528 1200 1565 suae
1249 1511 1590 1574 consuleret,
1647 1511 1848 1565 ducem
1905 1511 1960 1564 in

265 1600 451 1668 prima
487 1600 604 1652 acie
649 1600 868 1668 impetu
924 1600 1234 1654 Frisiorum
1282 1615 1540 1670 pressum
1581 1600 1716 1669 fuga
1766 1599 1965 1670 praelio

271 1685 520 1739 cessisse.
557 1686 668 1739 Hac
706 1686 845 1739 falsa
883 1686 1035 1739 fama
1064 1703 1168 1756 per
1213 1687 1522 1740 exercitum
1555 1689 1794 1756 perlata,
1842 1703 1964 1740 om-

267 1791 370 1828 nes
401 1775 457 1828 iu
488 1775 681 1846 fugam
718 1775 862 1828 versi
904 1781 1057 1842 sunt,
1087 1775 1139 1829 ei
1171 1779 1326 1828 tanto
1359 1775 1561 1828 timore
1590 1780 1723 1828 sunt
1753 1779 1964 1846 perter-

269 1862 386 1923 riti.
423 1868 488 1916 ut
518 1863 749 1915 nemine
784 1869 1066 1933 urguente
1115 1863 1174 1916 in
1207 1862 1422 1916 ﬂumen
1455 1879 1512 1915 se
1542 1863 1968 1933 praecipitarent

271 1951 404 2016 (Jul.
471 1954 586 2018 29).
655 1951 812 2005 Multi
886 1951 1084 2004 conﬁsi
1145 1952 1358 2005 viribus
1426 1951 1497 2006 ad
1556 1967 1725 2005 naves
1781 1956 1964 2004 trans-

269 2045 465 2093 natare
496 2039 820 2110 cupiebant.
854 2038 1002 2102 Quas
1047 2055 1172 2092 cum
1211 2039 1668 2110 prehendissem,
1696 2039 1840 2094 etin
1873 2055 1967 2093 eas

268 2143 494 2181 summo
551 2128 739 2181 studio
797 2127 1101 2182 ascendere
1167 2137 1530 2195 conarentur,
1601 2127 1967 2182 multitudine

269 2214 736 2284 circumstipante
789 2231 961 2268 naves
1016 2215 1280 2269 dimersm
1338 2221 1486 2270 sunt.
1555 2217 1620 2270 Et
1676 2232 1740 2268 eo
1795 2216 1965 2270 modo

268 2304 463 2374 plures
508 2304 820 2374 perierunt,
854 2304 1003 2374 quod
1038 2305 1280 2375 quisque
1314 2321 1508 2358 carum
1549 2320 1714 2358 suum
1746 2310 1802 2359 et
1833 2321 1965 2376 pro-

269 2392 555 2463 pinquum
589 2392 646 2444 in
696 2393 895 2446 mortis
941 2397 1140 2446 natatu
1193 2393 1542 2464 periclitasse
1587 2394 1964 2463 conspiciens,

269 2482 406 2534 dum
439 2481 740 2534 subvenire
782 2481 865 2534 illi
895 2481 1084 2550 vellet,
1116 2481 1596 2536 circumfunditur
1633 2482 1966 2537 innumera-

267 2569 380 2622 bile
427 2569 651 2641 vulgus,
685 2585 974 2641 navesque
1003 2569 1063 2623 in
1111 2571 1458 2641 profundum
1501 2571 1754 2638 trahunt,
1787 2576 1844 2626 et
1889 2572 1968 2626 sic

268 2657 486 2728 pariter
515 2675 714 2712 omnes
757 2659 1016 2713 sutfocati
1049 2664 1201 2713 sunt.
1235 2660 1403 2714 Pauci
1457 2661 1717 2714 videntes
1759 2661 1879 2715 haec
1912 2667 1969 2715 et

267 2747 532 2801 timentes
587 2747 907 2817 periculum
956 2747 1390 2816 submersionis,
1448 2753 1504 2803 et
1547 2754 1612 2803 ut
1645 2751 1788 2804 solet
1818 2750 1965 2816 ﬁeri,

270 2835 421 2906 quod
470 2836 731 2906 plerique
776 2837 836 2890 in
885 2837 986 2890 tali
1039 2837 1468 2907 perturbatione
1517 2853 1632 2891 non
1682 2839 1970 2909 recipiunt

269 2923 713 2992 miserationem,
748 2939 819 2978 ne
842 2923 1015 2979 simili
1049 2925 1218 2979 modo
1249 2926 1502 2996 perirent
1524 2926 1770 2980 incitatis
1796 2929 1967 2981 remis

2069 535 2204 588 illuc
2233 534 2332 588 ubi
2377 535 2578 588 ducem
2610 550 2642 587 a
2692 533 3058 586 multitudine
3108 533 3524 589 circumdatum
3571 551 3776 589 cerne-

2069 622 2210 676 bant
2239 622 2610 675 contendunt.
2653 621 2831 686 Quem
2874 621 3192 690 cognitum,
3244 628 3299 676 et
3321 623 3442 692 jam
3482 624 3540 678 in
3573 624 3776 678 adver-

2072 725 2196 763 sum
2237 725 2298 762 os
2346 711 2712 763 vulneratum
2757 713 2812 763 et
2843 724 2991 781 pene
3035 711 3421 779 desperatum,
3464 713 3654 766 statim
3707 728 3774 766 ex

2069 801 2324 872 pericqu
2355 801 2630 871 eripiunt,
2685 805 2740 854 et
2769 817 2897 855 cum
2931 801 3125 871 paucis
3174 803 3352 872 captis
3382 802 3442 857 in
3473 805 3777 857 castellum

2070 889 2413 959 perducunt,
2465 889 2823 960 pedibusque
2871 891 2995 960 ejus
3042 890 3476 961 provolvuntur,
3509 892 3678 963 eique
3715 908 3775 945 se

2071 977 2308 1044 dedunt,
2359 977 2661 1031 obsecrant
2712 984 2778 1030 ut
2822 978 2993 1031 rebus
3050 979 3168 1031 suis
3216 980 3473 1032 consulat
3518 985 3573 1033 et
3621 980 3773 1050 apud

2073 1064 2479 1135 imperatorem
2520 1071 2576 1119 et
2633 1065 2965 1136 episcopum
3013 1066 3386 1120 Adelbaldum
3437 1083 3540 1138 pro
3574 1067 3658 1120 eis
3704 1067 3776 1121 de

2069 1152 2302 1224 negotio
2355 1153 2610 1207 confecto
2661 1151 3020 1208 interveniat.
3076 1155 3294 1218 Quibus
3354 1171 3483 1209 cum
3539 1155 3777 1210 dixisset

2073 1241 2269 1296 omnia
2293 1258 2421 1313 qua
2452 1243 2522 1296 ab
2553 1258 2620 1296 eo
2646 1243 3007 1313 postularent
3036 1259 3156 1297 sese
3205 1243 3513 1309 facturum,
3545 1249 3774 1298 tantum

2072 1334 2136 1383 ut
2164 1330 2351 1401 ipsum
2385 1334 2441 1384 et
2485 1337 2702 1385 ceteros
2751 1331 2852 1402 qui
2904 1337 3269 1401 superessent
3309 1337 3366 1386 et
3409 1333 3560 1403 capti
3607 1338 3778 1386 erant

2072 1419 2279 1473 illaasos
2309 1420 2462 1474 abire
2486 1420 2906 1491 permitterent,
2937 1421 3359 1491 responderunt
3392 1437 3628 1491 magnas
3662 1421 3774 1476 ini-

2075 1509 2318 1562 micitias
2349 1515 2649 1580 parentum
2678 1515 2734 1562 et
2781 1509 3240 1580 propinquorum
3275 1510 3507 1564 illorum
3547 1510 3647 1580 qui
3678 1526 3776 1564 oc-

2075 1600 2393 1652 cubuerant
2439 1597 2594 1667 ipsos
2643 1597 2952 1651 incurrisse
2991 1615 3005 1664 ;
3067 1598 3112 1650 si
3165 1598 3571 1668 impunitatem
3621 1599 3779 1652 illius

2076 1684 2207 1739 facti
2233 1685 2562 1755 juramento
2611 1685 2722 1740 sibi
2760 1687 3117 1753 conﬁrment,
3162 1693 3223 1740 ut
3252 1687 3468 1741 nullam
3497 1703 3776 1759 umquam

2077 1773 2381 1828 vindictam
2412 1775 2484 1828 ab
2531 1774 2670 1846 ipsis
2723 1775 2976 1845 exigant,
3025 1791 3145 1829 sese
3176 1777 3441 1842 facturos,
3491 1793 3622 1847 quae
3672 1794 3778 1847 po-

2077 1863 2332 1930 stularet,
2386 1863 2781 1918 ostenderunt.
2834 1865 3092 1935 Cumque
3151 1864 3264 1918 dux
3315 1865 3438 1918 hinc
3493 1865 3774 1930 laudaret,

2077 1951 2432 2004 constituunt
2460 1950 2609 2004 diem
2659 1956 2715 2004 et
2743 1952 2954 2018 locum,
2987 1951 3217 2022 quando
3258 1952 3380 2005 haec
3426 1952 3618 2006 omnia
3651 1954 3777 2006 fieri

2078 2036 2340 2092 debeant.
2375 2039 2508 2093 Illos
2552 2043 2742 2093 autem
2787 2039 2887 2110 qui
2917 2039 3066 2110 capti
3116 2039 3342 2094 fuerant
3373 2056 3552 2111 usque
3581 2041 3649 2095 ad
3681 2041 3778 2095 in-

2078 2127 2273 2180 ducias
2320 2127 2610 2181 condictus
2657 2127 2715 2180 in
2762 2127 3005 2181 vinculis
3049 2127 3332 2194 retinent;
3382 2129 3585 2183 ducem
3616 2129 3780 2183 abire

2076 2215 2440 2286 permittunt.
2498 2215 2620 2280 Quo
2663 2216 2930 2281 abeunte,
2984 2217 3279 2272 irruerunt
3323 2234 3494 2289 super
3541 2219 3777 2286 occisos,

2076 2310 2132 2357 et
2179 2304 2338 2358 obliti
2390 2305 2578 2358 omnis
2621 2304 3017 2372 humanitatis,
3065 2306 3260 2360 omnia
3313 2323 3550 2377 corpora
3603 2308 3778 2362 vcsti-

2077 2394 2287 2448 mentis
2307 2399 2606 2460 exuerunt,
2629 2400 2815 2450 utnec
2837 2411 3093 2466 pannum
3121 2395 3353 2466 quidem
3386 2396 3782 2467 relinquerent

2079 2499 2193 2553 quo
2235 2484 2482 2538 verenda
2513 2490 2864 2553 tegerentur.
2905 2484 2982 2538 De
3031 2485 3121 2538 his
3151 2501 3379 2555 quoque
3410 2485 3532 2539 haec
3575 2485 3780 2539 ferun-

2076 2575 2190 2638 tur,
2223 2573 2374 2643 quod
2419 2572 2686 2642 quaedam
2733 2587 2974 2643 corpora
3022 2573 3233 2626 horum
3279 2575 3444 2643 longe
3487 2573 3546 2627 in
3597 2575 3777 2628 altum

2078 2661 2150 2715 ab
2197 2660 2399 2714 incolis
2446 2666 2684 2732 propter
2730 2661 2994 2715 fmtorem
3048 2662 3306 2732 expulsa,
3357 2662 3427 2715 ab
3478 2663 3677 2716 avibus
3724 2668 3782 2717 et

2077 2749 2273 2805 bestiis
2303 2753 2359 2803 et
2407 2750 2644 2804 marinis
2687 2749 2841 2817 feris,
2879 2767 3008 2821 quas
3051 2750 3436 2820 cupidissima:
3485 2751 3782 2805 humano-

2079 2855 2204 2893 rum
2236 2839 2576 2894 cadaverum
2616 2845 2767 2907 sunt,
2800 2838 2981 2893 illaesa
3016 2845 3072 2893 et
3097 2840 3304 2893 intacta
3332 2839 3776 2910 permanserint.

2081 2929 2144 2982 Et
2174 2928 2306 2982 dum
2340 2928 2549 2982 iterum
2579 2928 2648 2983 ad
2676 2928 2814 2982 litus
2839 2944 2941 2999 per
2971 2933 3169 2981 aestum
3201 2929 3641 2999 projicerentur,
3677 2943 3783 2998 per

269 3009 464 3082 fugam
511 3013 847 3066 accelerant.
903 3013 1044 3066 Cum
1093 3014 1285 3083 plures
1315 3012 1390 3050 ²⁴²
1421 3030 1551 3068 vero
1584 3020 1739 3069 metu
1769 3020 1824 3070 et
1851 3016 1962 3070 las-
2003 3019 2043 3074 C
2080 3016 2192 3070 duo
2227 3016 2472 3071 miliaria
2525 3021 2624 3070 aut
2674 3017 2920 3087 amplius
2972 3017 3184 3071 candor
3227 3033 3429 3071 eorum
3467 3018 3622 3071 visus
3671 3022 3778 3084 est,

270 3096 520 3153 situdine
551 3103 608 3152 et
640 3099 895 3170 pondere
924 3116 1217 3155 armorum
1250 3101 1431 3172 pressi
1460 3103 1626 3157 sicuti
1677 3120 1841 3157 cursu
1875 3103 1964 3158 in-

268 3187 517 3254 trabant,
565 3187 644 3242 ita
671 3188 775 3242 sub
807 3205 954 3260 aqua
1000 3189 1142 3244 recti
1185 3195 1242 3244 et
1271 3190 1580 3244 exanimati
1611 3191 1852 3246 stabant.
1895 3195 1966 3247 At

269 3276 330 3332 hi
361 3278 460 3348 qui
488 3276 545 3330 in
581 3278 902 3332 munitione
943 3283 1126 3344 erant,
1161 3295 1291 3334 cum
1336 3279 1596 3334 viderent
1626 3297 1961 3335 concursum

269 3362 414 3429 fieri,
447 3366 504 3416 et
547 3361 810 3417 certatim
841 3379 899 3415 se
944 3363 1013 3417 de
1043 3363 1236 3417 littore
1267 3365 1327 3418 in
1357 3381 1565 3434 aquam
1597 3365 1958 3436 prmcipitari,

271 3451 790 3506 animadverterent
843 3468 938 3505 eos
994 3453 1358 3523 perturbatos
1413 3454 1606 3524 fugam
1658 3455 1848 3522 inisse,
1911 3460 1966 3510 et

268 3556 400 3594 mox
434 3545 577 3594 nutu
624 3545 679 3594 et
709 3540 940 3594 vocibus
981 3541 1050 3595 de
1093 3541 1227 3612 fuga
1259 3559 1456 3596 eorum
1510 3543 1701 3597 Frisiis
1750 3543 1964 3612 signiti-

270 3643 397 3681 care
427 3633 741 3698 cmperunt.
777 3629 900 3682 Dux
943 3646 1077 3683 vero
1109 3630 1305 3684 videns
1350 3630 1545 3700 fugam
1578 3631 1963 3686 multitudinis

267 3733 397 3770 cum
429 3717 546 3770 suis
575 3717 762 3771 stabat
795 3718 1176 3787 stupefactus;
1209 3719 1505 3774 fortissimi
1534 3736 1785 3792 quoque,
1819 3738 1962 3793 quo-

270 3822 396 3860 rum
443 3821 538 3860 cor
567 3811 630 3860 ut
661 3806 888 3860 leonum
923 3813 1062 3875 erat,
1111 3808 1192 3861 ita
1229 3824 1436 3879 pavore
1469 3809 1715 3864 solutum
1761 3815 1866 3870 est.
1903 3816 1965 3865 ut

270 3896 393 3948 loco
420 3894 477 3948 in
511 3910 625 3965 quo
653 3894 1026 3950 constiterant
1055 3912 1111 3949 se
1157 3912 1385 3951 movere
1419 3915 1533 3952 non
1567 3905 1818 3969 possent.
1852 3904 1962 3954 Ac-

268 3981 522 4054 ciditque
552 4013 620 4022 -—
647 3984 839 4037 nescio
871 3985 1026 4055 quod
1059 3985 1490 4056 divinojudicio
1523 4019 1590 4028 —
1613 3989 1777 4060 quasi
1806 3988 1966 4042 inau-

269 4072 454 4126 ditum
500 4071 862 4140 miraculum,
893 4073 1036 4128 adeo
1071 4071 1140 4109 ²⁴³
1170 4080 1229 4128 ut
1262 4072 1421 4129 Frisii
1447 4092 1514 4130 ex
1547 4077 1964 4148 significatione

269 4161 692 4231 oppidanorum
753 4162 969 4216 evocati
1013 4169 1374 4218 accurrerent
1423 4171 1479 4218 et
1509 4181 1604 4219 eos
1651 4166 1814 4236 quasi
1847 4166 1964 4219 saxi

268 4248 590 4304 immobiles
625 4255 839 4305 stantes
869 4249 1286 4321 interﬁcerent;
1319 4258 1375 4306 et
1405 4253 1482 4307 ita
1517 4253 1613 4308 Dei
1638 4253 1804 4323 jussu
1833 4259 1967 4309 sunt

268 4338 328 4392 in
369 4337 484 4392 suis
536 4339 810 4393 membris
848 4339 1102 4410 obligati,
1153 4346 1219 4395 ut
1267 4358 1435 4396 nemo
1492 4358 1559 4395 ex
1606 4346 1759 4396 tanta
1801 4343 1968 4413 copia

268 4427 715 4482 clarissimorum
763 4427 1018 4482 virorum
1060 4445 1294 4484 manum
1328 4430 1522 4484 stricto
1555 4430 1743 4500 gladio
1775 4431 1843 4485 ad
1876 4447 1968 4486 re-

269 4514 583 4568 sistendum
617 4517 878 4581 erigeret,
927 4517 1012 4571 vel
1062 4523 1286 4572 scutum
1346 4519 1412 4572 ad
1445 4535 1503 4572 se
1542 4519 1966 4590 protegendum

269 4609 603 4674 opponeret.
637 4605 853 4668 Quibus
894 4608 1225 4676 peremptis,
1276 4607 1448 4661 celeri
1473 4623 1638 4661 cursu
1690 4624 1964 4679 pervene-

269 4697 406 4746 runt
434 4692 502 4745 ad
540 4693 694 4760 litus,
729 4698 784 4747 et
817 4709 946 4748 cum
979 4697 1192 4766 plures,
1225 4696 1324 4767 qui
1356 4712 1458 4767 per
1489 4696 1843 4767 crepidinem
1875 4699 1966 4752 lit-

268 4779 407 4834 toris
435 4779 493 4833 in
525 4796 676 4851 aqua
705 4782 972 4836 manibus
1002 4785 1323 4854 reptabant,
1347 4785 1554 4855 jaculis
1603 4787 1963 4842 confodiunt.

267 4868 378 4922 Alii
409 4885 679 4940 namque,
714 4869 852 4924 dum
884 4871 1089 4925 ducem
1137 4873 1318 4926 solum
1353 4879 1502 4926 stare
1551 4875 1965 4946 conspicerent,

267 4957 730 5026 circumsistunt;
783 4965 867 5014 set
911 4961 1031 5030 ille,
1081 4966 1422 5031 consumpto
1471 4962 1698 5033 spiritu,
1746 4964 1969 5018 fortiter

267 5048 496 5114 restitit,
547 5054 603 5103 et
651 5049 820 5103 missa
865 5050 984 5120 pila
1032 5050 1262 5120 excipit,
1320 5067 1500 5105 unum
1549 5056 1774 5106 tantum
1820 5052 1890 5090 ²⁴⁴
1936 5071 1966 5107 a

267 5144 431 5208 tergo
463 5155 521 5192 se
560 5137 915 5208 inpetentem
947 5155 1142 5192 aversa
1170 5138 1332 5193 hasta
1373 5139 1601 5208 trajicit.
1633 5141 1756 5205 Quo
1785 5141 1968 5196 exani-

270 5231 446 5292 mato,
495 5227 848 5298 reliquorum
891 5227 1174 5297 impetum
1218 5227 1518 5298 paululum
1552 5229 1842 5298 repressit.
1881 5231 1967 5284 ln-

269 5305 435 5359 terim
465 5308 766 5376 praedones
801 5323 868 5362 ex
896 5307 1111 5378 oppido
1128 5308 1248 5377 jam
1280 5308 1396 5362 laeti
1427 5309 1494 5362 de
1518 5309 1750 5363 victoria
1779 5311 1962 5364 subito

2076 3105 2237 3176 quasi
2267 3106 2401 3160 litus
2430 3104 2848 3160 candidissimis
2878 3103 3072 3160 linteis
3104 3111 3252 3160 esset
3289 3122 3624 3176 expansum.
3662 3109 3780 3161 Hoc

2075 3210 2302 3265 quoque
2335 3195 2394 3248 in
2423 3195 2546 3264 ejus
2576 3195 2660 3249 rei
2691 3195 3086 3248 testimonium
3113 3195 3355 3262 dicatur,
3387 3195 3536 3267 quod
3569 3211 3777 3250 novem

2073 3299 2315 3355 corpora
2359 3283 2591 3337 illorum
2639 3284 2905 3338 Kalendis
2959 3283 3308 3353 Decembris,
3360 3284 3531 3338 simul
3585 3285 3776 3346 adluic

2075 3373 2376 3442 conligata,
2439 3371 2498 3426 in
2556 3373 2803 3443 quadam
2853 3373 2977 3443 ripa
3022 3377 3154 3426 sunt
3208 3378 3456 3444 reperta,
3509 3373 3588 3426 ita
3634 3373 3782 3427 inte-

2075 3475 2176 3530 gra
2210 3467 2270 3514 ut
2316 3475 2464 3530 pene
2505 3460 2662 3514 nulla
2693 3461 2936 3531 putredo
2986 3461 3046 3515 in
3077 3461 3159 3514 eis
3201 3459 3532 3531 investigari
3563 3467 3777 3531 posset,

2075 3548 2335 3620 quamvis
2366 3548 2550 3604 caedes
2581 3565 2633 3603 1v
2663 3550 2785 3604 Kal.
2819 3549 3064 3620 Augusti
3093 3549 3240 3604 facta
3271 3549 3484 3604 fuisset.

2508 3639 2596 3692 2'2.
2635 3639 2716 3692 De
2745 3639 2935 3693 clerico
2963 3638 3144 3693 Judeo
3171 3640 3336 3706 facta.

2145 3716 2418 3789 Superius
2444 3716 2572 3786 (lib.
2623 3734 2662 3787 ι,
2693 3734 2816 3788 cap.
2851 3723 2901 3786 ’7)
2940 3734 3028 3771 me
3059 3718 3300 3788 promisi
3345 3718 3669 3773 relaturum
3709 3719 3780 3774 de

2077 3805 2172 3859 illo
2201 3811 2478 3876 apostata,
2511 3806 2631 3877 qui,
2673 3806 2870 3860 relicta
2901 3807 3199 3878 religione,
3232 3808 3526 3862 clericatus
3557 3808 3615 3862 in
3648 3825 3780 3880 per-

2075 3894 2323 3948 ﬁdorum
2375 3895 2710 3964 voraginem
2763 3895 2966 3950 incidit
3009 3897 3343 3951 Judeorum.
3403 3897 3498 3952 Set
3542 3897 3601 3951 in
3654 3897 3781 3969 ipsa

2075 3983 2454 4054 promissione
2501 3985 2840 4038 exsolvenda
2874 3989 3028 4039 totus
3083 3992 3495 4052 contremesco,
3544 3993 3602 4039 et
3649 3987 3782 4040 hor-

2077 4072 2333 4126 rentibus
2386 4073 2515 4144 pilis
2573 4073 2775 4144 capitis
2831 4078 3052 4128 terrore
3109 4077 3422 4142 concutior,
3482 4075 3780 4130 diabolum

2075 4162 2330 4232 potuisse
2379 4162 2601 4216 homini
2647 4163 2992 4234 persuadere
3043 4168 3104 4217 ut
3137 4167 3322 4218 tantas
3371 4164 3562 4218 sordes
3605 4181 3782 4219 ausus

2077 4254 2225 4304 esset
2249 4254 2447 4304 contra
2491 4251 2780 4305 Christum
2814 4256 2872 4305 et
2906 4257 3133 4306 sanctos
3163 4254 3288 4323 ejus
3328 4253 3592 4322 jactasse.
3629 4253 3780 4308 Scri-

2078 4342 2270 4410 pserat
2302 4339 2457 4393 enim
2487 4339 2728 4394 funestis
2760 4340 2963 4394 litteris
2993 4341 3415 4396 infelicissimus
3440 4341 3534 4396 ille
3569 4357 3582 4396 :

2499 4431 2588 4484 23.
2624 4429 2842 4499 Scripta
2871 4433 3042 4499 ipsius
3065 4436 3345 4499 apostataz.

2151 4538 2180 4568 «
2217 4517 2362 4582 Quid
2406 4517 2746 4572 contradicis
2787 4517 2946 4587 justo
2988 4517 3312 4588 insipiens?
3361 4517 3505 4588 Lege
3553 4517 3783 4572 Abacuc

2076 4607 2438 4678 prophetam,
2469 4607 2529 4659 in
2577 4623 2692 4676 quo
2725 4608 2871 4660 Deus
2901 4605 3042 4660 dixit
3071 4622 3084 4660 :
3120 4607 3242 4674 Ego
3270 4623 3389 4660 sum
3423 4609 3555 4661 Deus
3588 4613 3638 4660 et
3671 4623 3781 4661 non

2075 4699 2254 4748 mutor
2304 4694 2559 4763 (Malach.
2621 4710 2701 4759 ιιι,
2760 4693 2832 4763 6).
2890 4693 2950 4748 Si
3003 4694 3100 4747 ille
3160 4695 3472 4748 secundum
3529 4700 3780 4750 vestram

2075 4781 2434 4836 maledictam
2467 4781 2643 4836 ﬁdem
2675 4787 2996 4836 mutaretur
3037 4787 3093 4836 et
3122 4783 3350 4836 mulieri
3383 4783 3784 4838 commiscere-

2077 4875 2186 4937 tur,
2223 4869 2570 4941 principium
2601 4871 2908 4925 verborum
2951 4887 3184 4924 suorum
3219 4887 3330 4924 non
3371 4877 3516 4924 esset
3546 4871 3780 4926 veritas.

2078 4959 2230 5014 Dixit
2260 4960 2533 5013 Dominus
2561 4960 2628 5014 ad
2661 4961 2885 5031 Moysen
2918 4976 2932 5014 :
2967 4963 3086 5017 Non
3116 4963 3254 5013 enim
3281 4960 3484 5014 videbit
3513 4975 3594 5013 me
3623 4960 3782 5014 homo

2075 5053 2126 5101 et
2153 5051 2331 5102 vivere
2357 5053 2534 5118 potest
2585 5049 2789 5111 (Emod.
2835 5065 3027 5118 χχχιιι,
3079 5051 3191 5116 20).
3225 5049 3406 5112 Quem
3454 5048 3639 5102 lilium
3674 5048 3779 5102 ho-

2076 5135 2248 5190 minis
2285 5137 2699 5206 prtetermisit?
2735 5137 2880 5191 Dicit
2910 5138 3066 5191 enim
3103 5138 3281 5192 David
3312 5138 3594 5208 propheta
3629 5157 3641 5190 ;
3673 5140 3784 5194 Νο-

2075 5227 2167 5280 lite
2221 5227 2483 5295 conﬁdere
2535 5229 2594 5280 in
2645 5227 3015 5296 principibus,
3077 5230 3131 5280 in
3171 5228 3315 5295 ﬁliis
3365 5228 3660 5294 hominum,
3720 5229 3783 5280 in

2074 5314 2267 5383 quibus
2314 5330 2422 5368 non
2468 5321 2547 5370 est
2591 5318 2739 5372 salus
2795 5317 2962 5381 (Psal.
2999 5332 3152 5383 CXLV,
3216 5318 3301 5386 3);
3358 5320 3413 5370 et
3469 5315 3727 5369 Ezechiel
3765 5333 3779 5371 :

1687 5389 1926 5444 VARUE
1964 5391 2365 5448 LECTIONES.

342 5455 414 5493 ³³⁸
446 5457 728 5512 circutriis
760 5473 806 5512 c.
859 5457 1110 5512 circuitis
1164 5457 1330 5514 Eckh.
1360 5486 1433 5500 —
1475 5457 1749 5514 circutare
1780 5462 1822 5514 i.
1865 5478 1917 5530 q.
1979 5465 2207 5518 circare.

270 5543 340 5581 ³⁸³
365 5548 446 5598 ita
481 5547 543 5601 E.
571 5562 604 5599 a
633 5541 745 5600 dno
775 5563 819 5601 c.
899 5545 968 5583 ’⁸η
995 5539 1079 5600 ἦῆ
1100 5563 1141 5600 c.

2288 5462 2362 5501 ²⁴⁰
2393 5465 2514 5519 frisi
2561 5482 2605 5520 c.
2685 5465 2753 5501 ²⁸¹
2799 5467 2941 5523 duos
2975 5471 3023 5521 1.

3104 5465 3175 5502 ²⁴²
3212 5468 3250 5522 i.
3306 5483 3360 5534 q.
3419 5465 3778 5536 Complures.
