3956 6306
181 305 297 357 485

1027 305 1116 360 DE
1158 305 1623 361 DIVERSITATE
1665 307 2049 363 TEMPORUM
2098 309 2285 364 LIBRI
2325 310 2484 365 DUO.
2537 340 2604 350 —
2650 314 2773 365 LIB.
2820 313 2887 367 ll.

3606 323 3707 374 486

183 427 516 482 Maledictus
550 428 716 487 homo,
747 430 845 497 qui
876 428 1094 497 conﬁdit
1123 431 1181 482 in
1212 429 1423 483 homine
1476 434 1525 483 et
1562 433 1719 498 ponit
1775 447 1895 484 car-
1925 436 1972 485 Α
2011 431 2163 498 deas,
2197 448 2369 503 quem
2403 432 2540 487 dicis
2564 434 2804 503 justum,
2836 442 2893 490 te
2928 441 3025 490 aut
3052 440 3439 511 prophetam?
3465 444 3520 498 Si
3577 460 3709 515 pro-

183 531 313 568 nem
355 515 645 569 brachium
686 531 862 580 suum,
895 518 998 571 erit
1028 519 1169 571 enim
1218 520 1381 586 quasi
1433 520 1637 571 miricze
1684 521 1742 571 in
1807 520 1899 572 de-

185 608 355 669 serto,
412 607 463 656 et
532 619 639 657 non
695 604 900 657 ridebit
948 606 1211 670 fructum,
1271 622 1390 659 cum
1437 609 1640 658 venerit
1708 606 1900 660 bonum

188 690 332 760 (Jer.
389 708 525 756 xvu,
572 693 625 757 5,
678 692 752 763 6).
786 693 928 756 Quid
961 699 1159 747 contra
1189 694 1362 748 hiscis
1415 692 1657 747 animal!
1719 695 1897 758 Quem

189 780 381 834 ﬁlium
414 780 665 834 hominis
693 782 1104 851 praetermisit"!
1138 784 1280 837 Num
1331 785 1561 836 Petrum
1595 788 1649 836 et
1677 785 1899 838 Johan-

188 884 331 923 nem
363 873 533 940 atque
564 870 884 940 Martyrium
943 876 1000 924 et
1057 872 1194 925 alios
1241 873 1531 937 demones,
1584 888 1729 942 quos
1762 890 1898 926 san-

191 961 317 1011 ctos
346 958 595 1011 vocatis?
643 960 705 1012 In
756 959 1027 1013 omnibus
1075 961 1211 1013 locis
1272 961 1478 1030 legitur
1519 960 1666 1013 Deus
1700 962 1894 1029 Israel,

192 1050 251 1099 et
275 1062 393 1099 non
419 1052 503 1099 est
536 1047 681 1101 Deus
725 1047 1004 1117 gentium.
1041 1049 1145 1102 Ubi
1177 1054 1263 1103 est
1316 1056 1505 1105 vester
1535 1051 1769 1107 sensus?
1804 1051 1894 1105 Di-

193 1134 275 1187 cit
330 1134 546 1189 David:
594 1138 793 1190 Memor
846 1139 949 1190 erit
1000 1139 1257 1192 Dominus
1330 1140 1388 1193 in
1453 1143 1687 1195 secutum
1742 1145 1897 1195 testa-

192 1225 370 1277 menti
400 1226 509 1292 sui,
558 1225 708 1278 verbi
736 1225 882 1294 quod
910 1226 1195 1280 mandavit
1224 1229 1282 1281 in
1311 1229 1458 1281 mille
1506 1232 1892 1295 generationes,

194 1311 346 1379 quod
399 1312 671 1381 disposuit
749 1314 823 1367 ad
879 1315 1184 1384 Abraham,
1234 1321 1283 1369 et
1336 1317 1643 1385 juramenti
1689 1321 1779 1372 sui
1824 1320 1898 1372 ad

196 1399 372 1454 Ysaac
400 1400 567 1470 (Psal.
629 1418 730 1468 CIV,
784 1406 833 1465 8,
878 1405 955 1471 9),
1010 1404 1114 1457 hoc
1169 1409 1254 1457 est
1301 1404 1393 1458 lex
1446 1422 1551 1459 sua
1595 1411 1789 1461 sancta
1842 1414 1896 1461 et

190 1488 534 1543 circnncisio
564 1506 737 1560 quam
769 1490 928 1544 dedit
956 1492 1131 1562 Moysi
1157 1508 1318 1547 servo
1348 1510 1471 1547 suo.

445 1588 533 1641 2i.
570 1590 812 1641 Heinrici
849 1588 1079 1657 epistola
1110 1589 1184 1643 ad
1223 1591 1549 1645 Wecelinum
1590 1595 1677 1647 ³⁸³.

269 1696 295 1722 ι(
329 1677 697 1745 Respondere
737 1678 1079 1747 calumpnize
1112 1684 1246 1746 tuae,
1282 1695 1313 1732 ο
1344 1680 1521 1734 Judee
1572 1681 1887 1748 incredule,
1925 1712 1964 1765 Β

189 1778 367 1833 quam
402 1780 467 1818 ex
490 1765 821 1835 blaspheme
857 1782 953 1819 ore
980 1766 1037 1820 in
1071 1765 1355 1822 Christum
1388 1769 1623 1840 ejusque
1664 1776 1886 1823 sanctos

190 1865 347 1903 nunc
377 1852 603 1905 noviter
644 1853 967 1921 evomuisti,
1000 1854 1205 1924 cuique
1246 1855 1301 1916 in
1330 1854 1535 1908 militia
1567 1856 1885 1911 Christiana

185 1939 470 1993 instructo
518 1940 680 1994 facile
720 1947 884 2009 esset,
926 1943 969 1995 si
1027 1959 1139 1997 non
1201 1943 1421 1997 facilius
1452 1950 1600 1998 esset
1656 1962 1788 1999 saxa
1827 1947 1881 2000 in

188 2028 498 2082 mollitiem
555 2045 718 2099 posse
776 2030 1049 2098 converti,
1128 2048 1301 2101 quam
1356 2033 1526 2086 corda
1583 2038 1767 2087 vestra
1817 2035 1887 2088 ad

189 2116 585 2187 recipiendam
616 2119 913 2173 veritatem
946 2120 1208 2174 discindi.
1262 2120 1485 2192 Quippe
1534 2138 1663 2176 cum
1705 2128 1759 2176 et
1790 2123 1887 2177 illa

185 2211 483 2259 auctorem
530 2223 696 2259 suum
745 2208 1082 2261 morientem
1117 2209 1289 2262 scissa
1323 2212 1886 2280 recognoverunt’“,

184 2299 244 2346 et
273 2300 467 2348 tamen
500 2296 685 2349 adhuc
718 2296 1121 2351 insensibilitas
1151 2298 1340 2352 cordis
1394 2299 1580 2363 vestri,
1626 2302 1886 2371 quamvis

183 2383 345 2447 elisa,
404 2383 662 2453 quamvis
708 2390 1011 2454 prostrata,
1059 2386 1118 2439 in
1154 2386 1371 2439 duricia
1422 2387 1883 2443 inveterataeini-

185 2470 426 2540 quitatis
457 2477 800 2542 perseveret,
836 2478 890 2525 et
932 2474 1067 2527 licet
1122 2490 1224 2545 per
1253 2480 1594 2530 coazternam
1640 2479 1741 2532 Dei
1796 2496 1884 2531 sa-

184 2559 484 2629 pientiam,
548 2576 661 2631 qua
709 2561 955 2615 mundus
1006 2567 1061 2615 et
1110 2562 1449 2617 mirabiliter
1492 2570 1575 2619 est
1622 2566 1884 2620 conditus

184 2653 244 2701 et
274 2648 597 2703 mirabilius
628 2651 983 2712 reformatus,
1035 2652 1397 2706 obstructum
1423 2659 1509 2707 est
1547 2670 1609 2707 os
1637 2656 1883 2725 loquen-

182 2736 331 2790 tium
365 2736 586 2807 iniqua,
643 2744 700 2792 et
753 2738 1026 2809 iniquitas
1081 2746 1269 2794 vestra
1328 2742 1567 2795 mentita
1635 2742 1707 2797 sit
1753 2743 1880 2805 sibi,

180 2830 302 2879 toto
358 2826 547 2880 seculo
616 2828 919 2899 verbisque
992 2829 1405 2899 prophetarum
1491 2836 1546 2885 et
1605 2832 1882 2902 exemplis

185 2919 517 2969 sanctorum
549 2916 787 2981 eluceat,
843 2934 1015 2988 quam
1048 2918 1119 2971 sit
1161 2918 1470 2988 dampnata
1521 2919 1879 2975 inﬁdelitatis

177 3008 381 3056 vestrae
413 3020 560 3058 caeca
589 3005 871 3076 impietas,
918 3011 974 3059 et
1021 3023 1193 3077 quam
1239 3007 1556 3076 gloirﬁcata
1576 3015 1881 3079 assumpta:

179 3092 242 3146 in
270 3091 492 3146 Christo
525 3095 888 3147 mortalitatis
950 3094 1256 3148 inﬁrmitas
1288 3111 1301 3150 :
1345 3102 1560 3163 tamen,
1607 3098 1879 3169 quoniam

184 3180 373 3233 adhuc
405 3197 515 3234 non
549 3182 813 3251 desperat
833 3182 901 3236 de
930 3183 1452 3238 machinationibus
1485 3186 1603 3238 suis
1631 3186 1880 3241 Iudaicae

180 3268 561 3337 malignitatis
581 3269 867 3324 obstinata
895 3271 1251 3341 improbitas,
1286 3279 1342 3326 et
1375 3273 1442 3326 ad
1475 3274 1878 3330 confutandam

183 3355 566 3410 Christianam
592 3358 930 3427 religionem
960 3362 1231 3415 scelerato
1260 3360 1405 3414 fastu
1447 3361 1875 3430 immurmurat,

181 3448 239 3497 et
268 3460 371 3514 per
402 3448 661 3515 exempla
703 3449 935 3502 Patrum
969 3448 1230 3520 dictaque
1288 3450 1702 3520 prophetarum
1734 3457 1880 3507 stan-

180 3536 292 3586 tem
325 3533 739 3606 ﬂorentemque
784 3537 1077 3591 ecclesiam
1118 3538 1235 3608 ipsa
1263 3537 1384 3607 jam
1417 3539 1631 3593 tociens
1662 3540 1881 3596 devicta

180 3624 236 3673 et
265 3622 499 3676 omnino
526 3630 807 3694 prostrata
858 3625 1068 3680 iterum
1117 3627 1186 3680 ad
1240 3632 1529 3681 certamen
1587 3635 1876 3699 provocat,

180 3710 586 3781 aggrediamur
614 3712 684 3748 ³⁸⁷
719 3730 835 3781 eos,
872 3715 1043 3768 dante
1076 3720 1133 3768 et
1172 3715 1409 3786 juvante
1458 3716 1581 3786 ipsa
1640 3718 1739 3771 Dei
1792 3736 1880 3773 sa-

178 3798 417 3867 pientia,
466 3801 639 3855 verbo
686 3803 805 3867 Dei,
842 3803 941 3856 Dei
988 3802 1150 3870 Filio,
1184 3820 1370 3876 eoque
1401 3804 1653 3875 primum
1687 3805 1878 3875 lapide

178 3887 404 3958 lapidea
430 3891 601 3944 corda
639 3891 932 3953 feriamus,
981 3909 1151 3964 quem
1216 3894 1415 3948 Daniel
1463 3895 1762 3966 propheta,
1816 3901 1881 3948 ut

178 3974 363 4029 dicitis
416 3983 621 4046 vester,
653 3979 831 4034 immo
873 3986 1088 4048 noster,
1140 3981 1280 4036 vidit
1326 3982 1450 4037 sine
1492 3982 1757 4037 manibus
1809 3984 1877 4038 de

178 4072 369 4119 monte
404 4067 567 4135 (Dan.
611 4085 672 4135 η,
725 4070 811 4140 34)
848 4070 1073 4124 concidi
1127 4075 1184 4124 et
1238 4072 1481 4141 implere
1536 4071 1874 4127 universum

177 4153 479 4208 mundum.
520 4157 592 4210 Dc
620 4173 734 4227 quo
793 4157 963 4213 etiam
1017 4165 1073 4212 et
1123 4159 1297 4213 David
1340 4160 1519 4214 dicit:
1591 4163 1878 4217 Eructavit

177 4258 449 4296 cormeum
476 4244 695 4299 verbum
738 4245 930 4300 bonum
989 4251 1003 4315 (
1036 4246 1183 4303 Psat.
1218 4264 1360 4315 xmv,
1423 4251 1488 4315 t).
1550 4249 1822 4321 Idemque
1855 4267 1867 4305 :
1903 4275 1945 4328 η

182 4332 440 4387 Dominus
471 4333 619 4388 dixit
647 4336 721 4389 ad
775 4352 857 4390 me
893 4354 904 4390 :
940 4339 1111 4392 Filius
1163 4354 1309 4391 meus
1354 4354 1406 4392 es
1451 4344 1527 4406 tu,
1571 4355 1664 4407 ego
1718 4340 1875 4393 hodie

174 4420 339 4484 genui
369 4426 417 4473 te
461 4418 534 4453 ’⁸⁸
584 4424 751 4487 (Psal.
781 4442 837 4491 ιι,
869 4426 942 4493 7).
993 4426 1263 4496 Idemque
1296 4442 1308 4479 :
1342 4427 1502 4481 Omni
1547 4429 1605 4480 in
1661 4430 1876 4495 sapien-

175 4510 249 4561 tia
303 4511 486 4575 fecisti
540 4511 706 4579 (Psal.
760 4530 875 4577 ειη,
935 4513 1044 4583 24).
1082 4515 1145 4567 Et
1200 4514 1470 4567 Salomon
1533 4531 1544 4568 :
1613 4518 1874 4569 Dominus

172 4598 410 4665 possedit
459 4614 541 4653 me
590 4602 746 4654 initio
802 4605 1018 4656 viarum
1057 4618 1280 4656 suarum
1338 4603 1522 4673 (Prov.
1583 4620 1701 4667 \‘lll,
1760 4603 1869 4673 2'2).

174 4684 268 4738 Set
296 4686 568 4756 quoniam
624 4704 740 4742 non
794 4689 862 4744 de
910 4697 1124 4745 (eterna
1182 4691 1388 4745 Christi
1446 4691 1766 4757 nativitate,
1811 4692 1871 4746 in

174 4791 284 4845 qua
315 4790 545 4845 semper
570 4776 677 4830 fuit
710 4779 858 4849 patri
889 4779 1144 4850 aequalis,
1178 4784 1263 4834 set
1298 4780 1367 4833 de
1425 4781 1752 4851 temporali,
1811 4780 1869 4834 in

176 4878 305 4932 qua,
336 4862 479 4917 sicut
514 4864 687 4919 David
724 4867 950 4935 clamat,
1001 4862 1317 4922 minOratus
1344 4873 1426 4922 est
1455 4869 1629 4938 paulo
1678 4869 1870 4923 minus

175 4949 240 5002 ab
269 4951 489 5021 angelis
536 4951 708 5020 (Psal.
769 4971 885 5021 vui,
937 4957 1011 5027 6),
1044 4973 1174 5010 cum
1230 4957 1408 5011 Judco
1462 4956 1624 5010 nobis
1680 4973 1868 5011 sermo

173 5044 271 5107 est,
306 5040 606 5096 audiamus
641 5043 779 5113 quid
810 5045 985 5108 dicat,
1046 5052 1103 5100 et
1132 5045 1440 5117 objectioni
1497 5046 1619 5115 ejus
1666 5062 1866 5100 conse-

174 5133 410 5197 quenter
455 5132 923 5201 respondeamus.
964 5133 1130 5199 Dicis,
1162 5135 1337 5188 Judee
1372 5150 1386 5187 :
1444 5133 1621 5199 Quare
1652 5139 1866 5187 contra-

174 5214 306 5271 dicis
327 5217 479 5287 justo
538 5221 846 5291 insipiens?
901 5222 1155 5277 Primum
1198 5223 1370 5277 velim
1425 5222 1566 5276 mihi
1632 5238 1865 5292 respon-

2012 521 2270 589 phetam,
2306 522 2606 590 assentior,
2664 527 2856 578 tamen
2912 525 2971 579 in
3026 542 3090 580 eo
3130 529 3281 597 quod
3328 530 3411 583 illi
3464 548 3553 585 me
3591 550 3707 587 non

2011 610 2405 664 contradicere
2451 612 2769 678 ostendam,
2828 617 2885 667 te
2918 615 3225 669 mentitum
3260 633 3383 671 esse
3408 618 3538 688 jure
3568 637 3705 675 con-
3763 648 3771 661 ι

2018 696 2261 752 vincam.
2292 698 2350 753 Si
2377 716 2510 753 vero
2541 704 2596 753 te
2631 700 2770 754 dicis
2786 702 3030 771 justum,
3084 720 3256 774 quem
3300 714 3520 761 constat
3548 711 3708 778 prius

2011 803 2131 841 esse
2164 788 2490 855 mentitum,
2524 789 2716 843 nescio
2745 806 2857 860 quo
2885 797 3050 861 pacto
3072 793 3361 848 obtinebis
3390 796 3705 866 justiciam,

2009 892 2181 947 quem
2238 876 2519 931 mendacii
2574 878 2782 948 polluit
2836 881 3082 935 macula.
3149 882 3343 953 Neque
3399 885 3543 954 legis
3594 891 3704 939 tum

2009 968 2393 1031 congruenter
2421 965 2590 1019 simul
2616 966 2831 1036 poteris
2861 984 2983 1021 esse
3042 975 3290 1023 assertor
3344 976 3402 1025 et
3428 976 3703 1041 prazvari-

2007 1052 2166 1101 catur
2193 1050 2433 1104 dicentis
2466 1068 2478 1106 :
2507 1054 2619 1107 Non
2653 1055 2886 1124 loqueris
2933 1062 3122 1111 contra
3170 1061 3495 1128 proximum
3550 1066 3701 1115 tuum

2006 1137 2212 1202 falsum
2268 1143 2630 1195 testimonium
2699 1143 2899 1211 (Exod.
2956 1161 3047 1211 xx,
3135 1147 3240 1217 l6).
3284 1148 3443 1211 Quod
3491 1148 3558 1215 si,
3620 1152 3703 1203 uti

2008 1227 2261 1295 praamisi
2292 1230 2586 1298 propheta:
2640 1246 2757 1286 non
2812 1234 3199 1289 contradicam
3235 1252 3365 1290 cum
3417 1238 3537 1308 ipse
3596 1255 3700 1310 pro

2009 1329 2098 1367 me
2128 1315 2296 1382 dicat,
2339 1321 2394 1371 et
2447 1334 2576 1389 quae
2624 1324 2683 1373 tu
2741 1320 2846 1374 tibi
2899 1328 3098 1377 contra
3130 1341 3221 1379 me
3276 1328 3699 1397 comparaveris

2008 1419 2186 1469 arma,
2243 1404 2333 1458 his
2388 1406 2490 1459 tibi
2539 1408 3034 1481 laetaliainﬂigam
3091 1415 3361 1481 vulnera;
3418 1416 3693 1486 quoniam

2005 1490 2247 1546 intulisti
2268 1494 2525 1564 proximo
2557 1502 2654 1550 tuo
2679 1498 2885 1553 falsum
2905 1500 3295 1557 testimonium
3327 1510 3527 1558 contra
3554 1506 3700 1576 legis

2003 1588 2380 1652 praeceptum,
2430 1584 2573 1654 legis
2632 1585 2888 1641 incurres
2938 1595 3191 1656 reatum;
3269 1597 3459 1645 reatus
3504 1599 3694 1647 autem

2004 1670 2194 1723 trahet
2220 1676 2273 1724 te
2303 1672 2371 1724 ad
2401 1688 2629 1741 poenam
2660 1691 2673 1740 ;
2708 1691 2873 1745 poena
2903 1692 3035 1731 vero
3095 1678 3367 1747 perducet
3402 1685 3461 1733 te
3520 1697 3699 1752 usque

2004 1758 2072 1812 ad
2134 1764 2398 1815 mortem.
2475 1762 2569 1817 Set
2616 1763 2910 1818 videamus
2973 1768 3287 1836 sequentia.
3358 1769 3558 1824 Infelix
3605 1771 3695 1825 Ju-

1996 1846 2099 1900 dee
2118 1844 2209 1910 "9,
2236 1865 2407 1917 quem
2463 1867 2626 1905 vocas
2673 1852 3082 1923 insipientem?
3113 1856 3236 1909 Non
3269 1873 3371 1909 nos
3401 1858 3699 1913 credentes

1996 1936 2058 1989 in
2091 1937 2457 2001 Crucifixum,
2510 1940 2611 2011 qui
2662 1940 2847 1994 factus
2898 1943 3134 2012 quidem
3185 1949 3268 1997 est
3325 1946 3486 1999 vobis
3544 1948 3694 2017 lapis

1997 2023 2330 2081 offensionis
2358 2033 2413 2080 et
2463 2032 2625 2097 petra
2677 2027 2753 2063 ’⁵ο
2793 2031 3085 2085 scandali?
3134 2032 3416 2096 Quoniam
3456 2035 3692 2104 quidem

1998 2113 2233 2182 lapidem
2281 2131 2436 2185 quem
2485 2117 2908 2185 reprobaverunt
2958 2120 3304 2189 mdiﬁcantes,
3367 2121 3454 2175 hic
3509 2125 3695 2189 factus

1996 2207 2074 2256 est
2094 2201 2151 2256 in
2172 2210 2335 2273 caput
2363 2207 2572 2272 anguli.
2599 2208 2648 2259 Α
2703 2209 2926 2261 Domino
2951 2211 3158 2275 factum
3188 2214 3265 2263 est
3294 2211 3463 2277 istud,
3515 2217 3564 2265 et
3612 2220 3689 2267 est

1997 2292 2245 2345 mirabile
2274 2295 2334 2347 in
2381 2295 2549 2349 oculis
2586 2296 2788 2349 nostris
2816 2297 3029 2365 (Matth.
3064 2314 3177 2366 xxr,
3229 2298 3341 2363 42).
3396 2300 3541 2371 Ergo
3592 2317 3696 2355 nos

1999 2379 2350 2451 insipientes,
2384 2388 2439 2437 et
2460 2400 2559 2437 vos
2588 2384 2872 2454 sapientes
2920 2386 3095 2439 estis?
3123 2388 3336 2441 Tamen
3394 2404 3499 2459 per
3550 2391 3691 2443 stul-

1996 2468 2189 2524 ticiam
2210 2471 2635 2540 praedicationis
2660 2474 2778 2543 jam
2832 2474 3033 2528 mundi
3093 2476 3363 2545 superbia
3414 2479 3485 2513 "1
3541 2479 3686 2532 ceci-

1997 2557 2100 2621 dit,
2145 2558 2285 2612 etin
2320 2558 2602 2635 frontibus
2650 2577 2853 2630 regum
2901 2562 3083 2615 crucis
3114 2563 3319 2617 videtis
3357 2566 3685 2635 tropbeum.

1995 2645 2137 2709 Quia
2167 2663 2295 2718 quae
2324 2649 2495 2701 stulta
2544 2628 2745 2702 mundi
2802 2655 2952 2712 sunt,
3007 2651 3179 2721 elegit
3220 2653 3391 2720 Deus,
3441 2628 3504 2709 ut
3550 2672 3688 2709 con-

1992 2734 2195 2788 fundat
2250 2736 2417 2789 fortia
2470 2737 2532 2805 (Ι
2594 2739 2722 2791 Cor.
2787 2754 2825 2804 ι,
2856 2741 2971 2809 27).
3025 2743 3104 2794 Ac
3140 2758 3245 2811 per
3284 2743 3392 2796 hoc
3443 2743 3689 2798 libenter

1993 2823 2395 2893 amplectimur
2458 2825 2765 2880 stulticiam
2842 2828 3026 2881 crucis
3102 2830 3331 2897 Christi,
3402 2833 3679 2902 quoniam

1993 2913 2280 2967 credimus
2310 2930 2412 2967 nos
2468 2919 2843 2984 perventuros
2896 2917 2966 2970 ad
3024 2917 3264 2986 gloriam
3314 2918 3543 2975 Christi.
3592 2922 3689 2976 Set

1918 2995 1958 3049 C
2000 3002 2137 3071 quid
2167 3002 2340 3057 surdo
2383 3018 2551 3057 narro
2592 3004 2887 3060 fabulam?
2934 3012 3031 3059 aut
3073 3008 3211 3078 quid
3272 3025 3418 3063 cmco
3458 3026 3690 3081 appono

1993 3089 2234 3145 lumen?
2262 3091 2349 3145 vel
2399 3091 2581 3145 Judeo
2638 3094 2999 3163 evangelium
3041 3097 3334 3164 prazdico?
3366 3098 3687 3153 Redeamus

1993 3180 2060 3234 ad
2093 3180 2408 3252 sequentia.
2448 3181 2679 3251 Inquis:
2720 3182 2857 3248 Lege
2904 3184 3123 3237 Abacuc
3177 3186 3523 3254 prophetam,
3572 3203 3689 3241 non

1990 3268 2051 3323 in
2092 3285 2229 3339 quo,
2265 3275 2328 3322 ut
2358 3274 2418 3322 tu
2473 3269 2632 3336 dicis,
2663 3276 2747 3324 set
2782 3287 2881 3335 per
2910 3288 3081 3341 quem
3126 3273 3247 3342 ipse
3287 3275 3434 3327 Deus
3492 3275 3629 3328 dicit
3665 3292 3678 3330 :

1991 3358 2114 3426 Ego
2134 3373 2253 3412 sum
2310 3360 2448 3411 Deus
2506 3363 2557 3412 et
2591 3374 2698 3412 non
2746 3364 2942 3413 mutor.
2999 3361 3255 3415 Praemisi
3308 3363 3436 3431 tibi,
3484 3364 3684 3429 Judce,

1988 3445 2321 3501 testimonio
2374 3446 2598 3500 Abacuc
2652 3447 2975 3501 nullatenus
3018 3463 3110 3502 me
3168 3450 3578 3518 contradicere,
3631 3458 3689 3506 et

1990 3551 2104 3588 non
2140 3535 2323 3588 solum
2353 3534 2597 3603 Abacuc,
2626 3540 2709 3589 set
2740 3539 2795 3589 et
2846 3536 3107 3590 omnium
3150 3539 3586 3608 prophetarum,
3633 3546 3689 3595 et

1990 3624 2133 3694 legis
2163 3624 2505 3678 documenta
2535 3640 2626 3678 me
2660 3624 2788 3678 dico
2814 3625 3162 3696 -suscipere;
3207 3628 3343 3697 quia
3389 3645 3516 3682 cum
3560 3631 3685 3683 colo

1989 3713 2090 3784 qui
2144 3728 2261 3767 non
2320 3713 2476 3767 venit
2514 3713 2701 3784 legem
2752 3714 2971 3769 solvere
3004 3720 3090 3769 set
3151 3715 3482 3787 adimplere.
3539 3717 3689 3773 Dixit

1991 3803 2138 3856 Deus
2165 3818 2268 3872 per
2293 3802 2565 3857 Abacuc:
2612 3806 2720 3870 Ego
2776 3819 2896 3857 sum
2941 3806 3080 3857 Deus
3113 3808 3164 3857 et
3217 3820 3322 3857 non
3386 3810 3578 3869 mutor,
3631 3812 3687 3860 et

1987 3890 2092 3945 hoc
2139 3890 2382 3945 ﬁrmiter
2439 3892 2621 3945 credit
2692 3891 3012 3946 Christiana
3063 3891 3285 3963 religio.
3344 3892 3504 3956 Quod
3554 3910 3686 3947 vero

1989 3980 2324 4034 subsecutus
2356 3996 2413 4033 es
2448 3997 2459 4034 :
2490 3981 2551 4035 Si
2586 3981 2675 4033 ille
2697 3980 2989 4034 secundum
3043 3986 3277 4034 vestram
3330 3982 3680 4036 maledictum

1987 4069 2151 4140 ﬁdem
2172 4074 2476 4123 mutJretur
2513 4074 2561 4123 et
2592 4071 2810 4123 mulieri
2860 4072 3309 4135 commisceretur,
3347 4073 3685 4140 principium

1986 4158 2269 4212 verborum
2296 4173 2515 4212 suorum
2565 4173 2671 4211 non
2703 4162 2837 4212 esset
2860 4160 3063 4212 veritas
3082 4176 3104 4227 ;
3171 4158 3311 4228 quid
3343 4156 3418 4190 ³⁵³
3472 4159 3682 4213 mirum

1987 4251 2091 4311 est,
2118 4262 2247 4299 cum
2274 4261 2455 4299 εωοιιε
2488 4244 2582 4313 sis,
2616 4244 2661 4297 si
2712 4261 2826 4299 non
2862 4244 3017 4300 vides
3067 4245 3254 4298 lucem
3285 4245 3467 4315 illam,
3508 4262 3681 4317 quam

1985 4351 2099 4388 non
2131 4334 2346 4400 vident,
2397 4332 2506 4387 nisi
2536 4333 2637 4403 qui
2676 4334 2894 4387 mundo
2930 4336 3061 4387 sunt
3093 4333 3291 4399 corde;
3345 4333 3521 4387 immo
3552 4350 3680 4388 cum

1985 4422 2156 4476 etiam
2203 4438 2363 4475 more
2416 4420 2671 4475 frenetici
2731 4425 2931 4475 contra
2988 4421 3273 4475 medicum
3333 4420 3575 4488 resilias,
3628 4430 3686 4475 et

1985 4527 2186 4565 sanare
2208 4515 2263 4564 te
2286 4510 2498 4564 volenti
2524 4510 2825 4565 maledicta
2847 4514 2901 4565 et
2933 4510 3182 4564 convitia
3239 4509 3312 4545 ’⁵³
3382 4510 3638 4580 obponas
3655 4513 3685 4565 ?

1986 4601 2123 4654 Tam
2177 4600 2330 4654 enim
2375 4599 2598 4653 excelsa
2635 4603 2689 4652 et
2750 4599 3036 4670 profunda
3079 4602 3212 4653 sunt
3270 4599 3682 4654 incarnationis

1984 4689 2193 4743 Christi
2246 4688 2526 4754 misleria,
2571 4688 2863 4759 quomodo
2916 4687 3234 4742 Verborum
3294 4688 3393 4742 Dei
3450 4689 3675 4743 incom-

1982 4777 2338 4831 mutabiliter
2383 4776 2537 4847 apud
2595 4777 2774 4830 Deum
2848 4778 3075 4831 Patrem
3134 4793 3364 4847 semper
3420 4793 3678 4844 manens,

1981 4882 2209 4920 carnem
2258 4866 2326 4919 de
2366 4864 2588 4935 virgine
2648 4865 2891 4935 sumpsit
2964 4870 3345 4936 naturamque
3429 4871 3679 4919 nostram

1980 4948 2096 5009 suae
2120 4954 2321 5020 univit,
2346 4953 2499 5024 quod
2531 4969 2701 5007 nemo
2736 4954 2857 5008 haec
2888 4954 3056 5024 capit,
3093 4954 3200 5008 nisi
3261 4953 3360 5024 qui
3407 4954 3677 5023 spiritua-

1978 5044 2109 5098 liter
2148 5043 2327 5113 sapit;
2383 5058 2553 5096 nemo
2611 5041 2779 5112 sapit,
2841 5041 2949 5095 nisi
2997 5043 3111 5096 Deo
3168 5042 3417 5095 donante
3457 5042 3675 5112 capiat;

1976 5148 2089 5203 quo
2146 5131 2394 5186 donante
2449 5130 2627 5185 credit
2677 5130 2775 5202 qui
2814 5130 3070 5184 nondum
3125 5130 3297 5200 capit.
3356 5132 3482 5183 Nisi
3538 5132 3677 5184 enim

1977 5221 2341 5288 credideritis,
2398 5220 2589 5292 inquit
2636 5220 2940 5291 propheta,
2992 5235 3099 5274 non
3178 5220 3497 5287 intellegetis
3548 5219 3677 5290 (lsa.

1588 5308 1825 5365 VARIE
1848 5310 2249 5365 LECTIONES.

243 5391 332 5468 ²¹⁴³Α
370 5394 645 5468 rubricam
676 5398 883 5466 udjeci;
933 5416 985 5452 υ.
1038 5415 1208 5468 supra
1239 5401 1281 5453 Ι.
1322 5404 1376 5453 7.

173 5466 593 5540 nonnisiprima
623 5470 885 5537 cujusque
914 5472 1063 5525 uocis
1094 5466 1278 5524 littera
1307 5473 1502 5540 scripti
1529 5475 1674 5526 sunt.

176 5531 245 5570 ²⁸²
263 5531 425 5605 quod
442 5552 487 5591 c.
567 5535 638 5573 ³⁵³
659 5531 939 5595 cum-uitia
963 5555 1009 5595 c.

1458 5400 1526 5436 ²⁴⁶
1558 5389 1936 5469 Γεροεηοῐῇτῐ
1961 5414 2005 5452 c.
2086 5400 2108 5432 ε

1461 5473 1502 5523 ti
1529 5475 1674 5524 sunt.
1754 5468 1827 5507 ²⁴⁹
1876 5470 2048 5524 iudex
2091 5474 2109 5523 l

1781 5470 1827 5507 ιθ
1870 5470 2048 5539 judex
2091 5474 2137 5523 l.

2086 5400 2156 5435 "7
2208 5398 2591 5467 Agrediamur
2619 5412 2664 5452 c.
2743 5395 2812 5433 ⁸⁸
2842 5398 2941 5451 Hic
3016 5398 3223 5466 aliique
3263 5398 3448 5467 plures
3491 5413 3676 5452 tersus

2217 5466 2292 5503 ’⁵ο
2340 5470 2487 5540 petii
2518 5486 2562 5523 c.
2642 5467 2711 5502 ²⁵¹
2763 5468 3043 5539 sapientia
3097 5484 3239 5523 corr.
3264 5466 3279 5467 η
3309 5470 3576 5540 superbia
3627 5484 3672 5522 e.
