3956 6302
302 361 406 414 487

1253 360 1552 414 ALPERTI
1590 360 1644 414 S.
1688 357 2159 415 SYMPIIORIANI
2201 357 2497 412 METENS.
2539 355 2846 410 MONACII.

3706 359 3817 412 488

300 500 394 549 vn,
443 482 516 554 9).
570 484 716 552 Ergo
772 481 1032 536 credenti
1083 481 1375 550 colligitur
1431 481 1722 548 meritum,
1783 477 2075 533 videntiA
2113 483 2249 532 tates
2297 482 2512 532 nostras
2571 479 2709 544 (Isa.
2758 494 2874 544 LIII,
2926 477 3002 547 5).
3057 478 3125 531 Et
3187 479 3369 532 multa
3417 478 3527 532 alia
3577 479 3649 533 de
3713 480 3816 534 illo

297 573 571 628 reddetur
600 572 932 642 praemium;
967 572 1242 642 quoniam
1274 570 1322 624 si
1350 570 1519 636 vides,
1571 585 1682 624 non
1707 575 1792 622 est
1821 567 1993 634 ﬁdes;

301 661 578 732 quamdiu
608 663 762 714 enim
795 660 1232 730 peregrinamur
1260 659 1318 712 in
1374 659 1544 729 hujus
1583 659 1784 712 mundi
1828 663 1995 712 tene-

299 750 436 816 bris,
475 749 586 803 ﬁde
617 750 973 803 mandantur
1002 749 1170 802 corda
1225 763 1424 800 eorum
1457 747 1554 817 qui
1583 749 1761 800 Deum
1818 746 1996 799 visuri

302 844 457 892 sunt.
495 839 610 893 Hac
646 838 839 908 itaque
895 837 1026 904 ﬁde,
1070 853 1182 907 qua
1213 836 1314 889 Dei
1345 835 1497 889 ﬁlius
1537 837 1709 889 etiam
1743 835 1993 888 hominis

301 927 453 981 ﬁlius
484 927 843 997 praedicatur,
922 925 1198 996 quosdam
1253 931 1571 978 vestrorum
1628 925 1993 978 mundandos

297 1016 470 1086 longe
494 1021 624 1068 ante
661 1017 806 1068 Deus
832 1013 1173 1082 praedixerat
1201 1028 1302 1083 per
1336 1013 1678 1083 prophetam
1715 1011 1988 1075 Ezechiel,

297 1103 528 1158 dicens:
587 1105 658 1156 Et
709 1106 812 1155 erit
862 1105 920 1154 in
969 1104 1278 1154 novissimis
1320 1101 1527 1162 diebus,
1585 1100 1870 1168 eﬂ‘undam
1925 1099 1991 1152 de

297 1193 500 1262 spiritu
555 1206 668 1244 meo
719 1205 882 1258 super
938 1205 1142 1245 omnem
1190 1205 1404 1244 carnem
1456 1189 1601 1260 (Act.
1647 1207 1705 1257 ιι,
1777 1193 1884 1256 17),
1939 1192 1991 1242 et

297 1279 574 1348 effundam
598 1295 762 1348 super
807 1294 899 1334 vos
948 1294 1147 1346 aquam
1197 1278 1480 1344 mundam,
1502 1283 1552 1330 et
1589 1277 1990 1332 mundabimini

292 1369 360 1424 ab
413 1368 655 1422 omnibus
717 1370 1143 1436 inquinamentis
1218 1367 1440 1432 vestris,
1483 1371 1533 1420 et
1585 1367 1652 1420 ab
1718 1368 1986 1420 universis

287 1457 452 1510 idolis
496 1458 691 1510 vestris
739 1455 1010 1510 mandabo
1057 1470 1168 1520 vos,
1217 1460 1266 1508 et
1300 1456 1439 1509 dabo
1463 1457 1613 1509 vobis
1644 1471 1732 1509 cor
1767 1471 1982 1522 novum,

288 1551 338 1600 et
367 1548 625 1614 spiritum
644 1561 840 1598 novum
875 1561 1072 1614 ponam
1101 1547 1157 1598 in
1198 1545 1372 1598 medio
1403 1546 1594 1610 vestri,
1640 1549 1691 1598 et
1735 1547 1986 1610 auferam

291 1649 383 1688 cor
402 1635 676 1702 lapideum
733 1633 799 1686 de
841 1649 1002 1686 carne
1047 1637 1247 1699 vestra,
1297 1637 1346 1686 et
1385 1633 1524 1686 dabo
1559 1633 1708 1686 vobis
1747 1639 1838 1686 ‘ccr
1871 1648 1986 1686 car-

291 1739 452 1777 neum
482 1723 692 1792 (Ezech.
726 1739 906 1786 xxxv-'1,
941 1724 1031 1786 25,
1064 1722 1173 1789 26),
1231 1727 1287 1776 et
1324 1729 1559 1788 caetera;
1607 1721 1814 1791 quibus
1873 1721 1985 1774 evi-

294 1811 498 1866 denter
527 1811 866 1876 ostenditur,
923 1810 979 1863 in
1029 1809 1370 1879 quibusdam
1403 1815 1652 1863 vestrum
1685 1809 1984 1863 abstulisse

293 1901 445 1954 Deus
485 1899 554 1954 de
611 1899 877 1953 cordibus
909 1899 1190 1964 velamen,
1241 1903 1325 1964 ut,
1369 1897 1575 1968 spiritu
1629 1897 1726 1951 Dei
1761 1903 1984 1967 agente,

289 1987 400 2041 ﬁde
431 1990 896 2056 praepararentur
962 1985 1133 2038 corda
1163 1986 1479 2038 multorum
1537 1985 1606 2038 ad
1665 1985 1984 2053 suscipien-

291 2075 423 2130 dam
463 2090 670 2145 aquam
703 2075 1030 2141 salutarem,
1087 2074 1145 2126 in
1200 2073 1670 2127 emundationem
1723 2074 1982 2127 omnium

281 2157 685 2234 peccatorum;
719 2162 996 2232 quosdam
1028 2178 1160 2216 vero
1194 2163 1490 2226 obcaecari,
1519 2167 1573 2215 et
1631 2162 1986 2216 inﬁdelitatis

291 2268 483 2305 errore
545 2267 945 2318 remansuros;
1005 2253 1151 2304 sicut
1210 2267 1316 2319 per
1387 2251 1564 2303 alium
1639 2251 1982 2321 prophetam

285 2341 564 2411 scriptum
595 2345 714 2393 est:
779 2341 1077 2394 Ewcaecans
1120 2340 1393 2394 excecabo
1459 2339 1625 2392 corda
1677 2355 1877 2403 eorum,
1911 2355 1974 2394 ne

287 2430 511 2483 videant
538 2431 713 2482 lumen
743 2431 867 2496 (Isa.
917 2445 990 2494 va,
1021 2429 1151 2498 110).
1191 2429 1368 2494 Unde,
1399 2444 1431 2483 ο
1486 2428 1683 2495 Judee,
1734 2444 1864 2482 cum
1921 2433 1980 2481 tu

289 2517 674 2590 palpabilibus
725 2517 977 2572 tenebris
1027 2517 1348 2570 obczecatus
1433 2517 1528 2582 sis,
1575 2516 1866 2586 quomodo
1923 2521 1981 2570 te

284 2610 453 2675 putas
491 2621 656 2675 posse
707 2604 1024 2668 advertere,
1073 2603 1318 2673 qualiter
1375 2604 1524 2657 Deus
1569 2603 1691 2656 sine
1725 2604 1840 2656 ulla
1891 2603 1982 2657 sui

284 2693 734 2748 commutatione
782 2692 1032 2758 mulieri,
1081 2708 1198 2745 non
1247 2697 1310 2746 ut
1367 2697 1450 2756 tu,
1495 2692 1734 2762 perﬁde,
1774 2692 1976 2762 garris,

285 2782 772 2846 commisceretur,
823 2787 911 2835 set
960 2781 1030 2834 de
1077 2797 1248 2834 carne
1307 2781 1564 2834 mulieris
1620 2795 1827 2850 corpus
1871 2778 1981 2833 sibi

285 2870 607 2936 fabricaret,
646 2869 921 2939 quoniam
955 2869 1223 2922 divinitas
1243 2869 1402 2921 verbi
1453 2869 1556 2922 Dei
1587 2868 1646 2921 in
1701 2867 1979 2920 unitatem

285 2957 392 3012 sibi
432 2973 688 3028 personae
716 2961 1048 3022 assumeret,
1095 2955 1176 3009 ita
1207 2961 1402 3008 utnec
1448 2955 1713 3010 divinitas
1739 2954 1801 3006 in
1857 2970 1978 3007 car-

2105 567 2494 636 protulerunt,
2527 567 2736 637 quibus
2766 573 2960 636 aperte
2993 567 3286 634 edocetur,
3340 584 3568 622 omnem
3607 567 3812 622 Domi-

2107 655 2294 709 nicam
2321 655 2808 710 conversationem
2843 655 2995 710 inter
3029 671 3132 708 nos
3164 671 3195 708 a
3233 661 3490 726 tempore
3533 656 3814 711 incarna-

2105 745 2279 798 tionis
2311 761 2490 816 usque
2535 745 2604 798 ad
2643 743 2996 798 ascensionis
3054 745 3398 799 concordare
3451 746 3810 799 testimoniis

2103 834 2352 888 illorum.
2405 833 2570 897 Quod
2613 839 2809 887 contra
2850 833 2970 886 haec
3003 833 3162 900 dicis,
3193 835 3464 888 sceleste?
3513 834 3626 887 nisi
3657 833 3809 888 forte

2102 939 2357 994 opponas
2388 923 2775 987 mendacium,
2809 921 2962 993 quod
2995 939 3062 976 ex
3093 929 3257 992 patre
3286 929 3383 976 tuo
3415 922 3643 977 diabolo
3687 929 3802 992 est;

2101 1012 2245 1066 sicut
2289 1012 2440 1066 idem
2491 1012 2760 1066 dominus
2811 1019 3004 1066 noster
3074 1013 3234 1066 Iesus
3297 1012 3551 1067 Christus
3610 1013 3803 1066 dixit:

2106 1102 2208 1156 Vos
2239 1117 2306 1154 eae
2331 1106 2490 1170 patre
2518 1100 2732 1154 diabolo
2781 1103 2928 1164 estis,
2963 1105 3014 1154 et
3045 1116 3206 1169 opera
3235 1101 3412 1170 patris
3439 1103 3608 1154 vestri
3652 1103 3802 1167 faci—

2099 1192 2168 1243 tis
2213 1189 2386 1260 (Joan.
2413 1206 2531 1256 vui,
2579 1189 2689 1258 44).
2719 1190 2851 1242 Ecce
2905 1189 3179 1259 quoniam
3217 1190 3439 1243 ratione
3491 1195 3549 1243 et
3606 1205 3799 1243 exem-

2099 1280 2208 1348 plis
2259 1295 2596 1348 responsum
2659 1285 2744 1331 est
2789 1277 2894 1331 tibi
2958 1279 3227 1344 breviter,
3301 1278 3454 1349 quod
3511 1278 3800 1332 immuta-

2096 1369 2226 1422 bilis
2251 1373 2572 1438 permanet,
2607 1373 2663 1420 et
2683 1371 2880 1420 tamen
2908 1382 3140 1420 carnem
3171 1367 3414 1436 sumpsit
3431 1383 3500 1420 ex
3533 1367 3796 1437 Virgine.

2099 1457 2259 1510 Nunc
2297 1456 2365 1510 ad
2391 1455 2692 1525 sequentia
2717 1455 3043 1509 redeamus.
3071 1456 3230 1509 Dixit
3261 1456 3404 1510 Deus
3426 1455 3501 1508 ad
3529 1457 3758 1526 Moysen
3781 1472 3796 1508 :

2095 1547 2214 1601 Non
2252 1546 2390 1598 enim
2423 1545 2628 1597 videbit
2649 1560 2728 1597 me
2758 1545 2908 1598 homo
2939 1549 2990 1596 et
3033 1546 3210 1597 viuere
3243 1549 3438 1613 potest.
3493 1545 3592 1598 Hic
3621 1545 3802 1598 inter-

2095 1650 2258 1703 rogo,
2289 1633 2484 1700 Judee,
2519 1633 2618 1703 qui
2657 1649 2885 1702 semper
2943 1633 3200 1703 sequeris
3239 1633 3588 1687 occidentem
3639 1633 3799 1688 litte-

2097 1738 2215 1775 ram
2249 1726 2304 1774 et
2350 1737 2465 1774 non
2497 1720 2876 1774 viviﬁcantem
2931 1721 3219 1791 spiritum,
3283 1723 3571 1792 quomodo
3625 1727 3799 1792 putas

2097 1826 2260 1879 posse
2295 1811 2592 1863 hominem
2630 1809 2824 1862 videre
2859 1811 3056 1874 Deum,
3105 1826 3178 1863 an
3211 1827 3323 1863 non
3367 1827 3534 1881 posse
3584 1810 3800 1880 putas?

2097 1899 2155 1953 Si
2185 1914 2366 1968 posse,
2398 1904 2587 1951 utrum
2644 1899 3034 1968 corporalibus
3065 1899 3264 1966 oculis,
3317 1917 3390 1953 an
3443 1899 3681 1954 mente?
3737 1899 3799 1954 Si

2097 1987 2486 2057 corporalibus
2520 1985 2593 2022 ³³⁸
2622 1987 2825 2054 oculis,
2868 1989 3182 2042 absurdum
3227 1988 3360 2041 satis
3401 1988 3666 2052 videtur;
3717 1988 3798 2042 si-

2095 2076 2328 2146 quidem
2358 2092 2487 2129 cum
2547 2075 2642 2129 ille
2675 2075 3202 2146 incircumscriptus
3228 2077 3461 2144 spiritus
3501 2077 3798 2148 neclmole

2093 2164 2456 2229 distenditur,
2501 2179 2603 2217 nec
2657 2165 2778 2218 loco
2820 2166 3169 2234 continetur,
3214 2182 3319 2218 nec
3366 2171 3625 2234 tempore
3657 2182 3796 2219 mo-

2093 2259 2276 2319 vetur,
2333 2258 2501 2322 atque
2541 2253 2738 2306 omnia
2785 2253 2894 2306 late
2961 2258 3117 2322 patet
3175 2269 3346 2324 quam
3393 2253 3657 2306 inﬁrmus
3721 2255 3796 2308 sit

2093 2339 2378 2393 humanus
2406 2339 2667 2394 intuitus.
2703 2339 2759 2392 Si
2815 2344 3026 2406 mente,
3085 2357 3199 2393 non
3243 2339 3470 2394 videtur
3523 2340 3795 2411 impossi—

2091 2427 2226 2494 bile,
2271 2428 2318 2481 si
2349 2433 2542 2482 tamen
2583 2429 2818 2483 munda.
2873 2429 3224 2482 Promissum
3275 2429 3438 2483 nobis
3471 2429 3624 2482 enim
3655 2435 3743 2483 est
3777 2445 3794 2484 :

2091 2515 2255 2570 Beati
2311 2517 2511 2570 mundo
2589 2517 2764 2584 corde,
2827 2521 3084 2586 quoniam
3138 2520 3252 2587 ipsi
3301 2521 3462 2572 Deum
3526 2519 3798 2572 videbunt

2093 2607 2310 2672 (Matth.
2356 2623 2408 2672 v,
2440 2607 2511 2674 8).
2545 2606 2600 2659 Si
2646 2623 2764 2659 non
2801 2623 2989 2676 posse,
3054 2607 3342 2676 quomodo
3402 2607 3512 2660 erit
3563 2623 3791 2674 verum,

2093 2695 2246 2764 quia,
2282 2694 2529 2748 dictante
2587 2695 2845 2763 veritate,
2880 2695 3056 2748 David
3102 2695 3275 2750 dixit:
3335 2697 3566 2762 Quaerite
3603 2699 3796 2750 Domi-

2096 2799 2226 2836 num
2269 2788 2320 2836 et
2369 2784 2788 2850 conﬁrmamini,
2873 2787 3098 2852 querite
3148 2787 3346 2850 faciem
3406 2785 3523 2853 ejus
3579 2800 3794 2854 semper

2094 2869 2258 2941 (Psal.
2297 2887 2406 2940 ειν,
2437 2872 2513 2942 4).
2561 2873 2706 2925 Num
2739 2887 2856 2926 non
2913 2872 3247 2944 hominibus
3294 2872 3635 2942 loquebatur
3689 2873 3795 2925 Da-

2059 2959 2204 3026 vid,
2230 2977 2474 3030 quorum
2510 2967 2732 3014 mentes
2757 2961 2828 3016 ad
2868 2961 3279 3032 exquirendam
3313 2959 3538 3014 Domini
3585 2959 3792 3014 faciem

285 3046 376 3100 nis
435 3046 896 3115 passibilitatem,
973 3060 1076 3098 nec
1127 3043 1460 3097 humanitas
1497 3043 1556 3096 in
1614 3042 1970 3096 divinitatem
2007 3059 2046 3114 ρ
2087 3049 2403 3102 excitabat?
2443 3051 2588 3103 Num
2644 3049 2920 3120 quidnam
2953 3050 3158 3104 veritas
3200 3055 3257 3103 et
3311 3065 3499 3120 praeco
3531 3049 3789 3103 veritatis

284 3135 571 3200 transiret,
601 3139 862 3203 essetque
887 3138 1078 3186 tamen
1111 3137 1168 3185 et
1196 3131 1348 3185 ﬁlius
1397 3131 1500 3184 Dei
1529 3131 1700 3184 homo
1747 3135 1977 3200 prOpter

285 3230 640 3294 assumptum
669 3222 986 3279 hominem.
1011 3227 1066 3274 et
1087 3221 1238 3274 ﬁlius
1264 3221 1516 3274 hominis
1565 3222 1713 3275 Deus
1741 3227 1978 3291 propter

282 3317 669 3366 assumentem
733 3312 931 3363 Deum.
961 3305 1290 3363 Praedixerit
1313 3309 1417 3362 tibi
1449 3309 1724 3380 propheta
1775 3325 1788 3362 :
1855 3311 1978 3366 Nisi

279 3401 644 3465 credideritis,
671 3414 777 3452 non
806 3400 1145 3469 intellegetis.
1200 3399 1400 3464 Crede,
1461 3404 1517 3452 et
1563 3398 1879 3468 intellegis;
1922 3403 1977 3453 et

279 3505 418 3559 roga
449 3490 648 3553 Deum,
675 3493 736 3541 ut
782 3488 942 3542 tollat
973 3488 1255 3554 velamen,
1314 3491 1378 3540 ut
1407 3487 1627 3542 auferat
1682 3503 1781 3540 cor
1829 3487 1973 3557 lapi-

282 3578 475 3632 deum.
509 3578 800 3646 Rogamus
831 3575 1002 3630 etiam
1037 3581 1094 3630 et
1139 3593 1242 3629 nos
1290 3592 1395 3646 pro
1422 3575 1596 3642 vobis,
1645 3576 1837 3630 invitis
1877 3593 1974 3630 vo-

279 3667 386 3722 bis.
416 3666 515 3721 Set
559 3665 832 3735 quoniam
864 3664 1074 3718 ludeus
1124 3681 1226 3718 nec
1277 3665 1556 3719 rationem
1614 3665 1816 3736 recipit
1873 3682 1976 3719 nec

278 3753 771 3826 praedicationem,
800 3753 912 3806 nisi
939 3755 1086 3806 Deus
1117 3751 1188 3788 ³³⁸³
1217 3754 1381 3807 tollat
1419 3755 1701 3817 velamen,
1733 3784 1800 3796 —
1857 3755 1973 3809 scio

282 3842 438 3898 enim
487 3843 610 3912 ejus
651 3842 926 3896 cervicem
979 3841 1367 3911 durissimam,
1408 3872 1476 3884 —
1505 3859 1869 3898 occurramus
1923 3845 1974 3898 ei

277 3931 519 3985 oraculis
549 3932 986 4001 prophetarum,
1017 3936 1080 3985 ut
1119 3930 1205 3985 vel
1239 3931 1318 3984 sic
1349 3932 1558 3999 credat,
1586 3933 1670 3986 vel
1724 3932 1806 3986 sic
1835 3948 1972 3986 con-

279 4021 437 4074 fusus
467 4020 711 4074 recedat.
745 4020 908 4084 Quod
938 4022 1006 4056 ²⁶⁵
1035 4035 1263 4074 carnem
1309 4020 1562 4076 Christus
1619 4019 1690 4056 ³⁵⁸
1742 4021 1812 4074 de
1867 4020 1974 4073 vir-

279 4109 412 4180 gine
461 4115 608 4163 esset
640 4112 992 4179 sumpturus,
1035 4108 1301 4178 praedixit
1353 4109 1522 4162 Isaias
1579 4111 1757 4162 :Ecce
1820 4111 1974 4177 virgo

279 4199 540 4266 concipiet
575 4199 634 4252 in
655 4201 803 4251 utero
839 4203 889 4251 et
935 4199 1117 4267 pariet
1161 4197 1353 4266 ﬁlium,
1383 4202 1432 4252 et
1449 4197 1730 4251 vocabitur
1787 4213 1974 4251 nomen

279 4287 395 4355 ejus
447 4287 767 4341 Emmanuel
826 4287 955 4352 (Isa.
1016 4302 1112 4352 vn,
1175 4287 1275 4354 14),
1329 4306 1355 4337 ››
1407 4285 1462 4339 id
1522 4289 1607 4338 est
1675 4285 1971 4339 nobiscum

279 4374 446 4428 Deus.
480 4375 639 4439 Quod
669 4375 736 4428 de
761 4373 911 4428 tribu
946 4375 1089 4428 Juda
1117 4379 1266 4428 esset
1297 4374 1618 4427 nasciturus
1646 4377 1701 4426 et
1767 4374 1970 4444 spiritu

280 4463 725 4532 Deireplendus,
757 4462 908 4516 idem
939 4463 1061 4532 ipse
1102 4464 1178 4516 ait
1231 4479 1245 4516 :
1274 4464 1437 4516 Eriet
1464 4463 1624 4530 virga
1676 4461 1742 4516 de
1786 4464 1971 4516 radice

277 4553 421 4606 Iesse
486 4556 536 4605 et
563 4554 659 4619 ﬂos
692 4553 757 4604 de
782 4551 968 4605 radice
1005 4553 1122 4621 eius
1161 4551 1428 4614 ascendet,
1475 4554 1525 4603 et
1553 4555 1846 4618 requiescet
1876 4567 1968 4606 su-

271 4655 374 4708 per
401 4654 515 4692 eam
539 4641 768 4707 spiritus
818 4642 1054 4706 Domini,
1106 4641 1336 4708 spiritus
1381 4641 1661 4706 sapimitiae
1705 4644 1755 4693 et
1809 4639 1968 4692 intel-

275 4728 439 4782 lectus
469 4729 698 4796 spiritus
723 4728 936 4782 consilii
963 4732 1013 4780 et
1030 4727 1406 4793 fortitudinis,
1457 4729 1689 4795 spiritus
1735 4729 1972 4781 scientia

274 4819 324 4868 et
359 4817 604 4884 pietatis,
635 4820 685 4869 et
739 4816 966 4884 replebit
1023 4813 1093 4850 ³⁵⁷
1146 4831 1264 4869 eam
1309 4815 1539 4882 spiritus
1601 4817 1809 4869 timoris
1866 4818 1967 4870 Do-

271 4907 412 4959 mini
436 4907 575 4976 (Isa.
607 4921 684 4968 x1,
721 4907 769 4965 1.
818 4907 891 4970 2).
951 4903 1115 4968 Quod
1173 4903 1324 4957 inter
1349 4903 1609 4957 homines
1647 4904 1972 4958 conversari

274 4994 528 5060 deberet,
589 4993 850 5064 praedixit
905 4991 1277 5046 Jheremias:
1339 4995 1436 5046 Hic
1495 4993 1640 5046 Deus
1688 4998 1870 5046 noster
1922 4998 1972 5048 et

270 5098 377 5137 non
407 5084 765 5137 aestimabilur
806 5083 949 5136 alius
989 5084 1190 5149 praeter
1243 5096 1401 5146 eum;
1455 5086 1513 5134 et
1559 5085 1691 5150 post
1743 5097 1923 5151 pauca
1957 5097 1969 5135 :

270 5171 394 5224 Post
421 5170 533 5225 hac
561 5173 620 5223 in
651 5172 808 5224 terris
839 5173 985 5223 visus
1020 5173 1117 5230 est,
1153 5173 1204 5224 et
1236 5184 1355 5222 cum
1402 5169 1708 5224 hominibus
1748 5185 1971 5223 conver-

269 5263 422 5312 satus
450 5264 528 5312 est
560 5257 814 5328 (Baruch.
851 5273 930 5324 ιιι,
960 5259 1046 5323 36,
1078 5257 1186 5328 38).
1243 5257 1402 5318 Quod
1459 5273 1564 5327 pro
1631 5258 1797 5311 nobis
1853 5258 1972 5328 pati

271 5345 523 5414 deberet,
547 5347 685 5402 item
735 5346 906 5401 Isaias
942 5361 954 5400 :
994 5347 1320 5402 Vulneratus
1365 5350 1440 5400 est
1469 5351 1691 5415 propter
1761 5348 1969 5415 iniqui-

2080 3137 2459 3191 dissentieut‘?
2483 3139 2604 3191 Non
2633 3139 2802 3208 plane
2831 3137 3066 3208 quidem
3097 3137 3582 3208 intellegentibus.
3641 3139 3790 3192 Item

2084 3242 2301 3300 quaero,
2337 3227 2386 3280 si
2416 3227 2608 3280 videre
2640 3228 2813 3281 homo
2845 3227 3024 3280 Deum
3073 3227 3251 3298 possit
3309 3233 3366 3280 et
3421 3227 3631 3294 vivere,
3675 3243 3790 3280 an-

2083 3317 2241 3372 non?
2294 3317 2352 3371 Si
2378 3316 2568 3370 videre
2623 3320 2810 3386 potest
2849 3320 2904 3368 et
2932 3315 3140 3380 vivere,
3201 3315 3489 3385 quomodo
3530 3315 3642 3368 erit
3703 3331 3793 3367 ve-

2083 3421 2211 3459 rum
2244 3405 2393 3476 quod
2437 3406 2584 3458 Deus
2634 3403 2820 3458 dixit:
2859 3405 2988 3458 Non
3034 3407 3176 3457 enim
3225 3403 3430 3457 videbit
3477 3418 3560 3456 me
3631 3403 3792 3457 homo

2082 3499 2132 3548 et
2151 3498 2330 3548 vivere
2355 3499 2548 3563 potest.
2582 3493 2638 3548 Si
2667 3509 2798 3546 vero
2857 3509 2972 3546 non
3023 3497 3231 3562 potest,
3294 3497 3358 3545 ut
3412 3493 3521 3545 hoc
3581 3508 3786 3546 verum

2083 3597 2204 3636 esse
2231 3581 2424 3652 possit,
2457 3582 2744 3652 quomodo
2775 3581 2884 3634 erit
2915 3596 3114 3634 verum
3177 3580 3330 3651 quod
3381 3579 3550 3634 Jacob
3602 3579 3786 3635 dixit:

2087 3669 2222 3725 Vidi
2275 3672 2558 3724 Dominum
2632 3671 2778 3736 facie
2836 3669 2910 3723 ad
2971 3671 3191 3736 faciem,
3279 3672 3330 3722 et
3391 3669 3546 3722 salva
3631 3672 3791 3736 facta

2082 3763 2160 3814 est
2237 3761 2420 3812 anima
2486 3775 2604 3813 mea
2683 3759 2831 3824 (Gen.
2927 3774 3095 3823 xxxn,
3176 3759 3304 3824 30);
3379 3761 3435 3810 et
3518 3757 3709 3811 Esaias
3769 3776 3784 3812 :

2088 3847 2220 3902 Vidi
2313 3849 2598 3902 Dominum
2674 3845 2914 3902 Sabaoth
2995 3847 3163 3900 oculis
3199 3848 3334 3900 meis
3389 3844 3517 3916 (Isa.
3573 3861 3652 3914 vr,
3711 3845 3785 3914 5).

2082 3935 2382 4000 Quomodo
2458 3934 2856 4005 praedicabunt
2926 3933 3212 3988 contraria
3294 3938 3350 3988 et
3423 3933 3634 3987 veritas
3730 3939 3790 3989 et

2081 4024 2378 4096 prophetae
2427 4024 2724 4078 veritatis?
2775 4023 2870 4078 Set
2921 4023 3200 4094 quoniam
3258 4023 3533 4077 stoliditas
3590 4028 3788 4078 vestra

2080 4113 2142 4166 in
2165 4118 2441 4167 vetustate
2473 4113 2674 4167 litterae
2706 4117 2763 4167 et
2800 4128 2916 4166 non
2963 4113 3024 4166 in
3073 4111 3320 4167 novitaie
3374 4111 3609 4182 spiritus
3659 4129 3786 4166 am-

2080 4201 2335 4268 bulabat,
2367 4218 2438 4257 ex
2470 4218 2536 4256 eo
2589 4203 2722 4255 caeci
2783 4201 3072 4256 incurritis
3132 4201 3558 4266 oﬂ'endiculum,
3629 4202 3786 4256 unde

2083 4289 2316 4344 luminis
2373 4290 2613 4360 possetis
2638 4291 2850 4345 habere
2899 4291 3183 4345 ducatum.
3217 4293 3292 4348 Ac
3346 4307 3448 4360 per
3497 4289 3602 4343 hoc
3650 4307 3782 4355 nos,

2082 4379 2180 4449 qui
2218 4379 2418 4432 aeterni
2477 4379 2713 4432 luminis
2769 4379 3123 4448 suscepimus
3168 4379 3486 4444 veritatem,
3535 4378 3784 4432 Judaicai

2081 4467 2353 4520 caecitatis
2389 4467 2776 4521 discindamus
2802 4481 3079 4532 errorem,
3115 4471 3178 4520 ut
3226 4472 3281 4519 et
3317 4465 3578 4540 ﬁdelibus
3609 4481 3781 4519 men-

2080 4555 2233 4608 tibus
2255 4555 2565 4626 propositae
2597 4554 2929 4625 quaestionis
2973 4558 3164 4625 pateat
3189 4554 3410 4618 veritas,
3447 4557 3503 4606 et
3561 4553 3644 4606 illi
3675 4571 3780 4608 au-

2079 4641 2242 4696 diens
2287 4659 2406 4696 non
2455 4642 2814 4712 intellegant,
2877 4647 2929 4695 et
2987 4642 3242 4695 videntes
3299 4639 3370 4678 ’59
3424 4639 3556 4694 caeci
3612 4641 3777 4697 ﬁant.

2081 4731 2233 4786 Dixit
2267 4732 2414 4785 Deus
2443 4731 2512 4786 ad
2541 4733 2768 4802 Moysen
2802 4747 2815 4785 :
2850 4733 2970 4788 Non
3007 4733 3148 4784 enim
3177 4731 3381 4784 videbit
3439 4745 3521 4782 me
3551 4731 3702 4783 homo
3733 4735 3786 4785 et

2077 4823 2255 4875 vivere
2303 4825 2497 4889 potest,
2563 4820 2714 4891 quod
2781 4819 2860 4873 ita
2907 4819 3160 4890 intellegi
3195 4823 3378 4888 potest
3429 4833 3441 4871 :
3494 4817 3783 4881 Quamdiu

2081 4907 2254 4960 homo
2289 4909 2348 4962 in
2391 4908 2502 4962 isto
2535 4908 2760 4962 mortali
2811 4924 3066 4978 corpore,
3115 4907 3266 4978 quod
3311 4907 3699 4976 corrumpitur
3724 4913 3784 4962 et

2082 5002 2350 5066 aggravat
2379 4997 2652 5064 animam,
2686 4997 2840 5063 vivit,
2875 4997 3056 5050 Deum
3097 4997 3286 5050 videre
3310 5012 3424 5049 non
3453 5001 3640 5065 potest
3667 4994 3783 5050 sic-

2083 5085 2168 5137 uti
2207 5089 2290 5138 est
2335 5083 2395 5138 in
2449 5090 2652 5138 natura
2705 5085 3039 5152 divinitatis,
3100 5101 3205 5138 nec
3261 5084 3549 5154 corporeis
3599 5083 3783 5137 oculis

2081 5187 2186 5226 nec
2205 5172 2327 5243 ipsa
2367 5171 2540 5226 etiam
2573 5179 2783 5240 mente,
2837 5173 3096 5242 quamvis
3137 5171 3352 5225 munda
3404 5175 3459 5224 et
3508 5170 3576 5224 ab
3618 5171 3782 5226 omni

2082 5277 2229 5330 pene
2263 5259 2528 5314 vitiorum
2559 5261 2686 5315 labe
2717 5265 2982 5330 purgata.
3015 5260 3148 5324 Quae
3181 5259 3288 5313 etsi
3321 5259 3381 5312 in
3427 5259 3616 5312 divina
3651 5259 3778 5327 jam

2083 5350 2156 5402 sit
2189 5349 2694 5420 contemplatione,
2728 5349 2918 5404 minus
2937 5353 3132 5403 tamen
3159 5349 3328 5420 habet
3361 5347 3432 5403 ad
3465 5363 3774 5418 summam,

1691 5424 1921 5478 νΑΒιΑΞ
1956 5425 2354 5481 LECTIONES.

343 5509 414 5594 ²⁸ξ
445 5527 500 5567 n.
555 5513 617 5568 D.
676 5514 757 5570 bis
809 5516 1018 5582 scripta
1094 5529 1139 5568 ο.
1218 5510 1290 5549 ³⁵³
1343 5511 1481 5584 quid
1501 5529 1545 5568 c.
1623 5512 1694 5550 εδδ
1744 5505 1864 5584 ιιῖό
1919 5529 1964 5569 c.
2043 5512 2110 5552 ³⁵⁷
2148 5516 2388 5586 replevit
2419 5531 2464 5571 c.
2545 5513 2618 5550 ³⁵⁸
2663 5531 2835 5571 manu
2871 5518 2922 5571 2.
3003 5513 3073 5552 “9
3113 5515 3436 5594 videntibus
3501 5531 3639 5570 corr.
3693 5516 3774 5570 vi-

273 5582 469 5636 dentes
489 5599 535 5637 ο.
