3956 6302
158 201 272 255 489

994 205 1082 260 DE
1124 204 1588 262 DIVERSITATE
1628 205 2019 263 TEMPORUM
2060 208 2250 262 LIBRI
2291 208 2448 264 DUO.
2504 238 2558 246 —
2598 207 2733 263 LIB.
2775 208 2846 264 II.

3573 211 3678 265 490

160 327 327 398 quod
361 327 614 399 aliquam
656 328 939 382 maculam
968 329 1255 384 contrahit
1302 346 1368 384 ex
1419 332 1789 400 mortalitate,
1820 334 1946 385 etA
1983 331 2119 385 bilia
2146 330 2419 385 animalia
2458 331 2892 401 respondemus.
2942 331 3107 395 Quod
3156 348 3291 386 vero
3342 339 3678 404 prosecutus

158 416 301 470 ideo
333 417 509 471 homo
538 416 719 470 Deum
748 432 863 470 non
888 420 1077 487 potest
1116 418 1307 472 videre
1337 426 1395 473 et
1426 420 1634 487 vivere,
1668 436 1872 491 quous-

162 520 285 575 que
318 505 634 560 secundum
659 505 955 560 hominem
976 505 1135 575 vivit,
1157 512 1214 560 et
1242 508 1556 562 secundum
1588 510 1767 563 Deum
1798 509 1874 545 ¹⁶⁰

164 593 441 660 minime,
474 598 531 647 et
562 593 667 647 sibi
702 609 815 647 non
847 594 1113 660 moritur,
1143 600 1207 648 ut
1244 595 1399 649 vivat
1432 597 1564 651 Deo.
1600 597 1697 651 Set
1727 613 1872 668 quo-

166 681 348 736 modo
378 681 439 734 in
471 681 705 752 regione
736 681 958 749 mortis,
991 688 1056 736 ut
1078 682 1158 736 ita
1189 682 1396 749 dicam,
1431 684 1753 739 mortaliter
1788 685 1874 739 vi-

166 786 336 835 vens,
365 771 567 836 Deum,
602 769 702 841 qui
741 785 874 823 vera
911 770 1038 824 Vita
1074 775 1179 837 est,
1229 776 1287 825 et
1314 773 1486 825 homo
1513 772 1732 827 videret
1780 779 1877 827 aut

167 862 481 928 quaereret,
537 857 648 911 nisi
696 857 1141 912 misericorditer
1170 858 1441 913 inclinata
1460 860 1576 914 vita
1609 861 1679 915 ad
1721 877 1875 915 mor-

167 953 304 1001 tuos
351 946 774 1001 descendisset?
821 948 1024 1002 Mortui
1067 948 1222 1003 enim
1278 965 1522 1016 eramus,
1578 966 1641 1004 ex
1683 967 1797 1021 quo
1843 967 1876 1005 a

168 1035 323 1089 facie
356 1034 457 1088 Dei
482 1051 547 1087 ex
575 1034 673 1089 illa
700 1035 888 1105 prima
934 1036 1401 1104 praevaricatione
1444 1037 1506 1091 in
1539 1037 1718 1092 Adam
1749 1055 1875 1093 om-

170 1139 280 1177 nes
345 1122 675 1177 cecidimus.
729 1123 1106 1194 Quapropter,
1156 1124 1427 1179 miserata
1476 1126 1876 1181 mortalitatem

170 1214 437 1265 nostram
469 1212 535 1247 ²⁶¹
585 1210 864 1265 diabolica
893 1210 1088 1265 fraude
1138 1212 1459 1283 deceptam,
1490 1213 1561 1267 ad
1605 1230 1708 1267 nos
1757 1214 1880 1268 Vita

173 1298 369 1351 velata
406 1314 576 1351 carne
610 1298 921 1366 descendit,
957 1300 1091 1370 quia
1143 1316 1257 1353 non
1301 1302 1468 1355 aliter
1513 1301 1879 1356 inaccessibi-

175 1388 297 1440 lem
336 1387 523 1440 lucem
580 1386 881 1441 inﬁrmitas
931 1389 1118 1441 carnis
1156 1389 1304 1443 ferre
1356 1390 1591 1458 valeret,
1640 1391 1750 1444 nisi
1780 1408 1877 1445 ea-

174 1476 312 1529 dem
360 1476 483 1528 Vita
516 1491 684 1529 carne
715 1492 774 1529 se
815 1476 1050 1543 velaret,
1090 1493 1195 1546 per
1240 1478 1660 1547 oppositionem
1692 1480 1877 1533 carnis

1983 435 2064 486 es,
2096 420 2306 474 dixisse
2340 419 2512 473 David
2549 434 2563 473 :
2596 421 2772 475 Nolite
2807 420 3069 488 conﬁdere
3106 423 3165 474 in
3204 423 3573 493 principibus,
3620 427 3679 479 in

1981 510 2114 577 ﬁliis
2160 510 2436 562 hominum
2478 511 2538 561 in
2584 508 2780 576 quibus
2825 522 2933 562 non
2974 513 3051 562 est
3099 510 3268 573 salus,
3325 527 3389 564 ac
3435 528 3539 582 per
3568 511 3677 567 hoc

1983 597 2209 651 nullum
2230 597 2415 650 tilium
2445 594 2696 649 hominis
2726 595 3178 665 praetermisisse,
3205 602 3271 650 ut
3299 613 3363 652 ex
3384 600 3678 671 propheta:

1982 678 2314 738 testimonio
2353 684 2628 754 injuriam
2664 685 2812 738 clam
2843 683 3081 739 videaris
3128 684 3313 740 facere
3362 686 3586 742 Christo
3613 718 3681 728 —-

1985 776 2069 826 set
2099 777 2293 842 aperte
2327 788 2520 827 servos
2551 772 2673 842 ejus
2704 773 3089 842 blasphemas,
3142 774 3305 845 quasi
3356 791 3474 829 non
3522 776 3681 846 inju-

1986 862 2068 914 ria
2100 860 2247 915 servi
2296 861 2367 915 ad
2416 865 2811 931 contemptum
2858 860 3127 932 respiciat
3171 862 3399 917 Domini
3445 892 3558 931 -,
3595 881 3682 918 re-

1986 949 2336 1019 spondemus
2382 950 2454 1003 ad
2503 950 2625 1004 haec
2672 949 2923 1003 dicentes
2979 965 3111 1004 cum
3158 951 3476 1020 propheta:
3529 954 3683 1007 Muta

1984 1039 2120 1104 ﬁant
2151 1036 2299 1089 labia
2328 1035 2534 1101 dolosa,
2571 1051 2690 1104 qua
2734 1038 2983 1091 locuntur
3020 1038 3287 1093 adversus
3320 1039 3533 1106 justam
3574 1043 3681 1094 ini-

1986 1127 2250 1193 quitatem
2296 1127 2355 1179 in
2402 1126 2657 1194 superbia
2698 1130 2748 1179 et
2793 1128 2853 1178 in
2900 1125 3157 1180 abusione
3201 1128 3364 1191 (Psal.
3416 1142 3540 1195 xxx,
3595 1131 3682 1195 19,

1985 1214 2100 1283 20).
2135 1214 2200 1267 Et
2228 1228 2388 1283 spem
2417 1218 2670 1267 nostram
2701 1213 2760 1267 in
2790 1213 3081 1268 hominem
3126 1230 3246 1268 non
3277 1215 3566 1285 ponimus,
3600 1221 3685 1270 set

1986 1300 2046 1354 in
2081 1302 2258 1355 Deum
2293 1306 2348 1354 et
2377 1301 2435 1355 in
2469 1301 2761 1357 Christum
2806 1300 2948 1370 ejus,
2977 1318 3150 1371 quem
3184 1304 3359 1357 Deum
3403 1309 3460 1357 et
3490 1303 3684 1357 homi-

1987 1406 2122 1444 nem
2151 1392 2424 1444 veraciter
2451 1390 2738 1445 credimus
2768 1406 3017 1462 eumque
3050 1392 3228 1445 Deum
3260 1397 3315 1445 et
3346 1392 3445 1445 Dei
3477 1393 3683 1446 Filium

1990 1492 2110 1529 esse
2165 1477 2571 1547 prophetarum
2631 1484 2950 1531 vestrorum
3001 1475 3071 1514 ’⁵⁸
3122 1478 3468 1533 testimoniis
3527 1495 3683 1532 com-

176 1568 528 1617 monstraret
560 1563 725 1617 nobis
756 1564 939 1617 lucem
972 1564 1225 1630 Deitatis,
1269 1566 1422 1636 quod
1454 1566 1616 1637 quasi
1642 1568 1763 1637 jam
1804 1568 1881 1621 fa-
1909 1597 1951 1651 Β
1990 1564 2361 1635 probavimus
2416 1563 2507 1618 ³⁵⁷.
2570 1566 2803 1619 Petrum
2857 1582 2991 1619 vero
3036 1571 3092 1619 et
3143 1566 3461 1621 Johannem
3511 1574 3683 1638 atque

176 1657 337 1705 ctum
374 1651 559 1705 Esaias
586 1650 657 1688 ²⁶²
678 1657 809 1706 ante
832 1652 1096 1722 praedixit
1120 1669 1132 1706 :
1167 1653 1552 1707 Habitantibus
1585 1657 1643 1707 in
1667 1656 1881 1723 regione

177 1740 388 1793 umbrae
409 1742 615 1805 mortis,
645 1740 742 1793 tua:
758 1746 879 1794 orta
899 1746 976 1794 est
996 1744 1072 1794 eis
1098 1743 1231 1807 (Isa.
1261 1756 1336 1807 lx,
1364 1742 1437 1811 2).
1466 1743 1619 1795 Hanc
1640 1758 1776 1813 ergo
1799 1743 1882 1796 lu-

177 1843 307 1881 cem
346 1833 586 1897 uterque
616 1827 785 1882 Jacob
815 1834 870 1881 et
905 1828 1090 1882 Esaias
1116 1846 1231 1882 non
1256 1829 1648 1899 corporalibus
1679 1830 1877 1898 oculis,

180 1922 271 1970 set
301 1916 695 1986 spiritualibus
724 1916 882 1971 vidit.
918 1920 1097 1988 Atque
1137 1933 1200 1971 ex
1232 1918 1336 1971 hac
1353 1918 1568 1972 visione
1598 1918 1657 1972 in
1687 1936 1879 1973 vocem

180 2005 555 2059 exultatiouis
589 2006 729 2059 alter
758 2006 828 2041 ³⁸³
869 2022 1070 2060 eorum
1093 2007 1439 2076 prorumpit,
1474 2008 1667 2061 dicens
1700 2024 1712 2062 :
1752 2008 1883 2063 Vidi

178 2094 471 2146 Dominum
522 2094 665 2159 facie
718 2093 792 2147 ad
818 2094 1015 2160 faciem
1056 2100 1105 2148 et
1155 2096 1311 2148 salva
1362 2097 1516 2161 facta
1562 2100 1639 2148 est
1696 2097 1882 2149 anima

177 2196 319 2235 mea.
377 2181 741 2235 Iutellexerat
792 2182 947 2236 enim
998 2183 1176 2237 Deum
1228 2183 1434 2237 dixisse
1485 2184 1554 2238 ad
1604 2184 1876 2254 Moysen:

178 2271 301 2324 Non
339 2272 484 2322 enim
509 2269 717 2324 videbit
741 2285 824 2323 me
871 2272 1023 2324 homo
1068 2275 1118 2324 et
1148 2273 1328 2324 vivere
1367 2276 1543 2340 potest
1571 2292 1586 2338 ;
1618 2273 1781 2343 quasi
1811 2273 1880 2327 de

180 2358 366 2411 salute
411 2356 619 2410 animas
668 2373 785 2411 suae
835 2358 1207 2429 desperasset,
1241 2359 1290 2412 si
1337 2375 1453 2413 non
1502 2375 1604 2431 per
1633 2362 1880 2431 prophe-

180 2444 280 2499 tiae
308 2444 645 2513 mysterium
686 2444 757 2481 ³⁸⁸
790 2447 991 2512 Deum,
1046 2447 1147 2517 qui
1179 2447 1249 2500 ab
1294 2447 1525 2501 homine
1556 2448 1736 2503 videri
1766 2464 1880 2503 non

181 2538 429 2604 poterat,
500 2549 599 2604 per
672 2536 1122 2604 assumptionem
1208 2536 1396 2589 carnis
1461 2535 1640 2591 videri
1716 2553 1881 2608 posse

181 2628 577 2693 cognosceret.
617 2624 773 2678 Unde
802 2624 935 2695 quia
980 2624 1140 2690 vidit,
1175 2625 1487 2680 clamavit:
1531 2626 1665 2681 Vidi
1708 2629 1882 2681 Domi-

181 2728 314 2766 num
342 2713 485 2778 facie
532 2711 607 2765 ad
646 2714 867 2780 faciem,
899 2717 950 2767 et
988 2714 1146 2766 salva
1188 2716 1343 2780 facta
1386 2717 1469 2767 est
1512 2716 1697 2769 anima
1742 2731 1879 2782 mea,

184 2806 245 2854 et
272 2800 408 2854 inde
441 2815 600 2870 spem
634 2800 832 2855 salutis
872 2800 1216 2871 assumpsit;
1258 2801 1409 2856 unde
1438 2818 1544 2873 per
1573 2808 1882 2874 assumpta:

1991 1652 2295 1708 Martinum
2326 1668 2443 1706 non
2468 1653 2764 1719 demones,
2797 1658 2883 1707 set
2910 1654 3237 1724 expulsores
3267 1654 3579 1708 demonum
3612 1654 3684 1708 ﬁ-

1988 1740 2191 1795 deliter
2218 1741 2578 1803 confitemur,
2624 1746 2681 1794 et
2712 1741 2819 1795 hoc
2846 1756 3045 1794 verum
3088 1758 3209 1794 esse
3260 1742 3429 1795 certis
3459 1741 3684 1796 indiciis

1991 1845 2174 1893 usque
2213 1829 2383 1883 hodie
2413 1829 2720 1897 cernimus,
2754 1846 2868 1883 non
2899 1829 2959 1883 in
2991 1830 3070 1884 eis
3103 1846 3259 1900 spem
3294 1834 3546 1884 nostram
3576 1847 3687 1900 po-

1989 1921 2212 1983 nentes,
2246 1922 2331 1970 set
2365 1934 2524 1988 spem
2555 1923 2809 1971 nostram
2839 1918 2988 1989 apud
3048 1919 3228 1972 Deum
3269 1934 3469 1972 eorum
3502 1918 3687 1973 inter-

1990 2005 2341 2059 cessionibus
2394 2005 2881 2059 commendantes.
2938 2005 3101 2069 Quod
3156 2022 3291 2060 vero
3354 2006 3496 2060 dixit
3543 2022 3556 2060 :
3614 2007 3688 2060 In

1989 2093 2234 2148 omnibus
2270 2094 2398 2148 locis
2455 2095 2656 2164 legitur
2700 2096 2837 2147 Deus
2892 2095 3062 2148 Israel
3112 2098 3163 2148 et
3208 2109 3315 2147 non
3371 2097 3510 2148 Deus
3558 2110 3686 2160 gen-

1991 2184 2145 2241 tium,
2178 2180 2384 2235 refellit
2414 2186 2469 2235 te
2504 2183 2649 2237 Deus
2677 2197 2782 2251 per
2829 2181 3026 2244 David,
3074 2182 3267 2236 dicens
3314 2182 3381 2236 ad
3438 2182 3639 2236 Filium
3669 2198 3682 2235 :

1990 2271 2210 2324 Postula
2240 2286 2274 2323 a
2296 2285 2397 2334 me,
2430 2274 2480 2323 et
2508 2269 2648 2323 dabo
2676 2270 2780 2323 tibi
2815 2275 2993 2337 gentes
3043 2270 3411 2325 hereditatem
3453 2276 3602 2324 tuam
3638 2276 3689 2324 et

1985 2360 2372 2428 possessionem
2442 2363 2590 2411 tuam
2660 2360 2914 2412 terminos
2989 2362 3145 2413 terra
3200 2357 3367 2428 (Psal.
3442 2374 3504 2424 ιι,
3574 2358 3685 2428 8);

1990 2446 2260 2517 idemque
2308 2446 2378 2499 ad
2418 2446 2756 2501 Abraham:
2808 2447 2879 2499 In
2923 2449 3124 2500 semine
3171 2450 3262 2499 tuo
3314 2445 3689 2500 benedicentur

1991 2549 2170 2588 omnes
2225 2534 2402 2587 tribus
2463 2538 2618 2587 terra:
2667 2532 2820 2603 (Gen.
2874 2549 2986 2599 xxr,
3048 2533 3165 2601 l8).
3229 2532 3285 2587 Si
3326 2549 3461 2585 vero
3490 2538 3689 2602 gentes

1990 2621 2286 2676 hereditas
2334 2621 2430 2675 Dei
2491 2624 2642 2689 sunt,
2699 2620 2910 2687 nescio,
2967 2621 3214 2691 qualiter
3261 2636 3379 2673 non
3426 2620 3499 2673 sit
3540 2621 3688 2674 Deus

1991 2726 2213 2776 earum,
2244 2710 2408 2779 cujus
2450 2709 2738 2764 hereditas
2772 2714 2923 2763 sunt.
2966 2711 3031 2763 In
3082 2709 3191 2762 hoc
3232 2724 3502 2780 namque,
3536 2709 3688 2780 quod

1992 2798 2098 2853 sub
2160 2797 2530 2868 requisitione
2578 2796 2760 2851 nostri
2816 2813 3014 2851 sensus
3057 2796 3321 2863 inuectis,
3371 2811 3689 2850 memorem

183 2887 551 2943 mortalitatis
582 2889 853 2960 speciem,
888 2889 1151 2955 salutem,
1192 2872 1684 2960 exspectationem
1714 2872 1881 2946 mun-
1915 2872 1955 2926 (ἶ
1994 2886 2119 2941 ﬁeri
2150 2886 2459 2941 Dominum
2489 2885 2815 2940 testamenti
2846 2884 2955 2953 sui,
2989 2884 3169 2952 verbi,
3213 2884 3365 2956 quod
3397 2885 3691 2940 mandavit

187 2977 267 3044 di,
321 2993 427 3047 per
473 2976 657 3030 carnis
701 2993 818 3031 suae
876 2978 1275 3047 probationem
1318 2983 1616 3033 venturam
1668 2980 1883 3034 mundo

186 3065 480 3135 cognovit.
516 3065 669 3129 Quod
696 3066 869 3120 etiam
891 3066 947 3120 in
982 3066 1378 3121 benedictione
1406 3068 1653 3122 ﬁliorum
1677 3070 1884 3139 praedi-

186 3153 372 3208 cendo
418 3154 711 3225 expressit,
757 3155 998 3209 dicens:
1049 3157 1169 3210 Non
1198 3157 1479 3221 auferetur
1505 3162 1774 3225 sceptrum
1820 3158 1885 3211 de

185 3238 347 3292 Juda
384 3243 437 3293 et
481 3238 597 3292 dua:
625 3239 692 3292 de
727 3239 1022 3305 femoribus
1058 3240 1191 3307 ejus.
1223 3239 1386 3294 donec
1409 3242 1592 3294 veniat
1630 3242 1729 3309 qui
1754 3243 1881 3295 mit-

187 3327 380 3382 tendus
401 3332 500 3394 est,
541 3332 589 3380 et
622 3329 736 3397 ipse
772 3330 873 3381 erit
902 3326 1230 3397 exspectatio
1283 3330 1522 3394 gentium
1556 3329 1705 3395 (Gen.
1739 3345 1883 3399 ηυξ,

192 3416 301 3486 10.)
349 3417 425 3470 De
459 3432 573 3486 quo
606 3416 780 3470 etiam
837 3416 1023 3469 Esaias
1060 3415 1141 3469 ait
1175 3433 1188 3470 :
1236 3416 1410 3485 Super
1457 3432 1613 3485 quem
1650 3419 1882 3472 contine-

188 3504 322 3557 bunt
348 3518 498 3570 reges
526 3517 583 3558 os
612 3518 769 3557 suum
798 3505 925 3574 (Isa.
950 3519 1043 3569 ιιι,
1066 3502 1154 3573 l5)
1189 3506 1405 3573 ;ipsum
1424 3508 1602 3570 gentes
1630 3504 1886 3574 depreca-

187 3594 392 3647 buntur
402 3592 516 3659 (Id.
532 3608 608 3661 x1,
629 3594 730 3661 10).
753 3593 914 3645 Nunc
931 3592 1069 3664 quid
1084 3590 1155 3628 ³⁸⁸
1176 3593 1539 3656 contradicis,
1555 3593 1729 3647 Judee
1751 3611 1763 3661 ;
1781 3610 1883 3648 cur

184 3697 351 3735 vocas
380 3696 486 3735 nos
515 3680 788 3735 animalia
814 3682 843 3735 ?
875 3682 1007 3735 Ecce
1036 3696 1143 3735 nos
1181 3680 1454 3736 animalia
1491 3681 1633 3751 ejus,
1667 3682 1736 3735 de
1767 3699 1882 3753 quo

187 3768 333 3823 dixit
386 3769 656 3823 Abacuc:
698 3770 760 3823 In
812 3769 989 3823 medio
1035 3769 1202 3823 duum
1249 3769 1573 3823 animalium
1604 3784 1881 3836 cognosce-

186 3860 289 3913 ris.
322 3858 467 3924 Non,
502 3862 562 3912 ut
586 3863 648 3913 tu
687 3857 1061 3929 improperas,
1094 3857 1388 3924 hiscimus,
1428 3861 1513 3911 set
1542 3861 1604 3912 ut
1644 3857 1885 3911 rationa-

1993 2976 2054 3031 in
2083 2975 2240 3030 mille
2278 2974 2697 3045 generationes,
2748 2974 2902 3046 quod
2934 2974 3218 3045 disposuit
3259 2973 3329 3027 ad
3376 2974 3688 3038 Abraham,

1992 3063 2377 3135 propinquius
2425 3067 2526 3117 tuo
2578 3067 2775 3117 noster
2823 3079 3023 3117 sensus
3082 3062 3310 3117 veritati
3361 3062 3686 3117 concordat.

1993 3152 2292 3217 Quomodo
2341 3151 2435 3207 hic
2475 3150 2802 3222 intellegis:
2852 3153 2913 3205 in
2957 3152 3105 3206 mille
3148 3152 3519 3218 generationes
3554 3152 3581 3204 φ
3633 3150 3691 3205 Si

1994 3240 2233 3311 replices
2282 3241 2680 3311 generationes
2723 3240 2793 3294 ab
2824 3239 3056 3293 exordio
3102 3238 3323 3307 mundi,
3380 3254 3497 3292 non
3532 3238 3690 3292 inve-

1994 3329 2115 3382 nies
2142 3328 2320 3382 mille.
2356 3328 2451 3382 Set
2501 3327 2634 3399 quia
2680 3327 2741 3380 in
2790 3326 3100 3398 Scripturis
3150 3325 3324 3380 sacris
3378 3342 3529 3397 smpe
3560 3327 3691 3380 ﬁni-

1990 3421 2113 3471 tum
2142 3433 2245 3488 pro
2276 3416 2503 3470 inﬁnito
2534 3415 2790 3487 ponitur,
2842 3415 3003 3468 mille
3049 3413 3448 3484 generationes
3490 3430 3691 3468 omnes

1992 3505 2387 3576 generationes
2424 3504 2768 3576 accipiendae
2819 3507 2971 3571 sunt,
3019 3509 3086 3559 ut
3136 3509 3553 3574 consequenter
3596 3520 3691 3557 ve-

1992 3610 2120 3648 rum
2152 3594 2223 3648 sit
2243 3594 2637 3664 juramentum
2670 3592 2739 3646 ad
2785 3591 3071 3646 Abraham
3113 3590 3480 3662 dispositum,
3536 3592 3689 3662 quod

1991 3686 2051 3736 in
2097 3686 2295 3737 semine
2344 3688 2432 3737 tuo
2480 3682 2859 3737 benedicentur
2900 3695 3077 3735 omnes
3127 3685 3335 3748 gentes,
3385 3680 3439 3735 id
3502 3685 3585 3734 est
3633 3682 3691 3734 in

1993 3771 2237 3827 Christo.

1609 4035 1844 4091 VARUE
1882 4036 2276 4093 LECTIONES.

261 4212 337 4249 ²⁸²
357 4230 463 4269 v0.1:
501 4215 568 4267 ab
608 4215 782 4269 Eckh.
810 4217 1033 4271 inserta.
1114 4214 1184 4249 ²⁸¹
1219 4206 1342 4270 ηἰτεῖ.
1374 4231 1400 4270 c
1475 4213 1549 4251 ’θ’
1576 4214 1793 4269 easaias
1821 4231 1847 4270 ο

194 4302 321 4341 rum
354 4302 401 4340 c.
479 4289 546 4322 ³⁸⁷
573 4302 701 4340 cum
722 4290 899 4357 prob.
926 4304 970 4341 c.

548 5548 831 5617 PATROL.
884 5549 1057 5617 CXL.

1922 4217 1991 4251 m
2019 4216 2182 4270 aliter
2216 4220 2258 4270 l.
2334 4213 2408 4251 ²⁶¹⁴
2446 4215 2843 4272 testimonium
2872 4220 2920 4272 l.
2997 4214 3073 4250 ²⁶¹⁵
3112 4215 3189 4287 qd
3228 4232 3273 4272 c.
3352 4215 3426 4251 ²⁶⁶
3470 4222 3694 4273 vestra-

3312 5555 3395 5616 16
