3956 6298
300 285 393 337 491

1309 281 1780 338 BURCHARDUS
1821 279 2350 338 WORMACIENSIS
2389 277 2784 363 EPISCOPUS.

3709 277 3826 330 492

1760 581 1909 622 ANNO
1942 581 2130 621 DOMINI
2163 581 2358 621 ωιχνι.

1343 751 2748 897 BURCHARDUS

1093 1009 1858 1077 'WORMATIENSIS
1920 1011 2385 1076 ECCLESIZE
2434 1012 2975 1078 EPISCOPUS.

1581 1336 2521 1462 ΡΗΟΟΞΜΙΑ.

890 1699 1385 1772 NOTITIA
1479 1697 2135 1771 HISTORICA
2228 1698 2364 1769 ET
2452 1668 3212 1770 LITTERARIA.

1557 1874 1811 1946 (Oudin.,
1843 1876 2043 1946 Script.
2075 1877 2254 1930 eccles.
2298 1876 2366 1941 ll,
2409 1874 2557 1945 525.)

377 2163 732 2219 Burchardus
777 2161 1208 2216 Wormatiensis
1238 2161 1560 2233 episcopus,
1593 2160 1824 2216 natione
1859 2161 1994 2216 Ger-
2023 2163 2071 2216 A
2107 2160 2260 2231 pitus
2287 2164 2598 2232 receperat.
2638 2161 2722 2216 Ibi
2748 2176 2977 2233 quoque
3005 2162 3252 2232 negotiis
3280 2163 3649 2219 sacularibus
3677 2171 3816 2236 post

304 2267 529 2318 manus,
577 2251 762 2322 patria
803 2251 1032 2316 Hassus,
1086 2255 1142 2304 et
1191 2249 1442 2320 primum
1488 2249 1647 2304 Lobii
1699 2249 1760 2304 in
1801 2249 1995 2319 Belgio

305 2341 644 2405 monachus,
686 2343 742 2392 et
785 2339 1016 2406 Olberti,
1070 2338 1360 2392 Lobiensis
1389 2337 1660 2392 monachi
1691 2344 1748 2392 et
1774 2339 1995 2392 abbatis

302 2435 503 2500 postea
533 2426 950 2484 Gemblacensis
997 2427 1328 2498 discipulus,
1380 2443 1546 2492 anno,
1581 2429 1702 2495 996,
1765 2427 1994 2481 Olberto

303 2518 578 2589 magistro
627 2516 898 2581 instante,
943 2515 1242 2586 episcopus
1272 2515 1700 2570 Wormatiensis
1738 2515 1995 2570 Ecclesia

305 2608 517 2660 electus
547 2610 650 2670 est,
706 2605 767 2658 in
797 2621 913 2674 qua
964 2605 1176 2658 resedit
1229 2621 1407 2676 usque
1462 2604 1534 2658 ad
1582 2620 1801 2659 annum
1860 2607 1993 2659 1025

303 2697 392 2749 vel
422 2696 578 2763 1026,
619 2710 732 2764 quo
763 2697 1154 2750 mortuusest.
1189 2693 1517 2762 Sigebertus
1547 2693 1607 2746 in
1627 2693 1899 2750 Chronico
1923 2693 1994 2746 ad

303 2799 519 2838 annum
552 2784 687 2836 1008
718 2781 908 2846 refert,
941 2783 1299 2836 coltaborante
1335 2783 1598 2849 magistro
1635 2796 1730 2834 suo
1784 2781 1995 2836 Olberto

303 2873 520 2936 abbate,
554 2873 672 2925 viro
715 2871 1075 2938 undequaque
1121 2869 1452 2935 doctissimo,
1500 2884 1776 2938 magnum
1806 2869 1998 2924 Cano-

303 2976 444 3014 num
490 2959 759 3013 volumen
807 2958 1081 3012 edidisse:
1134 2962 1190 3011 et
1241 2958 1301 3011 in
1329 2957 1478 3011 libro
1533 2961 1606 3011 De
1641 2958 1994 3026 scriptoribus

301 3047 697 3114 ecclesiasticis,
719 3061 841 3115 cap.
868 3046 990 3112 141,
1007 3045 1130 3099 hac
1154 3045 1223 3099 de
1245 3061 1312 3098 eo
1332 3045 1532 3099 refert:
1563 3067 1584 3093 ι
1613 3046 1990 3113 Burchardus,

302 3135 604 3205 episcopus
635 3133 796 3186 urbis
836 3132 1218 3202 Wangionum
1249 3148 1377 3202 qua
1426 3132 1635 3186 dicitur
1663 3132 1992 3199 Wormatia,

301 3239 559 3291 magnum
577 3223 850 3279 Canonum
872 3223 1137 3288 volumen,
1162 3221 1314 3291 quod
1338 3238 1368 3274 a
1390 3220 1624 3275 nomine
1653 3221 1832 3292 ipsius
1861 3224 1996 3277 Bur-

301 3312 539 3368 chardus
571 3311 995 3376 denominatur,
1030 3310 1212 3364 multo
1242 3310 1432 3364 studio
1470 3309 1809 3380 composuit,
1841 3311 1993 3382 quod

301 3400 644 3456 testimoniis
696 3399 959 3453 omnium
1008 3398 1471 3453 authenticorum
1520 3398 1896 3454 conciliorum
1940 3405 1996 3455 et

301 3489 540 3543 decretis
560 3489 950 3544 Romanorum
974 3487 1314 3558 pontiﬁcum
1335 3492 1392 3541 et
1414 3487 1707 3542 sententiis
1738 3490 1995 3543 omnium

301 3593 448 3648 pene
501 3577 914 3631 catholicorum
991 3577 1222 3630 Patrum
1298 3577 1681 3642 auctorizavit,
1744 3593 1811 3631 ex
1884 3594 1998 3648 quo

299 3665 486 3719 adhuc
537 3663 795 3717 omnium
828 3663 1199 3718 conciliorum
1232 3664 1456 3718 decreta
1488 3665 1930 3720 auc‘torizantur.

300 3755 378 3808 Ea
403 3768 532 3824 qua
562 3753 630 3806 de
690 3751 902 3805 auxilio
951 3751 1167 3806 Olberti
1220 3754 1290 3807 ad
1341 3754 1810 3824 compilationem
1849 3754 1996 3809 hanc

297 3841 618 3896 faciendam
668 3839 728 3893 in
756 3841 1014 3896 Chronico
1062 3841 1388 3910 scripserat,
1425 3843 1728 3897 conﬁrmat
1755 3843 1814 3896 in
1845 3844 1992 3898 libro

295 3932 372 3985 De
423 3931 779 3998 scriptoribus
838 3930 1209 3983 ecclesiasticis
1257 3928 1316 3982 in
1373 3929 1623 3996 Olberto,
1683 3945 1805 3999 cap.
1871 3932 1989 3996 142,

294 4017 483 4072 verbis
512 4017 676 4071 istis:
721 4037 748 4068 ‹‹
785 4017 1136 4072 Burchardus
1183 4018 1486 4088 episcopus
1545 4017 1989 4086 Wormatiensis,

295 4107 419 4177 ejus
449 4106 664 4162 Olberti
698 4106 1027 4175 magisterio
1073 4106 1140 4159 ad
1174 4107 1283 4160 hoc
1321 4112 1645 4176 provectus,
1681 4110 1744 4160 ut
1782 4107 1862 4161 ita
1900 4123 1989 4161 ec-

295 4183 623 4250 clesiastica
676 4195 902 4248 utilitati
950 4195 1297 4260 intenderet,
1355 4200 1412 4249 et
1456 4196 1578 4264 ejus
1631 4194 1840 4263 studio,
1892 4211 1988 4249 ore

292 4289 350 4338 et
395 4300 567 4337 manu
607 4283 752 4336 illud
800 4298 1056 4350 magnum
1103 4285 1379 4339 Canonum
1403 4284 1649 4337 volumen
1703 4283 1773 4337 ad
1824 4299 1985 4338 com-

293 4389 529 4426 munem
560 4371 818 4425 omnium
867 4372 1171 4425 utilitatem
1207 4372 1420 4425 ederet.
1468 4391 1495 4418 ››
1534 4371 1637 4425 Ubi
1692 4376 1747 4425 et
1776 4373 1985 4442 quibus

293 4460 698 4514 auxiliantibus
753 4460 1110 4514 Burchardus
1155 4461 1264 4514 hoc
1314 4459 1552 4529 perfecit
1608 4476 1772 4530 opus,
1822 4461 1986 4515 docet

290 4553 490 4603 auctor
545 4565 886 4619 anonymus,
961 4549 1061 4618 qui
1139 4549 1312 4602 vitam
1390 4548 1514 4617 ejus
1574 4553 1704 4619 post
1759 4549 1980 4604 obitum

289 4635 535 4705 scripsit,
592 4651 722 4689 cum
773 4635 1008 4689 Decreto
1069 4634 1247 4705 ipsius
1303 4635 1513 4689 editam
1562 4651 1575 4688 :
1632 4656 1655 4685 ι
1721 4637 1982 4690 Forestus

2106 2255 2332 2320 tergum
2387 2249 2675 2319 projectis,
2729 2250 2862 2305 totis
2892 2249 3105 2305 viribus
3144 2251 3204 2306 in
3234 2253 3512 2324 obsequio
3548 2254 3651 2308 Dei
3683 2260 3812 2309 stu-

2105 2339 2548 2394 debat.‘Eodem
2601 2340 2819 2410 quippe
2863 2345 3147 2411 tempore,
3195 2341 3258 2396 in
3313 2341 3642 2397 collectorio
3691 2345 3810 2399 Ca-

2107 2441 2327 2480 nonum
2374 2427 2434 2480 in
2465 2427 2571 2481 hac
2609 2428 2753 2482 cella
2799 2444 2916 2482 non
2960 2429 3250 2484 modicum
3281 2431 3596 2486 laborabat.
3634 2433 3806 2500 Nam,

2106 2503 2341 2569 domino
2398 2515 2668 2570 Walterio
2736 2516 2989 2586 Spirensi
3041 2518 3306 2590 episcopo
3358 2520 3692 2591 adjuvante,
3747 2528 3810 2577 et

2107 2603 2469 2658 Brunicbone
2534 2605 2843 2675 praposito
2900 2605 3238 2661 exhortante
3324 2611 3381 2662 et
3435 2615 3806 2680 suggerente,

2106 2694 2346 2748 Canones
2400 2693 2462 2748 in
2519 2710 2701 2748 unum
2755 2711 2962 2764 corpus
3017 2696 3266 2768 collegit.
3333 2699 3457 2752 Non
3513 2715 3617 2769 pro
3686 2702 3807 2754 ulla

2105 2781 2455 2852 arrogantia,
2499 2783 2618 2850 sed,
2666 2783 2896 2853 utipse
2943 2784 3106 2850 dixit,
3158 2785 3292 2856 quia
3342 2803 3627 2854 canonum
3669 2789 3807 2858 jura

2105 2869 2623 2940 panitentiumque
2666 2871 2879 2941 judicia
2924 2872 2984 2926 in
3045 2872 3372 2944 episcopatu
3420 2891 3522 2929 suo
3561 2877 3804 2930 omnino

2105 2957 2334 3011 fuerant
2361 2959 2621 3028 neglecta
2667 2975 2732 3013 ac
2777 2960 3061 3014 destructa
3084 2961 3238 3028 {hoc
3295 2978 3429 3017 vero
3454 2979 3661 3034 corpus
3699 2980 3803 3019 seu

2105 3047 2510 3101 Collectorium
2563 3047 2825 3102 distinxit
2880 3054 2937 3104 et
2986 3049 3048 3103 in
3107 3051 3312 3118 viginti
3371 3052 3545 3106 libros
3601 3053 3806 3107 distri—

2103 3134 2246 3189 buit.
2272 3153 2300 3186 η
2334 3134 2491 3188 Idem
2521 3135 2582 3188 in
2612 3135 2943 3206 praefatione
2976 3138 3164 3208 operis
3194 3139 3281 3192 sui
3311 3144 3566 3195 testatur.
3604 3162 3627 3191 ι
3654 3142 3802 3196 Cum

2104 3222 2164 3276 in
2195 3239 2298 3277 sua
2321 3223 2548 3278 dioecesi
2575 3240 2825 3278 canones
2854 3232 2912 3279 et
2940 3227 3342 3297 poenitentium
3376 3229 3510 3299 jura
3537 3229 3802 3298 confusa,

2105 3310 2224 3364 imo
2271 3310 2650 3382 discrepantia
2697 3311 2934 3379 videret,
2969 3319 3031 3367 ut
3078 3319 3177 3368 aut
3227 3331 3295 3368 ex
3343 3319 3460 3370 toto
3513 3318 3805 3388 neglecta,

2107 3403 2207 3453 aut
2242 3399 2401 3454 omni
2445 3416 2593 3470 pene
2641 3401 2980 3456 auctoritate
3027 3401 3317 3470 destituta,
3359 3405 3446 3459 vel
3478 3406 3701 3460 modice
3739 3407 3805 3461 in

2107 3487 2484 3542 ecclesiastica
2513 3488 2814 3558 disciplina
2842 3489 3118 3545 institutis
3163 3507 3442 3562 apparere
3479 3495 3805 3566 potuerint,

2107 3579 2309 3645 rogatu
2351 3575 2727 3630 Brunichonis
2770 3578 3064 3649 prapositi
3107 3580 3362 3635 Ecclesia
3414 3581 3805 3638 Wormatien-

1969 3689 1989 3714 ι
2021 3719 2034 3726 ,
2104 3664 2182 3718 sis
2227 3664 2401 3735 capit
2448 3680 2760 3735 congerere
2817 3671 2875 3720 et
2930 3666 3189 3738 digerere
3233 3669 3366 3740 jura
3422 3671 3805 3727 ecclesiastica

2105 3752 2176 3806 ad
2236 3753 2540 3807 utilitatem
2618 3769 2737 3808 sua
2802 3755 3079 3821 Ecclesia,
3132 3757 3205 3811 ob
3275 3759 3688 3830 negligentiam
3745 3768 3806 3818 et

2102 3840 2409 3908 inscitiam,
2459 3846 2517 3895 ut
2571 3841 2695 3912 ipse
2743 3843 3020 3914 loquitur,
3072 3847 3452 3902 sacerdotum.
3505 3867 3532 3900 ν
3593 3849 3802 3907 Fontes

2101 3935 2295 3984 autem
2334 3935 2390 3984 et
2427 3935 2617 4001 partes
2660 3931 2751 3984 sui
2798 3932 2989 4002 operis
3037 3933 3158 4004 ipse
3187 3934 3248 3989 in
3275 3935 3392 3991 ﬁne
3441 3937 3802 4007 prafationis

2100 4024 2432 4072 memorata
2459 4019 2725 4073 ostendit.

2171 4129 2198 4156 «
2247 4107 2574 4177 Synodalia,
2618 4107 2828 4177 inquit,
2883 4114 3190 4180 pracepta,
3261 4117 3569 4185 sanctaque
3623 4114 3802 4172 insti-

2095 4199 2237 4263 tuta,
2269 4200 2386 4250 tam
2410 4212 2477 4250 ex
2509 4201 2840 4251 sanctorum
2890 4200 3124 4253 Patrum
3171 4203 3472 4256 sententiis
3511 4220 3685 4274 quam
3725 4223 3798 4261 ex

2094 4284 2381 4340 canonicis
2413 4285 2657 4356 scriptis,
2685 4286 2945 4356 adjutore
2975 4288 3109 4356 Deo,
3153 4289 3215 4342 in
3253 4307 3432 4345 unum
3480 4292 3688 4348 fascem
3725 4313 3795 4350 ex

2093 4373 2449 4444 amplissimo
2481 4375 2618 4428 orbe
2651 4375 2876 4445 collegi,
2921 4391 3102 4446 eaque
3151 4383 3216 4432 ut
3262 4380 3426 4449 potui
3456 4396 3574 4434 uno
3612 4383 3796 4438 veluti

2093 4477 2330 4532 corpore
2358 4478 2630 4529 connexa,
2661 4462 2865 4533 viginti
2913 4463 3073 4518 libris
3118 4466 3371 4521 distinxi.
3407 4489 3429 4517 ι
3467 4470 3529 4523 Et
3556 4471 3796 4540 quibus-

2091 4550 2221 4605 dam
2255 4549 2567 4620 interjectis
2591 4567 2604 4605 :
2629 4573 2649 4600 ι
2685 4552 2919 4616 Quantis
2941 4559 3128 4608 autem
3159 4556 3264 4609 hoc
3292 4556 3584 4613 laboribus
3614 4567 3792 4631 atque

2091 4639 2299 4710 vigiliis
2343 4639 2731 4709 praestiterim,
2786 4642 2934 4695 Deus
2966 4643 3219 4713 optimus
3264 4645 3563 4715 judicabit,
3613 4665 3791 4720 quem

288 4724 430 4778 silva
484 4729 587 4790 est,
641 4723 848 4794 inquit,
907 4724 1130 4778 duobus
1183 4723 1525 4777 milliaribus
1583 4741 1615 4777 a
1672 4723 2056 4780 Wormatia‘C
2093 4727 2248 4798 quod
2287 4743 2392 4798 pro
2425 4733 2634 4783 nostra
2681 4730 2946 4784 Ecclesia
2996 4734 3326 4787 necessitate
3378 4736 3630 4804 fecerim,
3671 4754 3790 4794 non

285 4814 522 4881 distans,
578 4813 863 4868 abietibus
913 4813 1235 4878 abundans,
1279 4817 1335 4865 et
1382 4813 1528 4866 hanc
1565 4813 1731 4882 palus
1780 4813 1984 4867 limosa

285 4919 350 4956 ex
395 4919 508 4956 una
535 4908 696 4974 parte
740 4901 1048 4955 ambiendo
1094 4901 1508 4970 circumcingit,
1559 4900 1625 4954 in
1667 4901 1828 4971 cujus
1865 4917 1984 4956 me-

284 4991 493 5046 dietate
543 4991 704 5054 collis
755 4990 1176 5061 pulcherrimus
1223 4989 1502 5054 consistit,
1554 4989 1624 5043 ad
1679 5006 1851 5060 quem
1897 4991 1982 5044 vir

280 5081 381 5136 Dei
428 5096 487 5134 se
529 5079 827 5133 transferri
857 5077 1170 5149 praecpit;
1226 5086 1281 5129 et
1329 5078 1466 5148 quia
1512 5079 1835 5132 mundanos
1885 5083 1979 5133 tu-

278 5170 496 5224 multus
526 5167 776 5222 devitare
829 5166 1032 5231 voluit,
1071 5165 1373 5218 arboribus
1405 5165 1818 5236 fruticibusque
1849 5183 1976 5220 suc—

275 5258 426 5324 cisis,
451 5258 654 5311 collem
684 5255 1023 5326 explanavit.
1056 5253 1140 5306 Ibi
1167 5270 1397 5324 quoque
1415 5270 1664 5324 primum
1698 5254 1832 5309 fecit
1854 5271 1977 5309 ora-

271 5345 511 5410 torium,
541 5345 674 5398 dein
697 5345 823 5397 aliis
864 5341 1103 5397 officinis
1125 5341 1392 5411 peractis,
1436 5341 1638 5396 cellam
1682 5343 1972 5414 egregiam

271 5431 607 5489 construxit.
641 5433 780 5487 Illuc
832 5448 890 5485 se
922 5435 1051 5501 post
1097 5430 1334 5484 concilia
1368 5430 1637 5501 regiaque
1684 5432 1971 5502 colloquia

269 5525 330 5580 et
365 5524 497 5593 post
523 5535 719 5576 curam
768 5519 1106 5591 synodalem
1138 5519 1507 5591 diversasque
1562 5519 1766 5576 mundi
1819 5525 1964 5575 stre-

2090 4817 2248 4871 latet.
2299 4816 2486 4880 Quare
2529 4817 2752 4871 etiamsi
2804 4824 3014 4873 nostra
3063 4820 3368 4890 provincia
3411 4824 3622 4878 limites
3669 4843 3790 4883 non

2091 4902 2313 4969 exierit,
2363 4903 2509 4958 nihil
2549 4905 2785 4959 omnino
2833 4923 2986 4977 agre
3031 4907 3302 4976 feremus,
3345 4912 3513 4965 modo
3566 4920 3790 4969 nostro-

2092 5006 2221 5045 rum
2253 4992 2652 5048 ministrorum
2684 4995 2950 5049 manibus
2975 5001 3211 5052 teratur.
3247 5000 3422 5052 Porro
3465 5002 3788 5070 legentibus

2090 5080 2258 5134 etiam
2286 5079 2342 5135 id
2369 5098 2704 5151 persuasum
2752 5099 2871 5136 esse
2919 5085 3204 5155 cupimus,
3259 5088 3398 5140 nihil
3443 5090 3511 5142 de
3563 5106 3691 5144 meo
3722 5092 3785 5146 in

2084 5168 2192 5223 hoc
2243 5185 2417 5238 opere
2465 5170 2726 5224 additum
2760 5187 2896 5233 esse,
2933 5174 3032 5227 sed
3076 5190 3146 5227 ex
3185 5174 3391 5228 divinis
3440 5178 3785 5234 testimoniis

2084 5257 2510 5328 Scripturarum
2540 5259 2564 5329 (
2595 5275 2859 5330 quanam
2918 5262 3027 5315 hoc
3080 5267 3342 5332 tempore
3399 5265 3492 5319 hic
3523 5272 3578 5320 et
3606 5285 3782 5339 supra

2083 5344 2288 5400 divina
2321 5346 2629 5417 Scriptura
2674 5352 2730 5402 et
2778 5349 3049 5404 canonica
3089 5351 3298 5426 scripta
3344 5354 3494 5408 dicta
3540 5355 3776 5426 fuerint,

2080 5433 2160 5499 id,
2189 5435 2336 5504 proh
2367 5435 2572 5490 dolor!
2612 5438 2805 5490 statim
2848 5439 3088 5509 patebit)
3139 5423 3366 5512 sin‘gula
3412 5460 3533 5497 esse
3575 5423 3778 5500 decere

2076 5527 2192 5594 pta,
2227 5539 2295 5577 ea
2327 5539 2462 5579 sane
2494 5523 2627 5590 lide,
2678 5530 2743 5580 ut
2777 5531 3120 5598 perpetuam
3169 5531 3568 5587 auctoritatem
3610 5534 3772 5591 habi-
