3956 6316
153 359 266 414 493

1253 372 1599 428 PROGEMIA.
1641 405 1709 413 ——
1750 378 2027 436 NOTITIA
2067 384 2243 439 HIST.
2290 388 2378 442 ET
2421 388 2596 443 LITT.

3567 409 3671 463 494

151 491 286 538 tura
325 500 444 539 non
492 486 772 542 dubitem.
823 490 900 542 Ex
949 490 1156 560 quibus
1195 499 1387 549 autem
1432 497 1654 569 scriptis
1709 501 1856 555 sele-
1887 507 1932 557 Α
1972 504 2041 557 de
2073 507 2426 576 concubinis,
2487 515 2542 565 et
2571 512 2641 566 de
2707 517 3155 586 transgressione
3212 525 3270 574 et
3331 525 3670 592 poenitentia

151 573 345 644 gerim
377 574 519 629 ordo
561 592 804 647 sequens
831 577 1048 633 indicat
1082 597 1096 634 :

227 680 255 710 α
293 662 376 715 Ex
414 664 728 718 canonibus
763 665 863 735 qui
895 667 1099 736 Corpus
1131 685 1394 726 canonum
1433 679 1726 729 vocantur.

227 769 255 799 ιο
292 752 371 804 Ex
410 752 800 822 apostolorum
835 754 1080 810 Canone.

232 859 253 884 ι
296 840 375 892 Ex
399 841 796 915 transmarinis
825 844 1097 898 conciliis.
1135 850 1395 920 Intelligit
1429 848 1749 906 Orz'entalz'a.

226 946 257 977 io
303 928 380 980 Ex
425 929 678 983 consiliis
721 930 780 984 in
813 932 1137 1000 Germania,
1172 936 1370 1004 Gallia,
1409 938 1681 1008 Hispania
1719 941 1861 994 cele-

150 1013 360 1068 bratis.

232 1122 255 1151 ι
293 1104 369 1156 Ex
404 1104 792 1161 Romanorum
823 1109 1163 1178 pontiﬁcum
1207 1111 1464 1168 decretis.

231 1211 254 1238 ι
293 1191 368 1244 Ex
399 1195 735 1261 evangelicis
767 1198 1205 1270 apostolicisque
1245 1201 1572 1272 Scripturis.

231 1299 252 1326 ι
285 1280 363 1332 Ex
390 1281 579 1336 Veteri
610 1284 994 1340 Testamento.

229 1389 250 1414 ι
289 1369 366 1421 Ex
398 1369 555 1424 libris
587 1372 766 1426 sancti
813 1375 1092 1444 Gregorii.
1122 1377 1198 1429 Ex
1227 1379 1598 1450 Hieronymo,
1627 1384 1853 1453 Augus-

146 1457 295 1523 tino,
341 1459 662 1529 Ambrosio,
697 1462 1018 1530 Benedicto,
1052 1465 1255 1519 Basilio
1285 1468 1506 1538 Magno,
1541 1470 1779 1526 Isidoro.

224 1565 247 1594 ι
285 1547 361 1599 Ex
393 1547 774 1603 Pmnitentiali
822 1551 1095 1607 Romano.
1149 1555 1224 1608 Ex
1250 1557 1632 1612 Pmnitentiali
1664 1560 1849 1615 Theo-

144 1633 298 1687 dori.
345 1637 422 1689 Ex
454 1638 834 1692 Poenitentiali
858 1640 1043 1695 Bedes.
1077 1663 1104 1691 ››

217 1723 490 1777 Distinxit
539 1726 864 1781 Buchardus
898 1745 1042 1799 opus
1090 1747 1258 1786 suum
1303 1732 1364 1786 in
1402 1734 1579 1788 libros
1622 1736 1845 1806 viginti,

141 1829 400 1882 quorum
469 1815 709 1885 quilibet
777 1834 878 1870 sua
931 1820 1118 1889 capita
1188 1837 1288 1875 seu
1340 1839 1588 1877 canones
1648 1825 1845 1892 habet;

142 1900 448 1971 quodlibet
495 1909 684 1958 autem
741 1910 912 1975 caput
977 1913 1062 1961 est
1113 1912 1339 1962 tantum
1397 1911 1586 1979 unius,
1643 1914 1849 1984 cuique

141 1995 344 2043 autem
401 1993 605 2046 canoni
658 1995 1036 2050 summarium
1090 2013 1185 2050 seu
1251 1998 1446 2052 titulus
1494 2006 1849 2069 praenotatus

142 2078 379 2149 legitur.
446 2080 743 2136 Summam
799 2083 1079 2139 librorum
1125 2086 1271 2141 hanc
1312 2088 1667 2144 Burchardus
1725 2090 1848 2161 ipse

141 2169 452 2238 praemisit.

213 2257 444 2311 Primus
500 2259 645 2313 liber
713 2261 968 2316 continet
1025 2263 1094 2318 de
1150 2269 1433 2333 potestate
1490 2271 1545 2320 et
1596 2268 1848 2338 primatu

141 2349 470 2416 apostolicae
523 2349 694 2418 sedis,
743 2350 1196 2419 patriarcharum
1228 2359 1682 2424 casterorumque
1727 2357 1845 2426 pri-

138 2441 388 2500 matum,
471 2438 1073 2507 metropolitanorum,
1142 2446 1199 2495 et
1270 2442 1338 2496 de
1405 2444 1624 2514 synodo
1699 2446 1846 2499 cele—

136 2523 358 2578 branda
412 2529 467 2578 et
523 2526 814 2580 vocatione
863 2527 936 2581 ad
993 2529 1306 2598 synodum;
1360 2531 1435 2584 De
1465 2534 1736 2586 accusatis
1790 2538 1848 2587 et

138 2613 602 2680 accusatoribus;
659 2619 714 2668 et
766 2615 1037 2682 testibus;
1101 2617 1168 2670 de
1212 2619 1542 2688 exspoliatis
1597 2621 1840 2690 injuste;

139 2702 209 2755 de
273 2702 569 2772 judicibus
626 2720 689 2756 ac
748 2703 818 2758 de
875 2705 1036 2758 omni
1085 2705 1305 2759 honore
1372 2710 1723 2777 competenti
1780 2727 1843 2763 ac

135 2789 438 2860 dignitate,
503 2797 559 2845 et
607 2790 831 2846 diverso
894 2793 1142 2862 negotio,
1229 2798 1286 2848 et
1347 2795 1668 2850 ministerio
1719 2797 1841 2868 epi-

143 2894 474 2948 scoporum.

209 2968 504 3022 Secundus
552 2968 696 3022 liber
740 2969 994 3022 continet
1039 2969 1108 3023 de
1168 2973 1504 3040 congruenti
1536 2973 1838 3043 dignitate,

137 3059 190 3108 et
224 3055 447 3108 diversa
494 3055 874 3123 institutione,
927 3073 988 3110 ac
1036 3059 1390 3113 nutrimento
1422 3062 1506 3114 vel
1538 3063 1667 3116 vita:
1697 3080 1835 3134 qua-
1871 3063 1908 3117 (ἶ

135 3143 317 3208 litate,
353 3148 410 3195 et
458 3143 682 3197 diverso
727 3145 956 3215 negotio
1018 3151 1072 3199 et
1110 3147 1428 3201 ministerio
1473 3150 1837 3220 presbytero-

135 3247 264 3284 rum
353 3240 408 3284 et
484 3232 876 3300 diaconorum,
959 3250 1057 3288 seu
1127 3236 1485 3306 reliquorum
1566 3239 1836 3295 ordinum

136 3320 670 3375 ecclesiasticorum.

203 3410 428 3462 Tertius
458 3410 603 3463 liber
633 3411 884 3464 continet
922 3410 990 3465 de
1038 3411 1363 3467 divinarum
1415 3413 1714 3469 domorum
1747 3416 1833 3470 in-

135 3497 434 3551 stitutione
462 3504 516 3551 et
546 3500 700 3553 cultu
731 3505 788 3552 et
810 3501 1061 3566 honore;
1113 3501 1182 3554 de
1228 3501 1464 3555 decimis
1494 3508 1549 3557 et
1591 3505 1833 3558 oblatio-

131 3587 302 3639 nibus
337 3592 394 3640 et
433 3587 664 3655 judiciis
718 3587 1100 3658 singulorum,
1159 3593 1216 3643 et
1247 3590 1345 3660 qui
1402 3591 1535 3644 libri
1585 3592 1646 3646 in
1677 3609 1834 3646 sacro

133 3675 396 3746 catalogo
428 3676 798 3747 recipiantur,
842 3677 940 3747 qui
983 3694 1117 3732 vero
1151 3680 1484 3749 apocryphi,
1517 3684 1570 3733 et
1603 3683 1831 3752 quando

135 3765 465 3834 apponendi
491 3765 618 3818 sint.

205 3855 450 3916 Quartus
496 3854 639 3908 liber
683 3853 938 3908 continet
980 3860 1402 3910 sacramentum
1447 3857 1824 3927 baptismatis,

135 3946 191 3994 et
238 3941 614 3996 ministerium
670 3942 1148 4012 baptizandorum
1206 3955 1262 3998 et
1291 3945 1727 4016 baptizatorum,
1775 3955 1830 4003 et

134 4030 656 4098 consignandorum
680 4035 737 4084 et
761 4029 1246 4102 consignatorum.

207 4117 450 4181 Quintus
493 4118 640 4171 liber
685 4119 942 4173 continet
984 4119 1052 4172 de
1084 4126 1436 4175 sacramento
1474 4122 1729 4192 corporis
1776 4127 1832 4178 et

135 4207 426 4275 sanguinis
485 4206 730 4273 Domini,
801 4213 856 4260 et
909 4207 978 4262 de
1021 4209 1384 4279 perceptione
1448 4216 1505 4264 et
1571 4211 1831 4265 observa-

131 4296 282 4348 tione
313 4310 530 4348 eorum.

202 4384 399 4438 Sextus
432 4383 574 4437 liber
607 4384 863 4438 continet
892 4385 960 4438 de
1009 4385 1332 4440 homicidiis
1363 4390 1566 4456 sponte
1625 4393 1682 4442 et
1711 4404 1829 4441 non

133 4477 330 4542 sponte
360 4471 697 4540 commissis,
741 4478 796 4526 et
825 4473 893 4527 de
921 4475 1227 4544 parricidio
1251 4481 1307 4528 et
1353 4476 1422 4528 de
1475 4475 1821 4544 fratricidiis,

133 4561 274 4614 etde
305 4561 416 4613 illis
475 4561 571 4630 qui
604 4577 805 4614 uxores
860 4561 1141 4631 legitimas
1179 4567 1234 4616 et
1273 4563 1524 4617 seniores
1578 4581 1710 4618 suos
1739 4565 1824 4618 in-

131 4649 435 4715 terﬁciunt,
486 4653 541 4701 et
597 4649 664 4702 de
721 4648 1003 4702 occisione
1061 4651 1587 4719 ecclesiasticorum,
1648 4657 1704 4707 et
1757 4653 1826 4708 de

132 4736 518 4791 observatione
552 4741 606 4790 et
642 4738 979 4805 paenitentia
1013 4738 1394 4808 singulorum.

197 4825 479 4896 Septimus
532 4826 674 4880 liber
729 4826 985 4880 continet
1036 4827 1104 4881 de
1183 4827 1398 4881 incesta
1462 4828 1825 4899 copulatione

132 4913 656 4983 consanguinitatis,
699 4920 757 4968 et
794 4915 856 4967 in
905 4931 1020 4985 quo
1076 4916 1333 4986 geniaclo
1381 4917 1580 4970 fideles
1605 4922 1661 4970 et
1690 4933 1825 4971 con-

127 5003 285 5072 jungi
318 5008 375 5056 et
431 5001 683 5072 separari
740 5003 1006 5069 debeant,
1044 5009 1101 5059 et
1150 5005 1220 5058 de
1269 5004 1630 5060 revocatione
1671 5010 1727 5060 et
1755 5006 1824 5060 de

133 5089 462 5160 pcenitentia
503 5091 882 5160 singulorum.

196 5178 429 5233 Octavus
456 5178 596 5232 liber
647 5181 901 5233 continet
934 5179 1004 5234 de
1037 5180 1170 5234 viris
1218 5185 1276 5234 et
1323 5180 1552 5234 feminis
1583 5182 1697 5236 Deo
1734 5183 1820 5237 di-

133 5265 280 5333 catis,
315 5269 369 5320 et
399 5282 622 5320 sacrum
653 5268 1014 5338 propositum
1064 5269 1618 5340 transgredientibus
1670 5275 1725 5324 et
1755 5271 1823 5325 de

134 5356 484 5410 revocatione
516 5359 573 5409 et
601 5356 936 5426 poenitentia
961 5373 1183 5410 eorum.

203 5446 390 5499 Nonus
421 5444 563 5498 liber
618 5445 874 5499 continet
901 5446 971 5500 de
1028 5446 1348 5517 virginibus
1396 5449 1451 5500 et
1488 5446 1672 5500 viduis
1706 5463 1824 5500 non

136 5533 345 5601 velatis,
425 5533 495 5587 de
551 5533 877 5603 raptoribus
942 5551 1162 5601 earum,
1219 5540 1273 5590 et
1331 5536 1399 5590 de
1463 5535 1823 5605 separatione

138 5639 355 5688 eorum;
388 5623 457 5677 de
491 5623 893 5693 conjunctione
953 5625 1344 5694 legitimorum
1375 5624 1822 5694 connubiorum,

1975 592 2355 662 singulorum.

2049 681 2309 736 Decimus
2362 684 2508 738 liber
2548 687 2803 743 continet
2846 691 2915 745 de
2958 692 3428 762 incantatoribus,
3458 701 3525 754 de
3566 719 3668 757 au-

1972 770 2232 839 guribus,
2260 773 2328 826 de
2382 773 2612 842 divinis,
2658 777 2726 830 de
2767 781 3091 851 sortilegiis,
3134 787 3190 837 et
3236 785 3305 838 de
3337 789 3503 842 variis
3532 790 3668 844 illu-

1972 857 2226 911 sionibus
2257 860 2488 928 diaboli,
2521 869 2574 917 et
2602 865 2670 917 de
2695 867 3003 937 maledicis,
3055 875 3110 923 et
3149 873 3218 926 de
3275 878 3664 946 contentiosis,

1971 950 2028 998 et
2059 945 2127 999 de
2158 950 2666 1017 conspiratoribus,
2706 959 2760 1007 et
2802 955 2870 1008 de
2911 958 3250 1026 poenitentia
3281 945 3664 1033 singulorum.

2043 1034 2381 1088 Undecimus
2415 1038 2558 1092 liber
2585 1042 2843 1096 continet
2872 1045 2940 1097 de
2991 1052 3551 1108 excommunicandis
3611 1063 3668 1110 et

1969 1125 2494 1194 excommunicatis,
2546 1128 2614 1181 de
2649 1129 2872 1184 furibus
2921 1140 2978 1186 et
3017 1136 3086 1188 de
3135 1138 3661 1211 depraedatoribus;

1968 1209 2037 1263 de
2083 1214 2548 1282 praesumptione,
2603 1222 2659 1271 et
2703 1227 3060 1292 contemptu,
3094 1231 3150 1280 et
3193 1229 3564 1300 negligentia,
3610 1209 3665 1287 et

1965 1299 2426 1356 reconciliatione
2458 1309 2514 1358 et
2552 1306 2890 1375 poenitentia
2921 1327 3138 1366 eorum.

2037 1389 2416 1445 Duodecimus
2462 1393 2607 1447 liber
2649 1397 2906 1452 continet
2952 1401 3021 1454 de
3064 1404 3318 1473 perjurio
3349 1411 3407 1460 et
3446 1408 3512 1462 de
3541 1426 3661 1480 pos-

1964 1475 2206 1531 nitentia
2243 1480 2384 1549 ejus.

2034 1565 2256 1619 Tertius
2299 1567 2554 1622 decimus
2607 1570 2752 1624 liber
2799 1573 3051 1630 continet
3080 1577 3148 1631 de
3202 1583 3570 1638 veneratione
3606 1591 3659 1640 et

1961 1651 2355 1708 observatione
2400 1657 2544 1710 sacri
2580 1659 2806 1728 jejunii.

2031 1742 2277 1805 Quartus
2336 1745 2589 1798 decimus
2663 1748 2810 1802 liber
2881 1752 3134 1807 continet
3193 1756 3260 1810 de
3319 1760 3552 1829 crapula
3602 1767 3658 1817 et

1963 1830 2258 1896 ebrietate,
2290 1835 2346 1885 et
2372 1833 2440 1886 de
2470 1835 2809 1903 paenitentia
2835 1855 3053 1894 eorum.

2031 1917 2271 1980 Quintus
2309 1921 2563 1976 decimus
2589 1924 2736 1978 liber
2773 1929 3030 1982 continet
3079 1930 3149 1985 de
3190 1932 3650 2005 imperatoribus,

1961 2005 2032 2058 de
2067 2007 2424 2078 principibus
2455 2015 2511 2064 et
2540 2012 2608 2065 de
2656 2013 2894 2084 reliquis
2923 2017 3097 2085 laicis,
3140 2024 3195 2072 et
3224 2021 3292 2074 de
3333 2023 3652 2078 ministerio

1960 2109 2180 2148 eorum.

2030 2181 2228 2235 Sextus
2275 2183 2527 2238 decimus
2581 2186 2725 2242 liber
2775 2191 3032 2246 continet
3083 2193 3151 2248 de
3209 2200 3648 2267 accusatoribus,

1958 2266 2028 2319 de
2080 2267 2391 2338 judicibus,
2453 2273 2522 2327 de
2591 2276 3006 2345 defensoribus,
3059 2281 3128 2335 de
3177 2283 3332 2337 falsis
3393 2287 3648 2356 testibus,

1957 2359 2014 2408 et
2041 2356 2109 2409 de
2142 2360 2477 2427 poenitentia
2516 2363 2897 2434 singulorum.

2029 2445 2315 2514 Septimus
2361 2449 2615 2504 decimus
2663 2453 2808 2508 liber
2837 2457 3094 2511 continet
3154 2459 3224 2514 de
3275 2461 3650 2520 fornicatione

1955 2539 2008 2585 et
2037 2532 2259 2588 incestu
2290 2537 2496 2591 diversi
2518 2541 2766 2608 generis,
2800 2549 2857 2597 et
2887 2544 2955 2598 de
2972 2546 3314 2614 poenitentia
3343 2551 3643 2622 utriusque

1955 2635 2121 2674 sexus
2149 2627 2207 2675 et
2246 2623 2483 2678 diversae
2521 2628 2722 2682 tetatis.

2028 2726 2270 2781 Octavus
2315 2729 2571 2784 decimus
2618 2733 2766 2788 liber
2821 2736 3076 2790 continet
3103 2739 3170 2792 de
3210 2740 3548 2811 visitatione,
3591 2751 3648 2800 et

1953 2815 2312 2884 poenitentia,
2353 2822 2409 2871 et
2444 2821 2909 2876 reconciliatione
2939 2824 3325 2884 infirmorum.

2027 2921 2222 2975 Nonus
2252 2922 2504 2977 decimus
2548 2926 2695 2980 liber
2742 2929 2840 2998 qui
2890 2931 3164 2987 Corrcctor
3212 2941 3460 3006 vocatur,
3508 2956 3646 2993 con-

1952 3008 2095 3063 tinet
2166 3013 2543 3067 correctiones
2611 3031 2915 3086 corporum
2975 3024 3032 3073 et
3091 3022 3410 3080 animarum
3464 3029 3646 3082 medi-

1952 3097 2126 3161 cinas,
2183 3104 2236 3152 et
2295 3100 2461 3155 docet
2512 3118 2986 3176 unumquemque
3043 3113 3419 3184 sacerdotem,
3470 3116 3643 3172 etiam

1949 3186 2287 3257 simplicem,
2329 3191 2617 3258 quomodo
2664 3193 2753 3245 vel
2798 3195 3042 3263 qualiter
3066 3198 3375 3269 uniquicue
3416 3219 3644 3258 succur-

1947 3290 2072 3327 rere
2110 3276 2313 3342 valeat,
2384 3279 2649 3332 ordinato
2690 3281 2776 3333 vel
2806 3282 2930 3334 sine
2983 3285 3205 3352 ordine,
3266 3291 3528 3359 pauperi,
3565 3293 3648 3346 di-

1949 3362 2069 3424 viti,
2100 3379 2300 3432 puero,
2332 3364 2551 3433 juveni,
2581 3369 2722 3434 seni,
2758 3369 3066 3440 decrepito,
3110 3389 3270 3442 sano,
3303 3376 3556 3447 inﬁrmo,
3585 3381 3645 3436 in

1953 3451 2113 3504 omni
2141 3457 2324 3518 actate,
2362 3455 2418 3506 in
2449 3459 2693 3526 utroque
2720 3474 2876 3511 sexu.
3551 3476 3556 3480 '

2022 3557 2336 3612 Vicesimus
2381 3560 2524 3614 liber
2598 3563 3035 3632 Speculationum
3087 3573 3338 3633 vocatur,
3382 3575 3640 3642 specula-

1942 3649 2036 3698 tur
2057 3646 2207 3700 enim
2240 3647 2309 3701 de
2342 3649 2706 3704 Providentia
2728 3657 2782 3706 et
2811 3653 2881 3707 de
2903 3655 3400 3723 praedestinatione
3423 3661 3637 3731 divina,

1942 3739 2000 3787 et
2021 3735 2091 3788 de
2120 3735 2367 3790 adventu
2389 3738 2743 3809 Antichristi,
2774 3741 2841 3795 de
2886 3743 3008 3812 ejus
3048 3747 3337 3816 Operibus,
3356 3749 3425 3803 de
3457 3767 3642 3814 resur-

1941 3824 2212 3890 rectione,
2283 3826 2350 3878 de
2422 3826 2512 3879 die
2565 3827 2789 3898 judicii,
2857 3831 2926 3885 de
2976 3831 3354 3890 infernalibus
3435 3841 3639 3908 poenis,

1941 3917 1997 3966 et
2026 3913 2094 3965 de
2124 3913 2390 3968 felicitate
2421 3922 2713 3986 perpetuze
2743 3918 2894 3973 vitae.

2013 4002 2140 4054 Haec
2168 4018 2393 4057 summa
2423 4003 2701 4058 librorum
2726 4007 2951 4077 viginti,
2983 4025 3126 4079 quos
3166 4011 3421 4066 continet
3448 4016 3638 4069 Decre-

1943 4093 2054 4142 tum
2086 4091 2397 4146 Burchardi
2437 4094 2868 4149 Wormatiensis
2899 4098 3172 4169 episcopi.

2010 4195 2155 4263 Opus
2217 4200 2555 4252 Decretorum
2617 4202 2926 4256 Burchardi
2978 4204 3192 4258 editum
3243 4211 3329 4260 est
3385 4190 3637 4277 primum

1941 4283 2191 4350 Parisiis,
2225 4301 2373 4338 anno
2409 4287 2564 4354 1499,
2600 4293 2657 4341 et
2709 4290 2917 4344 iterum
2971 4292 3222 4346 Coloniae
3279 4296 3634 4366 Agrippinae,

1941 4386 2089 4422 anno
2126 4372 2283 4437 1548,
2309 4372 2478 4440 in-8°,
2514 4374 2762 4446 denique
2806 4378 3052 4441 Parisiis,
3101 4397 3248 4434 anno
3284 4383 3437 4438 1549.
3475 4384 3638 4439 Com-

1939 4459 2187 4529 portavit
2238 4461 2600 4516 Burchardus
2647 4464 2707 4518 in
2756 4467 3120 4522 Collectionem
3171 4469 3318 4524 hanc
3357 4473 3540 4527 multa
3569 4491 3633 4528 ex

1939 4546 2156 4601 Isidoro
2220 4548 2523 4602 Mercatore
2595 4567 2692 4605 seu
2754 4553 3138 4609 Decretalibus
3194 4558 3318 4627 ejus
3383 4560 3634 4631 epistolis

1938 4634 2264 4704 suppositis.
2300 4636 2601 4706 Specimen
2632 4639 2981 4696 exhibebunt
3011 4646 3312 4714 sequentia
3349 4651 3630 4720 exempla,

1939 4738 2068 4792 quae
2118 4723 2466 4779 clarissimus
2514 4726 2600 4779 vir
2649 4729 2822 4783 David
2869 4731 3198 4787 Blondellus
3251 4734 3308 4788 in
3361 4738 3632 4809 Prolego-

1936 4811 2119 4864 menis
2167 4812 2616 4869 Pseudo-Isidom’
2667 4821 2718 4870 et
2772 4820 3034 4874 Turriani
3080 4823 3459 4891 vapulantium
3504 4843 3629 4897 cap.

1940 4901 2003 4953 18
2035 4906 2293 4954 accurate
2333 4901 2580 4972 collegit.

2011 5028 2031 5053 α
2115 5007 2365 5061 Assumit
2433 5008 2610 5078 igitur
2667 5027 2734 5064 ex
2785 5013 3302 5072 Pseudo-Clementis
3358 5015 3515 5088 epist.
3579 5025 3631 5092 1,

1933 5094 2079 5148 libro
2112 5112 2149 5161 ι,
2179 5111 2281 5165 cap
2340 5098 2459 5164 124,
2517 5100 2635 5164 125,
2674 5102 2790 5167 126,
2821 5104 2941 5168 127,
2990 5106 3107 5169 133,
3144 5107 3242 5158 137
3275 5111 3330 5160 et
3365 5111 3496 5176 155;
3528 5110 3626 5166 lib.

1934 5201 1990 5251 ιι,
2027 5200 2129 5255 cap
2157 5186 2254 5249 94;
2281 5184 2379 5239 lib.
2401 5202 2475 5252 vI,
2497 5201 2618 5257 cap.
2653 5189 2754 5253 28;
2779 5188 2876 5243 lib.
2901 5206 3013 5260 xw,
3035 5207 3157 5261 cap.
3197 5196 3278 5248 16.
3311 5198 3398 5249 Em
3426 5200 3630 5266 episto-

1934 5272 1988 5325 la
2040 5276 2095 5338 2,
2153 5272 2251 5326 lib.
2306 5290 2385 5341 ιιι,
2441 5290 2564 5343 cap.
2613 5277 2746 5342 216;
2794 5277 2892 5331 lib.
2925 5295 2980 5345 ν,
3031 5296 3150 5350 cap.
3187 5285 3240 5334 11
3308 5288 3364 5336 et
3413 5286 3495 5338 14.
3543 5290 3630 5341 Ea:

1933 5361 2163 5429 epistola
2210 5364 2262 5426 3,
2293 5362 2394 5416 lib.
2451 5380 2510 5427 ιι,
2572 5379 2693 5434 cap.
2729 5367 2822 5429 95;
2855 5366 2951 5420 lib.
2995 5381 3076 5435 ιιι,
3111 5385 3233 5439 cap.
3290 5374 3385 5440 59;
3420 5374 3518 5430 lib.
3552 5392 3625 5445 ιν,

1934 5464 2058 5518 cap.
2112 5451 2197 5504 15.
2231 5480 2298 5490 —
2328 5453 2415 5504 Ea:
2470 5453 2957 5509 Pseudo-Anacleti
3003 5459 3191 5526 prima
3239 5459 3335 5516 lib.
3371 5477 3409 5530 ι,
3442 5479 3564 5534 cap.
3595 5466 3630 5519 4

1935 5541 1992 5591 et
2020 5539 2116 5604 59;
2152 5537 2249 5592 lib.
2280 5554 2343 5598 ιι,
2377 5555 2499 5609 cap.
2541 5541 2666 5608 154;
2715 5542 2811 5596 lib.
2848 5560 2929 5610 ιιι,
2981 5561 3105 5616 cap.
3138 5550 3228 5614 71,
3275 5553 3371 5616 77;
3412 5551 3512 5606 lib.
3546 5570 3624 5620 ιι,

1934 5641 2057 5694 cap.
2122 5629 2203 5679 18.
2259 5628 2346 5682 Ea:
2377 5629 2605 5696 epistola
2659 5631 2894 5686 secunda
2945 5632 3041 5688 lib.
3106 5651 3142 5701 ι,
3198 5652 3318 5708 cap.
3380 5643 3400 5692 1
3447 5644 3623 5709 ct15;
