3956 6304
1116 378 1458 436 ΡΒΟΕΕΜΙΑ.
1510 412 1569 420 -
1611 383 1700 439 DE
1741 386 2208 444 COLLECTIONE
2252 389 2677 446 BURCHABDI.

3541 400 3646 454 498

650 726 849 829 DE
958 727 2075 839 COLLECTIONE
2192 739 3139 844 BURCHARDI

1456 934 1763 991 EPISCOPI
1804 938 2336 995 WORMATIENSIS

126 1123 364 1213 Hujus
409 1146 551 1190 mos
590 1124 989 1191 inscribendi
1029 1125 1320 1215 synodis,
1357 1129 1805 1217 pontificibus,
1847 1132 1955 1198 vel
1991 1133 2297 1201 Patribus
2332 1136 2686 1203 sententias
2713 1137 3161 1225 quorumdam
3185 1139 3645 1229 posteriorum

451 1229 874 1319 scriptorum,
907 1232 1363 1300 Pwnitentiale
1400 1234 1849 1304 Ecclesiarum
1884 1240 2258 1306 Germaniae
2287 1240 2372 1306 ab
2412 1242 2552 1332 zjoso
2582 1256 2918 1333 receptum
2944 1256 3006 1310 et
3032 1257 3328 1312 auctum.

205 1410 311 1477 (Ex
342 1407 750 1464 Dissertatione
783 1410 885 1464 FF.
934 1410 1370 1465 Balleriniorum
1402 1416 1477 1467 De
1504 1415 1748 1483 antiquis
1777 1416 2000 1481 collect.,
2035 1418 2179 1487 Opp.
2214 1417 2267 1472 S.
2304 1418 2507 1473 Leonis
2552 1420 2742 1490 Magni
2770 1425 2910 1474 tom.
2948 1423 3042 1481 lll,
3091 1438 3188 1476 seu
3228 1424 3567 1492 Patrologiav,

1589 1508 1727 1555 tom.
1764 1503 1894 1570 LVI,
1926 1504 2034 1558 col.
2069 1506 2207 1575 320.)

208 1831 259 1882 1.
320 1826 700 1892 Burchardus,
740 1827 924 1898 patria
975 1828 1198 1895 Hassus,
1242 1844 1360 1883 non
1399 1830 1734 1897 monachus,
1781 1835 1845 1885 ut
1867 1839 1914 1891 Α
1951 1832 2218 1898 inserere,
2252 1832 2312 1887 in
2338 1833 2489 1887 calce
2519 1848 2721 1887 omnes
2770 1833 3032 1904 subjecit.
3065 1836 3315 1889 Joannes
3349 1833 3643 1890 Molinaaus

130 1916 336 1987 plures
384 1916 773 1983 crediderunt,
822 1914 919 1969 sed
949 1915 1254 1969 canonicus
1294 1921 1352 1970 et
1388 1917 1716 1986 capellanus
1746 1934 1836 1972 re-

132 2001 267 2072 gius
319 2001 448 2067 luit,
501 2018 565 2055 ac
616 2006 812 2073 postea
858 2002 927 2056 ad
990 2004 1462 2058 Wormatiensem
1511 2005 1837 2060 cathedram

132 2094 446 2159 promotus
476 2096 608 2144 ante
633 2106 849 2144 annum
880 2093 1035 2157 1062,
1060 2092 1323 2147 eamdem
1345 2093 1530 2147 tenuit
1556 2110 1737 2165 usque
1764 2094 1834 2147 ad

134 2194 361 2232 annum
408 2182 563 2241 1025,
621 2195 734 2250 quo
764 2196 795 2233 e
833 2179 979 2233 vivis
1017 2181 1256 2235 excessit
1293 2198 1390 2236 xm
1420 2182 1542 2236 Kal.
1578 2182 1838 2253 Septem-

134 2265 278 2319 bris.
316 2267 461 2320 Dum
493 2272 685 2320 autem
720 2272 841 2321 erat
869 2267 1193 2338 episcopus,
1240 2269 1634 2324 collectionem
1661 2287 1836 2325 cano-

132 2370 303 2418 num,
338 2355 601 2409 hortante
625 2356 942 2411 Brunicone
962 2357 1222 2412 Ecclesia:
1242 2358 1671 2413 Wormatiensis
1700 2376 1841 2430 pra:-

131 2443 349 2513 posito,
372 2444 750 2498 concinnavit.
783 2445 1106 2515 Stephanus
1130 2448 1391 2501 Baluzius
1420 2448 1479 2501 in
1503 2448 1838 2517 praefatione

132 2532 207 2585 ad
238 2533 478 2586 Antonii
508 2533 809 2604 Augustini
852 2534 1028 2588 libros
1059 2535 1127 2589 de
1178 2535 1589 2589 Emendatione
1618 2536 1837 2590 Gratia-

134 2619 257 2689 ni§
312 2623 395 2688 l8,
440 2621 850 2676 animadvertit
896 2638 1095 2676 verum
1134 2623 1307 2693 hujus
1353 2623 1706 2678 collectionis
1734 2640 1833 2677 au-

133 2714 356 2762 ctorem
404 2709 712 2764 dicendum
761 2726 881 2764 esse
930 2711 1118 2780 potius
1161 2712 1455 2767 Olbertum
1487 2712 1834 2766 monachum

135 2796 500 2865 Lobiensem,
558 2803 613 2851 et
657 2804 853 2868 postea
895 2799 1157 2852 abbatem
1192 2800 1679 2867 Gemblacensem,
1730 2817 1834 2869 quo

131 2886 375 2941 dictante
412 2892 461 2941 et
488 2889 843 2953 magistrante
884 2888 1242 2943 Burchardus
1292 2905 1548 2957 magnum
1576 2890 1716 2944 illud
1741 2906 1832 2943 ca-

131 2989 334 3039 nonum
377 2978 624 3030 volumen
673 2979 1053 3043 centonizavit,
1089 2978 1135 3030 si
1182 2993 1310 3031 vera
1357 2978 1479 3032 haec
1524 2984 1660 3032 sunt
1706 2995 1833 3049 qua:

136 3063 411 3133 leguntur
442 3063 499 3117 in
525 3063 670 3118 libro
717 3064 783 3118 de
834 3064 1007 3120 Gestis
1052 3066 1309 3120 abbatum
1350 3066 1828 3123 Gemblacensium.

1950 1919 2010 1974 in
2048 1919 2380 1989 prmfatione
2428 1919 2501 1973 ad
2541 1918 2727 1973 Ivonis
2776 1920 3076 1974 Decretum
3111 1925 3311 1974 auctor
3345 1927 3431 1975 est
3462 1923 3644 1977 multa

1948 2007 2010 2061 in
2042 2007 2208 2062 editis
2239 2007 2552 2061 Burchardi
2590 2006 2753 2061 libris
2810 2006 3123 2061 desiderari
3176 2025 3305 2079 qua:
3349 2009 3470 2078 ipse
3501 2009 3645 2063 vidit

1949 2095 2009 2150 in
2040 2097 2328 2151 veteribus
2356 2095 2637 2166 pleniora,
2661 2096 2758 2149 sed
2798 2112 2865 2149 ea
2894 2096 2954 2149 in
2976 2096 3274 2150 duodecim
3304 2097 3481 2151 libros
3510 2107 3642 2151 tan-

1947 2190 2069 2239 tum
2102 2184 2299 2250 divisa,
2322 2199 2568 2255 quorum
2598 2188 2758 2237 sexta
2786 2200 2916 2253 pars
2945 2188 3030 2237 est
3054 2183 3240 2237 editus
3268 2184 3433 2239 liber.
3476 2185 3638 2252 Hinc,

1948 2278 2012 2327 ut
2039 2272 2343 2339 credimus,
2375 2273 2621 2326 Joannes
2651 2272 2916 2325 Albertus
2948 2271 3237 2325 Fabricius
3274 2277 3411 2326 tom.
3444 2274 3510 2328 Xl
3545 2273 3639 2327 Bi-

1946 2362 2248 2417 bliotheca:
2280 2363 2505 2421 Graecae,
2545 2375 2676 2430 pag.
2710 2362 2762 2426 8,
2799 2359 3079 2414 duodecim
3110 2364 3273 2414 tomos
3311 2360 3641 2414 decretorum

1947 2467 1980 2505 a
2029 2450 2352 2505 Burchardo
2404 2448 2671 2505 collectos
2726 2447 2915 2508 tradit,
2970 2446 3288 2517 additque:
3341 2449 3451 2502 Hoc
3506 2463 3640 2516 opus

1944 2542 2119 2608 ipsius
2143 2540 2413 2606 integrum
2440 2536 2665 2589 necdum
2686 2536 2855 2590 lucem
2878 2535 3040 2603 vidit,
3067 2535 3161 2588 sed
3192 2540 3405 2589 tantum
3454 2551 3639 2589 excer-

1944 2633 2043 2696 pta
2070 2643 2136 2681 ea:
2162 2627 2255 2679 illo
2284 2626 2465 2679 divisa
2489 2625 2548 2677 in
2597 2623 2765 2677 libros
2810 2624 2899 2676 20.
2940 2626 3011 2675 At
3050 2638 3165 2676 non
3218 2624 3401 2676 solum
3437 2623 3635 2689 codex,

1946 2731 2010 2769 ex
2030 2731 2144 2785 quo
2174 2713 2348 2767 editio
2395 2711 2629 2782 prodiit,
2661 2710 2835 2764 libros
2884 2712 2951 2763 20
2998 2710 3321 2764 Burchardo
3353 2710 3635 2775 inscribit,

1944 2818 2140 2856 verum
2197 2801 2372 2855 etiam
2414 2799 2514 2853 illa
2561 2815 2793 2870 quoque
2839 2797 3226 2852 vetustissima
3288 2799 3637 2869 exemplaria

1946 2905 2074 2960 quam
2105 2890 2305 2943 Petrus
2333 2889 2586 2942 Pithasus
2615 2891 3045 2941 commemorat.
3082 2887 3195 2939 Nos
3222 2886 3359 2941 item
3388 2895 3639 2957 quatuor

1944 2977 2200 3047 integros
2245 2976 2466 3030 codices
2515 2976 2780 3035 vidimus.
2832 2975 2976 3029 duos
3016 2974 3075 3027 in
3118 2974 3460 3028 bibliotheca
3491 2975 3641 3029 Vati-

1945 3082 2087 3120 cana
2112 3065 2367 3135 signatos
2397 3080 2556 3119 num.
2604 3065 2736 3119 1350
2771 3068 2827 3117 et
2864 3067 3016 3129 1355,
3053 3078 3229 3115 unum
3261 3062 3411 3133 apud
3445 3064 3637 3117 Patres

135 3153 349 3205 Verum
390 3168 455 3205 ex
487 3168 620 3205 mss.
672 3152 1171 3207 Gemblacensibus
1217 3159 1386 3224 atque
1429 3154 1833 3209 Leodiensibus
1865 3127 1905 3179 Β
1951 3153 2344 3208 Benedictinos
2374 3151 2434 3205 in
2487 3153 2831 3205 monasterio
2885 3150 3327 3218 Padilironensi,
3357 3155 3414 3205 et
3458 3151 3635 3206 alium

135 3256 260 3294 rem
310 3240 474 3293 aliter
520 3248 712 3293 narrat
774 3241 1222 3295 Bartholomams
1269 3244 1430 3297 Fisen
1482 3243 1541 3296 in
1591 3243 1833 3298 Floribus

136 3330 386 3384 Ecclesiae
408 3328 734 3397 Leodiensis,
786 3345 917 3400 pag.
953 3333 1074 3385 328.
1127 3332 1267 3385 Cum
1299 3348 1432 3385 vero
1474 3332 1830 3386 Burchardus

138 3418 370 3472 Olberto
418 3421 768 3488 praeceptore
798 3422 855 3471 et
890 3418 1159 3472 familiari
1198 3435 1301 3473 suo
1348 3424 1622 3485 uteretur,
1666 3437 1829 3474 eum-

140 3506 271 3559 dem
316 3505 506 3574 operis
536 3505 858 3575 adjutorem
886 3507 1213 3561 adhibuisse
1245 3508 1443 3576 negari
1476 3525 1594 3562 non
1622 3514 1828 3579 potest.

141 3593 282 3649 Hinc
313 3593 639 3662 Sigebertus
661 3594 719 3647 in
752 3594 1034 3649 Chronico
1058 3596 1127 3649 ad
1150 3612 1362 3649 annum
1390 3600 1523 3652 1008
1546 3597 1831 3651 Burchar-

142 3683 301 3750 dum,
328 3682 690 3737 collaborante
715 3686 978 3751 magistro
1006 3700 1102 3739 suo
1137 3686 1369 3751 Olberlo,
1402 3688 1517 3739 viro
1546 3686 1833 3754 undequa-

139 3787 238 3839 que
284 3771 611 3836 doctissimo,
676 3786 932 3837 magnum
983 3775 1267 3827 Canonum
1300 3776 1544 3827 volumen
1596 3774 1832 3829 edidisse

137 3858 351 3912 scribit.
402 3863 759 3929 Anonymus,
804 3860 903 3931 qui
933 3866 1065 3930 post
1115 3862 1424 3916 Burchardi
1454 3862 1675 3917 obitum
1704 3866 1829 3932 ejus

136 3948 316 4001 Vitam
368 3947 603 4018 digessit
649 3948 889 4003 editioni
930 3950 1259 4004 Coloniensi
1296 3950 1589 4017 insertam,
1651 3950 1826 4004 alium

134 4035 387 4105 ejusdem
447 4035 635 4106 operis
710 4037 1032 4106 adjutorem
1110 4044 1541 4092 commemorat.
1628 4040 1827 4093 Eodem

138 4126 336 4193 quippe
385 4128 636 4192 tempore,
687 4124 895 4194 inquit,
945 4128 1003 4179 in
1061 4127 1383 4181 Collectario
1444 4144 1822 4183 canonum.....

136 4228 240 4267 non
289 4212 555 4266 modicum
611 4212 898 4267 laboravit.
955 4216 1091 4268 Nam
1128 4218 1342 4270 domino
1395 4218 1653 4271 Walterio
1694 4216 1826 4285 Spi-

136 4303 280 4355 rensi
326 4303 571 4369 episcopo
616 4301 933 4369 adjuvante,
978 4307 1028 4356 et
1073 4306 1375 4358 Brunicone
1415 4309 1702 4372 praposito
1735 4320 1824 4357 ex-

142 4391 382 4444 hortante
410 4394 461 4443 et
506 4395 843 4458 suggerente,
889 4406 1114 4445 canones
1156 4394 1214 4445 in
1250 4408 1417 4445 unum
1445 4408 1638 4461 corpus
1670 4393 1825 4447 colle-
1862 4406 1900 4458 ο

140 4480 237 4544 git.
272 4478 481 4551 Notatu
510 4476 719 4547 dignus
741 4482 826 4532 est
851 4477 1052 4532 titulus
1078 4495 1090 4532 :
1119 4480 1493 4536 Collectarium
1526 4496 1788 4534 canonum
1815 4500 1830 4547 ;

142 4582 271 4635 nam
316 4564 692 4635 manuscripti
741 4565 964 4620 codices
1011 4567 1170 4621 omni
1217 4567 1382 4621 titulo
1431 4574 1643 4622 carent.
1683 4570 1830 4624 Con-

143 4654 276 4709 cinit
321 4669 455 4707 vero
506 4670 636 4708 cum
677 4654 1013 4725 praefatione
1069 4655 1250 4726 ipsius
1309 4656 1613 4711 Burchardi
1662 4659 1831 4727 paulo

144 4747 265 4813 post
298 4740 672 4812 subjicienda,
708 4742 765 4795 in
797 4742 957 4813 cujus
989 4743 1101 4798 ﬁne
1141 4743 1191 4798 is
1233 4762 1395 4798 suam
1437 4745 1831 4800 collectionem

147 4832 514 4889 Collectarium
537 4834 715 4884 vocat.

230 4922 279 4973 2.
338 4918 423 4973 Ad
464 4919 721 4974 Ecclesize
791 4936 911 4975 suae.
959 4921 1392 4976 Wormatiensis
1444 4938 1609 4976 usum
1680 4922 1831 4977 idem

148 5024 281 5079 opus
337 5023 395 5060 se
448 5008 754 5062 confecisse
816 5007 878 5062 in
930 5010 1129 5064 eadem
1186 5010 1525 5081 prwfatione
1573 5016 1829 5065 testatur.

148 5096 291 5151 Istud
326 5112 443 5150 non
487 5095 779 5166 inceptum
830 5103 961 5151 ante
1018 5114 1235 5152 annum
1272 5101 1405 5153 1012
1443 5098 1729 5169 colligitur
1767 5116 1834 5153 ex

150 5185 282 5240 libro
312 5184 585 5251 secundo,
631 5201 681 5239 c.
715 5188 839 5250 227,
879 5186 977 5240 ubi
1006 5203 1167 5241 suam
1196 5187 1500 5242 formatam
1532 5187 1833 5256 epistolam

154 5274 314 5327 refert
339 5273 409 5327 ad
448 5273 782 5327 Walterium
816 5274 1143 5345 Spirensem
1165 5276 1433 5346 scriptam
1458 5276 1657 5330 eodem
1682 5292 1834 5329 anno

155 5362 335 5417 Idibus
358 5360 560 5416 Martii.
605 5361 762 5416 Idem
796 5379 931 5417 vero
979 5380 1124 5433 opus
1148 5364 1270 5433 jam
1311 5364 1482 5418 fuisse
1522 5364 1833 5434 perfectum

154 5455 450 5521 antequam
477 5450 833 5505 Burchardus
863 5468 1015 5505 anno
1048 5455 1180 5507 1023
1216 5452 1431 5523 synodo
1465 5446 1835 5521 Salangu'sta-

155 5539 321 5594 diensi
354 5539 672 5606 interesset,
728 5556 793 5593 ex
841 5556 909 5593 eo
952 5541 1350 5609 cognoscimus
1396 5542 1531 5613 quia
1578 5541 1832 5611 ejusdem

154 5628 344 5701 synodi
374 5644 623 5683 canones
670 5644 799 5683 cum
847 5630 907 5683 in
956 5630 1349 5684 collectionem
1394 5647 1508 5684 non
1558 5629 1835 5701 potuisset

1944 3241 2279 3297 Patavinum
2311 3241 2373 3295 in
2402 3240 2745 3293 bibliotheca
2777 3240 2831 3293 S.
2866 3238 3125 3304 Justinee,
3168 3238 3265 3309 qui
3304 3239 3542 3292 totidem
3566 3239 3631 3293 li-

1943 3331 2076 3385 bros
2106 3329 2293 3383 eidem
2328 3328 2653 3382 Burchardo
2686 3326 2987 3395 inscriptos
3021 3326 3311 3379 exhibent.
3344 3325 3634 3379 Addemus

1943 3424 1997 3471 et
2044 3417 2152 3472 alia
2197 3417 2311 3471 duo
2368 3416 2605 3486 antiqua
2652 3415 2919 3467 Vaticana
2968 3413 3315 3483 exemplaria
3387 3416 3522 3467 l356
3579 3422 3633 3468 et

1940 3508 2101 3576 4980,
2133 3520 2381 3576 quorum
2430 3505 2668 3557 alterum
2702 3502 2903 3572 incipit
2941 3519 2974 3555 a
3008 3502 3155 3556 libro
3185 3501 3450 3571 septimo,
3483 3503 3630 3556 alte-

1941 3611 2068 3649 rum
2100 3609 2133 3648 a
2164 3610 2339 3659 nono,
2392 3598 2447 3646 et
2496 3602 2799 3662 utrumque
2848 3590 3211 3662 prosequitur
3240 3605 3420 3660 usque
3451 3590 3521 3644 ad
3558 3590 3626 3644 li-

1938 3684 2106 3738 brum
2145 3698 2253 3746 xxx,
2284 3680 2384 3753 qui
2413 3681 2486 3735 ob
2536 3681 2768 3734 mutilos
2816 3680 3036 3733 codices
3087 3678 3201 3733 ﬁne
3259 3682 3430 3732 caret.
3487 3678 3630 3733 Cum

1939 3773 2057 3827 haec
2072 3773 2353 3827 librorum
2391 3770 2565 3826 series
2591 3788 2653 3823 ac
2684 3787 2751 3823 ea
2780 3786 2909 3839 quae
2940 3769 2995 3822 in
3018 3768 3233 3822 eisdem
3264 3768 3629 3821 continentur

1939 3863 2138 3917 eadem
2171 3861 2287 3916 sint
2324 3860 2383 3915 in
2414 3860 2539 3914 aliis
2585 3858 3003 3928 eXemplaribus
3031 3858 3289 3929 integris,
3332 3857 3453 3912 haec
3482 3874 3625 3928 quo-

1938 3967 2050 4021 que
2098 3950 2212 4005 duo
2256 3947 2604 4017 exemplaria
2654 3947 2918 4000 eumdem
2962 3946 3165 4016 viginti
3205 3945 3485 4000 librorum
3517 3963 3629 3998 nu-

1940 4054 2163 4094 merum
2209 4037 2568 4091 conﬁrmant.
2611 4036 2749 4091 Cum
2805 4052 2976 4105 porro
3011 4035 3154 4088 nulli
3202 4035 3476 4088 hactenus
3506 4034 3629 4087 noti

1936 4127 2155 4181 codices
2204 4126 2382 4179 ullam
2422 4125 2810 4178 collectionem
2864 4123 3173 4177 Burchardi
3212 4124 3445 4176 nomine
3481 4139 3626 4192 pra:-

1938 4219 2216 4281 notatam,
2249 4214 2309 4268 in
2341 4213 2638 4267 duodecim
2662 4218 2849 4283 partes
2880 4211 3243 4265 distributam
3272 4209 3626 4275 contineant,

1936 4319 2199 4357 veremur
2230 4318 2301 4356 ne
2328 4302 2575 4356 Joannes
2620 4301 2913 4354 Molinaens
2954 4298 3403 4369 mquivocatione
3434 4296 3627 4368 aliqua

1938 4393 2140 4447 ductus
2161 4391 2330 4445 aliam
2361 4389 2696 4460 ampliorem
2741 4404 3086 4458 anonymam
3129 4386 3529 4441 collectionem
3566 4387 3627 4442 iu

1940 4481 2177 4535 totidem
2207 4483 2401 4549 partes
2430 4476 2671 4531 divisam
2701 4477 2771 4531 ob
2813 4475 3245 4531 consonantiam
3276 4475 3337 4529 in
3366 4474 3629 4545 pluribus

1940 4586 2044 4640 pro
2116 4567 2536 4623 Burchardiano
2611 4582 2783 4637 opere
2840 4565 3263 4619 inadvertenter
3327 4563 3624 4635 acceperit.

1944 4660 2108 4713 Forte
2147 4656 2220 4710 ob
2269 4655 2462 4710 oculos
2498 4654 2701 4710 habuit
2728 4652 3121 4708 collectionem
3155 4652 3628 4707 Sorbonieo-Mu-

1940 4747 2224 4801 tinensem
2255 4744 2313 4798 in
2344 4749 2535 4814 partes
2579 4742 2879 4797 duodecim
2924 4742 3269 4810 distinctam,
3323 4757 3499 4812 quam
3538 4740 3630 4795 de-

1942 4833 2276 4905 scripsimus
2322 4832 2507 4902 capite
2553 4831 2775 4886 decimo
2813 4848 2827 4897 ;
2870 4831 3251 4902 deceptusque
3292 4846 3357 4884 ex
3406 4846 3471 4884 eo
3523 4830 3632 4883 fuit

1943 4923 2076 4995 quia
2098 4922 2246 4977 inter
2269 4921 2464 4975 titulos
2493 4919 2770 4974 librorum
2817 4919 3130 4974 Burchardi
3150 4938 3189 4987 ι,
3223 4937 3261 4974 ιι
3293 4926 3351 4973 et
3379 4935 3629 4990 sequen-

1942 5013 2116 5080 tibus,
2166 5027 2229 5065 ac
2274 5008 2470 5063 titulos
2519 5008 2775 5078 ejusdem
2820 5007 3171 5063 collectionis
3208 5007 3469 5077 praeﬁxos
3497 5022 3627 5076 par-

1940 5099 2093 5154 tibus
2143 5116 2179 5165 ι,
2242 5115 2301 5165 ιι,
2356 5114 2438 5163 ιιι,
2493 5112 2564 5161 1v,
2623 5112 2655 5149 v
2708 5100 2764 5151 et
2803 5114 2856 5164 x,
2920 5112 3145 5150 summa
3199 5095 3497 5150 consensio
3522 5099 3628 5149 est.

1943 5189 2108 5243 Certe
2134 5186 2390 5259 praefatio
2416 5203 2543 5258 quae
2571 5186 2631 5240 in
2658 5185 2792 5240 solis
2822 5202 2963 5240 mss.
3013 5187 3083 5239 20
3120 5184 3296 5239 libros
3324 5184 3629 5255 praeferen-

1942 5278 2093 5333 tibus
2121 5277 2432 5343 invenitur,
2466 5275 2851 5331 Borchardum
2879 5275 3051 5329 habet
3081 5279 3367 5328 auctorem
3399 5272 3631 5327 iisdem-

1943 5383 2055 5437 que
2086 5365 2244 5420 libris
2275 5365 2447 5419 ﬁdem
2474 5365 2625 5419 facit.
2658 5366 2721 5420 Id
2767 5368 2959 5419 autem
3006 5363 3186 5417 multo
3216 5362 3423 5417 clarius
3450 5362 3635 5417 elucet

1944 5472 2011 5509 ex
2058 5455 2240 5510 tribus
2283 5455 2594 5509 Burchardi
2640 5453 2928 5508 codicibus
2982 5453 3103 5506 Vat.
3158 5455 3314 5519 1355,
3360 5451 3634 5507 Patavino

1943 5543 1998 5597 S.
2029 5543 2288 5609 Iustinae,
2322 5548 2380 5597 et
2409 5542 2849 5611 Padilironensi,
2889 5543 2945 5596 in
2978 5541 3188 5612 quibus
3217 5541 3340 5611 ipsa
3380 5540 3635 5610 praefatio

1945 5630 2014 5684 ab
2049 5630 2215 5684 editis
2240 5629 2588 5701 discrepans,
2621 5635 2677 5684 et
2707 5628 3003 5698 sincerior,
3040 5632 3104 5682 ut
3134 5643 3263 5682 mox
3294 5626 3632 5695 videbimus,
