3956 6316
261 314 367 368 499

1276 311 1364 366 BU
1374 308 1755 365 RCHARDUS
1792 307 2326 366 WORMACIENSIS
2365 307 2762 365 EPISCOPUS.

3668 310 3773 362 500

262 452 436 509 quam
456 437 711 508 vulgata,
741 450 860 489 non
888 432 1074 489 solum
1122 432 1389 487 eumdem
1434 430 1640 501 viginti
1672 430 1949 485 librorum
1981 431 2026 484 A
2066 429 2287 500 nequit,
2321 426 2537 499 rogavit
2564 443 2656 480 me
2690 424 2916 480 dilectio
2949 429 3071 492 tua,
3095 428 3161 480 ut
3188 425 3339 481 hunc
3367 425 3584 480 librum
3623 426 3759 481 bre-

264 541 574 581 numerum
605 538 867 595 expresse
906 521 1209 593 approbat,
1261 536 1459 575 verum
1491 520 1666 574 etiam
1706 519 1964 589 ipsorum

263 615 460 669 titulos
508 614 753 667 insertos
794 611 1127 682 praeferens,
1176 610 1278 663 hos
1329 613 1385 663 et
1428 624 1545 662 non
1579 607 1721 661 alios
1747 623 1780 660 a
1825 608 1965 661 Bur-

265 702 475 757 chardo
518 700 891 754 concinnatos
930 702 1189 753 testatur.
1226 696 1489 752 Concinit
1536 696 1711 750 etiam
1741 712 1967 766 anony-

269 806 397 843 mus
438 788 548 859 ipsi
578 774 905 844 Burchardo
936 802 1177 852 coaevus,
1212 784 1312 855 qui
1348 784 1407 837 in
1438 784 1560 855 ejus
1592 784 1719 837 Vita
1746 782 1961 838 tradit:

268 880 384 934 Hoc
417 894 542 932 vero
568 891 781 947 corpus,
811 877 922 930 sive
958 876 1346 928 Collecturium
1386 873 1666 938 distinxit,
1715 876 1766 926 et
1795 874 1855 926 in
1881 874 1966 926 vi-

271 969 413 1035 ginti
441 967 605 1020 libros
631 965 936 1019 distribuit.
982 964 1180 1017 Nonne
1211 962 1333 1015 haec
1363 961 1497 1021 duo,
1530 959 1707 1014 coaevi
1753 959 1969 1013 scilicet

271 1054 562 1125 scriptoris
596 1060 652 1107 et
697 1053 875 1123 ipsius
924 1050 1254 1117 Burchardi,
1290 1049 1619 1103 testimonia
1663 1048 1967 1104 duodecim

272 1142 557 1198 librorum
578 1138 1319 1210 opinionemexpungunt?
1406 1186 1409 1190 .
1448 1186 1449 1189 η
1659 1182 1665 1189 .

344 1233 396 1285 3.
465 1231 529 1283 In
576 1228 853 1299 Operibus
911 1227 1139 1297 Georgii
1197 1226 1500 1280 Cassandri
1544 1242 1677 1297 pag.
1735 1226 1863 1279 1091
1914 1226 1969 1278 et

278 1320 431 1384 1098,
466 1321 610 1371 teste
662 1316 935 1383 Fabricio,
982 1316 1105 1369 haec
1148 1316 1455 1384 leguntur:
1490 1315 1652 1369 Nacti
1685 1315 1849 1365 etiam
1884 1327 1970 1366 su-

270 1420 389 1459 mus
435 1419 534 1459 ns.
596 1419 731 1473 opus
788 1403 1124 1468 Burchardi,
1180 1402 1323 1471 quod
1371 1403 1543 1456 obiter
1598 1405 1811 1455 tantum
1850 1415 1969 1453 cum

272 1496 534 1562 impresso
586 1494 817 1547 Parisiis
864 1507 954 1544 an.
1025 1492 1159 1545 1549
1206 1491 1546 1555 contulimus,
1578 1493 1627 1543 et
1678 1488 1971 1557 deprehen-

275 1582 455 1635 dimus
507 1579 745 1647 epistolae
787 1579 1038 1647 phrasim
1085 1582 1250 1630 totam
1300 1580 1664 1630 immutatam.
1717 1575 1969 1645 ldipsum

276 1675 331 1722 et
356 1683 460 1721 nos
486 1665 910 1720 observavimus
946 1664 1005 1719 in
1063 1666 1246 1718 tribus
1279 1664 1522 1718 laudatis
1571 1663 1877 1730 codicibus,
1911 1662 1969 1715 in

279 1756 487 1825 quibus
520 1759 746 1809 tantum
799 1754 1197 1825 praefationem
1242 1753 1585 1807 invenimus.
1623 1753 1686 1805 In
1718 1752 1807 1805 his
1832 1767 1973 1821 prm-

280 1844 421 1898 fatio
449 1859 592 1897 non,
624 1844 810 1897 solum
858 1843 1048 1897 verbis
1103 1843 1389 1913 discrepat
1417 1858 1450 1895 a
1497 1841 1747 1910 vulgata,
1776 1855 1975 1893 verum

280 1932 453 1986 etiam
480 1930 683 1985 ordine
710 1946 723 1983 :
758 1947 824 1984 ea
874 1930 1030 1984 enim
1061 1946 1189 2001 quae
1232 1930 1291 1983 in
1314 1929 1482 1983 editis
1523 1928 1592 1982 ad
1624 1926 1977 1999 praefationis

280 2024 490 2075 calcem
526 2021 595 2075 ab
628 2021 752 2073 aliis
784 2020 1001 2089 adjecta
1017 2020 1197 2074 videri
1236 2023 1497 2089 possunt,
1523 2018 1633 2088 ipsi
1656 2016 1979 2088 praefationi

282 2110 343 2163 in
370 2110 575 2164 iisdem
626 2124 761 2162 mss.
795 2108 873 2162 ita
903 2108 1255 2176 inseruntur,
1302 2111 1362 2160 ut
1394 2107 1715 2160 Burchardo
1747 2111 1979 2159 auctore

280 2199 490 2269 scripta
536 2197 710 2251 fuisse
766 2196 1227 2250 manifestissime
1280 2200 1516 2249 constet.
1574 2197 1788 2249 Horum
1825 2199 1979 2248 vete-

282 2303 413 2341 rum
442 2284 859 2355 exemplarium
900 2283 1227 2348 concordia,
1269 2299 1397 2336 cum
1430 2284 1637 2354 quibus
1667 2284 1806 2337 alios
1835 2298 1980 2353 quo-

284 2390 396 2446 que
427 2373 647 2427 codices
676 2372 776 2444 qui
825 2371 1165 2442 praefatione
1218 2387 1336 2425 non
1385 2375 1628 2433 careant,
1677 2371 1982 2425 convenire

282 2479 403 2518 non
452 2460 819 2532 ambigimus,
870 2461 1018 2514 hanc
1065 2476 1259 2514 veram
1308 2476 1429 2514 esse
1460 2460 1855 2529 praefationem
1883 2475 1982 2513 seu

286 2550 590 2622 epistolam
649 2548 961 2604 Burchardi
1019 2549 1089 2602 ad
1132 2549 1511 2602 Bruniconem
1577 2548 1837 2615 suadet;
1896 2549 1986 2602 id-

285 2640 589 2710 ipsumque
623 2637 927 2691 conﬁrmat
955 2636 1079 2706 ipsa
1107 2637 1241 2708 styli
1272 2653 1335 2691 ac
1366 2641 1662 2707 syntaxeos
1687 2637 1983 2692 inconcin-

285 2727 457 2794 nitas,
493 2741 622 2796 quae
665 2724 749 2778 illi
805 2741 925 2779 aevo
959 2724 1204 2778 maxime
1252 2724 1539 2794 congruit.
1581 2724 1983 2778 Praefationem

287 2819 479 2869 autem
530 2814 842 2883 vulgatam,
871 2829 1001 2867 cum
1050 2819 1168 2867 tam
1218 2819 1413 2883 aperte
1444 2830 1478 2866 a
1525 2813 1857 2867 memoratis
1886 2829 1982 2867 ve-

290 2902 456 2957 tustis
486 2918 627 2957 mss.
666 2901 984 2967 dissentiat,
1020 2901 1260 2955 studiosi
1317 2902 1557 2971 alicujus
1605 2901 1860 2965 arbitrio,
1893 2901 1985 2955 cui

290 2990 606 3061 elegantior
649 2990 829 3059 stylus
877 2989 1155 3059 placebat,
1215 2990 1388 3043 fuisse
1444 2996 1806 3044 immutatam
1840 2990 1988 3044 arbi-

291 3085 531 3134 tramur.
566 3078 727 3131 Illam
748 3078 980 3131 interim
1011 3079 1198 3148 qualis
1226 3078 1287 3131 in
1317 3078 1607 3133 codicibus
1646 3080 1856 3149 legitur
1895 3078 1990 3134 hic

293 3167 647 3222 exhibemus.

356 3255 409 3310 4.
448 3277 469 3303 «
529 3254 892 3309 Burchardus
945 3254 1066 3308 solo
1105 3254 1342 3309 nomine
1401 3254 1832 3309 Wormaciensis
1863 3254 1987 3325 epi-

292 3360 498 3412 scopus
529 3342 879 3397 Brunichoni
909 3342 1064 3396 ﬁdeli
1092 3360 1219 3411 suo,
1253 3343 1512 3413 ejusdem
1550 3343 1812 3399 videlicet
1838 3344 1988 3399 sedis

293 3432 619 3505 praeposito,
653 3431 713 3485 in
745 3430 968 3486 Christo
1002 3431 1244 3485 Domino
1271 3432 1533 3485 salutem.

364 3538 394 3572 ς(
426 3519 611 3575 Multis
636 3520 756 3590 jam
788 3535 939 3588 saepe
991 3519 1193 3573 diebus
1245 3518 1605 3573 familiaritas
1663 3524 1779 3588 tua,
1813 3520 1990 3575 frater

294 3609 645 3676 charissima,
675 3624 929 3677 praesens
960 3607 1124 3662 nobis
1154 3609 1437 3663 hortando
1470 3610 1754 3679 suggessit
1783 3598 1991 3680 quate-

182 3728 191 3739 ι
295 3713 402 3751 nus
446 3696 705 3749 libellum
738 3711 805 3747 ex
837 3695 1006 3748 variis
1049 3696 1394 3750 utilitatibus
1444 3696 1514 3750 ad
1555 3712 1699 3766 opus
1729 3713 1989 3768 compre-

293 3784 654 3854 sbyterorum
685 3786 1014 3836 nostrorum
1044 3787 1159 3836 tam
1209 3799 1277 3836 ex
1334 3784 1632 3837 sententiis
1664 3789 1989 3840 sanctorum

292 3875 527 3927 Patrum
561 3886 735 3941 quam
766 3886 831 3923 ex
858 3870 1193 3936 canonibus,
1219 3887 1319 3925 seu
1348 3888 1410 3925 ex
1429 3872 1669 3927 diversis
1696 3873 1989 3943 paeniten-

292 3957 526 4012 tialibus
556 3957 816 4027 vigilanti
846 3957 1040 4011 animo
1072 3975 1278 4028 corpus
1311 3959 1370 4013 in
1399 3977 1578 4015 unum
1613 3961 1945 4032 colligerem
1971 3978 1984 4016 :

292 4047 364 4101 ob
397 4047 455 4101 id
503 4046 774 4111 maxime,
822 4046 958 4117 quia
987 4063 1272 4103 canonum
1311 4049 1443 4119 jura
1474 4054 1529 4102 et
1555 4048 1772 4117 judicia
1801 4049 1989 4120 pceni-

289 4135 537 4189 tentium
594 4135 654 4188 in
704 4138 896 4188 nostra
941 4134 1169 4189 dioecesi
1230 4136 1309 4190 sic
1364 4142 1495 4190 sunt
1549 4135 1788 4190 confusa
1816 4141 1987 4207 atque

291 4225 510 4279 diversa
533 4228 589 4278 et
616 4224 848 4289 inculta,
894 4239 957 4277 ac
987 4224 1064 4278 sic
1095 4240 1160 4278 ex
1192 4229 1312 4278 toto
1353 4226 1630 4294 neglecta,
1663 4230 1719 4278 et
1749 4225 1899 4279 inter
1926 4242 1985 4279 se

288 4314 449 4368 valde
498 4312 895 4381 discrepantia,
929 4317 986 4367 et
1042 4329 1187 4383 pene
1241 4314 1457 4367 nullius
1505 4312 1842 4367 auctoritate
1867 4316 1983 4368 suf-

287 4403 450 4467 fulta,
486 4406 549 4455 ut
600 4406 840 4470 propter
881 4400 1295 4455 dissonantium
1326 4400 1416 4454 vix
1447 4418 1477 4454 a
1528 4401 1719 4455 sciolis
1766 4402 1989 4472 possint

287 4489 550 4544 discerni.
598 4490 751 4543 Unde
783 4490 847 4543 ﬁt
899 4490 1246 4562 plerumque
1294 4496 1359 4543 ut
1405 4490 1863 4561 confugientibus
1914 4493 1985 4546 ad

286 4577 606 4631 remedium
638 4578 1007 4647 poenitentiae,
1042 4584 1158 4631 tam
1199 4594 1301 4649 pro
1341 4578 1618 4632 librorum
1649 4580 1985 4635 confusione

288 4682 459 4737 quam
520 4666 689 4720 etiam
739 4668 1204 4737 presbyterorum
1257 4666 1605 4736 ignorantia,
1656 4670 1985 4723 nullatenus

285 4755 471 4808 valeat
520 4754 829 4808 subveniri.
891 4756 1004 4809 Cur
1062 4756 1226 4808 hoc?
1284 4755 1422 4809 Inde
1486 4760 1703 4809 aestimo
1757 4758 1984 4812 evenire

286 4841 555 4909 maxime,
590 4840 724 4912 quia
753 4857 1082 4895 mensuram
1113 4842 1391 4911 temporis
1421 4846 1477 4895 et
1529 4843 1760 4897 modum
1793 4844 1985 4899 delicti

286 4930 347 4984 in
397 4931 617 5000 agenda
659 4930 995 5000 poenitentia
1035 4945 1149 4983 non
1199 4930 1333 4983 satis
1374 4934 1609 4999 attente,
1660 4935 1717 4984 et
1763 4938 1980 5001 aperte,

286 5023 342 5073 et
384 5019 633 5089 perfecte
675 5018 985 5089 praefigunt
1034 5032 1281 5070 canones
1312 5034 1416 5087 pro
1470 5033 1819 5088 unoquoque
1867 5019 1983 5072 cri-

284 5107 464 5174 mine,
497 5112 559 5161 ut
603 5107 672 5161 de
722 5106 961 5176 singulis
1016 5105 1208 5159 dicant
1247 5105 1496 5176 qualiter
1526 5108 1982 5177 unumquodque

285 5195 713 5250 emendandum
748 5196 851 5261 sit;
886 5194 983 5247 sed
1042 5194 1225 5264 magis
1278 5194 1339 5248 in
1394 5194 1633 5248 arbitrio
1682 5196 1983 5250 sacerdotis

285 5284 656 5356 intelligentis
676 5283 1123 5355 relinquendum
1147 5286 1419 5337 statuunt.
1447 5282 1823 5353 Quapropter,
1846 5286 1982 5355 quia

284 5374 394 5428 hoc
422 5373 537 5428 nisi
565 5390 599 5427 a
654 5372 1009 5444 sapientibus
1048 5376 1105 5426 et
1154 5371 1297 5443 legis
1327 5372 1535 5426 divinae
1588 5372 1825 5427 eruditis
1856 5373 1980 5429 ﬁeri

2073 518 2220 572 viter
2247 517 2572 583 collectum,
2608 530 2763 568 nunc
2793 516 3028 569 demum
3061 514 3255 584 pueris
3284 514 3621 569 discendum
3652 521 3773 569 tra-

2072 604 2297 659 derem:
2357 610 2423 657 ut
2463 604 2619 674 quod
2682 603 2866 657 nostri
2912 608 3312 673 cooperatores
3360 603 3419 657 in
3462 603 3777 657 maturiore

2074 698 2243 748 aetate
2268 692 2442 763 positi
2478 692 2687 746 nostris
2715 691 2939 758 diebus,
2972 697 3030 746 et
3077 697 3506 747 antecessorum
3541 699 3775 747 nostro-

2076 798 2204 835 rum
2248 781 2518 836 tarditate
2564 782 2957 851 neglexerant,
3016 782 3189 835 modo
3239 786 3406 835 aetate
3451 782 3688 846 teneris,
3725 784 3781 835 et

2076 869 2202 924 aliis
2225 870 2439 924 discere
2479 870 2803 923 volentibus
2823 869 3487 940 traderetur.\Siqnidem
3518 875 3585 923 ut
3614 870 3780 940 prius

2075 958 2280 1012 ﬁerent
2332 958 2496 1029 probi
2546 958 2836 1027 discipuli,
2870 962 2998 1027 post
3023 955 3275 1027 plebium
3318 961 3374 1011 et
3430 957 3693 1011 doctores
3725 960 3784 1010 et

2077 1046 2373 1117 magistri;
2405 1052 2461 1099 et
2510 1050 2573 1099 ut
2601 1045 2965 1115 perciperent
2995 1045 3054 1098 in
3086 1045 3295 1099 scholis
3327 1046 3476 1116 quod
3509 1046 3780 1115 quando-

2077 1150 2187 1206 que
2244 1135 2453 1189 docere
2507 1134 2787 1188 deberent
2841 1134 2948 1188 sibi
3009 1134 3356 1187 commissos.
3419 1134 3785 1189 Desiderium

2077 1229 2265 1289 tuum,
2289 1228 2345 1277 et
2373 1222 2595 1293 petitio,
2623 1222 2818 1290 frater,
2838 1223 2993 1293 justa
3031 1222 3174 1276 mihi
3210 1222 3457 1288 videtur,
3490 1227 3545 1276 et
3575 1223 3646 1276 de
3674 1239 3785 1276 vo-

2081 1314 2296 1366 luntate
2328 1311 2425 1365 tali
2478 1311 2690 1382 gratias
2732 1327 2860 1380 ago.
2924 1310 3104 1364 Etiam
3149 1315 3205 1364 et
3262 1310 3347 1363 illi
3401 1310 3784 1364 multimodas

2078 1400 2292 1471 gratias
2337 1400 2544 1465 refero,
2602 1399 2704 1470 qui
2758 1402 2812 1452 te
2844 1400 3015 1457 talem
3049 1399 3190 1453 mihi
3228 1399 3598 1468 praestiterat,
3639 1398 3787 1470 quia

2081 1505 2184 1559 pro
2221 1493 2370 1542 statu
2427 1489 2687 1542 Ecclesiae
2731 1494 2940 1542 nostras
2979 1493 3034 1541 te
3080 1487 3302 1542 assidue
3342 1487 3647 1542 desudasse
3680 1504 3786 1541 eo-

2080 1592 2411 1648 gnoveram.
2485 1576 2593 1631 Sed
2660 1577 2813 1647 quod
2865 1582 3022 1629 tuam
3075 1576 3528 1630 exhortationem
3570 1576 3790 1646 saepius

2082 1665 2225 1719 mihi
2268 1665 2611 1719 inculcatam
2668 1664 2873 1719 tandiu
2929 1665 3285 1732 distuleram,
3343 1681 3489 1719 mete
3535 1666 3791 1736 ignavias

2086 1755 2218 1808 nolo
2277 1759 2340 1807 ut
2394 1753 2670 1823 assignas,
2743 1753 2881 1823 quia
2931 1753 3150 1807 duabus
3204 1769 3269 1807 ex
3300 1754 3483 1807 causis
3540 1754 3791 1809 minime

2086 1843 2229 1899 mihi
2267 1843 2375 1896 hoc
2429 1843 2709 1913 attingere
2741 1843 3018 1896 licuerat:
3060 1841 3270 1896 scilicet
3325 1848 3561 1913 propter
3598 1844 3794 1897 varias

2088 1937 2144 1985 et
2167 1931 2519 1985 inevitabiles
2546 1930 2950 1985 ecclesiasticas
2989 1930 3373 1996 necessitates,
3428 1947 3555 2000 quae
3589 1932 3796 2001 quoti—

2091 2020 2181 2074 die
2213 2035 2370 2073 more
2401 2020 2677 2073 ﬂuctuum
2718 2024 3050 2088 emergunt;
3086 2023 3141 2071 et
3170 2018 3406 2089 insuper
3431 2035 3565 2072 cura
3616 2035 3796 2073 mun-

2089 2107 2325 2161 dialium
2358 2122 2552 2161 rerum
2586 2107 2657 2161 ad
2684 2106 3009 2175 imperialia
3051 2106 3320 2161 mandata
3348 2107 3797 2176 pertinentium,

2089 2211 2219 2266 quas
2265 2195 2548 2248 studentis
2605 2200 2661 2249 et
2708 2195 2780 2248 ad
2845 2195 3140 2265 superiora
3186 2195 3468 2249 tendentis
3525 2196 3797 2249 animum

2090 2283 2253 2337 valde
2285 2282 2645 2350 obtundunt;
2678 2282 2813 2353 quia
2844 2283 3069 2337 animus
3084 2283 3385 2354 cujusque,
3414 2284 3548 2337 dum
3574 2284 3791 2338 dividi-

2091 2376 2187 2425 tur
2229 2387 2334 2441 per
2387 2372 2572 2442 plura,
2621 2371 2808 2425 minor
2854 2371 2919 2425 ﬁt
2977 2372 3046 2425 ad
3101 2371 3348 2442 singula.
3409 2373 3626 2425 Tamen
3678 2372 3802 2426 tuis

2093 2459 2299 2513 sanctis
2348 2459 2723 2531 petitionibus
2763 2459 3035 2514 obediens
3082 2459 3375 2531 synodalia
3420 2466 3711 2531 praecepta
3741 2466 3803 2515 et

2094 2553 2286 2602 sancta
2316 2553 2525 2602 statuta
2573 2552 2687 2601 tam
2720 2564 2787 2601 ex
2844 2548 3142 2602 sententiis
3184 2554 3505 2602 sanctorum
3553 2551 3798 2603 Patrum

2093 2652 2267 2708 quam
2298 2652 2361 2690 ex
2420 2636 2757 2703 canonibus,
2792 2637 2906 2690 Deo
2941 2636 3239 2707 largiente,
3274 2638 3478 2707 collegi
3507 2643 3581 2704 et,
3616 2652 3802 2708 prout.

2094 2725 2275 2796 potui,
2314 2741 2549 2796 corpore
2600 2725 2883 2779 connexui
2940 2725 3001 2778 in
3030 2742 3166 2791 uno,
3200 2730 3256 2780 et
3286 2726 3345 2779 in
3378 2726 3583 2797 viginti
3616 2727 3800 2780 libros

2095 2813 2246 2867 idem
2277 2828 2481 2883 corpus
2503 2812 2789 2867 distribui.
2817 2813 2883 2867 Et
2921 2814 2966 2866 si
2998 2813 3126 2884 quis
3176 2813 3420 2885 diligens
3478 2816 3657 2868 lector
3696 2832 3803 2869 eos

2099 2901 2384 2956 subtiliter
2409 2905 2798 2971 perscrutatus
2840 2900 3036 2969 fuerit,
3065 2902 3276 2956 multas
3306 2903 3578 2957 utilitates
3609 2904 3802 2959 nostri

2023 2991 2063 3046 C
2101 2990 2404 3044 ministerii
2432 2990 2493 3043 in
2525 2990 2606 3044 eis
2628 2989 2899 3044 inveniet.

2096 3080 2269 3135 [πάθω
2316 3079 2386 3149 (1)
2440 3080 2778 3147 singulorum
2826 3080 3085 3133 librorum
3134 3080 3205 3133 D.
3266 3081 3574 3134 Burchardi
3630 3082 3803 3135 Wor-

2165 3170 2451 3221 maciensis
2479 3170 2737 3237 episcopi,
2769 3168 2997 3222 breviter
3047 3168 3182 3237 quid
3227 3183 3442 3237 quoque
3480 3170 3617 3223 libro
3665 3186 3799 3224 con-

2167 3259 2371 3310 tinetur
2399 3256 2697 3310 ostendens.

2198 3364 2225 3393 ‹‹
2256 3343 2481 3397 Primus
2510 3342 2649 3397 libes
2693 3343 2947 3398 continet
2984 3344 3054 3397 de
3111 3347 3390 3413 potestate
3446 3350 3503 3397 et
3551 3345 3802 3415 primat-

2096 3431 2426 3501 apostolicse
2458 3431 2627 3497 sedis,
2676 3431 3166 3501 patriarcharum,
3196 3437 3537 3487 caeterorum
3577 3435 3798 3503 prima-

2098 3524 2219 3573 tum
2251 3520 2850 3589 metropolitanorum,
2894 3526 2949 3574 et
3002 3520 3071 3575 de
3102 3522 3318 3592 synodo
3347 3522 3708 3592 celebranda,
3743 3530 3802 3580 et

2097 3608 2396 3662 vocatione
2427 3608 2499 3661 ad
2552 3608 2875 3679 synodum;
2908 3608 2976 3663 de
3023 3609 3316 3677 accusatis,
3368 3615 3425 3663 et
3451 3613 3798 3666 accusatori-

2097 3697 2224 3761 bus,
2257 3701 2313 3751 et
2342 3696 2619 3763 testibus;
2654 3697 2724 3751 de
2752 3696 3077 3767 exspoliatis
3108 3696 3355 3769 injuste;
3386 3699 3454 3752 de
3492 3700 3795 3769 judicibus

2096 3800 2162 3838 ac
2209 3785 2278 3839 de
2335 3785 2493 3838 omni
2525 3786 2742 3839 honore
2772 3786 3138 3855 competenti,
3171 3802 3237 3840 ac
3286 3786 3583 3857 dignitate,
3615 3793 3674 3843 et
3703 3790 3793 3844 di-

2096 3888 2260 3926 verso
2292 3874 2544 3943 negotio,
2578 3878 2633 3927 et
2662 3873 2981 3927 ministerio
3012 3874 3433 3946 episcoporum.

2170 3982 2199 4011 «
2230 3960 2524 4016 Secundus
2569 3962 2716 4016 liber
2743 3962 2998 4016 continet
3041 3963 3110 4017 de
3152 3963 3486 4034 congruenti
3514 3964 3798 4035 dignitate

2097 4053 2154 4103 et
2191 4049 2414 4104 diversa
2445 4049 2826 4116 institutione,
2888 4066 2952 4104 ac
2983 4052 3358 4118 nutrimento,
3401 4052 3486 4106 vel
3516 4054 3796 4124 qualitate

2096 4137 2245 4205 vitae,
2282 4144 2338 4193 et
2366 4139 2589 4193 diverso
2638 4139 2892 4210 negotio,
2934 4145 2992 4194 et
3046 4140 3367 4194 ministerio
3423 4143 3799 4214 presbytero—

2098 4243 2249 4294 rum,
2282 4231 2340 4282 et
2366 4227 2760 4297 diaconorum,
2793 4244 2893 4282 seu
2936 4228 3291 4300 reliquorum
3321 4231 3591 4285 ordinum
3624 4233 3798 4287 eccle-

2098 4314 2475 4369 siasticorum.

2160 4420 2187 4455 α
2221 4403 2443 4457 Tertius
2489 4402 2637 4457 liber
2688 4402 2942 4457 continet
2984 4404 3054 4457 de
3103 4404 3429 4459 divinarum
3485 4405 3794 4464 domorum

2094 4490 2472 4555 institutione,
2534 4495 2591 4545 et
2635 4492 2815 4560 cultu,
2872 4496 2931 4546 et
2979 4492 3237 4560 honore;
3274 4494 3345 4547 de
3404 4494 3660 4562 decimis,
3738 4503 3796 4552 et

2093 4579 2495 4647 oblationibus,
2529 4584 2587 4634 et
2624 4580 2863 4651 justitiis
2894 4582 3282 4651 singulorum;
3319 4588 3375 4637 et
3406 4584 3503 4654 qui
3558 4584 3693 4639 libri
3730 4586 3791 4641 in

2091 4683 2251 4721 sacro
2309 4668 2576 4739 Catalogo
2628 4668 2996 4738 recipiantur,
3039 4670 3139 4741 qui
3176 4687 3308 4725 vero
3354 4673 3689 4743 apocryphi,
3724 4680 3780 4729 et

2094 4756 2326 4827 quando
2360 4756 2689 4826 apponendi
2719 4756 2853 4811 sint.

2167 4864 2194 4895 «
2226 4845 2472 4909 Quartus
2502 4845 2647 4900 liber
2692 4846 2946 4900 continet
3000 4852 3419 4903 sacramentum
3469 4849 3790 4920 baptisma—

2092 4932 2186 5001 tis,
2217 4938 2273 4988 et
2296 4934 2680 4989 ministerium
2709 4934 3211 5005 baptizandorum,
3244 4941 3302 4991 et
3350 4937 3787 5010 baptizatorum,

2091 5026 2147 5075 et
2176 5022 2719 5093 consignandorum,
2752 5030 2810 5077 et
2838 5025 3327 5096 consignatorum.

2164 5132 2187 5160 ι
2246 5110 2489 5175 Quintus
2532 5111 2675 5166 liber
2716 5113 2973 5167 continet
3010 5114 3080 5167 de
3130 5119 3485 5169 sacramento
3529 5117 3789 5187 corporis

2089 5201 2145 5253 et
2173 5199 2469 5270 sanguinis
2522 5200 2770 5269 Domini,
2802 5205 2858 5255 et
2887 5201 2957 5257 de
3005 5203 3391 5275 perceptione,
3425 5208 3481 5258 et
3522 5205 3792 5260 observa-

2087 5288 2245 5342 tione
2275 5304 2496 5344 eorum.

2160 5396 2188 5427 «
2221 5376 2418 5432 Sextus
2476 5377 2622 5432 liber
2676 5378 2932 5434 continet
2984 5380 3054 5435 de
3092 5380 3419 5436 homicidiis
3475 5387 3677 5453 sponte
3716 5389 3771 5439 et

354 5556 373 5608 (
384 5558 435 5629 1)
469 5556 565 5610 Hic
591 5556 811 5623 titulus,
835 5553 920 5610 vel
951 5555 1149 5610 saltem
1183 5555 1491 5612 Burchardi
1528 5573 1762 5628 nomen,
1795 5558 2159 5616 librariorum
2192 5562 2431 5617 arbitrio
2462 5562 2740 5619 insertum
2763 5564 3008 5619 videtur.
