3956 6306
156 335 257 387 501

1151 338 1496 392 PROfEMIA.
1537 365 1608 378 -—
1645 339 1734 393 DE
1774 339 2247 396 GOLLECTIONE
2290 341 2714 396 BURCl—IARDI.

3579 348 3682 399 502

153 468 278 506 non
334 458 543 524 sponte
577 452 914 518 commissis,
965 457 1020 508 et
1065 454 1132 507 de
1177 455 1517 523 parricidiis,
1554 462 1608 510 et
1640 457 1708 510 de
1755 457 1865 510 fra-
1901 462 1945 511 Α
1984 457 2152 511 dulus
2182 456 2302 527 qui,
2337 461 2638 528 postquam
2670 458 2818 512 istud
2846 459 3070 525 viderit,
3100 459 3242 513 mihi
3273 460 3562 527 inviderit,
3595 461 3681 515 di-

151 541 434 608 tricidiis,
468 549 524 596 et
571 544 637 597 de
663 543 776 596 illis
808 543 906 612 qui
937 559 1141 596 uxores
1193 544 1496 613 legitimas,
1532 552 1588 599 et
1626 545 1876 600 seniores

157 647 297 684 suos
349 632 720 695 interﬁciunt,
772 637 829 685 et
883 632 951 684 de
999 631 1280 685 occisione
1336 633 1872 700 ecclesiasticarum,

156 723 215 772 et
249 720 324 772 de
359 720 776 785 obaervatione,
811 725 866 772 et
895 719 964 772 de
989 719 1323 788 paenitentia
1351 721 1729 791 singulorum.

236 827 265 859 ex
300 808 594 878 Septimus
648 809 792 861 liber
835 808 1090 862 continet
1133 809 1202 862 de
1249 809 1462 863 incesta
1513 811 1875 879 copulatione

162 897 717 966 consanguinitatis,
759 901 813 949 et
848 897 906 950 in
949 913 1063 967 quo
1104 897 1368 966 geniculo
1417 898 1612 951 ﬁdeles
1657 908 1710 954 et
1739 915 1872 952 con-

150 984 332 1054 jungi
367 991 425 1038 et
472 985 725 1054 separari
758 985 1024 1050 debeant,
1070 991 1126 1038 et
1164 985 1232 1038 de
1276 986 1656 1052 revocatione,
1705 993 1761 1040 et
1805 987 1874 1041 de

157 1073 512 1143 paenitentia
539 1072 924 1141 singulorum.

240 1182 263 1208 ι
313 1161 556 1214 Octavus
613 1161 759 1214 liber
786 1161 1049 1214 continet
1089 1161 1158 1214 de
1210 1161 1346 1214 viris
1388 1178 1452 1215 ac
1499 1161 1731 1216 feminis
1765 1164 1877 1216 Deo

160 1249 374 1303 dicatis
406 1254 463 1302 et
512 1265 738 1302 sacrum
787 1251 1147 1318 propositum
1199 1251 1774 1320 transgredientibus,
1820 1256 1878 1304 et

161 1336 236 1389 de
267 1336 651 1402 revocatione,
688 1341 745 1389 et
771 1336 840 1389 de
867 1337 1203 1405 poenitentia
1227 1353 1448 1390 eorum.

249 1443 273 1471 ι
323 1424 516 1476 Nonus
548 1424 688 1477 liber
715 1425 974 1477 continet
1003 1424 1072 1477 de
1104 1425 1422 1493 virginibus
1462 1429 1518 1478 et
1546 1425 1729 1479 viduis
1757 1442 1874 1479 non

166 1511 400 1576 velatis,
433 1512 502 1565 de
545 1512 868 1582 raptoribus
900 1529 1123 1580 earum,
1173 1520 1228 1566 et
1260 1513 1329 1566 de
1379 1514 1738 1583 separatione
1787 1531 1876 1568 eo-

164 1615 328 1667 rum,
361 1600 432 1653 de
462 1600 869 1670 conjunctione
897 1601 1289 1671 legitimorum
1323 1603 1766 1671 connubiorum,
1806 1604 1874 1657 de

162 1688 527 1752 concubinis,
571 1689 640 1742 de
688 1690 1140 1760 transgressione
1187 1695 1243 1743 et
1289 1690 1630 1761 paenitentia
1673 1691 1870 1763 singu-

161 1777 382 1830 lorum.

244 1885 266 1912 ›
314 1864 578 1918 Decimus
609 1864 755 1918 liber
801 1865 1060 1920 continet
1102 1867 1171 1920 de
1200 1866 1671 1933 incantatoribus,
1715 1873 1774 1923 et
1804 1868 1872 1922 de

164 1953 512 2023 auguribus,
545 1953 612 2007 de
644 1953 871 2022 divinis,
920 1954 989 2008 de
1021 1955 1304 2024 sortilegis
1353 1961 1409 2009 et
1438 1956 1508 2009 de
1538 1955 1710 2009 variis
1739 1956 1871 2010 illu-

164 2042 435 2096 sionibus
480 2043 713 2110 diaboli,
749 2048 806 2097 et
833 2043 902 2097 de
949 2043 1265 2107 maledicis,
1301 2050 1356 2098 et
1381 2044 1450 2098 de
1482 2045 1872 2111 contentiosis,

167 2137 228 2185 et
254 2131 329 2185 de
379 2131 886 2200 conspiratoribus,
934 2136 990 2186 et
1018 2133 1086 2186 de
1117 2132 1456 2202 poenitentia
1491 2133 1870 2199 singulorum.

247 2242 269 2267 υ
323 2219 664 2274 Undecimus
711 2220 854 2273 liber
899 2219 1159 2273 continet
1197 2220 1264 2273 de
1312 2220 1874 2274 excommunicandis

169 2311 231 2361 et
260 2308 792 2374 excommunicatis,
837 2308 906 2362 de
940 2308 1184 2372 furibus,
1216 2311 1272 2360 et
1317 2308 1387 2361 de
1436 2308 1871 2376 pradatoribus,

168 2401 230 2450 et
277 2396 351 2450 de
394 2395 863 2466 praesumptione,
910 2401 969 2450 et
1007 2399 1360 2466 contemptu,
1414 2401 1472 2449 et
1501 2395 1869 2466 negligentia,

169 2488 228 2538 et
259 2483 746 2552 reconciliatione,
779 2489 836 2538 et
865 2484 1204 2553 pmnitentia
1234 2499 1454 2537 eorum.

248 2595 270 2621 ι
321 2571 702 2627 Duodecimus
762 2573 909 2626 liber
975 2572 1227 2626 continet
1276 2573 1345 2626 de
1394 2571 1650 2643 perjurio
1699 2576 1756 2625 et
1804 2572 1873 2625 de

168 2661 518 2732 poenitentia
543 2661 686 2731 ejus.
1527 2667 1532 2669 '

249 2771 271 2798 ι
319 2750 543 2804 Tertius
600 2749 855 2803 decimus
898 2749 1044 2803 liber
1089 2749 1347 2803 continet
1395 2750 1464 2803 de
1503 2747 1872 2803 veneratione

172 2843 232 2893 et
261 2838 662 2892 observatione
694 2838 838 2890 sacri
861 2837 1089 2907 jejunii.

243 2949 271 2976 ››
319 2927 562 2991 Quartus
611 2926 866 2980 decimus
911 2926 1057 2980 liber
1103 2924 1358 2979 continet
1403 2926 1471 2979 de
1520 2925 1771 2994 crapula,
1817 2927 1872 2975 et

172 3016 469 3080 ebrietate,
505 3020 562 3068 et
585 3015 654 3068 de
684 3014 1019 3084 poenitentia
1048 3030 1265 3068 eorum.

246 3123 274 3155 ιο
317 3103 559 3168 Quintus
590 3103 844 3157 decimus
869 3102 1014 3156 liber
1034 3103 1288 3156 continet
1311 3102 1380 3155 de
1403 3101 1866 3170 imperatoribus,

171 3191 551 3263 principibus,
598 3196 656 3246 et
699 3191 769 3245 de
818 3190 1054 3260 reliquis
1107 3191 1284 3256 laicis,
1333 3194 1388 3244 et
1436 3191 1504 3243 de
1552 3189 1871 3244 ministerio

175 3297 401 3335 eorum.

249 3388 277 3417 ››
318 3368 516 3422 Sextus
547 3366 799 3420 decimus
845 3366 990 3420 liber
1028 3365 1283 3419 continet
1311 3365 1380 3418 de
1427 3363 1869 3429 accusatoribus,

181 3457 251 3511 de
276 3455 588 3527 judicibus,
620 3455 690 3508 de
739 3453 1150 3521 defensoribus,
1206 3454 1275 3507 de
1325 3453 1481 3507 falsis
1510 3452 1768 3518 testibus,
1819 3457 1875 3506 et

181 3545 252 3600 de
281 3543 622 3615 poenitentia
651 3543 1031 3613 singulorum.

255 3655 276 3682 ι
319 3632 607 3703 Septimus
638 3631 893 3685 decimus
922 3630 1068 3685 liber
1106 3629 1358 3684 continet
1387 3630 1457 3684 de
1499 3627 1872 3684 fornicatione

180 3726 237 3775 et
263 3721 482 3775 incestu
506 3719 715 3774 diversi
744 3719 988 3789 generis,
1023 3723 1078 3772 et
1108 3719 1178 3772 de
1208 3718 1546 3789 paenitentia
1577 3719 1873 3789 utriusque

180 3826 342 3864 sexus
371 3814 426 3862 et
453 3808 687 3863 diversa:
719 3807 920 3862 aetatis.

255 3920 274 3945 ι
320 3898 559 3952 Octavus
604 3896 860 3950 decimus
907 3896 1052 3951 liber
1105 3895 1362 3950 continet
1407 3895 1479 3949 de
1533 3894 1870 3962 visitatione,

181 3990 236 4040 et
261 3985 620 4056 poenitentia,
651 3989 708 4038 et
735 3984 1198 4038 reconciliatione
1226 3984 1613 4037 inﬁrmorum.

248 4096 277 4124 »
322 4075 515 4127 Nonus
559 4073 814 4127 decimus
861 4074 1024 4139 liber,
1080 4073 1178 4143 qui
1232 4073 1507 4128 Corrector
1552 4076 1788 4126 vocatur
1825 4079 1874 4126 et

183 4162 436 4228 Medicus,
482 4161 737 4215 continet
768 4162 1147 4215 correctiones
1198 4177 1500 4231 corporum
1547 4166 1603 4214 et
1654 4161 1874 4214 anima-

185 4266 310 4304 rum
341 4249 674 4314 medicinas,
703 4254 759 4303 et
788 4249 950 4303 docet
991 4264 1467 4319 unumquemque
1498 4248 1868 4310 sacerdotem,
1907 4287 1948 4339 Β

187 4339 354 4393 etiam
403 4337 745 4408 simplicem,
797 4337 1089 4408 quomodo
1133 4338 1220 4390 vel
1265 4337 1512 4407 qualiter
1563 4336 1875 4407 unicuique

189 4442 514 4482 succurrere
546 4428 750 4492 valeat,
785 4426 1048 4480 ordinato
1081 4427 1166 4479 vel
1199 4425 1320 4479 sine
1351 4425 1573 4491 ordine,
1614 4428 1875 4495 pauperi,

191 4515 366 4582 diviti,
410 4531 608 4586 puero,
639 4515 860 4586 juveni,
893 4515 1037 4580 seni,
1083 4514 1394 4584 decrepito,
1424 4530 1583 4581 sano,
1629 4514 1877 4579 inﬁrmo,

191 4605 246 4658 in
278 4605 433 4658 omni
465 4608 652 4671 astate,
685 4603 744 4657 in
771 4608 1015 4674 utroque
1048 4619 1203 4658 sexu.

259 4713 285 4745 ››
328 4693 646 4764 Vigesimus
695 4693 842 4746 liber
886 4695 1326 4763 Speculationum
1374 4695 1651 4746 vocatur:
1682 4708 1882 4762 specu-

192 4783 337 4836 latur
366 4781 520 4837 enim
553 4781 623 4836 de
673 4781 1036 4836 Providentia
1069 4786 1126 4834 et
1154 4781 1223 4834 de
1265 4780 1769 4850 praedestinatione
1798 4780 1882 4833 di-

193 4869 334 4932 vina,
368 4874 426 4922 et
455 4869 525 4923 de
565 4869 811 4922 adventu
841 4868 1196 4935 Antichristi,
1227 4870 1296 4924 de
1339 4869 1460 4939 ejus
1489 4868 1776 4939 operibus,
1814 4868 1883 4921 de

193 4957 621 5020 resurrectione,
666 4958 736 5011 de
781 4957 873 5011 die
914 4957 1136 5027 judicii,
1171 4958 1240 5011 de
1271 4957 1648 5011 infernalibus
1678 4956 1884 5028 poenis,

197 5046 259 5099 de
283 5045 544 5099 felicitate
575 5051 865 5115 perpetuas
895 5045 1041 5099 vitae.

264 5155 284 5182 ι
328 5133 507 5199 Unde,
558 5134 752 5200 frater,
803 5133 849 5186 si
900 5134 1229 5204 regentibus
1278 5133 1474 5203 plebes
1522 5149 1652 5186 suas
1706 5148 1770 5187 ex
1801 5133 1887 5186 his

197 5222 452 5276 omnibus
497 5239 679 5277 unum
726 5222 991 5291 defuerit,
1043 5222 1333 5293 quomodo
1376 5237 1470 5274 eas
1520 5221 1804 5274 instruere
1834 5227 1890 5274 et

200 5312 388 5366 docere
419 5311 740 5381 poterunt?
771 5311 954 5365 Etiam
1001 5311 1309 5365 sacerdotis
1339 5325 1552 5364 nomen
1599 5309 1693 5363 vix
1718 5310 1779 5363 in
1809 5310 1888 5363 eis

199 5401 490 5466 constabit,
550 5399 688 5470 quia
740 5401 902 5455 valde
968 5399 1303 5470 periculosae
1357 5403 1490 5452 sunt
1547 5398 1887 5468 evangelicae

203 5488 383 5553 minae,
419 5487 627 5558 quibus
677 5488 884 5542 dicitur
918 5504 930 5542 :
967 5489 1027 5544 Si
1072 5503 1238 5542 caecus
1283 5504 1414 5542 cwco
1452 5487 1710 5542 ducatum
1743 5502 1891 5555 prae-

207 5582 318 5641 stet,
351 5579 505 5630 ambo
535 5579 593 5630 in
621 5578 832 5643 foveam
864 5577 1088 5631 cadunt.
1121 5578 1279 5641 Quod
1313 5577 1356 5628 si
1389 5582 1469 5630 est
1509 5576 1713 5646 aliquis
1752 5576 1891 5628 invi-

1983 562 2117 600 cens
2160 562 2251 600 me
2283 563 2348 599 ex
2379 547 2579 600 alienis
2624 547 2816 601 aribus
2847 549 3115 618 colligere
3145 566 3320 615 escas,
3353 555 3409 604 et
3436 567 3501 605 ex
3535 551 3680 604 alio-

1986 652 2112 689 rum
2144 636 2335 689 labore
2390 635 2533 688 mihi
2585 637 2768 690 facere
2805 653 3009 690 nomen
3047 638 3241 705 inane,
3288 643 3428 691 esto.
3482 640 3682 693 Fateor

1985 723 2120 793 quia
2165 740 2231 776 ex
2263 723 2508 776 aliorum
2562 724 2754 777 labore
2805 727 3170 794 collegeram.
3204 727 3340 795 quia
3383 725 3527 780 mihi
3574 726 3682 780 soli

1983 827 2229 864 canones
2259 813 2443 864 facere
2474 827 2589 865 non
2637 814 2787 879 licet,
2817 813 3090 882 colligere
3134 813 3354 867 licitum
3392 820 3496 880 est,
3530 814 3684 884 quod

1983 903 2039 952 et
2060 899 2207 965 feci;
2242 901 2389 953 Deus
2433 901 2607 965 novit,
2645 918 2756 953 non
2790 919 2892 970 pro
2927 902 3255 971 arrogantia
3284 903 3555 972 quadam,
3587 903 3684 956 sed

1983 1004 2086 1058 pro
2118 992 2327 1041 nostra).
2355 988 2611 1041 Ecclesiae
2634 990 3076 1042 necessitudine.
3117 992 3182 1044 Ut
3211 997 3403 1044 autem
3431 991 3686 1045 obstrua-

1982 1081 2078 1129 tur
2107 1075 2459 1129 detrahentis
2492 1092 2769 1142 murmur,
2808 1078 2949 1130 liber
2979 1078 3414 1149 qualiscumque
3445 1080 3536 1144 sit,
3570 1096 3682 1132 no-

1983 1167 2233 1216 strorum
2254 1162 2343 1215 sit.
2379 1165 2504 1216 Non
2533 1179 2671 1233 rogo
2707 1172 2770 1217 ut
2792 1165 2970 1218 nostri
3001 1166 3277 1235 episcopii
3309 1167 3482 1220 limen
3505 1173 3683 1220 trans-

1982 1255 2093 1315 eat,
2144 1249 2242 1303 sed
2298 1249 2509 1302 nostris
2556 1251 2965 1304 addiscendum
3020 1258 3330 1306 remaneat.
3384 1253 3681 1316 Quomodo

1983 1339 2194 1402 autem,
2228 1337 2316 1389 vel
2364 1339 2515 1390 unde
2571 1339 2732 1391 illum
2766 1341 3118 1406 collegerim,
3170 1341 3296 1394 volo
3349 1347 3409 1393 ut
3441 1341 3676 1408 audias;

1982 1427 2038 1477 et
2067 1424 2112 1477 si
2145 1429 2232 1478 est
2273 1431 2567 1494 peccatum
2614 1428 2816 1493 ullum,
2853 1433 2951 1480 tuo
2974 1429 3192 1497 judicio
3225 1429 3487 1499 relinquo
3527 1429 3676 1499 diju-

1983 1511 2308 1566 dicandum.
2344 1513 2495 1566 Nihil
2530 1514 2722 1568 addidi
2749 1516 2818 1568 de
2852 1531 2980 1569 meo
3015 1516 3120 1569 nisi
3169 1517 3447 1582 laborem,
3483 1517 3580 1570 sed
3612 1534 3681 1571 ex

1981 1599 2189 1654 divinis
2236 1601 2584 1654 testimoniis
2628 1618 2696 1655 ea
2746 1619 2876 1672 quin
2917 1604 2974 1656 in
3024 1619 3089 1657 eo
3132 1604 3436 1670 inveneris,
3470 1621 3679 1674 magno

1984 1689 2186 1742 sudore
2217 1689 2443 1759 collegi.
2479 1691 2544 1742 Et
2580 1696 2640 1743 ut
2677 1696 2866 1744 essent
2899 1707 3025 1761 qua
3057 1697 3543 1761 comportaveram
3573 1710 3680 1747 au-

1984 1776 2322 1841 ctoritativa,
2371 1794 2596 1832 summo
2646 1779 2839 1833 studio
2881 1780 3187 1834 elaboravi.
3240 1783 3315 1834 Ex
3361 1781 3485 1851 ipso
3525 1783 3679 1836 enim

1984 1864 2186 1916 nucleo
2218 1879 2524 1931 canonum,
2558 1865 2712 1936 quod
2744 1882 2777 1919 a
2807 1866 3150 1936 quibusdam
3185 1868 3388 1936 Corpus
3419 1884 3680 1923 canonum

1983 1956 2238 2020 vocatur,
2287 1969 2416 2023 quae.
2465 1959 2598 2007 sunt
2644 1961 2837 2008 nostro
2891 1956 3138 2025 tempori
3184 1958 3520 2024 necessaria,
3577 1975 3680 2012 ex-

1983 2041 2186 2110 cerpsi.
2242 2042 2318 2095 Ex
2350 2057 2566 2095 canone
2615 2043 3002 2111 apostolorum
3051 2044 3337 2114 quaedam,
3391 2061 3455 2098 ex
3487 2052 3678 2099 trans-

1983 2130 2220 2183 marinis
2268 2129 2523 2183 conciliis
2557 2131 2846 2200 quaadam,
2899 2147 2964 2184 ex
3008 2131 3358 2185 Germanicis
3389 2134 3676 2203 quaedam,

1984 2233 2051 2270 ex
2104 2217 2328 2271 Gallicis
2372 2223 2428 2271 et
2477 2218 2792 2288 Hispanicis
2839 2219 3121 2289 quaedam,
3176 2236 3239 2273 ex
3288 2221 3528 2274 decretis
3569 2223 3676 2275 Ro-

1983 2321 2286 2360 manorum
2335 2306 2672 2376 pontiﬁcum
2730 2308 3014 2375 quaedam,
3067 2325 3134 2360 ex
3182 2308 3443 2362 doctrina
3499 2310 3679 2379 ipsius

1983 2394 2237 2447 veritatis
2287 2395 2575 2465 quaedam,
2627 2411 2691 2449 ex
2742 2395 2931 2449 Veteri
2978 2396 3338 2450 Testamento
3389 2398 3674 2466 quaedam,

1984 2499 2052 2536 ex
2083 2482 2352 2552 apostolis
2379 2484 2669 2553 quaedam,
2701 2501 2770 2538 ex
2800 2484 2966 2538 dictis
3005 2485 3184 2538 sancti
3229 2485 3486 2555 Gregorii
3518 2502 3679 2556 quaa-

1985 2570 2138 2635 dam,
2185 2586 2250 2623 ex
2280 2570 2444 2624 dictis
2474 2571 2652 2624 sancti
2702 2572 3032 2642 Hieronymi
3081 2573 3366 2643 quaedam,
3417 2589 3482 2626 ex
3513 2573 3678 2628 dictis

1984 2658 2163 2712 sancti
2193 2657 2496 2728 Augustini
2545 2660 2831 2729 quasdam,
2865 2677 2927 2713 ex
2961 2660 3127 2713 dictis
3166 2659 3347 2713 sancti
3389 2661 3679 2715 Ambrosii

1983 2747 2267 2817 quaedam,
2295 2763 2362 2800 ex
2392 2747 2555 2801 dictis
2576 2748 2756 2801 sancti
2791 2747 3079 2802 Benedicti
3102 2749 3388 2818 quaedam,
3413 2765 3478 2802 ex
3513 2748 3676 2802 dictis

1983 2834 2161 2888 sancti
2193 2833 2395 2889 Isidori
2437 2836 2721 2905 quaedam,
2761 2852 2826 2890 ex
2859 2835 3022 2889 dictis
3068 2836 3247 2890 sancti
3283 2837 3470 2890 Basilii
3517 2853 3678 2906 quae-

1984 2922 2138 2988 dam,
2173 2939 2239 2976 ex
2270 2924 2656 2979 Pmnitentiali
2687 2926 2946 2979 Romano
2971 2925 3257 2994 quaedam,
3290 2941 3357 2978 ex
3387 2925 3676 2978 Paeniten-

1902 3010 1941 3064 C
1979 3013 2104 3066 tiali
2136 3013 2422 3068 Theodori
2466 3013 2754 3084 quaedam,
2788 3030 2854 3068 ex
2883 3014 3271 3068 Pamitentiali
3324 3014 3483 3068 Bedae
3518 3029 3678 3084 qum-

1982 3101 2135 3154 dam.
2176 3102 2261 3155 Ad
2291 3101 2412 3155 haec
2443 3102 2504 3155 in
2534 3102 2866 3157 Collectario
2905 3103 3011 3155 hoc
3040 3102 3087 3155 si
3127 3101 3266 3172 quid
3295 3100 3552 3155 utilitatis
3582 3101 3678 3155 in-

1980 3189 2224 3258 veneris,
2254 3190 2355 3244 Dei
2387 3190 2552 3244 donis
2584 3190 2820 3244 ascribe.
2856 3190 2914 3245 Si
2934 3194 3125 3244 autem
3155 3191 3294 3260 quid
3319 3189 3679 3259 superfluita-

1978 3277 2071 3343 tis,
2105 3294 2248 3331 meae
2279 3278 2625 3348 insipientiaa
2651 3279 2880 3348 deputa.
2911 3280 3057 3332 Bene
3091 3279 3295 3339 valeas,
3332 3283 3385 3330 et
3416 3277 3477 3330 in
3505 3277 3677 3331 sacris

1981 3365 2335 3419 orationibus
2365 3366 2477 3419 tuis
2509 3366 2621 3419 mei
2668 3367 2979 3435 peccatoris
3030 3366 3367 3420 memoriam
3402 3366 3680 3435 deprecor

1982 3459 2044 3506 ut
2074 3453 2302 3507 habeas.
2343 3453 2580 3523 Explicit
2604 3454 2900 3524 prologus.
2941 3475 2967 3504 »

2053 3546 2103 3596 5.
2132 3542 2195 3595 In
2225 3541 2329 3595 hac
2359 3541 2720 3612 praefatione,
2753 3559 2852 3595 seu
2883 3542 3122 3611 epistola
3151 3542 3330 3612 ipsius
3362 3540 3676 3596 Burchardi

1982 3631 2231 3684 notanda
2277 3635 2408 3684 sunt
2438 3631 2608 3685 verba
2638 3633 2698 3685 in
2739 3633 2940 3700 viginti
2969 3632 3131 3686 libros
3161 3633 3299 3685 idem
3331 3646 3522 3700 carpas
3553 3631 3676 3684 dis-

1983 3720 2180 3783 tribui;
2232 3724 2290 3773 et
2337 3724 2616 3788 praeterea
2646 3720 3011 3773 recolendum
3056 3725 3158 3785 est,
3193 3719 3346 3790 quod
3392 3723 3556 3772 antea
3587 3722 3676 3771 at-

1981 3806 2238 3878 tigimus,
2295 3806 2655 3877 singulorum
2715 3807 2993 3862 librorum
3052 3807 3312 3861 ordinem
3372 3812 3429 3860 et.
3481 3806 3679 3860 titulos

1983 3895 2168 3949 eidem
2209 3896 2531 3965 praefationi
2561 3913 2592 3948 a
2626 3897 2950 3950 Burchardo
2984 3897 3156 3950 fuisse
3202 3899 3462 3962 insertos,
3515 3900 3578 3948 ut
3607 3910 3680 3948 ne

1985 3984 2234 4039 dubitari
2277 3985 2457 4054 possit
2512 3985 2651 4056 quin
2702 3986 2921 4040 editum
2974 4002 3140 4055 opus,
3197 3985 3353 4055 quod
3397 3999 3526 4037 cum
3575 3984 3682 4036 hoc

1986 4073 2262 4126 librorum
2309 4089 2552 4127 numero
2583 4079 2641 4127 et
2670 4089 2798 4128 cum
2832 4074 3036 4128 iisdem
3067 4073 3249 4128 titulis
3281 4077 3449 4140 atque
3481 4071 3681 4125 ordine

1984 4163 2153 4230 plane
2200 4161 2524 4225 concordat,
2582 4163 2972 4216 Burchardum
3006 4162 3213 4215 habeat
3251 4166 3563 4214 auctorem.
3616 4160 3682 4212 In

1989 4250 2219 4318 vulgata
2263 4249 2622 4318 praefatione,
2655 4249 2787 4304 licet
2831 4250 3002 4303 rebus
3033 4249 3295 4318 pluribus
3329 4247 3678 4316 discrepans,

1989 4337 2140 4391 idem
2166 4337 2448 4390 librorum
2475 4353 2749 4390 numerus
2778 4337 3088 4391 indicatur.
3127 4340 3197 4390 At
3225 4335 3366 4389 ordo
3395 4335 3681 4398 diversus;

1990 4431 2046 4479 et
2084 4425 2344 4495 quaedam
2393 4425 2690 4494 particulas
2722 4427 2800 4479 ita
2833 4427 2902 4480 ab
2951 4426 3147 4479 eadem
3194 4423 3531 4494 prwfatione
3564 4423 3686 4477 dis-

1991 4519 2155 4568 sectse
2186 4518 2322 4567 sunt
2352 4519 2410 4567 et
2438 4514 2499 4566 in
2520 4515 2731 4568 calcem
2762 4515 3009 4584 rejectae,
3044 4519 3240 4566 utnon
3271 4529 3304 4566 a
3337 4512 3684 4577 Burchardo,

1992 4603 2088 4658 sed
2117 4603 2186 4656 ab
2218 4601 2328 4655 alio
2362 4604 2698 4673 conscriptae
2729 4609 2784 4657 et
2814 4604 3047 4674 adjectae
3083 4602 3260 4656 videri
3292 4601 3530 4672 possint.
3565 4602 3686 4654 Non

1993 4692 2173 4746 solum
2206 4690 2361 4744 enim
2395 4690 2564 4744 index
2597 4692 2896 4746 titulorum
2927 4693 3206 4761 cujusque
3237 4690 3369 4744 libri
3401 4690 3461 4744 in
3489 4689 3687 4758 vulga-

1993 4781 2063 4834 tis
2112 4795 2144 4832 a
2189 4778 2524 4849 praefatione
2582 4780 2882 4834 distractus
2936 4784 3042 4845 est,
3102 4795 3302 4833 verum
3351 4779 3524 4832 etiam
3582 4774 3691 4845 ipsi

1993 4867 2363 4939 praemittitur
2410 4873 2712 4923 auctorum
2758 4885 2820 4925 ex
2872 4870 3080 4940 quibus
3128 4869 3488 4924 Burchardns
3519 4883 3689 4920 cano-

1993 4973 2095 5010 nes
2140 4956 2450 5023 derivavit;
2505 4957 2816 5027 catalogus,
2867 4958 2938 5011 ab
2979 4957 3180 5010 eadem
3228 4956 3565 5026 praefatione
3598 4970 3694 5024 pa-

1995 5045 2133 5098 riter
2165 5045 2418 5098 divulsus
2447 5061 2576 5098 cum
2607 5046 2713 5099 hac
2733 5045 3126 5115 inscriptione,
3160 5061 3289 5115 quae
3316 5062 3345 5097 a
3371 5041 3692 5097 Burchardo

1996 5132 2276 5203 proﬁcisci
2309 5134 2554 5204 nequit:
2589 5135 2686 5188 Ea:
2732 5135 2928 5202 quibus
2974 5135 3104 5188 locis
3147 5139 3428 5187 auctorum
3473 5132 3693 5198 scriptis

1997 5224 2356 5277 ecclesiastica
2424 5224 2530 5277 haec
2608 5225 2821 5277 decreta
2885 5225 3173 5289 collegerit.
3244 5223 3472 5277 Nucleus
3534 5234 3694 5272 cano-

1997 5326 2147 5377 num,
2183 5327 2354 5382 quem
2416 5312 2580 5366 initio
2609 5312 2854 5382 catalogi
2907 5311 3266 5365 Burchardns
3313 5309 3373 5363 in
3405 5310 3516 5363 tine
3548 5324 3696 5378 prse-

2001 5398 2232 5452 fationis
2262 5400 2480 5466 laudat,
2529 5404 2585 5455 et
2614 5416 2876 5455 canonum
2921 5401 3126 5469 Corpus
3154 5417 3183 5453 a
3230 5398 3572 5470 quibusdam
3604 5412 3700 5466 ap-

2001 5488 2203 5558 pellari
2248 5488 2511 5550 afﬁrmat,
2548 5494 2632 5544 est
2663 5489 3117 5560 pseudo-Isidori
3165 5487 3442 5551 collectio,
3488 5503 3555 5539 ex
3587 5501 3700 5555 qua

2005 5576 2238 5645 quidem
2291 5579 2469 5632 multa
2500 5579 2821 5650 apocrypha
2868 5578 3091 5632 decreta
3122 5576 3499 5648 transcripsit.
3534 5575 3702 5629 Plura
