3956 6312
263 418 368 471 503

1288 415 1758 472 BURCHARDUS
1795 411 2326 473 WOBMACIENSIS
2364 411 2758 470 EPISCOPUS.

3675 416 3778 469 504

265 559 400 598 vero
443 541 693 614 capitula
740 557 808 596 ex
864 541 1180 612 Reginone,
1231 545 1290 596 et
1339 540 1618 596 nonnulla
1675 539 1848 596 etiam
1897 557 1964 594 ex
1993 541 2040 594 Α
2078 537 2180 593 Hic
2227 539 2421 592 autem
2465 535 2539 591 ad
2591 535 2904 590 Burchardi
2946 533 3337 591 collectionem
3393 535 3665 608 pertinet,
3717 536 3782 591 in

267 632 489 689 duabus
530 629 945 702 appendicibus
989 645 1117 701 qua;
1160 629 1222 683 in
1252 645 1385 684 mss.
1437 629 1749 699 Reginonis
1795 630 1969 683 colle-

268 717 448 775 ctioni
477 717 878 787 subjiciuntur,
929 733 1064 772 eum
1102 717 1446 787 excerpsisse
1497 717 1817 788 Stephanus
1865 719 1968 772 Ba-

268 806 454 862 luzius
502 806 563 860 in
595 805 932 875 praefatione
965 805 1032 859 ad
1065 805 1423 874 Reginonem
1454 805 1564 859 late
1593 805 1965 860 demonstrat.

271 896 482 948 Verum
513 893 574 947 in
617 893 799 948 titulis
848 893 1030 946 multa
1082 891 1346 961 mutavit,
1397 891 1524 946 aliis
1571 891 1754 946 titulis
1783 909 1850 947 ex
1878 907 1969 946 ar-

272 982 448 1037 bitrio
490 981 758 1053 praeﬁxis,
808 980 970 1051 quia
1015 979 1494 1051 subsequentibus
1523 996 1807 1035 canonum
1854 980 1970 1034 col-

271 1069 577 1125 lectoribus
623 1085 689 1124 ex
715 1068 913 1122 eodem
955 1068 1223 1139 suscepti,
1255 1084 1526 1138 magnam
1575 1068 1970 1122 confusionem

271 1163 641 1230 pepererunt.
672 1157 810 1212 Cum
844 1157 998 1211 enim
1029 1173 1143 1210 non
1175 1172 1356 1227 pauca
1385 1157 1538 1228 apud
1563 1157 1756 1227 ipsum
1778 1156 1966 1211 inscri-

271 1247 483 1302 bantur
529 1245 864 1299 nominibus
920 1244 1316 1311 conciliorum,
1371 1245 1461 1298 vel
1507 1246 1867 1315 pontiﬁcum,
1910 1245 1973 1300 in

273 1349 522 1405 quorum
569 1333 809 1387 decretis
840 1332 1075 1387 aliunde
1105 1333 1272 1387 editis
1316 1332 1460 1386 nihil
1493 1333 1604 1386 tale
1649 1334 1970 1404 reperitur;

273 1439 341 1477 ea
368 1422 430 1476 in
460 1421 774 1492 deperditis
817 1421 1153 1476 eorumdem
1198 1421 1556 1476 documentis
1587 1439 1620 1475 a
1649 1421 1972 1476 Burchardo

273 1512 363 1566 vel
417 1510 486 1564 ab
544 1509 983 1580 exscriptoribns
1029 1511 1153 1580 ejus
1193 1509 1426 1564 inventa
1478 1511 1671 1580 plures
1716 1510 1973 1565 credide-

275 1603 449 1668 runt;
483 1613 548 1652 ac
590 1603 899 1668 propterea
928 1598 1129 1652 eadem
1157 1597 1335 1652 veluti
1372 1599 1692 1668 fragmenta
1724 1598 1976 1668 pretiosa

277 1692 350 1746 ab
392 1690 531 1761 ipsis
561 1696 892 1744 conservata
937 1706 1042 1745 suo
1090 1691 1368 1762 cujusque
1415 1691 1638 1761 synodi,
1674 1690 1760 1744 vel
1792 1691 1976 1761 ponti-

278 1779 402 1834 ticis
427 1781 553 1834 loco
584 1779 646 1832 in
671 1777 1057 1834 Conciliorum
1083 1777 1429 1833 editionibus
1460 1778 1652 1834 addita
1682 1783 1834 1834 sunt.
1866 1779 1974 1844 Qui

277 1883 414 1922 vero
464 1883 587 1921 rem
620 1867 768 1921 hanc
813 1867 1132 1922 accuratius
1179 1867 1612 1937 expendendam
1651 1883 1972 1938 suscepere,

281 1957 620 2011 detexerunt
689 1954 1082 2010 Bnrchardum
1145 1955 1515 2025 synodorum,
1582 1957 1975 2010 Romanorum

279 2043 644 2114 pontificum,
679 2048 779 2097 aut
827 2049 1154 2098 sanctorum
1206 2045 1438 2098 Patrum
1494 2044 1822 2098 nominibus
1869 2045 1974 2098 tri-

282 2132 473 2186 buisse
505 2147 570 2184 ea
601 2131 848 2202 capitula
895 2147 1024 2203 quae
1053 2132 1270 2202 Regino
1314 2133 1402 2187 vel
1443 2149 1508 2187 ex
1552 2133 1975 2204 Capitularibus

283 2235 510 2289 regum,
559 2221 642 2274 vel
694 2235 759 2274 ex
790 2220 1086 2288 Rhabano,
1135 2221 1222 2277 vel
1275 2236 1341 2275 ex
1390 2221 1675 2275 Ferrando
1713 2221 1974 2289 diacono,

285 2308 372 2360 vel
403 2305 526 2360 sine
568 2306 686 2360 ulla
732 2305 978 2360 auctoris
1022 2305 1316 2360 mentione
1346 2305 1620 2360 recitavit.
1653 2306 1978 2376 Stephanus

287 2393 549 2448 Baluzius
603 2393 663 2448 in
711 2394 937 2449 laudata
985 2393 1342 2465 praefatione,
1390 2410 1550 2448 num.
1601 2397 1689 2461 22,
1745 2395 1868 2448 haec
1909 2395 1978 2450 de

286 2481 698 2553 Capitularium
744 2482 906 2536 libris
953 2483 1174 2536 notavit
1207 2499 1219 2536 :
1249 2483 1602 2537 Burchardus
1651 2499 1771 2538 cum
1820 2486 1977 2551 Regi-

285 2585 475 2624 nonem
521 2571 852 2639 compilaret,
899 2572 1095 2625 maluit
1125 2585 1244 2639 qua
1291 2572 1416 2625 hinc
1453 2572 1752 2640 accipiebat
1796 2574 1981 2641 capita

286 2657 521 2711 tribuere
576 2658 816 2712 conciliis
869 2658 1216 2726 quibusdam,
1273 2664 1371 2712 aut
1417 2659 1673 2713 Patribus
1712 2662 1977 2728 antiquis,

248 2761 451 2813 -quam
505 2745 722 2812 regibus
780 2748 1030 2812 nostris;
1084 2746 1228 2814 quod
1280 2749 1610 2801 Francorum
1665 2749 1977 2816 appellatio,

287 2848 396 2902 qua
441 2835 731 2899 Reginonis
773 2839 936 2901 atque
985 2834 1312 2888 Witichindi
1355 2837 1649 2888 etiamnum
1697 2849 1807 2888 evo
1861 2835 1982 2901 glo-

284 2923 574 2976 riabantur
610 2936 761 2989 reges
799 2922 1208 2985 Germanorum,
1252 2925 1517 2991 usurpari
1551 2923 1800 2977 desiisset
1826 2928 1982 2978 aetate

286 3008 630 3076 Burchardi,
687 3010 924 3079 adeoque
974 3015 1140 3064 exuta
1171 3027 1206 3063 a
1257 3011 1568 3065 Saxonibus
1616 3017 1750 3065 esset
1809 3015 1980 3065 omnis

2078 643 2194 698 qua
2235 633 2320 680 est
2347 625 2491 679 liber
2535 624 2789 680 decimus
2834 640 3025 678 nonus
3054 624 3259 679 eodem
3287 624 3452 679 titulo
3483 630 3780 696 praenota-

2077 721 2188 782 tus,
2224 719 2286 768 ut
2313 715 2402 768 vel
2444 729 2512 768 ex
2558 712 2740 768 titulis
2769 712 2828 766 in
2860 713 3174 768 Burchardi
3222 713 3562 783 praefatione
3609 717 3782 767 antea

2078 791 2392 873 descriptis.
2423 801 2622 873 ﬁquet.
2672 801 2930 856 Secundo
2971 801 3033 856 in
3078 818 3185 856 ms.
3217 803 3338 856 Vat.
3390 805 3531 858 3830
3581 801 3781 856 saeculi

2076 910 2130 946 χι
2157 892 2461 946 exhibetur
2508 890 2908 945 Poenitentiale
2948 891 3008 945 in
3059 907 3173 962 quo
3222 891 3496 962 leguntur
3523 891 3781 945 interro-

2077 981 2336 1053 gationes
2384 979 2658 1034 faciendae
2687 996 2715 1031 a
2762 979 3116 1034 confessariis
3159 995 3290 1033 cum
3337 979 3624 1034 taxatione
3657 995 3786 1050 poe-

2077 1069 2355 1124 nitentiae.
2409 1069 2507 1122 Hae
2543 1083 2742 1122 omnes
2775 1067 3257 1138 interrogationes
3302 1069 3369 1123 ad
3401 1068 3644 1122 verbum
3681 1083 3782 1121 ex-

2079 1158 2304 1228 scriptaa
2352 1158 2624 1227 leguntur
2653 1156 2713 1210 in
2743 1156 2946 1210 eodem
2979 1156 3288 1211 Burchardi
3325 1156 3473 1211 libro
3501 1173 3616 1224 xIx,
3648 1171 3780 1226 cap.

2079 1250 2130 1301 5.
2181 1245 2374 1300 Solum
2423 1244 2483 1297 in
2532 1245 2641 1298 hoc
2689 1244 2874 1314 capite
2931 1243 3354 1299 Burchardiano
3402 1245 3596 1316 plures
3644 1248 3786 1298 sunt

2080 1348 2254 1405 quam
2305 1331 2366 1386 in
2421 1331 2650 1385 laudato
2676 1331 2888 1386 codice.
2939 1332 3461 1402 Interrogationnm
3511 1348 3786 1403 paragra-

2079 1421 2198 1494 phi,
2234 1436 2378 1492 quos
2435 1419 2679 1474 vitandas
2726 1419 3077 1474 confusionis
3125 1436 3294 1474 causa
3333 1420 3590 1474 numeris
3628 1435 3792 1473 com-

2080 1508 2410 1581 putavimus
2479 1512 2649 1579 atque
2723 1507 3108 1575 distinximus,
3170 1509 3320 1580 apud
3388 1508 3788 1562 Bnrchardum

2083 1602 2217 1652 sunt
2243 1601 2474 1652 centum
2523 1600 2582 1650 et
2629 1597 2944 1667 nonaginta
2969 1602 3236 1668 quatuor.
3268 1599 3331 1652 In
3360 1613 3429 1651 eo
3461 1601 3651 1651 autem
3679 1613 3791 1651 co-

2083 1686 2206 1740 dice
2234 1684 2715 1756 interrogationes
2746 1684 2965 1738 eaadem
2995 1690 3128 1739 sunt
3155 1701 3219 1739 ac
3249 1685 3309 1738 in
3337 1684 3566 1738 laudato
3592 1683 3791 1755 capite

2084 1773 2286 1846 quinto
2336 1773 2650 1826 Burchardi
2683 1790 2713 1827 a
2742 1789 2905 1827 num.
2944 1777 2965 1828 l
3004 1790 3183 1844 usque
3234 1773 3301 1828 ad
3350 1789 3512 1827 num.
3557 1775 3648 1841 59,
3681 1772 3792 1843 qui

2084 1863 2330 1934 incipit:
2374 1862 2613 1918 Violasti
2657 1863 2981 1932 sepulcrum.
3015 1863 3157 1918 Dein
3189 1864 3340 1933 apud
3386 1863 3786 1918 Bnrchardum

2085 1950 2383 2006 abundant
2428 1954 2732 2020 sequentes
2780 1950 3010 2004 numeri
3052 1967 3086 2004 a
3115 1953 3183 2005 60
3229 1967 3413 2022 usque
3461 1951 3530 2005 ad
3583 1967 3643 2004 n.
3681 1953 3788 2005 103

2085 2037 2377 2104 inclusive,
2427 2037 2528 2108 qui
2558 2037 2954 2093 inscribuntur
2984 2038 3049 2092 de
3091 2044 3209 2093 arte
3239 2041 3470 2108 magica,
3518 2039 3585 2093 de
3615 2040 3791 2093 sacri-

2085 2128 2241 2194 legio,
2275 2127 2340 2180 de
2386 2128 2518 2194 gula
2555 2130 2605 2180 et
2647 2126 2923 2188 ebrietate,
2971 2126 3036 2180 de
3081 2128 3507 2194 irreligiositate,
3557 2130 3688 2180 item
3720 2126 3790 2180 de

2085 2220 2202 2270 arte
2231 2217 2466 2282 magica,
2511 2215 2577 2269 de
2616 2217 2994 2285 superstitione
3023 2219 3072 2269 et
3116 2217 3245 2270 item
3287 2216 3354 2270 de
3398 2220 3516 2269 arte
3542 2213 3785 2282 magica.

2087 2303 2158 2358 Hi
2187 2318 2385 2357 omnes
2433 2303 2659 2357 numeri
2709 2303 2916 2358 desunt
2959 2303 3020 2358 in
3061 2309 3382 2358 memorato
3426 2303 3640 2368 codice,
3681 2303 3791 2374 qui

2085 2397 2217 2462 post
2242 2391 2340 2445 illa
2371 2391 2598 2445 numeri
2629 2394 2716 2459 59,
2751 2393 2990 2448 Violasti
3017 2394 3341 2463 sepulcrum,
3373 2397 3507 2459 etc.,
3539 2392 3742 2447 subdit
3773 2409 3787 2446 :

2087 2480 2433 2536 Concubuisti
2491 2496 2610 2535 cum
2664 2495 2844 2535 sorore
2892 2483 3081 2536 umoris
3131 2487 3255 2548 tua,
3303 2485 3434 2547 etc.,
3494 2481 3578 2534 uti
3627 2481 3784 2552 apud

2089 2568 2480 2622 Bnrchardum
2527 2584 2687 2623 num.
2726 2570 2844 2633 104,
2883 2575 2939 2623 et
2985 2570 3244 2640 sequitur
3289 2586 3472 2641 usque
3510 2569 3581 2624 ad
3611 2585 3782 2625 num.

2093 2659 2213 2723 152,
2275 2657 2592 2726 Credidisti,
2652 2658 2796 2726 quod
2848 2659 3073 2727 quidam
3125 2659 3337 2714 credere
3392 2660 3578 2726 solent,
3638 2659 3793 2728 quod

2089 2747 2202 2798 sint
2229 2749 2464 2812 agrestes
2491 2747 2726 2812 feminae,
2779 2750 2884 2799 etc.
2917 2745 3140 2801 Omittit
3171 2751 3361 2801 autem
3409 2763 3540 2817 quae
3579 2745 3638 2799 in
3670 2745 3791 2800 ﬁne

2090 2833 2262 2903 hujus
2290 2832 2517 2886 numeri
2541 2833 2692 2903 apud
2726 2833 3118 2889 Bnrchardum
3149 2835 3498 2906 adjiciuntur
3529 2851 3542 2888 :
3577 2837 3641 2889 In
3660 2837 3790 2889 istis

2091 2920 2336 2975 omnibus
2389 2920 2725 2988 supradictis
2774 2922 2963 2976 debent
3004 2923 3328 2990 sacerdotes,
3376 2929 3508 2988 etc.,
3541 2940 3604 2977 ac
3631 2941 3793 2993 prae—

2091 3013 2248 3062 terea
2298 3008 2528 3078 ignorat
2574 3015 2910 3079 sequentem
2950 3025 3258 3065 numerum
3310 3015 3430 3079 153,
3479 3012 3642 3082 cujus
3673 3012 3791 3065 ini-

287 3098 688 3166 Capitularium
756 3099 984 3151 istorum
1046 3099 1367 3152 reverentia.
1428 3098 1779 3153 Burchardus
1844 3101 1984 3152 enim
2015 3097 2056 3150 C
2094 3096 2238 3150 tium
2289 3103 2418 3151 est:
2453 3099 2649 3151 Fecisti
2692 3103 2754 3152 ut
2783 3098 3032 3168 quaedam
3080 3101 3328 3154 mulieres
3358 3101 3414 3153 in
3456 3099 3793 3169 quibusdam

286 3187 444 3239 semel
473 3191 686 3240 tantum
731 3201 851 3254 cap.
884 3189 988 3240 218
1013 3191 1063 3240 et
1090 3189 1195 3240 219
1227 3186 1356 3239 libri
1384 3187 1557 3254 primi
1581 3188 1713 3240 citat
1741 3189 1982 3255 capitula

288 3275 481 3329 Karoli
531 3275 738 3341 Magni,
787 3275 866 3327 sic
914 3279 974 3326 ut
1005 3273 1180 3327 addat
1226 3273 1326 3327 illa
1356 3274 1424 3327 ab
1469 3276 1732 3342 episcopis
1780 3274 1983 3329 collau-

286 3361 421 3416 data
474 3377 586 3416 esse
639 3361 789 3430 apud
836 3362 1268 3430 Aquisgranum,
1321 3363 1530 3430 alioqui
1596 3364 1836 3428 forsitan
1897 3365 1981 3416 his

285 3465 392 3503 non
442 3464 660 3503 usurus.
713 3448 858 3502 Illud
895 3465 1024 3502 vero
1078 3449 1438 3503 Burchardus
1493 3449 1600 3503 sibi
1651 3449 1981 3520 prestitisse

286 3538 528 3602 videtur,
566 3542 629 3590 ut
675 3536 922 3607 capitula
965 3542 1195 3606 sumpta
1247 3554 1313 3590 ex
1345 3537 1672 3592 auctoribus
1723 3539 1821 3608 qui
1864 3555 1982 3592 non

288 3631 479 3678 essent
509 3626 596 3678 vel
643 3623 856 3678 summi
905 3623 1228 3694 pontifices,
1262 3625 1350 3678 vel
1397 3626 1619 3696 synodi,
1655 3627 1738 3680 vel
1787 3629 1982 3681 Patres

288 3713 425 3766 satis
474 3713 599 3766 noti
647 3717 703 3766 et
749 3712 1022 3778 celebres,
1076 3728 1194 3766 non
1244 3713 1330 3766 sui
1385 3715 1664 3785 cujusque
1712 3716 1980 3782 auctoris,

287 3802 386 3855 sed
437 3800 550 3854 alio
599 3800 898 3854 celebriori
936 3803 1169 3855 nomine
1208 3803 1498 3872 allegaret.
1548 3805 1683 3867 Quae
1727 3803 1983 3858 animad-

285 3887 470 3942 versio
519 3887 783 3959 perutilis
829 3887 936 3942 erit
976 3888 1038 3942 in
1085 3889 1344 3958 legendis
1377 3891 1808 3945 collectionibus
1840 3893 1978 3945 Bur~

286 3976 497 4030 chardo
544 3975 981 4046 posterioribus,
1017 3993 1082 4030 ex
1129 3993 1212 4048 gr.
1249 3979 1432 4032 Ivonis
1473 3984 1530 4032 et
1574 3979 1849 4046 Gratiani,
1882 3981 1981 4050 qui

287 4067 455 4135 plura
508 4064 765 4134 ejusdem
824 4065 1051 4135 generis
1109 4083 1178 4119 ex
1238 4068 1560 4122 Burchardo
1619 4074 1977 4137 receperunt.

285 4153 448 4208 Illam
487 4168 655 4223 porro
688 4152 915 4207 laudem
947 4153 1081 4207 huic
1108 4155 1427 4209 collectioni
1458 4172 1657 4210 omnes
1689 4157 1981 4223 tribuunt;

286 4241 439 4312 quod
471 4241 808 4295 methodum
853 4241 986 4295 satis
1033 4247 1224 4312 aptam
1260 4249 1554 4314 sequatur,
1605 4259 1669 4296 ac
1705 4249 1980 4314 praeterea

285 4346 532 4384 canones
586 4330 807 4399 aliquot
852 4329 1229 4384 conciliorum
1277 4331 1594 4385 Germaniae
1648 4331 1979 4400 posterioris

284 4418 560 4488 temporis
607 4419 919 4485 contineat,
963 4419 1064 4489 qui
1110 4421 1196 4473 vel
1232 4419 1290 4472 in
1337 4418 1644 4473 rarissimis
1691 4421 1980 4475 codicibus

284 4505 676 4567 inveniuntur,
711 4506 800 4559 vel
849 4505 1022 4560 etiam
1059 4505 1334 4560 lectiones
1361 4506 1677 4576 praferunt
1709 4507 1976 4576 optimas,

284 4609 348 4647 ex
380 4591 586 4662 quibus
616 4593 831 4664 vulgati
865 4594 1161 4649 emendari
1190 4599 1428 4665 queunt.

354 4685 404 4735 6.
449 4683 569 4736 Duo
620 4683 854 4736 tandem
903 4683 1165 4736 omittere
1216 4683 1505 4738 nolumus.
1559 4684 1750 4739 Primo
1784 4685 1844 4739 in
1893 4686 1981 4740 bi-

281 4770 569 4824 bliotheca
598 4771 866 4825 Vaticana
898 4771 1021 4824 sine
1069 4771 1315 4825 auctoris
1345 4772 1581 4827 nomine
1610 4777 1794 4828 exstat
1823 4780 1980 4829 vetus

282 4860 456 4913 codex
515 4860 654 4914 4227
723 4860 1028 4930 inscriptus
1093 4861 1368 4916 Corrector
1433 4866 1491 4915 et
1554 4863 1817 4931 Medicus,
1886 4864 1979 4918 cui

280 4941 526 4996 similem
579 4943 639 4997 in
668 4945 1014 4999 bibliotheca
1059 4944 1366 4998 Parisiensi
1421 4945 1484 5000 S.
1543 4947 1785 5001 Victoris
1836 4947 1980 5003 vidit

279 5030 451 5084 etiam
525 5031 768 5086 Jacobus
843 5032 1007 5100 Petit,
1086 5049 1150 5087 ac
1223 5049 1290 5087 ex
1365 5035 1569 5092 eodem
1643 5041 1976 5108 excerptum

280 5117 438 5173 dedit
495 5118 556 5173 in
596 5120 979 5176 Paenitentiali
1034 5120 1316 5176 Theodori
1367 5127 1507 5176 tom.
1566 5123 1608 5190 Ι,
1662 5140 1793 5194 pag.
1850 5127 1973 5180 358.

2092 3185 2435 3254 temporibus.
2470 3190 2576 3240 etc.
2624 3185 2745 3239 Mox
2778 3186 2930 3239 idem
2982 3186 3156 3240 codex
3194 3186 3487 3257 productis
3529 3186 3792 3240 numeris

2090 3275 2243 3345 apud
2297 3274 2682 3328 Bnrchardum
2749 3277 2867 3339 154,
2930 3278 3028 3330 155
3081 3281 3138 3329 et
3202 3279 3316 3342 156,
3378 3277 3638 3345 praeterit
3688 3293 3788 3330 sex

2089 3377 2360 3416 numeros
2408 3369 2710 3433 sequentes
2758 3380 2788 3416 a
2818 3379 2978 3418 num.
3038 3367 3156 3431 l57,
3201 3366 3402 3420 Fecisti
3449 3365 3593 3432 quod
3639 3381 3788 3432 quae-

2089 3450 2216 3503 dam
2265 3451 2512 3504 mulieres
2541 3453 2719 3516 facere
2767 3453 2956 3519 solent,
2987 3458 3048 3505 ut
3077 3467 3195 3506 cum
3240 3453 3353 3521 ﬁlio
3399 3457 3487 3506 tuo
3527 3454 3786 3521 parvulo,

2089 3544 2220 3603 etc.,
2256 3555 2435 3609 usque
2482 3539 2551 3593 ad
2591 3555 2752 3592 num.
2807 3543 2920 3594 l62.
2983 3541 3205 3595 Profert
3245 3547 3434 3596 autem
3475 3557 3786 3595 numerum

2094 3630 2214 3696 163,
2270 3629 2603 3692 Interfecisti
2641 3627 2817 3696 ﬁlium
2862 3630 2946 3683 vel
2994 3631 3186 3697 ﬁliam,
3220 3634 3352 3691 etc.,
3401 3646 3531 3682 cum
3561 3629 3790 3683 duobus

2089 3716 2481 3786 sequentibus.
2541 3717 2708 3770 Caret
2762 3733 2920 3772 num.
2987 3721 3105 3783 166,
3159 3720 3404 3774 Gustasti
3450 3718 3514 3770 de
3564 3721 3786 3781 semine,

2090 3809 2198 3856 etc.
2259 3804 2401 3856 Tum
2461 3803 2743 3873 descripto
2805 3820 3044 3858 numero
3098 3809 3216 3872 167,
3271 3806 3470 3860 Bibisti
3523 3806 3787 3870 chrisma,

2090 3895 2220 3957 etc.,
2257 3891 2470 3944 omittit
2517 3896 2748 3946 caeteros
2804 3894 3242 3962 quatuordecim
3275 3910 3306 3946 a
3356 3909 3514 3946 num.
3567 3895 3667 3947 168
3699 3909 3792 3946 us-

2091 3996 2202 4049 que
2247 3980 2316 4033 ad
2353 3982 2470 4041 181,
2504 3985 2673 4050 atque
2705 3981 2993 4035 concludit
3023 3998 3152 4035 cum
3207 3980 3644 4036 Burchardianis
3680 3998 3790 4035 nu-

2091 4066 2264 4120 meris
2306 4069 2426 4132 182,
2469 4069 2801 4136 Oppressisti
2859 4071 3146 4138 infantem,
3215 4076 3271 4124 et
3339 4075 3458 4135 t83,
3527 4072 3794 4124 Invenisti

2090 4156 2378 4220 infantem.
2417 4157 2778 4211 Burchardus
2827 4157 2983 4212 addit
3025 4151 3086 4212 in
3133 4159 3247 4213 ﬁne
3281 4160 3543 4213 undecim
3578 4175 3790 4213 nume-

2091 4259 2204 4307 ros,
2258 4243 2357 4314 qui
2411 4244 2470 4297 in
2510 4245 2701 4298 codice
2767 4261 2884 4299 non
2951 4247 3336 4316 reperiuntur.
3391 4248 3791 4302 Paenitentiale

2089 4330 2263 4399 hujus
2301 4331 2511 4385 codicis
2543 4331 2894 4388 Germanicis
2919 4333 3182 4387 Ecclesiis
3214 4335 3492 4389 usitatum
3532 4336 3792 4390 indicant

2088 4417 2243 4472 inter
2286 4424 2520 4473 caeteros
2571 4420 2684 4475 duo
2741 4423 2989 4489 numeri,
3040 4422 3100 4475 in
3159 4423 3366 4494 quibus
3421 4424 3789 4478 Theutonicas

2090 4505 2396 4560 locutionis
2437 4507 2502 4561 ﬁt
2532 4509 2771 4562 mentio.
2809 4510 2979 4563 Num.
3010 4512 3099 4576 30,
3153 4511 3298 4578 quod
3335 4511 3660 4566 Theutonice
3705 4529 3792 4566 ca-

2090 4598 2218 4649 rina
2267 4601 2518 4660 vocatur;
2571 4601 2627 4650 et
2671 4613 2799 4668 quae
2845 4613 3006 4651 num.
3063 4601 3151 4652 151
3201 4600 3348 4670 apud
3395 4601 3789 4654 Bnrchardum

2089 4684 2425 4748 eﬂ'eruntur,
2482 4685 2627 4752 quod
2688 4687 2935 4754 vulgaris
2999 4686 3238 4742 Stultitia
3313 4689 3596 4756 Werwol/f
3633 4695 3793 4743 rocat

2086 4771 2146 4824 in
2178 4771 2373 4826 codice
2419 4772 2821 4842 exprimuntur
2869 4773 2986 4827 sic:
3021 4775 3166 4844 quod
3211 4777 3510 4830 theutonice
3559 4777 3791 4831 Werewl

2085 4865 2329 4915 vocatur.
2379 4861 2562 4914 Facile
2611 4866 2802 4916 autem
2837 4879 2905 4916 ex
2955 4863 3118 4918 dictis
3145 4864 3428 4934 conjicere
3460 4863 3593 4918 licet
3639 4866 3790 4918 Bur—

2086 4947 2362 5002 chardum
2393 4949 2499 5002 hoc
2549 4950 2946 5005 Pmnitentiale
2980 4952 3134 5022 apud
3166 4969 3300 5007 suos
3345 4957 3636 5023 receptum
3679 4953 3792 5007 col-

2087 5036 2317 5090 lectioni
2359 5037 2687 5105 inseruisse,
2734 5042 2790 5093 et
2819 5056 2882 5093 ex
2915 5040 3040 5093 aliis
3087 5041 3580 5096 Poenitentialibus
3626 5041 3788 5096 addi-

2087 5124 2237 5180 disse
2267 5141 2398 5198 quas
2430 5125 2493 5180 in
2520 5143 2588 5181 eo
2614 5126 3030 5184 desiderantur.
