3956 6308
128 419 237 471 505

205 422 237 471 5
1339 416 1682 471 ΡΒΟΕΕΜΙΑ.
1725 446 1792 456 -
1835 416 1993 472 VITA
2034 415 2451 472 BURCHABDL

3546 422 3648 474 506

774 695 1146 797 VITA
1232 695 2178 800 BURCHARDI
2270 697 3016 802 EPISCOPI

1450 904 1723 957 EDENTE
1761 904 1821 957 G.
1867 904 2084 957 WAlTZ
2124 906 2233 959 PH.
2283 906 2348 959 D.

679 1060 865 1132 (Apud
917 1061 1099 1127 Pertz,
1148 1062 1492 1117 Monumenta
1548 1062 1848 1118 Germaniae
1895 1063 2155 1118 historica
2192 1063 2395 1136 Script.
2449 1068 2585 1119 tom.
2640 1065 2727 1131 IV,
2777 1081 2905 1136 pag.
2952 1068 3103 1135 8'29.)

1840 1227 2097 1237 ————_

1601 1383 2204 1457 MONITUM.

215 1535 532 1588 Burchardi
601 1534 1027 1590 Wormatiensis
1102 1535 1354 1608 episcopi
1416 1536 1621 1603 Vitam,
1674 1539 1914 1592 rebusA
1954 1537 2022 1591 cl.
2076 1537 2473 1593 Schouemauu
2524 1536 2787 1607 precibus
2829 1535 3038 1590 nostris
3085 1535 3250 1590 solita
3296 1535 3650 1590 humanitate

138 1623 393 1693 publicis
448 1628 506 1677 et
536 1623 771 1693 privatis
802 1624 1012 1678 claram
1054 1628 1229 1695 atque
1269 1626 1549 1680 celebrem
1582 1626 1703 1697 (Γ),
1733 1627 1846 1680 cle-

137 1713 295 1765 ricus
327 1712 598 1782 exposuit.
624 1712 1074 1779 Wormatiensis,
1108 1713 1207 1783 qui
1238 1712 1401 1767 illum
1436 1714 1651 1768 viderat
1689 1715 1847 1785 ejus-

136 1816 256 1872 que
292 1801 468 1853 morti
502 1800 761 1855 adfuerat
794 1804 889 1867 (2).
933 1801 1097 1865 Quod
1137 1817 1345 1855 munus
1374 1819 1489 1873 quo
1521 1803 1761 1857 consilio
1794 1807 1850 1857 et

141 1905 261 1960 quo
296 1889 493 1942 animo
523 1890 856 1960 susceperit,
909 1889 1029 1960 ipse
1064 1889 1122 1943 in
1164 1890 1502 1959 praefatione
1549 1892 1715 1946 latius
1762 1908 1849 1946 ex-

140 1977 345 2049 plicat,
388 1993 499 2047 qua
532 1977 744 2031 librum
775 1978 1046 2049 episcopo
1076 1979 1302 2033 cuidam
1346 1979 1625 2049 inscribit,
1676 1997 1848 2052 quem

143 2066 484 2119 Burchardo
542 2064 1053 2121 familiarissimum
1114 2071 1169 2120 et
1226 2067 1635 2121 amicissimum
1673 2108 1686 2131 ,
1743 2068 1851 2123 sibi

142 2170 283 2207 vero
354 2152 529 2208 fuisse
588 2154 925 2224 magistrum
985 2160 1042 2209 et
1096 2156 1342 2209 alterum
1406 2156 1567 2225 quasi
1628 2161 1848 2225 patrem

144 2242 497 2313 profitetur;
540 2243 701 2311 cujus
739 2259 951 2297 nomen
984 2260 1116 2297 vero
1137 2243 1456 2314 iudagitare
1485 2244 1718 2315 nequivi
1748 2246 1845 2314 (3).

146 2331 317 2385 Certe
366 2330 585 2400 aliquot
634 2334 763 2400 post
816 2332 1123 2386 Burchardi
1168 2324 1417 2386 mortem
1451 2333 1615 2386 anuis
1645 2334 1852 2387 exactis

146 2417 448 2488 scripsisse
478 2417 702 2472 videtur
734 2419 839 2489 (4);
894 2421 989 2474 sed
1024 2439 1051 2471 «
1096 2436 1222 2491 qua:
1255 2421 1470 2474 viderat
1517 2425 1573 2474 et
1604 2438 1730 2491 qua
1762 2438 1850 2475 re-

146 2505 375 2575 ligiosis
426 2504 561 2557 viris
609 2506 989 2560 referentibus
1030 2507 1179 2561 bona
1228 2508 1296 2561 de
1346 2508 1443 2561 illo
1485 2507 1778 2575 didicerat,
1823 2528 1849 2559 »

146 2593 476 2647 luculenter
524 2593 818 2648 memorias
852 2594 1082 2649 tradidit
1131 2600 1186 2649 et
1216 2596 1468 2650 historiae
1501 2612 1851 2649 monumen-

147 2686 276 2735 tum
311 2681 625 2752 pretiosum
666 2688 723 2736 et
753 2683 945 2753 magni
978 2683 1300 2738 faciendum
1330 2685 1568 2754 posteris
1596 2684 1847 2755 reliquit.

221 2770 355 2823 Haec
407 2768 533 2822 Vita
594 2785 745 2838 vero,
806 2787 910 2841 per
966 2772 1220 2826 medium
1273 2788 1459 2826 sevum
1516 2788 1547 2825 a
1596 2774 1847 2838 nemine,

150 2858 311 2929 quod
343 2856 541 2927 sciam,
569 2858 732 2925 lecta,
782 2860 930 2930 quod
964 2861 1135 2913 etiam
1182 2878 1211 2914 a
1253 2861 1661 2914 recentioribus
1690 2862 1849 2915 valde

151 2945 493 3017 negligitur,
526 2947 790 3000 editionis
836 2948 1021 3001 unica-‘2
1060 2948 1263 3001 raritas
1306 2949 1363 3001 in
1412 2965 1580 3002 causa
1610 2966 1731 3002 esse
1764 2948 1850 3001 vi-

150 3036 341 3089 detur.
394 3035 610 3091 Prodiit
640 3037 791 3090 enim
832 3039 1005 3090 semel
1037 3042 1260 3091 tantum
1310 3037 1369 3091 in
1417 3036 1726 3102 volumine,
1760 3036 1851 3090 cui

149 3126 355 3178 titulus
384 3144 400 3179 :

228 3214 281 3284 l)
336 3216 399 3268 D.
463 3214 771 3268 Burchardi
833 3217 1246 3269 Wormaciensis
1302 3215 1445 3270 Eccl.
1521 3217 1683 3284 episc.
1753 3214 1850 3267 de-

154 3306 423 3356 cretorum
454 3303 585 3355 lib-ri
624 3303 746 3356 XX.
800 3333 868 3341 —
918 3304 1063 3370 Opus
1102 3319 1243 3356 nunc
1286 3306 1529 3372 primum
1574 3318 1849 3357 excusum.

155 3392 415 3456 Colonia,
468 3405 535 3443 ea:
600 3392 823 3458 officina
872 3392 1176 3445 Melchioris
1228 3394 1520 3447 Νουθεὶαηί
1568 3394 1701 3445 1548
1749 3393 1848 3458 fol.

156 3479 317 3531 Hunc
344 3478 577 3544 librum,
611 3483 725 3531 tam
766 3479 826 3532 in
858 3478 1204 3532 bibliotheca
1246 3480 1403 3549 regia
1438 3480 1854 3533 Hannoveraua

156 3562 330 3636 quam
384 3566 737 3636 Gottiugeusi
768 3572 823 3619 et
873 3568 1226 3621 Berolinensi
1269 3568 1480 3621 frustra
1509 3568 1848 3638 'quzesitum,

157 3671 223 3708 ex
279 3656 457 3709 ubere
500 3653 601 3709 illo
656 3655 906 3709 liborum
958 3656 1225 3710 thesauro
1280 3656 1737 3729 Guelferbytauo,
1784 3658 1848 3710 V.

1956 1630 2269 1693 annuente,
2338 1624 2681 1695 accepimus,
2745 1629 2916 1695 atque
2971 1640 3037 1677 ex
3096 1640 3162 1677 eo
3224 1624 3409 1678 Vitam
3468 1624 3648 1686 illam,

1957 1714 2118 1783 cujus
2169 1714 2290 1783 jam
2355 1713 2607 1767 codicem
2666 1713 2912 1778 nullum,
2976 1711 3291 1765 Wormatia
3347 1728 3397 1765 a.
3456 1714 3586 1766 1689
3621 1727 3653 1765 a

1959 1801 2344 1871 Francogallis
2390 1800 2773 1855 funestissime
2833 1800 3024 1855 diruta
3087 1805 3143 1853 et
3188 1800 3441 1866 incensa,
3492 1800 3653 1853 iuve-

1956 1890 2068 1945 niri
2100 1894 2263 1961 puto,
2295 1890 2729 1961 exprimendam
2778 1889 2992 1945 curavi.
3048 1889 3265 1958 Editor,
3316 1888 3417 1959 qui
3467 1889 3651 1942 Vitam

1959 1984 2086 2050 post
2141 1980 2356 2034 decreti
2423 1979 2803 2049 capitulorum
2855 1978 3105 2032 indicem
3180 1977 3390 2046 posuit,
3461 1978 3652 2032 codice

1957 2068 2106 2121 bono
2139 2068 2276 2121 satis
2315 2072 2575 2122 accurate
2627 2083 2763 2121 usus
2800 2083 2920 2120 esse
2968 2067 3211 2131 videtur,
3264 2065 3343 2119 ita
3398 2072 3460 2120 ut
3504 2082 3651 2120 non-

1960 2156 2070 2210 nisi
2113 2156 2326 2210 leviora
2357 2156 2620 2226 quaadam
2669 2156 2974 2209 emendare
3016 2160 3253 2209 conatus
3304 2156 3427 2208 sim.
3470 2156 3652 2218 Quam

1960 2244 2030 2298 ad
2060 2260 2179 2298 rem
2213 2244 2470 2298 adhibui.

2028 2333 2082 2405 2)
2126 2333 2445 2388 Chronicon
2501 2332 2935 2397 Wormatieuse,
2986 2331 3140 2402 quod
3184 2333 3393 2386 seculo
3440 2348 3533 2386 xvi
3562 2331 3651 2385 in-

1960 2421 2205 2491 cipiente
2266 2421 2582 2475 monachus
2646 2420 2878 2490 quidam
2937 2419 3342 2490 Kirsgarteusis
3402 2420 3654 2474 conscri-

1961 2511 2091 2580 psit.
2146 2510 2246 2565 Hic
2299 2510 2454 2563 enim
2511 2525 2523 2563 :
2582 2531 2601 2556 «
2653 2509 3028 2571 Borchardus,
3078 2509 3285 2579 inquit,
3338 2508 3654 2563 sedecimus

1961 2598 2258 2669 episcopus
2289 2596 2715 2651 Wormatieusis
2772 2597 2897 2663 fuit,
2956 2598 3117 2666 cujus
3167 2597 3472 2653 Historiam
3522 2601 3653 2650 ante

1960 2703 2141 2740 annos
2175 2686 2380 2755 viginti
2428 2674 2713 2756 quinque.
2736 2685 3062 2738 invenimus
3107 2685 3177 2739 ad
3208 2686 3475 2740 Sanctum
3506 2687 3648 2739 Pau-

1961 2776 2099 2828 lum.
2132 2773 2407 2829 Similiter
2436 2778 2493 2827 et
2531 2773 2591 2826 in
2632 2771 2836 2843 majori
2866 2772 3101 2826 ecclesia
3148 2773 3425 2840 habetur;
3478 2790 3651 2844 quam

1959 2860 2049 2914 hic
2079 2862 2147 2914 ad
2180 2860 2409 2914 laudem
2456 2859 2693 2913 civitatis
2743 2865 2951 2913 nostrae
2991 2859 3060 2913 de
3095 2860 3264 2913 verbo
3297 2860 3365 2913 ad
3415 2861 3654 2913 verbum

1961 2954 2263 3002 annectere
2310 2948 2438 3001 volo
2478 2953 2652 3018 prout
2698 2947 2927 3001 invenio
2960 2946 3307 3017 scriptam.»
3344 2948 3537 3018 Neque
3575 2955 3655 3002 ta-

1963 3053 2094 3091 men
2126 3043 2241 3090 tam
2271 3036 2516 3091 ﬁdeliter
2545 3037 2643 3090 illa
2683 3053 2820 3090 usus
2860 3042 2963 3101 est,
3015 3037 3111 3090 sed
3144 3052 3465 3089 sermonem
3501 3053 3653 3106 saepe

1961 3125 2221 3190 mutavit,
2268 3125 2375 3178 alia
2407 3125 2646 3191 addidit,
2695 3125 2804 3178 alia
2836 3126 3047 3192 omisit,
3096 3131 3152 3178 et
3198 3142 3342 3195 opus
3373 3126 3507 3178 satis
3554 3128 3650 3179 de-

1962 3220 2256 3285 pravatum
2297 3214 2566 3268 reddidit.
2620 3215 2738 3268 Huc
2783 3215 2998 3268 accedit
3044 3216 3195 3285 quod
3245 3222 3361 3268 tam
3410 3216 3655 3270 Ludewi-

1962 3303 2041 3372 gii
2098 3303 2268 3356 editio
2300 3302 2495 3371 (Reliq.
2545 3318 2672 3356 mss.
2726 3303 2791 3369 Il,
2847 3320 2900 3373 p.
2948 3303 3138 3369 43-72)
3186 3319 3357 3373 quam
3410 3303 3647 3367 codices,

1962 3407 2103 3462 quos
2136 3392 2242 3442 VV.
2274 3391 2372 3444 Cll.
2413 3391 2658 3444 Bohmer
2705 3396 2761 3444 et
2819 3392 3082 3443 Peterseu
3130 3392 3403 3444 benevole
3459 3391 3649 3445 nobis-

1961 3496 2090 3532 cum
2147 3479 2661 3542 communicarunt,
2722 3478 3207 3532 Francofurtensis
3248 3479 3320 3549 (ὅ)
3366 3484 3424 3532 et
3480 3480 3649 3532 Ham-

1960 3567 2264 3637 burgeusis
2297 3568 2393 3638 (6),
2437 3573 2676 3636 uterque
2708 3568 2913 3619 saeculo
2961 3582 3070 3619 xm
3120 3566 3379 3635 scriptus,
3432 3564 3652 3618 mendis

1961 3655 2287 3710 fmdissimis
2345 3659 2577 3723 scatent,
2621 3671 2751 3725 quae
2799 3671 2873 3708 an
2932 3654 3314 3725 Kirsgartensi
3373 3653 3651 3708 monacho

1778 3781 2004 3835 NOT/E.

230 3874 336 3945 (l')
370 3876 504 3946 Ejus
535 3876 873 3930 memoriam
906 3893 1030 3931 saec.
1085 3894 1163 3931 xu
1217 3882 1453 3932 exeunte
1485 3878 1656 3932 etiam
1687 3880 1853 3932 llere—

158 3960 406 3999 manuus
450 3946 686 4000 clericus
718 3948 1145 4001 Wormatiensis
1192 3949 1251 4001 in
1303 3949 1650 4003 chartulario
1690 3950 1851 4002 Wor-

161 4017 422 4089 matiensi
458 4018 741 4089 celebrat,
775 4020 935 4088 cujus
985 4020 1173 4072 locum
1220 4020 1338 4089 jam
1392 4020 1528 4073 olim
1569 4036 1697 4073 cum
1730 4021 1855 4073 Vita

159 4088 400 4160 editum,
456 4088 548 4141 hic
604 4105 832 4159 quoque
886 4106 953 4143 ex
1004 4091 1127 4144 cod.
1189 4088 1656 4160 praestantissimo
1714 4091 1850 4144 bibl.

159 4158 329 4225 regiae
374 4158 798 4214 Hannoveranae
834 4161 977 4214 mbr.
1031 4178 1073 4214 s.
1129 4158 1207 4214 xu
1251 4177 1314 4213 ex
1351 4162 1447 4215 fol.
1482 4165 1547 4215 25
1584 4163 1853 4215 exhiben-

158 4229 294 4282 dum
330 4229 600 4284 duximus
633 4247 646 4283 :
684 4250 711 4281 α
750 4232 1005 4285 INCIPIT
1064 4232 1427 4286 PROLOGUS
1488 4233 1577 4285 DE
1636 4233 1851 4286 PRIVl-

162 4301 382 4355 LEGIIS
458 4300 859 4356 BURCHARDI
932 4302 1263 4356 WORMAT.
1326 4302 1651 4357 ECCLESIE
1718 4304 1853 4356 EPI-

158 4371 377 4425 SCOPI.
427 4372 689 4442 Decursis
736 4373 1150 4426 venerabilium
1206 4372 1527 4427 antistitum
1578 4373 1853 4442 tempori-

158 4442 281 4506 bus,
338 4441 549 4511 quibus
612 4442 916 4496 Ecclesiam
969 4443 1442 4497 Wormatieusem
1493 4443 1602 4497 sibi
1650 4441 1710 4496 a7
1740 4445 1855 4498 Deo

161 4514 526 4585 commissam
559 4513 624 4585 in
689 4514 869 4585 undis
907 4513 1262 4569 diversarum
1330 4515 1706 4585 procellarum
1763 4532 1857 4567 se-

158 4586 409 4637 cundum
442 4584 698 4638 debitum
730 4584 899 4639 oftitii
942 4585 1031 4639 sui
1074 4584 1347 4655 pervigili
1385 4601 1523 4640 cura
1572 4586 1857 4654 guberna-

160 4655 316 4726 bant,
352 4659 409 4707 et
438 4670 559 4707 eam
611 4657 695 4708 vel
726 4655 957 4726 propria
1012 4656 1313 4726 largitione
1358 4658 1447 4711 vel
1506 4673 1705 4725 regum
1758 4673 1858 4710 seu

161 4724 574 4794 imperatorum
608 4724 911 4780 traditione
940 4724 1322 4795 facultatibus,
1372 4724 1688 4781 honoribus
1728 4744 1859 4781 exu-

161 4795 459 4849 berantem
518 4797 893 4866 reliquerant,
950 4799 1336 4853 accedendum
1398 4798 1562 4852 nobis
1638 4804 1723 4851 est
1787 4798 1855 4851 ad

160 4866 463 4939 introitum
520 4866 599 4937 pii
649 4869 893 4939 pastoris
959 4875 1016 4922 et
1063 4876 1321 4939 tempora
1373 4869 1684 4923 Burchardi
1734 4869 1856 4939 epi-

162 4937 334 5007 scopi,
369 4937 531 5020 cuj‘u‘s
570 4937 1572 5020 memoria-propter.prerogativam
1620 4937 1857 5020 merito-

161 5024 284 5088 rum
316 5008 470 5088 apud
500 5008 765 5062 homines
795 5008 891 5062 esti
932 5008 1169 5064 celebris
1215 5016 1272 5064 et
1304 5008 1363 5064 in
1413 5018 1719 5081 conspectu
1761 5010 1860 5065 Al-

164 5080 781 5152 tissimrimmortalis.
843 5080 951 5145 Qui
1000 5082 1247 5152 qualiter
1294 5098 1354 5135 se
1412 5082 1472 5135 in
1523 5083 1851 5151 episcopatu

1961 3885 2071 3945 tus,
2122 3878 2228 3931 hoc
2272 3876 2464 3930 civitas
2505 3876 2782 3930 adornata
2809 3886 2865 3929 et
2894 3876 3150 3943 adaucta,
3200 3876 3306 3929 hoc
3355 3875 3653 3929 universus

1963 3951 2319 4019 episcopatus
2365 3948 2535 4001 rebus
2587 3952 2641 3999 et
2709 3948 2882 4019 largis
2923 3947 3393 4019 possessionibus
3422 3948 3651 4009 ditatus,

1962 4018 2068 4073 hoc
2122 4024 2400 4073 testantur
2443 4018 2918 4087 congregationes
2972 4018 3140 4087 hujus
3202 4018 3463 4081 ecclesie,
3514 4033 3654 4088 quas

1964 4091 2081 4160 ipse
2114 4090 2467 4159 permodicas
2510 4090 2826 4150 inveniens,
2876 4088 3274 4157 largitionibus
3318 4088 3655 4141 habundan-

1963 4159 2050 4213 ter
2079 4161 2373 4230 ampliavit
2413 4161 2497 4212 vel
2531 4176 2595 4212 ex
2629 4176 2773 4211 novo
2804 4159 3074 4224 instituit,
3120 4174 3351 4230 corpus,
3374 4173 3654 4230 canonum

1962 4232 2019 4285 in
2051 4228 2224 4284 uuam
2268 4230 2469 4283 faciem
2516 4235 2798 4283 castorum
2832 4230 3188 4299 eloquiorum
3240 4229 3419 4281 multo
3460 4228 3653 4281 labore.

1963 4302 2213 4370 collegit,
2262 4302 2447 4371 legem
2492 4301 2794 4369 specialem
2857 4300 3067 4353 familie
3124 4300 3319 4371 sancti
3363 4299 3536 4365 Petri,
3574 4303 3656 4371 _ut

1963 4367 2379 4432 infra'videtuvr,
2413 4367 2590 4436 dedit,
2622 4376 2676 4424 et
2710 4378 2770 4424 ut
2812 4370 3059 4423 breviter
3087 4369 3445 4435 concludam,
3476 4367 3652 4421 eccle-

1964 4442 2105 4497 siam
2138 4442 2612 4496 Wormatieusem
2642 4442 2701 4495 in
2752 4441 3071 4495 meridiano
3117 4442 3421 4510 splendore
3470 4438 3654 4493 omni-

1966 4515 2071 4567 bus
2116 4513 2283 4568 bonis
2324 4514 2606 4566 lucentem
2639 4512 2879 4566 feliciter
2925 4511 3176 4582 reliquit,
3212 4514 3365 4565 unde
3417 4513 3476 4566 l3
3529 4511 3648 4564 Kal.

1967 4584 2283 4654 Septembr.
2336 4584 2395 4636 in
2445 4600 2581 4653 pace
2632 4583 2810 4637 factus
2863 4588 2950 4636 est
3006 4581 3161 4637 locus
3212 4582 3335 4654 ejus
3394 4587 3451 4637 et
3504 4581 3656 4652 apud

1965 4656 2231 4710 Sanctum
2261 4654 2629 4708 Laurentium
2656 4655 2933 4725 sepultus.
2971 4672 2998 4703 ι)

2038 4725 2112 4778 (2)
2145 4725 2203 4778 C.
2234 4727 2415 4778 20-23.

2447 4795 2545 4864 qui
2574 4800 2702 4865 post
2733 4794 3122 4848 Burchardum
3154 4794 3447 4849 ecclesiam
3492 4793 3653 4847 Wor-

1966 4868 2306 4921 matieusem
2355 4867 2523 4934 rexit,
2566 4868 2656 4920 vix
2707 4865 2952 4935 intelligi
2990 4872 3194 4935 potest,
3246 4881 3426 4936 quum
3458 4870 3658 4919 auctor

1969 4954 2253 5009 nusquam
2283 4937 2525 4991 alterum
2559 4937 2801 5009 alterius
2841 4952 3223 5009 successorem
3274 4936 3506 4990 iudicet.
3549 4936 3655 5009 Ne-

1969 5006 2305 5078 que—verba
2358 5024 2405 5061 c.
2458 5011 2526 5061 20
2568 5024 2580 5060 :
2636 5008 2734 5062 illo
2786 5007 3152 5078 (Burchardo)
3199 5012 3406 5061 mortuo
3462 5009 3520 5059 in
3564 5006 3657 5058 hoc

1908 5116 1929 5134 η
1969 5076 2077 5133 loco
2118 5078 2333 5134 nullum
2377 5080 2464 5132 sui
2504 5079 2830 5132 consimilem
2876 5084 2985 5131 tam
3029 5076 3341 5131 clarissima
3388 5079 3511 5131 vita
3548 5091 3659 5129 esse

163 5148 448 5223 habuerit,
481 5165 597 5203 non
628 5155 715 5223 est
755 5148 1135 5223 necessarium
1167 5153 1353 5207 verbis
1382 5148 1687 5223 exponere,
1715 5148 1851 5206 cum
1892 5148 1931 5170 υ
1961 5154 2231 5216 futurum,
2257 5151 2318 5223 in
2350 5150 2497 5204 libro
2521 5149 2833 5203 Azzechoui
2865 5149 3077 5202 directa
3102 5148 3440 5218 scripsisset.

165 5220 312 5273 fama
338 5218 618 5274 virtutum
649 5222 770 5291 ejus
800 5222 1015 5293 ubique
1062 5228 1345 5277 terrarum
1376 5218 1746 5293 comprobata
1782 5226 1854 5277 sit

166 5306 397 5364 operum
459 5292 838 5360 attestatione,
898 5292 956 5347 et
1009 5300 1073 5347 ut
1130 5311 1270 5364 pace
1328 5292 1584 5348 omnium
1644 5294 1850 5359 dicam,

166 5361 293 5432 licet.
334 5363 529 5432 plures
573 5364 953 5431 precesseriut
991 5361 1270 5418 eum—viri
1319 5365 1475 5418 mirae
1519 5365 1851 5431 sanctitatis,

166 5431 221 5484 iu
258 5431 858 5505 sede‘Wormatiensi,
912 5440 1168 5505 respectu
1218 5437 1340 5505 ejus
1388 5435 1756 5505 plantatiouis
1799 5440 1855 5488 et

170 5502 720 5572 superediﬁcationis
769 5502 1019 5559 ecclesia
1050 5505 1157 5559 ista
1206 5502 1323 5560 tam
1372 5502 1430 5560 in
1462 5505 1854 5573 spiritualibus

170 5589 335 5642 quam
366 5573 431 5647 iu
456 5575 873 5644 temporalibus
924 5581 1044 5630 erat
1075 5577 1238 5647 quasi
1276 5578 1552 5631 informis.
1606 5578 1721 5630 Hoc
1765 5581 1851 5630 te-

171 5648 343 5698 statur
389 5646 574 5700 clerus
621 5652 678 5701 et
718 5647 987 5719 populus,
1034 5646 1272 5719 paterna
1312 5648 1614 5702 dilectione
1647 5648 1851 5701 educa-

2036 5222 2108 5292 (4)
2140 5222 2315 5288 Prol.,
2350 5237 2397 5274 c.
2432 5224 2484 5274 2.
3614 5286 3624 5297 .

2034 5294 2119 5369 (5)
2269 5291 2488 5373 Archiv.
2523 5308 2563 5373 1,
2615 5306 2673 5360 p.
2725 5293 2845 5345 323.
2900 5289 3082 5354 Liber,
3134 5306 3198 5373 ex
3233 5288 3373 5373 bibl;
3412 5290 3657 5373 Iloannis

1964 5360 2336 5418 Maximiliani
2374 5365 2508 5415 Zum
2535 5364 2782 5433 Jungen,
2819 5378 2862 5414 s.
2896 5377 3004 5414 xvu
3060 5360 3210 5413 med.
3256 5360 3486 5413 iu-folio
3525 5360 3659 5413 scri-

1966 5438 2229 5584 ptilgfsV:
2282 5504 2627 5584 Archiv._vr,
2681 5520 2738 5574 p.
2790 5503 2915 5557 244.
2970 5502 3045 5556 Ex
3074 5502 3198 5558 cod.
3237 5501 3493 5557 Fraucof.
3554 5500 3651 5555 de-

1964 5576 2210 5647 scriptus
2235 5591 2357 5629 esse
2384 5576 2627 5628 videtur.
