3956 6308
303 331 405 383 507

1311 332 1782 390 BURCHARDUS
1821 332 2354 389 WORMACIENSIS
2394 330 2793 388 EPISCOPUS.
3710 336 3808 389 508

299 457 395 505 aut
426 449 625 505 scribis
676 450 959 522 imperitis
1012 452 1125 507 sint
1165 453 1472 509 tribuenda
1517 457 1723 509 nescio.
1775 456 1987 510 Nihilo-
2024 460 2074 515 A
2105 455 2216 510 nisi
2244 455 2389 509 liber
2419 453 2705 508 oblivione
2731 469 2880 524 pene
2919 453 3181 525 sepultus
3225 460 3283 510 et
3311 455 3573 511 codicum
3612 460 3806 511 aucto-

303 540 492 593 minus
522 557 880 611 quaecunque
912 541 1150 612 alicujus
1188 543 1461 597 momenti
1495 561 1616 597 esse
1647 544 1986 598 videbantur

300 630 596 699 lectiones,
649 631 710 684 in
770 636 937 685 notas
994 630 1182 697 retuli,
1240 648 1382 703 quas
1429 638 1585 686 certo
1640 633 1982 699 omisissem,

2094 544 2263 599 ritate
2283 545 2403 615 jam
2433 560 2668 615 prorsus
2695 542 3003 598 destitutus
3046 543 3307 599 edendus
3331 544 3552 599 fuisset.

3260 633 3322 686 G.
3365 634 3591 689 inrz.

1670 942 2432 1020 PROLOGUS‘.

371 1135 551 1189 Vitam
600 1140 870 1206 actusque
923 1136 1113 1190 felices
1153 1137 1303 1191 beati
1334 1137 1516 1192 Patris
1570 1142 1627 1193 et
1661 1138 1993 1193 carissimi’

302 1224 543 1277 senioris
595 1224 708 1277 mei
760 1224 1074 1279 Burchardi
1128 1226 1380 1296 episcopi
1418 1242 1548 1280 cum
1589 1228 1837 1282 scribere
1877 1243 1999 1281 me-

299 1329 424 1367 cum
460 1313 860 1377 deliberarem,
912 1319 995 1378 tu,
1036 1317 1245 1384 praesul
1278 1315 1534 1386 piissime
1566 1317 1649 1384 N.,
1692 1316 1997 1370 occurebas

300 1401 478 1455 menti
526 1418 689 1465 mete,
730 1407 795 1455 ut
826 1402 1049 1456 nomini
1081 1408 1180 1457 tuo
1225 1404 1433 1475 scripta
1480 1404 1880 1475 consignarcm
1911 1410 1998 1457 at-

298 1506 411 1561 que
438 1506 850 1545 consecrarem.
892 1492 1009 1544 Tua
1049 1508 1299 1563 namque
1345 1493 1626 1563 sapientia
1654 1493 1872 1548 cunctis
1915 1497 1998 1547 est

300 1578 548 1649 cognita,
582 1582 637 1632 et
676 1595 789 1632 non
820 1581 1006 1632 solum
1054 1580 1113 1633 in
1146 1582 1414 1651 propriis,
1450 1582 1548 1635 sed
1580 1582 1755 1636 etiam
1799 1582 1859 1635 in
1890 1582 1995 1635 im-

301 1667 618 1737 perialibus
649 1668 847 1721 castris
876 1668 1122 1722 sollertis
1170 1670 1422 1724 hominis
1455 1670 1709 1725 ofﬁcium
1739 1686 1999 1724 exercere

300 1756 372 1809 ab
423 1754 694 1809 omnibus
743 1756 1154 1826 comprobaris.
1210 1758 1516 1813 Ecclesiam
1557 1764 1746 1813 autem
1796 1776 1827 1812 a
1882 1760 2000 1814 Deo

300 1842 405 1897 tibi
470 1842 830 1897 commissam
906 1844 1155 1898 maxima
1208 1847 1544 1901 auctoritate
1602 1846 1882 1901 coustruis
1945 1850 2004 1901 et

302 1931 475 2002 regis,
521 1936 577 1985 et
625 1947 864 1986 summa:
909 1932 995 1985 vir
1038 1933 1267 1987 virtutis
1314 1940 1506 2005 aperte
1556 1935 1903 2005 praedicaris,
1947 1939 2002 1988 et

301 2024 466 2088 pater
508 2035 829 2089 pauperum
868 2036 1298 2092 egenorumque
1348 2022 1615 2077 solatium
1660 2022 1864 2077 merito
1897 2038 2000 2075 no-

302 2106 560 2163 minaris.
594 2108 755 2172 Quod
807 2109 866 2163 in
907 2126 997 2163 me
1042 2110 1249 2164 misero
1281 2110 1638 2181 apertissime
1681 2111 1997 2178 ostendisti,

304 2195 535 2264 quando
568 2212 671 2266 per
719 2196 904 2251 varios
946 2198 1171 2252 labores
1218 2215 1309 2253 me
1355 2200 1517 2253 valde
1561 2200 1911 2253 confractum
1945 2205 2003 2253 et

304 2284 375 2337 ab
404 2284 674 2339 omnibus
705 2286 1037 2355 despectum
1087 2304 1151 2341 ac
1199 2289 1518 2359 projectum
1560 2289 2002 2343 misericorditer

303 2373 571 2443 recepisti
601 2377 791 2444 atque,
834 2380 898 2428 ut
937 2376 1125 2429 decuit
1172 2355 1244 2439 te,
1300 2355 1612 2431 clementer
1647 2378 1998 2432 consulendo
2032 2355 2070 2408 Β

304 2464 493 2515 tecum
524 2460 735 2516 fovisti.
766 2463 941 2529 Talia,
989 2464 1070 2517 mi
1101 2466 1291 2533 Pater,
1330 2482 1465 2535 erga
1513 2471 1570 2519 et
1612 2482 1725 2519 non
1769 2482 1999 2536 prome-

302 2553 551 2602 rentem.
586 2550 710 2603 Non
742 2550 896 2604 enim
936 2568 1060 2622 quae
1103 2553 1408 2607 hominum
1450 2558 1579 2608 sunt
1626 2555 1855 2625 quaeris,
1905 2556 2000 2609 sed

305 2653 431 2708 quae
465 2637 564 2692 Dei
590 2642 743 2705 sunt,
779 2645 841 2692 ut
869 2640 1134 2694 omnibus
1164 2648 1341 2712 patet,
1388 2658 1534 2712 pura
1567 2650 1760 2696 mente
1810 2643 2000 2697 medi-

304 2727 462 2792 taris,
503 2731 559 2779 et
590 2743 707 2780 non
740 2728 808 2782 ad
851 2746 1157 2799 personam
1201 2730 1442 2801 alicujus
1489 2732 1742 2802 respicis,
1778 2733 1873 2785 sed
1907 2748 1999 2786 re-

305 2819 454 2868 ctam
483 2815 722 2869 coelestis
778 2816 1001 2871 itineris
1049 2819 1310 2873 semitam
1358 2836 1557 2889 gressu
1586 2836 1691 2874 nec
1719 2821 2002 2875 titubante

306 2902 583 2972 sequeris.
617 2904 761 2974 Ergo
790 2905 1081 2960 dilectioni
1130 2907 1260 2961 vitae
1302 2912 1412 2962 tuae
1450 2914 1743 2979 perpetuae
1771 2911 2005 2980 conglu-

306 2990 609 3058 tinatione,
669 2993 718 3045 si
780 3009 1066 3063 praesumo
1135 2996 1415 3065 conﬁteri,
1482 2997 1734 3065 sigillum
1795 2999 2003 3053 Christi

308 3076 559 3132 caritatis
587 3080 807 3149 pectori
839 3098 966 3135 meo
999 3082 1341 3153 impressum
1393 3089 1493 3138 est.
1546 3084 1811 3149 Quamvis
1847 3084 2003 3139 enim

307 3167 504 3237 inopia
548 3168 632 3222 rei
675 3169 972 3224 familiaris
1013 3171 1073 3224 in
1107 3172 1363 3242 exequiis
1404 3173 1736 3228 exhibendis
1781 3174 2002 3245 copiam

308 3255 455 3309 mihi
486 3256 799 3326 negaverit,
842 3263 1035 3312 tamen
1079 3275 1208 3312 mea
1240 3260 1505 3313 voluntas
1538 3276 1765 3331 semper
1802 3262 2004 3315 devota

306 3343 369 3399 in
401 3344 622 3399 Christo
650 3346 753 3401 tibi
784 3348 1057 3401 manebit.
1093 3348 1249 3402 Unde
1293 3349 1515 3403 nomini
1557 3355 1651 3403 tuo
1683 3349 1835 3405 istud
1865 3367 2002 3404 con-

306 3433 519 3487 secravi
550 3436 915 3504 opusculum,
948 3436 1017 3490 de
1076 3437 1409 3490 amicissimi
1462 3454 1526 3491 ac
1573 3438 2003 3493 familiarissimi

306 3522 392 3576 tui
423 3523 641 3577 actibus
670 3524 1074 3595 compositum.
1126 3526 1357 3580 Noverit
1385 3531 1579 3580 autem
1606 3527 1856 3597 dignitas
1882 3531 1998 3596 tua,

2102 1137 2221 1203 bat,
2276 1136 2557 1203 narrabis,
2590 1139 2646 1190 et
2698 1136 3061 1206 propositum
3110 1137 3292 1192 animi
3348 1139 3495 1193 tuia
3547 1156 3643 1195 me
3696 1157 3813 1196 non

2103 1227 2329 1293 celabis,
2393 1226 2529 1296 quia
2585 1225 2655 1279 ad
2709 1241 3093 1297 quaecumque
3151 1242 3244 1281 me
3300 1228 3549 1296 vocabis,
3611 1246 3815 1285 meum

2107 1314 2410 1368 consilium
2478 1319 2653 1383 atque
2733 1313 3013 1368 auxilium
3075 1320 3341 1385 paratum
3416 1317 3677 1373 habebis.
3746 1350 3815 1359 —

2107 1404 2422 1473 Oportune,
2494 1402 2691 1469 frater,
2781 1403 3040 1474 inquam,
3108 1404 3309 1459 dilecte
3384 1406 3483 1473 mi,
3544 1423 3638 1461 me
3717 1408 3815 1462 hic

2105 1491 2391 1558 invenisti,
2451 1496 2507 1545 et
2555 1490 2719 1563 quasi
2767 1497 3066 1563 exoptatus
3119 1493 3264 1547 mihi
3324 1494 3622 1550 advenisti.
3683 1497 3815 1551 Jam

2107 1581 2323 1634 dudum
2372 1580 2525 1633 enim
2569 1579 2746 1633 animi
2779 1580 3055 1649 propositi
3090 1581 3281 1652 aliqua
3324 1584 3410 1637 vel
3464 1583 3689 1638 dictatis
3723 1586 3818 1640 vel

2107 1667 2432 1738 proditione
2501 1666 2782 1720 sermonis
2861 1667 2966 1721 tibi
3015 1669 3238 1738 aperire
3295 1670 3637 1741 cogitabam.
3702 1673 3817 1727 Sed

2108 1756 2303 1811 multis
2332 1756 2598 1809 affectum
2652 1771 2846 1809 meum
2894 1755 3365 1826 impedientibus,
3417 1776 3597 1830 usque
3638 1762 3818 1815 modo

2109 1844 2462 1899 differebam.
2492 1843 2703 1897 Verum
2734 1843 2886 1898 inter
2914 1844 3038 1898 haec
3068 1846 3249 1899 multa
3301 1847 3611 1903 maximum
3667 1850 3822 1905 mihi

2107 1932 2211 1987 fuit
2272 1932 2380 1987 hoc
2429 1931 2935 2001 impedimentum,
2989 1932 3144 2003 quod
3202 1950 3331 2004 qua).
3379 1936 3693 2006 excogitavi
3758 1938 3821 1993 in

2109 2022 2297 2093 palam
2322 2036 2588 2092 promere
2619 2019 2892 2074 dubitavi.
2926 2020 3051 2091 Ipse
3076 2021 3230 2075 enim
3276 2022 3445 2089 nosti,
3481 2040 3657 2094 quam
3688 2042 3821 2096 per-

2110 2109 2310 2164 niciosi
2343 2115 2477 2163 sunt
2510 2108 2775 2163 homines
2807 2108 3089 2176 moderni,
3141 2125 3314 2179 quam
3367 2111 3524 2181 pleni
3561 2112 3821 2166 diversa—

2109 2215 2237 2252 rum
2279 2197 2716 2269 cogitationum.
2766 2197 2914 2262 Quid
2970 2198 3016 2251 si
3074 2198 3302 2268 aliquis,
3360 2200 3576 2255 invidia
3615 2201 3820 2256 stimu—

2110 2287 2283 2353 lante,
2339 2286 2535 2341 videns
2601 2286 2722 2340 haec
2774 2286 2940 2355 dicta,
3001 2286 3089 2340 his
3163 2287 3349 2342 verbis
3429 2290 3817 2360 vituperando

2112 2392 2203 2429 me
2274 2375 2606 2441 confundat,
2676 2374 2888 2429 scilicet
2962 2391 3233 2446 magnam
3311 2393 3433 2431 esse
3489 2378 3815 2447 audaciam,

2114 2463 2269 2533 quod
2326 2480 2431 2535 ego
2464 2478 2684 2533 pauper
2723 2468 2780 2515 et
2834 2464 3039 2517 stultus
3080 2465 3461 2534 prudentibus
3492 2466 3626 2519 viris
3678 2483 3824 2537 pro-

2111 2568 2267 2621 pono
2300 2568 2452 2605 meas
2485 2551 3027 2622 propositiunculas,
3071 2554 3226 2607 nudo
3284 2558 3342 2609 et
3396 2554 3685 2609 sitibundo
3720 2556 3821 2609 in-

2115 2642 2286 2711 genio
2335 2641 2426 2695 vix
2480 2642 2844 2711 compactas?
2905 2642 3057 2705 Esto,
3110 2642 3309 2708 fateor,
3361 2658 3454 2696 me
3501 2660 3822 2714 pauperem

2112 2746 2233 2785 esse
2264 2746 2328 2783 ac
2359 2730 2593 2783 stultum
2633 2749 2647 2796 ;
2676 2730 2773 2783 sed
2803 2729 2849 2782 si
2900 2746 3121 2800 pauper
3166 2747 3317 2799 sum,
3351 2730 3507 2785 dives
3538 2732 3662 2785 ﬁeri
3695 2749 3823 2787 non

2114 2818 2427 2883 erubesco;
2461 2817 2618 2871 dives
2666 2833 2800 2870 vero
2834 2833 3055 2887 pauper
3099 2817 3225 2871 ﬁeri
3274 2819 3601 2886 erubescit;
3645 2820 3822 2873 sicuti

2111 2906 2345 2961 divitem
2374 2906 2627 2959 villicum
2656 2905 2903 2976 legimus
2950 2905 3162 2960 dixisse
3196 2923 3207 2959 :
3247 2929 3268 2955 ι
3324 2907 3639 2961 Mendicare
3687 2926 3819 2962 eru-

2111 2995 2279 3049 besco
2311 2994 2462 3065 (Luc.
2498 3011 2611 3058 xvx,
2647 2996 2720 3064 3).
2754 3014 2783 3047 ››
2842 2994 3040 3049 Carius
3099 2994 3244 3049 mihi
3291 3000 3374 3049 est
3420 3012 3550 3050 cum
3602 2997 3818 3052 Lazaro

2109 3082 2297 3137 vivere
2327 3098 2663 3153 pauperem,
2688 3099 2861 3153 quam
2891 3098 3019 3136 cum
3052 3083 3225 3137 divite
3258 3085 3408 3137 mitti
3439 3084 3497 3137 in
3530 3091 3817 3140 aeternum

2111 3171 2321 3242 ignem.
2363 3173 2649 3241 Pauperes
2699 3177 2755 3227 et
2812 3172 2953 3227 nudi
3011 3188 3211 3226 omnes
3259 3174 3377 3226 nati
3425 3190 3643 3227 sumus.
3703 3177 3818 3231 Sed

2112 3259 2250 3330 quid
2281 3259 2437 3313 dedit
2466 3259 2742 3328 animam,
2774 3259 3018 3330 largitur
3038 3266 3095 3313 et
3120 3276 3325 3327 escam,
3361 3262 3575 3332 quique
3604 3279 3817 3333 corpus

2112 3348 2343 3414 creavit,
2375 3347 2785 3401 vestimentum
2832 3348 3052 3402 tribuit.
3096 3350 3221 3419 Ipse
3253 3349 3406 3403 enim
3448 3350 3639 3417 habet,
3688 3352 3817 3423 ipse

2112 3436 2256 3491 mihi
2283 3436 2462 3504 dabit,
2498 3437 2633 3506 quia
2662 3437 2856 3490 anima
2888 3437 3016 3506 plus
3047 3442 3132 3490 est
3181 3454 3353 3507 quam
3394 3455 3539 3506 esca,
3581 3444 3638 3493 et
3684 3456 3815 3493 cor-

2112 3542 2221 3595 pus
2249 3526 2377 3596 plus
2407 3541 2581 3596 quam
2623 3524 3052 3579 vestimentum.
3104 3526 3209 3579 Ille
3242 3543 3469 3598 quoque
3523 3544 3811 3597 pauperes

307 3612 464 3681 quod
503 3628 617 3665 non
661 3629 765 3683 pro
820 3614 1087 3683 superbia
1134 3615 1326 3685 aliqua
1356 3615 1477 3669 bam
1507 3621 1640 3669 sunt
1666 3617 1998 3687 composita,
2033 3633 2073 3688 ρ
2114 3630 2227 3668 non
2260 3613 2497 3685 spernit,
2552 3614 2647 3668 sed
2697 3613 2859 3685 eligit
2888 3615 3139 3680 inﬁrma,
3176 3620 3238 3668 ut
3278 3616 3588 3671 confundat
3620 3617 3810 3673 fortia.

309 3698 431 3763 sed,
468 3700 581 3753 Deo
629 3704 793 3765 teste,
842 3700 915 3754 ad
946 3701 1267 3756 evitandam
1319 3703 1673 3758 ociositatem
1706 3704 2003 3775 cordisque

309 3786 608 3853 desidiam,
637 3792 694 3841 et
724 3788 969 3844 maxime
1000 3790 1071 3844 ob
1103 3807 1220 3845 suae
1258 3792 1438 3846 beatae
1464 3793 1593 3847 vitae
1641 3793 2001 3859 memoriam,

310 3880 392 3940 ut,
443 3891 572 3929 cum
624 3892 722 3930 sua
772 3878 1035 3947 legantur
1094 3885 1255 3949 gesta
1301 3880 1577 3951 piissima,
1632 3882 2005 3936 obstruantur

308 3978 410 4017 ora
448 3967 645 4017 contra
696 3964 860 4018 illum
912 3966 1271 4036 loquentium
1320 3968 1539 4039 iniqua.
1574 3970 1632 4024 Si
1682 3969 1821 4040 quid
1871 3986 2004 4024 vero

307 4050 634 4106 inordinate
685 4054 771 4107 vel
825 4054 1090 4125 imperite
1139 4057 1439 4124 connexui,
1503 4064 1617 4111 tua:
1667 4056 2005 4111 correctioni

308 4145 364 4194 et
394 4141 719 4196 auctoritati
747 4143 1003 4213 proferre
1038 4144 1279 4214 decrevi,
1314 4162 1550 4216 sperans
1597 4146 1703 4199 hoc
1755 4150 1855 4199 tua
1896 4145 2004 4199 mi-

308 4230 615 4285 sericordia
660 4232 871 4303 corrigi
917 4238 974 4287 et
1018 4233 1268 4289 defendi.
1320 4235 1403 4289 Ad
1450 4234 1719 4289 ultimum
1772 4250 2004 4305 quoque

308 4321 646 4389 opusculum
680 4320 829 4375 istud
877 4325 977 4376 tuo
1004 4323 1222 4394 judicio
1254 4323 1560 4394 subjaceat,
1608 4327 1693 4388 ut,
1743 4322 1851 4376 sibi
1883 4322 2005 4377 dis-

308 4408 533 4478 pliceat,
577 4408 893 4477 aboleatur,
923 4410 971 4465 si
1017 4428 1151 4467 vero
1190 4413 1433 4483 placeat,
1475 4412 1543 4466 ad
1596 4416 2004 4466 testamentum

307 4497 587 4551 factorum
622 4498 723 4551 Dei
770 4500 917 4555 servi
948 4506 1257 4556 remaneat.
1310 4529 1378 4542 —
1420 4501 1572 4555 Istud
1604 4505 1794 4555 autem
1829 4517 2003 4570 opus-

306 4585 498 4638 culum
534 4586 641 4640 boc
679 4588 845 4643 modo
895 4591 1140 4661 sumpsit
1171 4589 1489 4644 exordium.
1542 4591 1682 4646 Cum
1728 4590 1819 4644 die
1861 4605 2002 4660 qua-

310 4671 441 4725 dam
484 4674 603 4726 loco
634 4676 922 4731 secretiori
952 4678 1153 4732 sedens
1200 4693 1427 4731 mecum
1466 4677 1687 4732 diversa
1727 4677 2003 4731 volvendo

308 4776 427 4814 non
459 4761 579 4815 sine
609 4763 869 4834 suspiriis
916 4765 1249 4835 cogitarem,
1298 4782 1463 4820 meus
1502 4766 1736 4838 quidam
1767 4765 2007 4820 familia-

2117 3704 2172 3757 Si
2200 3718 2333 3756 vero
2362 3702 2548 3756 nudus
2595 3702 2904 3772 aridusque
2957 3718 3080 3756 sum
3114 3703 3365 3775 ingenio,
3398 3709 3591 3759 tamen
3632 3705 3814 3760 induo

2112 3808 2204 3846 me
2235 3791 2554 3845 temeritate
2609 3791 2900 3862 loquendi,
2954 3792 3230 3862 quoniam
3284 3794 3445 3847 illum
3500 3810 3667 3864 spero
3722 3795 3815 3849 ad-

2108 3881 2380 3950 jutorem,
2415 3878 2513 3949 qui
2554 3878 2732 3933 dixit:
2769 3897 2797 3929 tt
2824 3879 2995 3948 Aperi
3026 3896 3090 3933 os
3116 3887 3279 3935 tuum
3310 3887 3367 3934 et
3397 3880 3647 3951 implebo
3668 3883 3811 3937 illud

2114 3968 2279 4039 (Psal.
2334 3983 2497 4032 Lxxx,
2540 3968 2639 4034 ll).
2682 3988 2704 4015 ι
2761 3969 2887 4037 Ipse
2938 3967 3152 4039 quippe
3204 3968 3365 4038 juxta
3422 3986 3539 4023 suae
3571 3972 3817 4041 promis-

2113 4056 2336 4111 sionem
2394 4054 2714 4109 clementiaa
2771 4071 2898 4126 quae
2958 4056 3210 4111 facturus
3259 4058 3628 4129 dicturusque
3682 4077 3814 4114 sum

2112 4145 2391 4215 perliciet,
2423 4143 2790 4198 conﬁrmabit
2828 4144 3229 4215 solidabitque.
3278 4147 3420 4216 Ergo
3462 4147 3531 4200 de
3561 4147 3632 4201 iis
3660 4149 3819 4203 ultra

2111 4232 2267 4303 loqui
2302 4233 2523 4300 differo,
2567 4236 2624 4286 et
2675 4247 2804 4302 quae
2860 4238 3053 4286 nostra
3082 4233 3255 4287 series
3295 4233 3453 4303 posci
3492 4234 3818 4304 promenda

2111 4327 2226 4376 tuae
2257 4321 2550 4376 dilectioni
2581 4321 2798 4393 aperio.
2851 4321 3114 4376 Sanctam
3160 4323 3389 4392 Deoque
3422 4328 3813 4376 consecratam

2114 4411 2294 4465 Vitam
2327 4410 2479 4464 beati
2522 4410 2704 4465 Patris
2742 4409 2922 4465 nostri
2979 4411 3286 4465 Burchardi
3342 4410 3617 4481 episcopi,
3653 4413 3812 4465 omni

2111 4498 2279 4553 laude
2305 4498 2726 4569 dignissimam,
2759 4498 3075 4552 secundum
3114 4498 3230 4553 mei
3257 4498 3476 4569 ingenii
3512 4500 3812 4553 modulum

2112 4592 2169 4641 et
2217 4586 2578 4641 conscientia:
2635 4586 3028 4640 testimonium
3110 4588 3356 4640 scribere
3423 4587 3647 4640 animus
3720 4604 3814 4642 me

2113 4675 2356 4731 assiduis
2410 4674 2871 4747 suggestionibus
2921 4676 3275 4730 incessanter
3353 4676 3644 4746 impulsat.
3725 4679 3814 4731 Ad

2114 4766 2269 4836 quod
2302 4781 2445 4835 opus
2486 4764 2898 4835 perﬁciendum
2950 4769 3116 4818 tuum
3161 4764 3465 4818 consilium
3507 4763 3725 4834 pariter
3758 4772 3818 4819 et

306 4847 829 4913 risiinterveniens
888 4853 1218 4922 hujusmodi
1277 4854 1553 4909 allocutus
1618 4859 1702 4909 est
1755 4856 1939 4909 verbis
1985 4871 1997 4909 :
2035 4871 2077 4924 ο
2116 4853 2394 4908 auxilium
2428 4854 2670 4923 supplex
2726 4853 2994 4923 imploro,
3050 4853 3184 4924 quia
3224 4852 3432 4907 divinis
3471 4852 3813 4923 perdoctum

310 4956 336 4989 ε
401 4937 549 5002 Quid
615 4943 698 5006 tu,
763 4940 973 5011 inquit,
1033 4941 1112 4994 mi
1166 4942 1481 5009 carissime,
1542 4944 1696 4997 solus
1763 4943 1857 4997 hic
1928 4961 2009 4998 se-

307 5028 448 5080 dens
515 5026 708 5081 animo
778 5030 1008 5084 turbato
1079 5030 1372 5084 meditaris
1431 5033 1459 5085 ?
1530 5034 1619 5086 vel
1674 5048 1775 5086 cur
1840 5032 2007 5086 solito

309 5115 527 5169 tristior
584 5117 809 5188 obstipo
863 5118 1048 5187 capite
1100 5124 1313 5173 terram
1368 5120 1608 5175 intueris
1644 5123 1674 5176 ?
1729 5121 1787 5175 Si
1852 5121 2005 5174 enim

308 5203 471 5257 dictis
527 5204 615 5257 vel
667 5204 827 5259 factis
873 5206 1081 5276 aliquis
1120 5211 1175 5261 te
1227 5213 1637 5273 commoverat,
1682 5214 1867 5263 tecum
1917 5225 2006 5263 me

302 5292 429 5362 jam
460 5292 807 5348 turbaverat.
845 5296 1014 5366 Ergo,
1046 5295 1092 5349 si
1139 5296 1277 5368 quid
1325 5296 1429 5351 tibi
1467 5302 1719 5352 mentem
1769 5301 2006 5351 contur-

2116 4941 2473 5012 istorumque
2506 4947 2561 4995 te
2588 4941 2880 4995 conscium
2913 4945 2969 4995 et
3022 4942 3090 4996 ad
3149 4943 3258 4995 hoc
3314 4940 3618 5011 negocium
3675 4943 3817 4997 satis

2115 5030 2384 5084 idoneum
2419 5047 2539 5085 esse
2597 5029 2730 5084 scio.
2786 5030 2986 5084 Adhuc
3044 5030 3199 5084 enim
3254 5046 3369 5084 non
3402 5046 3527 5083 sum
3574 5030 3814 5098 oblitus,

2118 5120 2405 5191 quomodo
2440 5120 2689 5191 quodam
2736 5119 3216 5174 confabulationis
3273 5126 3529 5189 tempore
3564 5120 3816 5174 multum

2114 5209 2183 5264 de
2215 5208 2475 5279 praedicti
2506 5209 2611 5262 viri
2642 5208 2949 5262 virtutibus
2991 5225 3083 5262 me
3128 5207 3495 5279 interrogasti
3528 5224 3541 5274 ;
3588 5213 3648 5261 et
3683 5225 3814 5263 cum

2113 5297 2270 5352 illius
2322 5296 2512 5352 studia
2550 5302 2744 5351 sancta
2796 5301 2853 5351 et
2884 5313 3111 5352 morum
3169 5298 3531 5352 honestatem
3587 5297 3693 5351 tibi
3725 5314 3817 5352 re-

1721 5462 1953 5516 VARl/E
1994 5460 2390 5517 LECTIONES.

383 5576 400 5611 ¹
432 5578 689 5646 Prologus
720 5583 860 5635 totus
887 5580 1052 5635 deest.

1129 5584 1151 5616 ²
1182 5581 1503 5637 charissimi
1536 5586 1582 5639 l.
1618 5583 1904 5653 Ejusmodi
1928 5584 2090 5637 verba
2118 5585 2347 5637 corremi.
