3956 6306
133 335 239 389 509

1336 334 1678 391 PBOCEMIA.
1723 365 1790 375 --
1829 336 1984 390 νιτΑ
2025 332 2451 390 BURCHARDI.

3539 336 3645 390 5l0

132 457 422 526 tulissem,
480 456 655 513 etiam
706 462 921 529 quanta
973 457 1281 515 stabilitate
1342 459 1403 515 in
1451 460 1659 515 Christi
1706 476 1839 531 ope-
1866 464 1912 515 Α
1951 457 2346 528 expositionis.
2382 454 2561 511 Petivi
2605 470 2741 526 ergo
2774 458 2830 509 et
2878 458 3011 527 peto
3049 455 3280 524 iterum,
3334 462 3400 510 ut
3454 456 3525 511 de
3555 458 3643 512 fe-

134 548 319 614 ribus,
382 548 443 601 in
497 547 803 619 Scripturis
852 547 1082 616 sanctis,
1133 547 1194 601 in
1241 548 1474 618 jejuniis
1524 554 1580 603 et
1629 549 1838 620 vigiliis

138 640 195 689 et
255 636 618 691 orationibus
694 635 1125 706 permansisset,
1184 637 1388 703 fateor,
1444 654 1560 691 non
1600 638 1724 691 sine
1758 638 1836 691 la-

139 723 336 778 crimis
367 725 471 778 tibi
523 724 778 795 expo$ui,
829 740 1055 777 necnon
1084 725 1373 794 quomodo
1403 727 1686 779 seculares
1716 731 1837 779 tur-

138 813 305 868 bines
337 814 701 883 diversasque
734 812 1102 866 adVersitates
1160 819 1215 867 et
1243 814 1391 868 aeris
1444 820 1690 868 terrores
1721 832 1841 868 ora-

142 901 319 956 tionis
375 901 695 955 constantia
745 901 1057 970 swpissime
1089 902 1523 973 compescuerit,
1588 903 1837 968 narravi,

143 993 199 1040 et
238 986 319 1040 ita
343 985 825 1055 jucundissimum
850 986 1115 1040 duximus
1138 985 1310 1040 diem.
1346 987 1646 1041 Intendis?
1675 988 1839 1052 Quid-

140 1074 240 1129 ni?
328 1076 471 1129 Nam
529 1081 728 1145 postea
789 1074 967 1127 sancti
1001 1074 1269 1128 desiderii
1328 1092 1500 1129 manu
1562 1076 1841 1146 pulsando

142 1163 234 1219 die
284 1169 577 1234 noctuque
623 1180 715 1217 me
754 1162 1035 1231 instigans
1090 1163 1304 1234 petisti,
1359 1169 1424 1217 ut
1469 1164 1539 1217 de
1583 1164 1696 1217 vita
1753 1164 1842 1217 vel

142 1253 456 1306 virtutibus
486 1252 656 1321 hujus
713 1251 822 1305 viri
851 1252 1044 1323 aliqua
1089 1252 1298 1322 scripta
1347 1251 1665 1322 proferrem
1725 1251 1839 1305 sive

143 1343 209 1396 ad
241 1342 658 1411 proferendum
693 1340 799 1394 tibi
829 1356 1219 1412 suggererem.
1268 1340 1401 1395 Tuis
1460 1341 1674 1412 quippe
1732 1341 1842 1411 piis

144 1430 525 1501 petitionibus
579 1430 1003 1499 obtemperans,
1100 1430 1322 1500 aliquas
1373 1429 1839 1501 compositiones,

146 1519 412 1590 quamvis
442 1519 721 1588 elingues,
753 1534 1001 1588 superna
1054 1519 1238 1588 gratia
1296 1518 1505 1572 montis
1550 1534 1689 1572 meae
1745 1535 1841 1571 ra-

145 1609 379 1661 ritatem
412 1608 728 1673 imbuente,
761 1622 890 1660 cum
915 1612 1013 1660 tuo
1047 1606 1257 1661 auxilio
1287 1607 1355 1660 de
1386 1608 1507 1677 ejus
1538 1608 1654 1660 vita
1713 1623 1841 1660 nar-

146 1713 276 1750 rare
325 1695 585 1749 studebo.
638 1696 745 1750 Sed
796 1694 1016 1766 quoties
1074 1693 1227 1747 illius
1272 1693 1588 1748 beatissimi
1630 1695 1843 1747 mentio

143 1786 292 1840 mihi
327 1785 591 1853 occurrit,
627 1785 796 1839 toties
852 1783 1019 1838 ﬂetus
1073 1784 1433 1855 gemitusque
1473 1800 1565 1838 me
1605 1783 1833 1852 afﬂigit.

145 1873 301 1927 Nihil
335 1874 477 1927 mihi
512 1878 647 1927 tunc
678 1877 782 1939 est,
817 1873 1043 1939 dilecte,
1103 1872 1213 1926 nisi
1280 1873 1541 1926 lacrimas
1572 1876 1628 1925 et
1658 1871 1843 1942 suspi-

139 1962 228 2015 ria
284 1963 636 2015 incessanter
694 1961 1007 2027 eﬂundere,
1068 1960 1284 2031 hasque
1333 1960 1686 2014 miserabiles
1743 1976 1845 2013 co-

141 2048 452 2116 gitationes
484 2048 651 2102 tacite
682 2064 906 2102 mecum
957 2049 1181 2103 volvere
1207 2066 1219 2102 :
1280 2048 1415 2113 Quis
1444 2048 1548 2114 fui,
1590 2054 1685 2102 aut
1716 2047 1844 2119 quis

140 2154 290 2205 sum,
346 2138 436 2191 vel
500 2136 627 2208 quis
710 2138 846 2190 ero?
896 2138 1012 2206 Ego
1068 2153 1192 2191 sum
1245 2137 1341 2191 ille
1390 2136 1841 2191 misericorditer

144 2226 403 2279 nutritus
458 2231 514 2279 et
575 2225 977 2279 miserabiliter
1033 2226 1358 2289 derelictus,
1415 2226 1476 2279 in
1542 2226 1739 2281 labore
1789 2230 1845 2280 et

142 2331 407 2371 aerumna
436 2314 781 2368 constitutus
858 2319 915 2368 et
968 2331 1114 2385 pene
1175 2315 1436 2369 omnium
1514 2315 1842 2380 vilissimus,

139 2403 329 2458 intimi
389 2401 635 2474 generis,
694 2404 1005 2473 parentelaa
1066 2386 1399 2473 peccatricis
1463 2404 1678 2458 cunctis
1753 2403 1846 2456 in-

141 2492 429 2563 cognitus,
459 2492 555 2545 sed
589 2496 779 2546 tamen
831 2492 975 2545 mihi
1014 2494 1291 2546 conscius.
1354 2493 1683 2549 Similitudo
1713 2510 1845 2563 gen-

140 2582 215 2634 tis
248 2586 307 2635 et
358 2580 667 2633 commotio
707 2580 908 2651 capitis
964 2580 1023 2633 in
1085 2581 1333 2650 populis.
1369 2581 1509 2634 Nam
1571 2586 1631 2634 ut
1685 2582 1847 2635 deses

142 2685 412 2739 respuor,
449 2674 511 2722 ut
568 2668 772 2723 faetens
830 2685 1068 2740 expuor,
1122 2674 1184 2722 ut
1238 2669 1501 2740 putridus
1540 2670 1841 2740 despicior,

142 2763 198 2811 et
219 2758 329 2811 hoc
359 2773 472 2810 non
506 2756 814 2811 immerito.
860 2757 1074 2811 Cotidie
1108 2774 1358 2827 namque
1417 2757 1842 2811 infelicissimus

143 2862 253 2915 ego
288 2846 349 2899 in
370 2849 731 2915 peccatorum
762 2845 1060 2899 volutabro
1088 2850 1373 2915 putresco,
1424 2851 1481 2899 et
1509 2861 1683 2899 onera
1711 2862 1842 2916 gra-

141 2934 235 2988 via
276 2939 333 2988 et
413 2950 542 2988 meo
594 2934 738 2988 collo
797 2933 1185 3005 importabilia
1243 2933 1418 2987 miser
1476 2950 1674 3005 gerere
1726 2935 1844 2988 fer-

1946 546 2147 600 licibus
2177 546 2332 599 illius
2362 545 2523 599 factis
2576 544 2769 614 aliqua
2826 545 3037 599 scribas
3104 545 3218 598 sive
3269 545 3336 598 ad
3390 544 3643 599 scriben-

1950 637 2087 691 dum
2121 636 2263 690 mihi
2292 651 2583 706 suggeras.
2622 636 2809 705 Turpe
2833 638 2917 688 est
2964 634 3118 688 enim
3168 634 3292 687 vela
3330 634 3641 703 deponere,

1949 742 2077 779 cum
2106 740 2345 795 prosper
2384 730 2587 777 ventus
2642 740 2756 776 non
2790 728 2972 777 cessat
3028 723 3243 777 afflare.
3299 723 3447 791 Ergo
3506 739 3643 793 pro-

1949 814 2142 867 missio
2175 818 2271 866 tua
2297 812 2626 882 impleatur,
2659 816 2715 865 et
2760 812 2893 881 quia
2924 811 3153 865 fortuna
3205 810 3441 880 aspirat,
3494 811 3645 864 ultra

1951 919 2065 956 non
2116 902 2431 956 differatur.
2490 900 2597 956 Sed
2674 900 2773 954 illa
2810 900 2879 954 de
2938 900 3145 966 quibus
3204 898 3395 952 dixisti
3449 897 3646 969 gravia

1950 1006 2127 1044 onera
2158 996 2214 1044 et
2253 988 2489 1042 miseras
2520 989 2942 1042 mundanarum
2994 1003 3189 1041 rerum
3239 1003 3423 1055 curas,
3462 1002 3643 1058 usque

1950 1079 2125 1133 modo
2181 1079 2273 1133 vix
2301 1094 2524 1132 mecum
2573 1077 2807 1131 nomine
2863 1082 3050 1143 notas,
3102 1077 3182 1129 ita
3241 1075 3467 1129 acclivis
3524 1076 3644 1146 jam

1951 1167 2210 1221 humeris
2240 1171 2429 1237 porto,
2462 1171 2524 1220 ut
2550 1167 2689 1220 heu!
2732 1182 2837 1219 nec
2888 1165 3170 1235 respirare
3207 1181 3310 1217 nec
3371 1181 3490 1234 pne
3521 1180 3644 1218 ma-

1950 1256 2250 1326 gnitudine
2318 1253 2592 1325 ponderis
2647 1254 2943 1325 suspicere.
2981 1261 3201 1323 potero.
3264 1253 3394 1306 Illos
3453 1257 3642 1305 autem

1953 1346 2294 1397 ﬂuctuantes
2338 1342 2516 1396 seculi
2584 1342 2843 1395 turbines
2907 1341 3274 1410 diversasque
3332 1339 3645 1394 adversita-

1952 1436 2076 1485 tum
2150 1429 2506 1485 incursiones
2553 1431 2818 1500 aerisque
2869 1434 3138 1495 terrores,
3201 1444 3344 1499 quos
3420 1427 3645 1482 vivente

1951 1520 2117 1573 beato
2170 1524 2410 1589 patrono
2466 1524 2661 1572 nostro
2717 1516 3038 1571 rarissimos
3061 1516 3359 1579 sensimus,
3416 1531 3641 1586 prome-

1952 1608 2211 1662 rentibus
2256 1610 2503 1679 peccatis
2550 1605 2760 1660 nostris
2790 1606 2909 1677 jam
2963 1605 3127 1675 quasi
3183 1604 3501 1657 cotidianos
3556 1604 3645 1657 vel

1957 1703 2387 1751 momentaneos
2429 1695 2801 1749 sustinemus.
2861 1694 3022 1747 Illius
3063 1709 3313 1764 namque
3360 1692 3470 1764 piis
3517 1708 3644 1746 ora-

1953 1790 2203 1844 tionibus
2251 1789 2390 1843 dum
2441 1787 2581 1842 vixit
2624 1788 2777 1859 apud
2835 1788 3015 1841 Deum
3061 1787 3261 1857 adjuti,
3293 1802 3326 1841 a
3378 1784 3649 1857 periculis

1954 1878 2223 1931 omnibus
2262 1876 2425 1948 quasi
2472 1892 2639 1929 muro
2688 1874 2899 1929 muniti
2954 1874 3170 1929 fuimus
3230 1878 3270 1930 ⁸.
3338 1876 3647 1945 Postquam

1952 1975 2145 2020 autem
2191 1967 2312 2037 ejus
2361 1964 2661 2019 benedicta
2697 1964 3003 2033 praesentia
3042 1962 3228 2016 orbati
3258 1979 3476 2028 sumus,
3535 1979 3648 2032 quo

1954 2054 2265 2108 secundum
2289 2069 2484 2107 vocem
2510 2051 2863 2106 Dominicam
2915 2052 3165 2105 extincto
3204 2056 3451 2122 pastore,
3485 2050 3650 2121 quasi

1954 2160 2087 2197 oves
2116 2143 2237 2195 sinc
2258 2142 2606 2196 offensaculo
2649 2140 2845 2212 positi,
2888 2156 3087 2194 sumus
3124 2138 3365 2210 dispersi
3412 2146 3468 2194 et
3495 2154 3646 2203 pene

1954 2232 2025 2286 ad
2065 2231 2310 2285 nihilum
2338 2230 2571 2283 redacti.
2617 2229 2776 2284 Unde
2832 2228 3055 2299 quoties
3111 2227 3248 2280 talia
3284 2232 3340 2281 te
3370 2228 3646 2297 loquente

1954 2320 2125 2375 modo
2148 2319 2476 2384 audiebam,
2520 2319 2685 2372 toties
2716 2333 2821 2387 per
2851 2316 3078 2388 singula
3133 2333 3279 2387 pene
3328 2316 3502 2370 verba
3560 2320 3644 2369 ta-

1954 2409 2065 2462 cite
2118 2406 2348 2473 ﬂebam,
2409 2422 2515 2460 nec
2572 2406 2742 2459 nudis
2800 2404 3072 2470 lacrimis,
3133 2404 3252 2468 sed,
3300 2408 3443 2456 teste
3513 2418 3652 2456 con-

1953 2496 2191 2550 scientia
2248 2512 2397 2562 mea,
2457 2511 2521 2548 ex
2580 2494 2784 2548 intima
2831 2492 3272 2562 compunctione
3352 2491 3648 2545 concretis.

1956 2587 2124 2654 Ergo,
2158 2601 2375 2655 quaeso,
2413 2599 2587 2654 perge
2618 2582 2903 2636 narrando
2935 2581 3004 2634 de
3036 2580 3142 2634 hoc
3172 2581 3292 2633 viro
3324 2596 3451 2650 qua:
3510 2596 3650 2649 pro-

1955 2672 2183 2737 misisti,
2218 2672 2344 2726 etsi
2371 2672 2510 2742 quid
2544 2658 2755 2741 potero
2775 2670 2899 2737 tibi,
2942 2670 3131 2735 frater,
3168 2683 3475 2738 suggerere
3534 2684 3653 2721 non

1955 2762 2185 2816 desisto.
2246 2790 2310 2801 —
2375 2762 2593 2823 Fateor,
2658 2759 2916 2829 inquam,
2985 2759 3137 2827 quod
3193 2757 3304 2827 piis
3362 2757 3487 2826 ejus
3518 2773 3651 2810 ora-

1955 2850 2209 2903 tionibus
2241 2866 2271 2901 a
2304 2848 2429 2901 telis
2461 2847 2795 2917 periculosis
2826 2861 3052 2915 semper
3109 2844 3352 2915 protecti
3409 2861 3642 2911 sumus;

1956 2942 2012 2992 et
2043 2938 2173 2992 ideo
2205 2955 2294 2991 me
2342 2937 2579 3007 impune
2612 2952 2893 3007 peccasse,
2948 2934 3320 2987 stultissimus
3381 2938 3519 2987 tunc
3546 2950 3654 3004 pu-

143 3039 332 3076 vesco.
369 3022 650 3093 Quicquid
680 3023 834 3076 enim
872 3022 1059 3076 labilis
1090 3022 1372 3076 desiderat
1401 3022 1646 3091 animus,
1685 3024 1841 3078 velut
1878 3028 1917 3081 C
1958 3027 2173 3093 tabam,
2206 3026 2479 3097 quoniam
2532 3026 2696 3079 illum
2735 3041 2839 3095 pro
2888 3022 3054 3076 nobis
3102 3022 3453 3076 incessanter
3494 3037 3656 3076 orare

143 3112 334 3166 lutum
364 3112 522 3165 nullo
553 3111 779 3165 camino
810 3111 1135 3181 probatum,
1185 3112 1254 3165 ad
1287 3111 1681 3181 peragendum
1704 3113 1844 3167 mol-

145 3200 315 3268 lesco,
352 3205 407 3254 et
459 3199 780 3267 commissa,
830 3215 957 3270 qua:
990 3201 1163 3253 semel
1209 3200 1299 3253 vix
1332 3200 1540 3254 exortis
1595 3198 1846 3254 lacrimis

148 3288 561 3357 deﬂeo,totius
613 3288 790 3342 animi
850 3288 1050 3342 salutis
1090 3288 1331 3355 oblitus,
1392 3288 1583 3342 statim
1640 3294 1846 3342 centu-

145 3377 318 3449 plico.
356 3377 511 3431 Unde
571 3380 628 3429 et
661 3376 832 3430 verba
862 3392 989 3431 mea
1038 3377 1235 3431 dolore
1283 3382 1419 3431 sunt
1467 3378 1655 3447 plena.
1719 3378 1847 3431 Haec

148 3472 225 3531 te,
249 3466 444 3532 frater,
496 3463 761 3519 similiter
790 3481 1015 3519 mecum
1072 3482 1417 3536 cognoscere
1463 3471 1624 3536 puto,
1668 3482 1843 3537 quem

148 3554 437 3609 similibus
517 3553 779 3607 terminis
837 3555 859 3588 ³
956 3570 1072 3608 non
1153 3556 1330 3609 semel
1392 3556 1626 3609 sudasse
1686 3555 1840 3609 haud

148 3644 376 3713 ignoro.
410 3641 517 3697 Sed
556 3658 829 3713 quorsum
862 3643 1023 3698 haec?
1068 3643 1353 3707 Quorsum
1393 3649 1471 3711 te,
1504 3644 1726 3711 dilecte,
1753 3660 1845 3696 su-

149 3748 432 3802 pervacua
486 3732 705 3785 ratione
738 3731 971 3785 demum
1024 3732 1207 3785 duco?
1252 3732 1674 3803 Supervacuam
1755 3748 1847 3785 ra-

150 3820 366 3874 tionem
399 3819 542 3885 dico,
603 3836 777 3890 quam
807 3820 992 3875 verbis
1022 3822 1381 3891 proﬁtemur,
1414 3821 1513 3875 sed
1543 3820 1703 3875 factis
1732 3836 1848 3874 non

152 3909 580 3980 consequimur.
612 3910 754 3963 Nam
806 3909 867 3964 in
923 3910 1238 3981 primordio
1268 3910 1439 3981 hujus
1468 3910 1705 3964 rationis
1735 3926 1849 3963 non

152 3995 223 4049 ad
247 3993 562 4060 tristitiam,
594 3994 692 4048 sed
734 3994 802 4048 ad
824 3994 1264 4064 jucunditatem,
1325 4011 1441 4048 non
1490 3995 1562 4049 ad
1595 3994 1850 4049 dolorem

153 4083 251 4137 sed
282 4082 353 4137 ad
408 4082 692 4151 laetitiam,
738 4098 857 4136 non
890 4083 955 4137 ad
992 4083 1149 4149 vitia,
1197 4084 1292 4137 sed
1325 4084 1393 4137 ad
1445 4083 1682 4138 virtutes
1712 4100 1851 4154 pro-

150 4171 414 4226 ferendas
459 4175 534 4237 te,
597 4171 820 4240 dilecte,
883 4171 1174 4226 vocabam.
1237 4174 1380 4243 Ergo
1436 4172 1507 4227 ad
1562 4172 1851 4243 inceptam

151 4260 323 4314 redeo
382 4259 748 4325 sententiam,
802 4259 1284 4331 dilectionemque
1352 4265 1510 4314 tuam
1579 4265 1600 4297 ⁸
1668 4260 1850 4331 rogito

154 4353 327 4420 atque
352 4347 593 4402 subnixe
633 4348 854 4420 ﬂagito,
889 4353 950 4402 ut
979 4349 1067 4403 vel
1124 4350 1533 4419 interrogando
1563 4349 1851 4419 praacedas

154 4453 364 4509 meque
390 4436 460 4492 de
486 4437 658 4507 hujus
680 4437 785 4493 viri
808 4437 923 4491 vita
940 4442 1273 4492 narrantem
1304 4437 1617 4504 intelligas,
1646 4454 1747 4492 seu
1760 4453 1851 4492 me

155 4526 607 4596 interrogantem
665 4526 918 4597 corrigas
968 4531 1026 4581 et
1078 4527 1381 4597 praedictas
1429 4526 1667 4581 virtutes
1722 4543 1854 4581 nar-

156 4631 290 4670 rans
367 4614 617 4685 pleniter
693 4615 946 4669 edoceas.
1018 4616 1263 4670 Econtra
1347 4615 1440 4669 ille
1508 4621 1699 4685 grates
1773 4632 1856 4669 re-

157 4704 366 4769 ferens,
407 4702 597 4773 inquit
628 4719 641 4757 :
677 4704 853 4758 «Tua
880 4702 1079 4774 petitio
1141 4703 1226 4759 vel
1286 4704 1622 4771 admonitio,
1680 4704 1854 4759 caris-

159 4792 321 4860 sime,
354 4807 467 4845 uon
514 4790 909 4860 vituperanda,
964 4792 1060 4846 sed
1100 4794 1351 4847 multum
1415 4792 1558 4847 mihi
1627 4793 1856 4848 videtur

158 4879 464 4934 laudanda.
524 4879 660 4942 Quae
700 4880 855 4934 enim
915 4881 1163 4951 petendo
1213 4881 1377 4953 quasi
1428 4881 1721 4951 scripsisti,
1783 4881 1855 4937 ad

158 4970 278 5022 haec
304 4984 399 5022 me
437 4968 687 5023 salubria
724 4969 1013 5023 narrando
1044 4969 1414 5037 admonuisti,
1456 4970 1649 5041 sicque
1702 4971 1853 5025 salu-

158 5057 338 5112 tiferis
362 5056 547 5111 verbis
578 5074 670 5111 me
691 5063 1045 5113 commotum
1070 5058 1269 5113 fecisti.
1330 5058 1531 5113 Dixisti
1578 5075 1850 5131 namque,

159 5152 214 5200 te
251 5162 367 5200 non
417 5146 604 5201 adhuc
635 5162 758 5201 esse
807 5147 1053 5203 oblitum
1098 5164 1241 5203 mea;
1296 5148 1763 5218 interrogationis
1801 5155 1855 5203 et

160 5237 228 5290 de
256 5236 478 5291 actibus
538 5236 721 5291 nostri
760 5238 1022 5292 senioris.
1058 5240 1124 5293 Et
1167 5255 1273 5310 ego
1336 5238 1549 5309 quippe
1636 5255 1855 5293 memor

158 5340 282 5379 sum
332 5342 476 5380 meas
533 5325 926 5398 inquisitionis
979 5343 1044 5382 ac
1094 5334 1209 5382 tuae
1253 5328 1322 5381 de
1380 5343 1504 5398 81115
1544 5328 1851 5384 virtutibus

1966 3115 2237 3170 sciebam.
2274 3116 2510 3169 Multum
2545 3113 2702 3167 enim
2723 3130 2827 3184 pro
2862 3128 3035 3182 grege
3066 3111 3172 3165 sibi
3223 3111 3527 3165 commisso
3553 3127 3655 3181 pa-

1956 3209 2075 3257 stor
2096 3204 2223 3275 pius
2271 3203 2425 3273 apud
2467 3204 2645 3256 Deum
2700 3201 2999 3267 laboravit,
3051 3200 3381 3270 multasque
3434 3200 3658 3253 calum—

1959 3292 2081 3345 nias
2121 3296 2175 3345 et
2199 3291 2553 3345 calamitates
2581 3295 2813 3360 pectore
2865 3288 2995 3342 forti
3049 3288 3287 3341 viriliter
3334 3286 3656 3341 resistendo

1954 3381 2107 3452 apud
2144 3382 2401 3434 seculum
2433 3378 2725 3433 sustinuit.
2764 3398 2785 3426 ι
2828 3377 2966 3440 Quae
3017 3377 3214 3429 omnia
3265 3375 3321 3428 iu
3355 3374 3495 3429 locis
3529 3391 3661 3429 con-

1959 3468 2137 3541 gruis,
2200 3469 2315 3522 Deo
2342 3468 2669 3537 adjuvante,
2723 3463 3007 3536 planius6
3056 3464 3470 3518 enarrabimus.
3544 3464 3653 3518 Sed

1956 3554 2422 3625 respondendum
2454 3556 2540 3605 est
2566 3551 2637 3605 ad
2668 3551 2797 3618 hoc,
2833 3550 2989 3621 quod
3042 3550 3145 3604 sub
3177 3550 3455 3619 exemplis
3514 3565 3658 3620 pro-

1956 3644 2132 3698 missa
2161 3641 2490 3713 peragenda
2520 3638 2891 3694 admonusiti.
2926 3640 3115 3708 Turpe
3144 3654 3267 3692 esse
3322 3637 3512 3692 dixisti
3552 3638 3658 3692 de-

1955 3748 2171 3804 ponere
2196 3731 2342 3799 vela,
2376 3745 2504 3784 cum
2561 3745 2678 3785 non
2735 3732 2958 3783 cessant
3013 3733 3318 3781 ventorum
3379 3743 3658 3798 prospera

1958 3822 2155 3876 ﬂabra.
2192 3822 2256 3874 Et
2276 3821 2386 3874 hoc
2428 3834 2628 3873 verum
2672 3833 2796 3872 esse
2845 3832 3184 3889 consequor,
3219 3816 3315 3870 sed
3385 3816 3495 3871 hoc
3542 3832 3661 3869 non

1959 3910 2255 3964 incautum
2313 3925 2436 3963 esse
2494 3912 2681 3978 puto:
2721 3917 2788 3960 ut
2834 3906 2883 3959 si
2927 3906 3138 3975 aliquis
3193 3904 3657 3976 magnitudinem

1930 4000 2134 4077 ‘maris
2161 4004 2548 4053 transcurrere
2600 3995 2885 4067 disponat,
2934 3992 3418 4065 primumzcontra
3470 3992 3663 4064 pelagi

1963 4089 2147 4143 minas
2178 4086 2368 4141 navim
2413 4085 2669 4156 undique
2722 4083 2964 4148 muniat,
3027 4082 3233 4137 deinde
3290 4098 3455 4152 aquae
3519 4097 3664 4151 pro-

1958 4176 2302 4231 funditatem
2358 4173 2704 4243 explorando
2755 4172 2995 4225 latentes
3052 4171 3158 4224 sub
3204 4168 3371 4222 undis
3400 4169 3662 4238 scopulos

1959 4269 2156 4317 cautus
2176 4261 2491 4333 provideat,
2543 4264 2606 4313 ut
2634 4275 2765 4313 cum
2819 4260 3090 4328 navigare
3160 4257 3422 4327 incipiat,
3480 4249 3660 4309 niari-

1961 4368 2064 4406 nas
2105 4350 2291 4405 minas
2348 4365 2581 4404 securus
2636 4365 2753 4402 non
2803 4347 3007 4401 timeat
3063 4362 3251 4417 neque
3306 4344 3366 4398 in
3424 4345 3663 4399 latentes

1962 4441 2146 4494 silices
2198 4438 2434 4506 incidat,
2466 4436 2561 4491 sed
2586 4437 2752 4491 firmo
2782 4435 3080 4507 regiminis
3112 4434 3501 4504 gubernaculo
3554 4449 3662 4487 na-

1968 4529 2085 4585 vim
2126 4527 2446 4598 dirigendo,
2480 4525 2667 4596 plenis
2708 4525 2845 4580 velis
2893 4541 2957 4579 ac
3003 4523 3292 4596 prosperis
3337 4522 3520 4577 ventis
3592 4523 3662 4577 ad

1968 4623 2198 4690 portum
2249 4615 2448 4669 salutis
2478 4612 2796 4684 perveniat.
2855 4612 3151 4669 Similibus
3200 4611 3385 4666 modis
3443 4610 3663 4682 magni-

1966 4707 2168 4761 tudine
2217 4705 2387 4775 hujus
2430 4703 2573 4757 ﬁdes
2629 4702 2795 4757 nobis
2853 4707 2937 4756 est
3004 4700 3397 4772 imploranda;
3440 4699 3657 4771 ingenii

1967 4795 2247 4865 exiguitas
2278 4809 2348 4848 ex
2398 4797 2641 4862 utraque
2695 4796 2858 4861 parte
2899 4790 3178 4855 acuenda,
3211 4795 3272 4842 ut
3329 4788 3389 4842 in
3445 4789 3664 4857 vitupe-

1968 4885 2247 4939 rationem
2305 4881 2653 4947 iuvidorum,
2709 4896 2823 4934 non
2852 4878 3190 4944 incidamus,
3240 4878 3336 4932 sed
3391 4892 3521 4930 cum
3576 4891 3665 4929 sa-

1964 4974 2081 5027 lute
2116 4972 2185 5026 ad
2214 4971 2389 5025 ﬁnem
2421 4968 2840 5040 perveniamus.
2904 4968 3045 5021 Nam
3100 4966 3332 5020 invidus
3378 4963 3665 5018 adulando

1965 5078 2117 5133 saepe
2165 5059 2418 5115 hominis
2490 5057 2638 5112 facta
2699 5072 2953 5127 praesens
3010 5055 3224 5123 laudat,
3282 5053 3483 5107 absens
3530 5067 3665 5104 vero

1966 5150 2129 5223 quasi
2158 5148 2391 5204 rabidus
2416 5146 2573 5201 canis
2605 5145 2855 5200 inaniter
2912 5144 3175 5198 latrando
3224 5142 3526 5212 vituperat.
3560 5139 3668 5194 Sed

1965 5240 2241 5311 quoniam
2271 5238 2447 5292 timeo
2472 5236 2622 5290 ultra
2641 5250 2875 5289 narrare
2922 5232 3313 5305 iniquissimos
3360 5229 3666 5285 hominum

1964 5344 2177 5396 mores,
2215 5340 2436 5381 veneno
2467 5323 2696 5379 invidia:
2755 5322 3023 5377 toxicatos
3075 5337 3140 5375 ac
3193 5320 3354 5376 nulla
3388 5318 3501 5377 ﬁde
3548 5322 3668 5375 sta-

1576 5470 1807 5524 VARIrE
1855 5470 2254 5525 LECTIONES.

232 5588 253 5622 ³
281 5588 522 5644 thermis
550 5589 770 5646 videtur
787 5591 1088 5660 legendum.
1126 5595 1175 5647 t.
1231 5595 1292 5647 in
1317 5608 1494 5662 marg.

1573 5598 1594 5630 ⁸
1626 5610 1670 5648 s.
1706 5598 1885 5660 tuam,
1922 5592 2407 5663 dilectionemque
2449 5594 2507 5645 l.

2587 5587 2610 5623 ⁸
2640 5604 2838 5644 sumus
2874 5591 2920 5645 l.
2996 5587 3020 5622 θ
3050 5586 3321 5660 plenius?
