  <div class='ocr_page' id='page_1' title='image "/cluster/home/n/w/nwhite01/storage/ocr_20150623/140/umn.31951002477433x/289.png"; bbox 0 0 3956 6302; ppageno 0'>
   <div class='ocr_carea' id='block_1_1' title="bbox 273 345 2761 429">
    <p class='ocr_par' dir='ltr' id='par_1_1' title="bbox 273 345 2761 429">
     <span class='ocr_line' id='line_1_1' title="bbox 273 345 2761 429; baseline 0 -5"><span class='ocrx_word' id='word_1_1' title='bbox 273 345 367 425; x_wconf 69' lang='lat' dir='ltr'>sn</span> <span class='ocrx_word' id='word_1_2' title='bbox 1289 369 1760 427; x_wconf 65' lang='lat' dir='ltr'>suacnanous</span> <span class='ocrx_word' id='word_1_3' title='bbox 1801 370 2331 428; x_wconf 66' lang='lat' dir='ltr'>wonuacmusrs</span> <span class='ocrx_word' id='word_1_4' title='bbox 2369 371 2761 429; x_wconf 87' lang='lat' dir='ltr'>EPISCOPUS.</span> 
     </span>
    </p>
   </div>
   <div class='ocr_carea' id='block_1_2' title="bbox 3679 376 3783 427">
    <p class='ocr_par' dir='ltr' id='par_1_2' title="bbox 3679 376 3783 427">
     <span class='ocr_line' id='line_1_2' title="bbox 3679 376 3783 427; baseline 0 -1"><span class='ocrx_word' id='word_1_5' title='bbox 3679 376 3783 427; x_wconf 78' lang='grc'>512</span> 
     </span>
    </p>
   </div>
   <div class='ocr_carea' id='block_1_3' title="bbox 269 491 3787 570">
    <p class='ocr_par' dir='ltr' id='par_1_3' title="bbox 269 491 3787 570">
     <span class='ocr_line' id='line_1_3' title="bbox 269 491 3787 570; baseline 0.001 -23"><span class='ocrx_word' id='word_1_6' title='bbox 269 491 485 559; x_wconf 91' lang='lat' dir='ltr'>bilitos,</span> <span class='ocrx_word' id='word_1_7' title='bbox 544 507 762 564; x_wconf 89' lang='lat' dir='ltr'>ponam</span> <span class='ocrx_word' id='word_1_8' title='bbox 819 491 907 546; x_wconf 92' lang='lat' dir='ltr'>ori</span> <span class='ocrx_word' id='word_1_9' title='bbox 971 491 1240 566; x_wconf 82' lang='lat' dir='ltr'>digitum,</span> <span class='ocrx_word' id='word_1_10' title='bbox 1299 497 1364 547; x_wconf 93' lang='lat' dir='ltr'>ut</span> <span class='ocrx_word' id='word_1_11' title='bbox 1418 509 1535 547; x_wconf 92' lang='lat' dir='ltr'>non</span> <span class='ocrx_word' id='word_1_12' title='bbox 1591 493 1859 566; x_wconf 82' lang='lat' dir='ltr'>loquatur</span> <span class='ocrx_word' id='word_1_13' title='bbox 1899 499 2032 550; x_wconf 83' lang='lat' dir='ltr'>osA</span> <span class='ocrx_word' id='word_1_14' title='bbox 2070 495 2366 564; x_wconf 77' lang='lat' dir='ltr'>ordinatis,</span> <span class='ocrx_word' id='word_1_15' title='bbox 2399 497 2616 568; x_wconf 57' lang='lat' dir='ltr'>praedia</span> <span class='ocrx_word' id='word_1_16' title='bbox 2657 501 2715 551; x_wconf 89' lang='lat' dir='ltr'>et</span> <span class='ocrx_word' id='word_1_17' title='bbox 2769 495 3056 567; x_wconf 90' lang='lat' dir='ltr'>mancipia</span> <span class='ocrx_word' id='word_1_18' title='bbox 3085 498 3289 566; x_wconf 90' lang='lat' dir='ltr'>multa,</span> <span class='ocrx_word' id='word_1_19' title='bbox 3347 515 3479 570; x_wconf 69' lang='lat' dir='ltr'>quae</span> <span class='ocrx_word' id='word_1_20' title='bbox 3536 499 3628 553; x_wconf 86' lang='lat' dir='ltr'>vel</span> <span class='ocrx_word' id='word_1_21' title='bbox 3674 504 3787 552; x_wconf 89' lang='lat' dir='ltr'>tra-</span> 
     </span>
    </p>
   </div>
   <div class='ocr_carea' id='block_1_4' title="bbox 273 580 1963 651">
    <p class='ocr_par' dir='ltr' id='par_1_4' title="bbox 273 580 1963 651">
     <span class='ocr_line' id='line_1_4' title="bbox 273 580 1963 651; baseline 0.001 -17"><span class='ocrx_word' id='word_1_22' title='bbox 273 597 465 635; x_wconf 91' lang='lat' dir='ltr'>meum</span> <span class='ocrx_word' id='word_1_23' title='bbox 497 597 673 651; x_wconf 84' lang='lat' dir='ltr'>opera</span> <span class='ocrx_word' id='word_1_24' title='bbox 722 581 1047 634; x_wconf 84' lang='lat' dir='ltr'>hominum.</span> <span class='ocrx_word' id='word_1_25' title='bbox 1083 581 1230 651; x_wconf 87' lang='lat' dir='ltr'>Ergo</span> <span class='ocrx_word' id='word_1_26' title='bbox 1271 581 1626 634; x_wconf 78' lang='lat' dir='ltr'>adulantium</span> <span class='ocrx_word' id='word_1_27' title='bbox 1657 580 1773 635; x_wconf 85' lang='lat' dir='ltr'>sive</span> <span class='ocrx_word' id='word_1_28' title='bbox 1804 581 1963 636; x_wconf 90' lang='lat' dir='ltr'>oblo-</span> 
     </span>
    </p>
   </div>
   <div class='ocr_carea' id='block_1_5' title="bbox 275 668 1966 741">
    <p class='ocr_par' dir='ltr' id='par_1_5' title="bbox 275 668 1966 741">
     <span class='ocr_line' id='line_1_5' title="bbox 275 668 1966 741; baseline 0 -18"><span class='ocrx_word' id='word_1_29' title='bbox 275 668 582 740; x_wconf 88' lang='lat' dir='ltr'>quentium</span> <span class='ocrx_word' id='word_1_30' title='bbox 638 669 916 724; x_wconf 85' lang='lat' dir='ltr'>invidiam</span> <span class='ocrx_word' id='word_1_31' title='bbox 975 685 1093 723; x_wconf 91' lang='lat' dir='ltr'>non</span> <span class='ocrx_word' id='word_1_32' title='bbox 1149 669 1435 734; x_wconf 81' lang='lat' dir='ltr'>timentes,</span> <span class='ocrx_word' id='word_1_33' title='bbox 1480 669 1549 722; x_wconf 90' lang='lat' dir='ltr'>de</span> <span class='ocrx_word' id='word_1_34' title='bbox 1608 669 1782 740; x_wconf 88' lang='lat' dir='ltr'><strong>hujus</strong></span> <span class='ocrx_word' id='word_1_35' title='bbox 1823 670 1966 741; x_wconf 91' lang='lat' dir='ltr'>justi</span> 
     </span>
    </p>
   </div>
   <div class='ocr_carea' id='block_1_6' title="bbox 274 756 1963 829">
    <p class='ocr_par' dir='ltr' id='par_1_6' title="bbox 274 756 1963 829">
     <span class='ocr_line' id='line_1_6' title="bbox 274 756 1963 829; baseline 0.001 -17"><span class='ocrx_word' id='word_1_36' title='bbox 274 757 513 822; x_wconf 86' lang='lat' dir='ltr'>actibus,</span> <span class='ocrx_word' id='word_1_37' title='bbox 574 757 767 811; x_wconf 89' lang='lat' dir='ltr'>divina</span> <span class='ocrx_word' id='word_1_38' title='bbox 797 757 1099 827; x_wconf 88' lang='lat' dir='ltr'>adjuvante</span> <span class='ocrx_word' id='word_1_39' title='bbox 1151 756 1558 825; x_wconf 78' lang='lat' dir='ltr'>misericordia,</span> <span class='ocrx_word' id='word_1_40' title='bbox 1611 759 1806 829; x_wconf 90' lang='lat' dir='ltr'>aliqua</span> <span class='ocrx_word' id='word_1_41' title='bbox 1853 760 1963 813; x_wconf 92' lang='lat' dir='ltr'>sal-</span> 
     </span>
    </p>
   </div>
   <div class='ocr_carea' id='block_1_7' title="bbox 273 845 1964 918">
    <p class='ocr_par' dir='ltr' id='par_1_7' title="bbox 273 845 1964 918">
     <span class='ocr_line' id='line_1_7' title="bbox 273 845 1964 918; baseline 0.001 -18"><span class='ocrx_word' id='word_1_42' title='bbox 273 853 390 900; x_wconf 86' lang='lat' dir='ltr'>tem</span> <span class='ocrx_word' id='word_1_43' title='bbox 469 862 734 900; x_wconf 84' lang='lat' dir='ltr'>enarrare</span> <span class='ocrx_word' id='word_1_44' title='bbox 779 845 1198 916; x_wconf 82' lang='lat' dir='ltr'>aggrediamur.</span> <span class='ocrx_word' id='word_1_45' title='bbox 1244 848 1510 900; x_wconf 82' lang='lat' dir='ltr'>Attamen</span> <span class='ocrx_word' id='word_1_46' title='bbox 1557 846 1605 899; x_wconf 90' lang='lat' dir='ltr'>si</span> <span class='ocrx_word' id='word_1_47' title='bbox 1662 863 1748 916; x_wconf 90' lang='lat' dir='ltr'>ea,</span> <span class='ocrx_word' id='word_1_48' title='bbox 1836 865 1964 918; x_wconf 77' lang='lat' dir='ltr'>quae</span> 
     </span>
    </p>
   </div>
   <div class='ocr_carea' id='block_1_8' title="bbox 274 933 1968 1006">
    <p class='ocr_par' dir='ltr' id='par_1_8' title="bbox 274 933 1968 1006">
     <span class='ocr_line' id='line_1_8' title="bbox 274 933 1968 1006; baseline 0.001 -18"><span class='ocrx_word' id='word_1_49' title='bbox 274 935 524 988; x_wconf 86' lang='lat' dir='ltr'>vidimus</span> <span class='ocrx_word' id='word_1_50' title='bbox 579 939 637 988; x_wconf 90' lang='lat' dir='ltr'>et</span> <span class='ocrx_word' id='word_1_51' title='bbox 689 950 818 1006; x_wconf 65' lang='lat' dir='ltr'>quas</span> <span class='ocrx_word' id='word_1_52' title='bbox 871 934 1157 1003; x_wconf 86' lang='lat' dir='ltr'>religiosis</span> <span class='ocrx_word' id='word_1_53' title='bbox 1216 933 1352 988; x_wconf 91' lang='lat' dir='ltr'>viris</span> <span class='ocrx_word' id='word_1_54' title='bbox 1381 935 1760 990; x_wconf 85' lang='lat' dir='ltr'>referentibus</span> <span class='ocrx_word' id='word_1_55' title='bbox 1814 937 1968 990; x_wconf 88' lang='lat' dir='ltr'>bona</span> 
     </span>
    </p>
   </div>
   <div class='ocr_carea' id='block_1_9' title="bbox 275 1025 1964 1098">
    <p class='ocr_par' dir='ltr' id='par_1_9' title="bbox 275 1025 1964 1098">
     <span class='ocr_line' id='line_1_9' title="bbox 275 1025 1964 1098; baseline 0 -18"><span class='ocrx_word' id='word_1_56' title='bbox 275 1028 347 1080; x_wconf 90' lang='lat' dir='ltr'>de</span> <span class='ocrx_word' id='word_1_57' title='bbox 369 1027 465 1080; x_wconf 93' lang='lat' dir='ltr'>illo</span> <span class='ocrx_word' id='word_1_58' title='bbox 485 1026 805 1090; x_wconf 88' lang='lat' dir='ltr'>didicimus,</span> <span class='ocrx_word' id='word_1_59' title='bbox 829 1041 1095 1080; x_wconf 86' lang='lat' dir='ltr'>enarrare</span> <span class='ocrx_word' id='word_1_60' title='bbox 1117 1025 1410 1093; x_wconf 89' lang='lat' dir='ltr'>debemus,</span> <span class='ocrx_word' id='word_1_61' title='bbox 1426 1026 1578 1080; x_wconf 91' lang='lat' dir='ltr'>diem</span> <span class='ocrx_word' id='word_1_62' title='bbox 1603 1031 1768 1080; x_wconf 87' lang='lat' dir='ltr'>antea</span> <span class='ocrx_word' id='word_1_63' title='bbox 1793 1043 1964 1098; x_wconf 91' lang='lat' dir='ltr'>quam</span> 
     </span>
    </p>
   </div>
   <div class='ocr_carea' id='block_1_10' title="bbox 275 1111 1961 1169">
    <p class='ocr_par' dir='ltr' id='par_1_10' title="bbox 275 1111 1961 1169">
     <span class='ocr_line' id='line_1_10' title="bbox 275 1111 1961 1169; baseline 0.001 -3"><span class='ocrx_word' id='word_1_64' title='bbox 275 1114 619 1168; x_wconf 88' lang='lat' dir='ltr'>sententiam</span> <span class='ocrx_word' id='word_1_65' title='bbox 648 1113 978 1167; x_wconf 86' lang='lat' dir='ltr'>inclinatam</span> <span class='ocrx_word' id='word_1_66' title='bbox 1007 1111 1349 1168; x_wconf 84' lang='lat' dir='ltr'>videbimus.</span> <span class='ocrx_word' id='word_1_67' title='bbox 1411 1113 1627 1168; x_wconf 88' lang='lat' dir='ltr'>Idcirco</span> <span class='ocrx_word' id='word_1_68' title='bbox 1677 1132 1711 1168; x_wconf 92' lang='lat' dir='ltr'>a</span> <span class='ocrx_word' id='word_1_69' title='bbox 1761 1115 1961 1169; x_wconf 88' lang='lat' dir='ltr'>nativi-</span> 
     </span>
    </p>
   </div>
   <div class='ocr_carea' id='block_1_11' title="bbox 275 1201 1964 1272">
    <p class='ocr_par' dir='ltr' id='par_1_11' title="bbox 275 1201 1964 1272">
     <span class='ocr_line' id='line_1_11' title="bbox 275 1201 1964 1272; baseline 0 -16"><span class='ocrx_word' id='word_1_70' title='bbox 275 1206 390 1256; x_wconf 88' lang='lat' dir='ltr'>tate</span> <span class='ocrx_word' id='word_1_71' title='bbox 435 1202 556 1270; x_wconf 86' lang='lat' dir='ltr'>ejus</span> <span class='ocrx_word' id='word_1_72' title='bbox 614 1201 1003 1256; x_wconf 86' lang='lat' dir='ltr'>summitatem</span> <span class='ocrx_word' id='word_1_73' title='bbox 1063 1201 1144 1255; x_wconf 90' lang='lat' dir='ltr'>rei</span> <span class='ocrx_word' id='word_1_74' title='bbox 1203 1201 1512 1272; x_wconf 92' lang='lat' dir='ltr'>tangendo,</span> <span class='ocrx_word' id='word_1_75' title='bbox 1572 1218 1704 1256; x_wconf 92' lang='lat' dir='ltr'>cum</span> <span class='ocrx_word' id='word_1_76' title='bbox 1755 1203 1964 1258; x_wconf 86' lang='lat' dir='ltr'>auxilio</span> 
     </span>
    </p>
   </div>
   <div class='ocr_carea' id='block_1_12' title="bbox 275 1289 1966 1362">
    <p class='ocr_par' dir='ltr' id='par_1_12' title="bbox 275 1289 1966 1362">
     <span class='ocr_line' id='line_1_12' title="bbox 275 1289 1966 1362; baseline 0.001 -18"><span class='ocrx_word' id='word_1_77' title='bbox 275 1290 466 1344; x_wconf 89' lang='lat' dir='ltr'>divino</span> <span class='ocrx_word' id='word_1_78' title='bbox 517 1289 883 1361; x_wconf 87' lang='lat' dir='ltr'>incipiamus,</span> <span class='ocrx_word' id='word_1_79' title='bbox 935 1295 991 1344; x_wconf 88' lang='lat' dir='ltr'>et</span> <span class='ocrx_word' id='word_1_80' title='bbox 1038 1289 1116 1344; x_wconf 89' lang='lat' dir='ltr'>ita</span> <span class='ocrx_word' id='word_1_81' title='bbox 1158 1290 1406 1345; x_wconf 83' lang='lat' dir='ltr'>breviter</span> <span class='ocrx_word' id='word_1_82' title='bbox 1457 1291 1581 1362; x_wconf 87' lang='lat' dir='ltr'>ejus</span> <span class='ocrx_word' id='word_1_83' title='bbox 1638 1295 1797 1362; x_wconf 86' lang='lat' dir='ltr'>gesta</span> <span class='ocrx_word' id='word_1_84' title='bbox 1840 1309 1966 1347; x_wconf 87' lang='lat' dir='ltr'>nar-</span> 
     </span>
    </p>
   </div>
   <div class='ocr_carea' id='block_1_13' title="bbox 276 1378 1652 1450">
    <p class='ocr_par' dir='ltr' id='par_1_13' title="bbox 276 1378 1652 1450">
     <span class='ocr_line' id='line_1_13' title="bbox 276 1378 1652 1450; baseline 0.001 -18"><span class='ocrx_word' id='word_1_85' title='bbox 276 1379 456 1433; x_wconf 89' lang='lat' dir='ltr'>rando</span> <span class='ocrx_word' id='word_1_86' title='bbox 486 1379 554 1433; x_wconf 89' lang='lat' dir='ltr'>ad</span> <span class='ocrx_word' id='word_1_87' title='bbox 576 1378 752 1433; x_wconf 86' lang='lat' dir='ltr'>tinem</span> <span class='ocrx_word' id='word_1_88' title='bbox 785 1395 963 1450; x_wconf 90' lang='lat' dir='ltr'>usque</span> <span class='ocrx_word' id='word_1_89' title='bbox 994 1378 1291 1449; x_wconf 87' lang='lat' dir='ltr'>pervenire</span> <span class='ocrx_word' id='word_1_90' title='bbox 1319 1379 1652 1449; x_wconf 87' lang='lat' dir='ltr'>probemus.</span> 
     </span>
    </p>
   </div>
   <div class='ocr_carea' id='block_1_14' title="bbox 353 1467 1966 1538">
    <p class='ocr_par' dir='ltr' id='par_1_14' title="bbox 353 1467 1966 1538">
     <span class='ocr_line' id='line_1_14' title="bbox 353 1467 1966 1538; baseline 0.002 -18"><span class='ocrx_word' id='word_1_91' title='bbox 353 1470 398 1522; x_wconf 87' lang='grc'>1.</span> <span class='ocrx_word' id='word_1_92' title='bbox 432 1468 564 1522; x_wconf 87' lang='lat' dir='ltr'>Erat</span> <span class='ocrx_word' id='word_1_93' title='bbox 593 1467 768 1538; x_wconf 79' lang='lat' dir='ltr'>igitur</span> <span class='ocrx_word' id='word_1_94' title='bbox 811 1467 1170 1522; x_wconf 89' lang='lat' dir='ltr'>Burchardus</span> <span class='ocrx_word' id='word_1_95' title='bbox 1223 1469 1245 1502; x_wconf 82' lang='grc'><em>’⁷</em></span> <span class='ocrx_word' id='word_1_96' title='bbox 1306 1467 1366 1520; x_wconf 91' lang='lat' dir='ltr'>in</span> <span class='ocrx_word' id='word_1_97' title='bbox 1423 1467 1719 1538; x_wconf 87' lang='lat' dir='ltr'>provincia</span> <span class='ocrx_word' id='word_1_98' title='bbox 1769 1469 1966 1524; x_wconf 88' lang='lat' dir='ltr'>Hassia</span> 
     </span>
    </p>
   </div>
   <div class='ocr_carea' id='block_1_15' title="bbox 275 1555 1966 1628">
    <p class='ocr_par' dir='ltr' id='par_1_15' title="bbox 275 1555 1966 1628">
     <span class='ocr_line' id='line_1_15' title="bbox 275 1555 1966 1628; baseline 0.004 -21"><span class='ocrx_word' id='word_1_99' title='bbox 275 1555 500 1624; x_wconf 89' lang='lat' dir='ltr'>genitus</span> <span class='ocrx_word' id='word_1_100' title='bbox 547 1557 880 1626; x_wconf 88' lang='lat' dir='ltr'>parentibus</span> <span class='ocrx_word' id='word_1_101' title='bbox 909 1557 1223 1611; x_wconf 90' lang='lat' dir='ltr'>secundum</span> <span class='ocrx_word' id='word_1_102' title='bbox 1255 1557 1428 1611; x_wconf 89' lang='lat' dir='ltr'>seculi</span> <span class='ocrx_word' id='word_1_103' title='bbox 1458 1557 1794 1628; x_wconf 88' lang='lat' dir='ltr'>dignitatem</span> <span class='ocrx_word' id='word_1_104' title='bbox 1851 1575 1966 1613; x_wconf 91' lang='lat' dir='ltr'>non</span> 
     </span>
    </p>
   </div>
   <div class='ocr_carea' id='block_1_16' title="bbox 276 1641 1967 1717">
    <p class='ocr_par' dir='ltr' id='par_1_16' title="bbox 276 1641 1967 1717">
     <span class='ocr_line' id='line_1_16' title="bbox 276 1641 1967 1717; baseline 0.003 -20"><span class='ocrx_word' id='word_1_105' title='bbox 276 1641 509 1698; x_wconf 84' lang='lat' dir='ltr'>inﬁmis.</span> <span class='ocrx_word' id='word_1_106' title='bbox 536 1645 635 1700; x_wconf 89' lang='lat' dir='ltr'>Hic</span> <span class='ocrx_word' id='word_1_107' title='bbox 661 1663 868 1717; x_wconf 87' lang='lat' dir='ltr'>nempe</span> <span class='ocrx_word' id='word_1_108' title='bbox 897 1645 921 1680; x_wconf 82' lang='grc'><strong>⁸</strong></span> <span class='ocrx_word' id='word_1_109' title='bbox 949 1662 1093 1717; x_wconf 87' lang='lat' dir='ltr'>puer</span> <span class='ocrx_word' id='word_1_110' title='bbox 1118 1646 1615 1700; x_wconf 87' lang='lat' dir='ltr'>commendatione</span> <span class='ocrx_word' id='word_1_111' title='bbox 1664 1652 1967 1716; x_wconf 89' lang='lat' dir='ltr'>parentum</span> 
     </span>
    </p>
   </div>
   <div class='ocr_carea' id='block_1_17' title="bbox 2077 585 3785 659">
    <p class='ocr_par' dir='ltr' id='par_1_17' title="bbox 2077 585 3785 659">
     <span class='ocr_line' id='line_1_17' title="bbox 2077 585 3785 659; baseline 0.002 -19"><span class='ocrx_word' id='word_1_112' title='bbox 2077 585 2296 640; x_wconf 86' lang='lat' dir='ltr'>ditione</span> <span class='ocrx_word' id='word_1_113' title='bbox 2324 591 2632 656; x_wconf 89' lang='lat' dir='ltr'>parentum</span> <span class='ocrx_word' id='word_1_114' title='bbox 2653 585 2741 640; x_wconf 90' lang='lat' dir='ltr'>vel</span> <span class='ocrx_word' id='word_1_115' title='bbox 2789 585 3059 640; x_wconf 86' lang='lat' dir='ltr'>donativo</span> <span class='ocrx_word' id='word_1_116' title='bbox 3090 586 3252 658; x_wconf 90' lang='lat' dir='ltr'>regio</span> <span class='ocrx_word' id='word_1_117' title='bbox 3296 588 3649 659; x_wconf 87' lang='lat' dir='ltr'>acquisierat</span> <span class='ocrx_word' id='word_1_118' title='bbox 3677 590 3785 658; x_wconf 93' lang='lat'>(8),</span> 
     </span>
    </p>
   </div>
   <div class='ocr_carea' id='block_1_18' title="bbox 2075 673 3786 748">
    <p class='ocr_par' dir='ltr' id='par_1_18' title="bbox 2075 673 3786 748">
     <span class='ocr_line' id='line_1_18' title="bbox 2075 673 3786 748; baseline 0.002 -22"><span class='ocrx_word' id='word_1_119' title='bbox 2075 673 2210 727; x_wconf 89' lang='lat' dir='ltr'>hnic</span> <span class='ocrx_word' id='word_1_120' title='bbox 2240 675 2493 728; x_wconf 78' lang='lat' dir='ltr'>ecclesiae</span> <span class='ocrx_word' id='word_1_121' title='bbox 2521 673 2580 728; x_wconf 91' lang='lat' dir='ltr'>in</span> <span class='ocrx_word' id='word_1_122' title='bbox 2637 673 2941 745; x_wconf 88' lang='lat' dir='ltr'>proprium</span> <span class='ocrx_word' id='word_1_123' title='bbox 3001 677 3338 730; x_wconf 90' lang='lat' dir='ltr'>contulerat.</span> <span class='ocrx_word' id='word_1_124' title='bbox 3393 677 3602 748; x_wconf 85' lang='lat' dir='ltr'>Sicque</span> <span class='ocrx_word' id='word_1_125' title='bbox 3671 677 3786 748; x_wconf 88' lang='lat' dir='ltr'>piis</span> 
     </span>
    </p>
   </div>
   <div class='ocr_carea' id='block_1_19' title="bbox 2086 761 3787 834">
    <p class='ocr_par' dir='ltr' id='par_1_19' title="bbox 2086 761 3787 834">
     <span class='ocr_line' id='line_1_19' title="bbox 2086 761 3787 834; baseline 0.003 -21"><span class='ocrx_word' id='word_1_126' title='bbox 2086 761 2191 815; x_wconf 91' lang='lat' dir='ltr'>viri</span> <span class='ocrx_word' id='word_1_127' title='bbox 2228 762 2398 833; x_wconf 83' lang='lat' dir='ltr'>hujus</span> <span class='ocrx_word' id='word_1_128' title='bbox 2452 762 2744 817; x_wconf 91' lang='lat' dir='ltr'>laboribus</span> <span class='ocrx_word' id='word_1_129' title='bbox 2826 764 3021 818; x_wconf 86' lang='lat' dir='ltr'>laudes</span> <span class='ocrx_word' id='word_1_130' title='bbox 3075 769 3130 818; x_wconf 91' lang='lat' dir='ltr'>et</span> <span class='ocrx_word' id='word_1_131' title='bbox 3176 765 3494 834; x_wconf 84' lang='lat' dir='ltr'>gratiarum</span> <span class='ocrx_word' id='word_1_132' title='bbox 3525 766 3787 819; x_wconf 86' lang='lat' dir='ltr'>actiones</span> 
     </span>
    </p>
   </div>
   <div class='ocr_carea' id='block_1_20' title="bbox 2075 849 3785 925">
    <p class='ocr_par' dir='ltr' id='par_1_20' title="bbox 2075 849 3785 925">
     <span class='ocr_line' id='line_1_20' title="bbox 2075 849 3785 925; baseline 0.003 -22"><span class='ocrx_word' id='word_1_133' title='bbox 2075 849 2261 904; x_wconf 87' lang='lat' dir='ltr'>ofﬁcio</span> <span class='ocrx_word' id='word_1_134' title='bbox 2280 850 2567 905; x_wconf 88' lang='lat' dir='ltr'>cotidiano</span> <span class='ocrx_word' id='word_1_135' title='bbox 2621 851 2682 905; x_wconf 92' lang='lat' dir='ltr'>in</span> <span class='ocrx_word' id='word_1_136' title='bbox 2736 851 2860 905; x_wconf 92' lang='lat' dir='ltr'>loco</span> <span class='ocrx_word' id='word_1_137' title='bbox 2887 851 3160 923; x_wconf 57' lang='lat' dir='ltr'>praedicto</span> <span class='ocrx_word' id='word_1_138' title='bbox 3206 854 3316 907; x_wconf 90' lang='lat' dir='ltr'>Deo</span> <span class='ocrx_word' id='word_1_139' title='bbox 3369 856 3568 908; x_wconf 90' lang='lat' dir='ltr'>nostro</span> <span class='ocrx_word' id='word_1_140' title='bbox 3654 869 3785 925; x_wconf 85' lang='lat' dir='ltr'>per-</span> 
     </span>
    </p>
   </div>
   <div class='ocr_carea' id='block_1_21' title="bbox 2074 939 3778 1014">
    <p class='ocr_par' dir='ltr' id='par_1_21' title="bbox 2074 939 3778 1014">
     <span class='ocr_line' id='line_1_21' title="bbox 2074 939 3778 1014; baseline 0.004 -22"><span class='ocrx_word' id='word_1_141' title='bbox 2074 941 2391 994; x_wconf 89' lang='lat' dir='ltr'>solvuntur.</span> <span class='ocrx_word' id='word_1_142' title='bbox 2427 942 2570 1012; x_wconf 90' lang='lat' dir='ltr'>Ergo</span> <span class='ocrx_word' id='word_1_143' title='bbox 2600 939 2648 975; x_wconf 83' lang='grc'>²⁶</span> <span class='ocrx_word' id='word_1_144' title='bbox 2704 941 3173 1011; x_wconf 80' lang='lat' dir='ltr'>religiosissimus</span> <span class='ocrx_word' id='word_1_145' title='bbox 3200 943 3508 1014; x_wconf 90' lang='lat' dir='ltr'>Willigisus</span> <span class='ocrx_word' id='word_1_146' title='bbox 3565 947 3609 980; x_wconf 66' lang='grc' dir='ltr'>’τ</span> <span class='ocrx_word' id='word_1_147' title='bbox 3645 960 3778 998; x_wconf 83' lang='lat' dir='ltr'>san-</span> 
     </span>
    </p>
   </div>
   <div class='ocr_carea' id='block_1_22' title="bbox 2074 1029 3785 1100">
    <p class='ocr_par' dir='ltr' id='par_1_22' title="bbox 2074 1029 3785 1100">
     <span class='ocr_line' id='line_1_22' title="bbox 2074 1029 3785 1100; baseline 0.002 -18"><span class='ocrx_word' id='word_1_148' title='bbox 2074 1032 2223 1083; x_wconf 90' lang='lat' dir='ltr'>ctam</span> <span class='ocrx_word' id='word_1_149' title='bbox 2279 1029 2528 1083; x_wconf 87' lang='lat' dir='ltr'>hominis</span> <span class='ocrx_word' id='word_1_150' title='bbox 2589 1029 2693 1084; x_wconf 90' lang='lat' dir='ltr'>Dei</span> <span class='ocrx_word' id='word_1_151' title='bbox 2747 1030 3076 1100; x_wconf 80' lang='lat' dir='ltr'>intelligens</span> <span class='ocrx_word' id='word_1_152' title='bbox 3149 1031 3609 1099; x_wconf 87' lang='lat' dir='ltr'>meditationem,</span> <span class='ocrx_word' id='word_1_153' title='bbox 3672 1031 3785 1086; x_wconf 88' lang='lat' dir='ltr'>sibi</span> 
     </span>
    </p>
   </div>
   <div class='ocr_carea' id='block_1_23' title="bbox 2073 1111 3782 1191">
    <p class='ocr_par' dir='ltr' id='par_1_23' title="bbox 2073 1111 3782 1191">
     <span class='ocr_line' id='line_1_23' title="bbox 2073 1111 3782 1191; baseline 0.002 -19"><span class='ocrx_word' id='word_1_154' title='bbox 2073 1117 2586 1173; x_wconf 89' lang='lat' dir='ltr'>familiarissimum</span> <span class='ocrx_word' id='word_1_155' title='bbox 2614 1116 2661 1154; x_wconf 69' lang='grc'>³⁸</span> <span class='ocrx_word' id='word_1_156' title='bbox 2717 1117 2892 1189; x_wconf 87' lang='lat' dir='ltr'>elegit</span> <span class='ocrx_word' id='word_1_157' title='bbox 2918 1124 2976 1172; x_wconf 89' lang='lat' dir='ltr'>et</span> <span class='ocrx_word' id='word_1_158' title='bbox 3007 1135 3124 1173; x_wconf 64' lang='lat' dir='ltr'>suae</span> <span class='ocrx_word' id='word_1_159' title='bbox 3152 1135 3393 1174; x_wconf 64' lang='lat' dir='ltr'>camera:</span> <span class='ocrx_word' id='word_1_160' title='bbox 3429 1111 3782 1191; x_wconf 80' lang='lat' dir='ltr'>magistrum</span> 
     </span>
    </p>
   </div>
   <div class='ocr_carea' id='block_1_24' title="bbox 2074 1206 3787 1279">
    <p class='ocr_par' dir='ltr' id='par_1_24' title="bbox 2074 1206 3787 1279">
     <span class='ocr_line' id='line_1_24' title="bbox 2074 1206 3787 1279; baseline 0.002 -18"><span class='ocrx_word' id='word_1_161' title='bbox 2074 1223 2139 1261; x_wconf 88' lang='lat' dir='ltr'>ac</span> <span class='ocrx_word' id='word_1_162' title='bbox 2168 1206 2409 1261; x_wconf 86' lang='lat' dir='ltr'>civitatis</span> <span class='ocrx_word' id='word_1_163' title='bbox 2443 1206 2747 1278; x_wconf 88' lang='lat' dir='ltr'>primatem</span> <span class='ocrx_word' id='word_1_164' title='bbox 2775 1207 3090 1261; x_wconf 87' lang='lat' dir='ltr'>constituit.</span> <span class='ocrx_word' id='word_1_165' title='bbox 3144 1209 3208 1262; x_wconf 90' lang='lat' dir='ltr'>In</span> <span class='ocrx_word' id='word_1_166' title='bbox 3238 1225 3354 1279; x_wconf 93' lang='lat' dir='ltr'>quo</span> <span class='ocrx_word' id='word_1_167' title='bbox 3407 1208 3596 1263; x_wconf 88' lang='lat' dir='ltr'>ofﬁcio</span> <span class='ocrx_word' id='word_1_168' title='bbox 3664 1226 3787 1264; x_wconf 89' lang='lat' dir='ltr'>non</span> 
     </span>
    </p>
   </div>
   <div class='ocr_carea' id='block_1_25' title="bbox 2075 1295 3781 1368">
    <p class='ocr_par' dir='ltr' id='par_1_25' title="bbox 2075 1295 3781 1368">
     <span class='ocr_line' id='line_1_25' title="bbox 2075 1295 3781 1368; baseline 0.001 -18"><span class='ocrx_word' id='word_1_169' title='bbox 2075 1296 2258 1350; x_wconf 90' lang='lat' dir='ltr'>solum</span> <span class='ocrx_word' id='word_1_170' title='bbox 2293 1295 2444 1366; x_wconf 87' lang='lat' dir='ltr'>apud</span> <span class='ocrx_word' id='word_1_171' title='bbox 2469 1295 2750 1363; x_wconf 89' lang='lat' dir='ltr'>homines,</span> <span class='ocrx_word' id='word_1_172' title='bbox 2805 1295 2900 1349; x_wconf 88' lang='lat' dir='ltr'>sed</span> <span class='ocrx_word' id='word_1_173' title='bbox 2956 1296 3129 1349; x_wconf 92' lang='lat' dir='ltr'>etiam</span> <span class='ocrx_word' id='word_1_174' title='bbox 3187 1298 3340 1366; x_wconf 88' lang='lat' dir='ltr'>apud</span> <span class='ocrx_word' id='word_1_175' title='bbox 3395 1298 3577 1352; x_wconf 91' lang='lat' dir='ltr'>Deum</span> <span class='ocrx_word' id='word_1_176' title='bbox 3627 1315 3781 1368; x_wconf 78' lang='lat' dir='ltr'>prae-</span> 
     </span>
    </p>
   </div>
   <div class='ocr_carea' id='block_1_26' title="bbox 2077 1381 3782 1454">
    <p class='ocr_par' dir='ltr' id='par_1_26' title="bbox 2077 1381 3782 1454">
     <span class='ocr_line' id='line_1_26' title="bbox 2077 1381 3782 1454; baseline 0.001 -17"><span class='ocrx_word' id='word_1_177' title='bbox 2077 1383 2191 1437; x_wconf 91' lang='lat' dir='ltr'>mia</span> <span class='ocrx_word' id='word_1_178' title='bbox 2226 1381 2274 1417; x_wconf 69' lang='lat'>’9</span> <span class='ocrx_word' id='word_1_179' title='bbox 2303 1384 2554 1437; x_wconf 90' lang='lat' dir='ltr'>lucratus</span> <span class='ocrx_word' id='word_1_180' title='bbox 2576 1388 2662 1436; x_wconf 90' lang='lat' dir='ltr'>est</span> <span class='ocrx_word' id='word_1_181' title='bbox 2691 1383 3062 1454; x_wconf 86' lang='lat' dir='ltr'>sempiterna,</span> <span class='ocrx_word' id='word_1_182' title='bbox 3091 1382 3228 1454; x_wconf 89' lang='lat' dir='ltr'>quia</span> <span class='ocrx_word' id='word_1_183' title='bbox 3280 1400 3470 1454; x_wconf 92' lang='lat' dir='ltr'>neque</span> <span class='ocrx_word' id='word_1_184' title='bbox 3513 1387 3782 1440; x_wconf 87' lang='lat' dir='ltr'>muneri-</span> 
     </span>
    </p>
   </div>
   <div class='ocr_carea' id='block_1_27' title="bbox 2075 1469 3786 1543">
    <p class='ocr_par' dir='ltr' id='par_1_27' title="bbox 2075 1469 3786 1543">
     <span class='ocr_line' id='line_1_27' title="bbox 2075 1469 3786 1543; baseline 0.001 -18"><span class='ocrx_word' id='word_1_185' title='bbox 2075 1472 2180 1526; x_wconf 89' lang='lat' dir='ltr'>bus</span> <span class='ocrx_word' id='word_1_186' title='bbox 2205 1488 2390 1543; x_wconf 89' lang='lat' dir='ltr'>neque</span> <span class='ocrx_word' id='word_1_187' title='bbox 2412 1471 2578 1527; x_wconf 90' lang='lat' dir='ltr'>donis</span> <span class='ocrx_word' id='word_1_188' title='bbox 2610 1488 2712 1525; x_wconf 91' lang='lat' dir='ltr'>nec</span> <span class='ocrx_word' id='word_1_189' title='bbox 2737 1469 2788 1506; x_wconf 82' lang='grc' dir='ltr'>³ο</span> <span class='ocrx_word' id='word_1_190' title='bbox 2817 1471 3056 1543; x_wconf 90' lang='lat' dir='ltr'>alicujus</span> <span class='ocrx_word' id='word_1_191' title='bbox 3104 1489 3366 1543; x_wconf 60' lang='lat' dir='ltr'>persona</span> <span class='ocrx_word' id='word_1_192' title='bbox 3422 1474 3786 1543; x_wconf 90' lang='lat' dir='ltr'>respectione</span> 
     </span>
    </p>
   </div>
   <div class='ocr_carea' id='block_1_28' title="bbox 2076 1559 3785 1633">
    <p class='ocr_par' dir='ltr' id='par_1_28' title="bbox 2076 1559 3785 1633">
     <span class='ocr_line' id='line_1_28' title="bbox 2076 1559 3785 1633; baseline 0.002 -19"><span class='ocrx_word' id='word_1_193' title='bbox 2076 1577 2110 1614; x_wconf 90' lang='lat' dir='ltr'>a</span> <span class='ocrx_word' id='word_1_194' title='bbox 2157 1559 2514 1614; x_wconf 89' lang='lat' dir='ltr'>rectitudinis</span> <span class='ocrx_word' id='word_1_195' title='bbox 2561 1561 2700 1614; x_wconf 91' lang='lat' dir='ltr'>calle</span> <span class='ocrx_word' id='word_1_196' title='bbox 2754 1559 2970 1614; x_wconf 84' lang='lat' dir='ltr'>reﬁecti</span> <span class='ocrx_word' id='word_1_197' title='bbox 3028 1561 3231 1631; x_wconf 88' lang='lat' dir='ltr'>potuit,</span> <span class='ocrx_word' id='word_1_198' title='bbox 3312 1561 3461 1616; x_wconf 87' lang='lat' dir='ltr'>sicut</span> <span class='ocrx_word' id='word_1_199' title='bbox 3516 1562 3785 1633; x_wconf 90' lang='lat' dir='ltr'>quidam,</span> 
     </span>
    </p>
   </div>
   <div class='ocr_carea' id='block_1_29' title="bbox 2077 1647 3789 1718">
    <p class='ocr_par' dir='ltr' id='par_1_29' title="bbox 2077 1647 3789 1718">
     <span class='ocr_line' id='line_1_29' title="bbox 2077 1647 3789 1718; baseline 0.001 -18"><span class='ocrx_word' id='word_1_200' title='bbox 2077 1663 2220 1718; x_wconf 91' lang='lat' dir='ltr'>quos</span> <span class='ocrx_word' id='word_1_201' title='bbox 2242 1647 2412 1700; x_wconf 92' lang='lat' dir='ltr'>modo</span> <span class='ocrx_word' id='word_1_202' title='bbox 2452 1647 2792 1718; x_wconf 88' lang='lat' dir='ltr'>plerumque</span> <span class='ocrx_word' id='word_1_203' title='bbox 2841 1653 2939 1700; x_wconf 91' lang='lat' dir='ltr'>aut</span> <span class='ocrx_word' id='word_1_204' title='bbox 2965 1648 3008 1680; x_wconf 86' lang='grc'>³¹</span> <span class='ocrx_word' id='word_1_205' title='bbox 3065 1647 3315 1702; x_wconf 90' lang='lat' dir='ltr'>amicitia</span> <span class='ocrx_word' id='word_1_206' title='bbox 3345 1653 3443 1701; x_wconf 91' lang='lat' dir='ltr'>aut</span> <span class='ocrx_word' id='word_1_207' title='bbox 3489 1648 3708 1704; x_wconf 88' lang='lat' dir='ltr'>invidia</span> <span class='ocrx_word' id='word_1_208' title='bbox 3754 1668 3789 1702; x_wconf 88' lang='lat' dir='ltr'>a</span> 
     </span>
    </p>
   </div>
   <div class='ocr_carea' id='block_1_30' title="bbox 276 1733 3787 1828">
    <p class='ocr_par' dir='ltr' id='par_1_30' title="bbox 276 1733 3787 1828">
     <span class='ocr_line' id='line_1_30' title="bbox 276 1733 3787 1828; baseline 0.002 -44"><span class='ocrx_word' id='word_1_209' title='bbox 276 1733 428 1802; x_wconf 92' lang='lat' dir='ltr'>apud</span> <span class='ocrx_word' id='word_1_210' title='bbox 497 1734 912 1789; x_wconf 86' lang='lat' dir='ltr'>Confluentiam</span> <span class='ocrx_word' id='word_1_211' title='bbox 970 1734 1240 1789; x_wconf 88' lang='lat' dir='ltr'>canonice</span> <span class='ocrx_word' id='word_1_212' title='bbox 1315 1733 1568 1805; x_wconf 90' lang='lat' dir='ltr'>primum</span> <span class='ocrx_word' id='word_1_213' title='bbox 1619 1733 1864 1788; x_wconf 92' lang='lat' dir='ltr'>nutritus</span> <span class='ocrx_word' id='word_1_214' title='bbox 1917 1733 1962 1799; x_wconf 84' lang='lat'>9,</span> <span class='ocrx_word' id='word_1_215' title='bbox 2000 1776 2038 1828; x_wconf 74' lang='grc' dir='ltr'><strong>Β</strong></span> <span class='ocrx_word' id='word_1_216' title='bbox 2070 1733 2290 1806; x_wconf 90' lang='lat' dir='ltr'>judicio</span> <span class='ocrx_word' id='word_1_217' title='bbox 2320 1739 2472 1788; x_wconf 93' lang='lat' dir='ltr'>recto</span> <span class='ocrx_word' id='word_1_218' title='bbox 2503 1735 2666 1789; x_wconf 88' lang='lat' dir='ltr'>facile</span> <span class='ocrx_word' id='word_1_219' title='bbox 2693 1734 2811 1789; x_wconf 90' lang='lat' dir='ltr'>labi</span> <span class='ocrx_word' id='word_1_220' title='bbox 2840 1734 3248 1806; x_wconf 87' lang='lat' dir='ltr'>conspicimus.</span> <span class='ocrx_word' id='word_1_221' title='bbox 3297 1738 3369 1790; x_wconf 83' lang='lat' dir='ltr'>Ex</span> <span class='ocrx_word' id='word_1_222' title='bbox 3419 1736 3506 1790; x_wconf 90' lang='lat' dir='ltr'>his</span> <span class='ocrx_word' id='word_1_223' title='bbox 3535 1737 3787 1808; x_wconf 89' lang='lat' dir='ltr'>aliisque</span> 
     </span>
    </p>
   </div>
   <div class='ocr_carea' id='block_1_31' title="bbox 277 1820 1963 1892">
    <p class='ocr_par' dir='ltr' id='par_1_31' title="bbox 277 1820 1963 1892">
     <span class='ocr_line' id='line_1_31' title="bbox 277 1820 1963 1892; baseline 0 -18"><span class='ocrx_word' id='word_1_224' title='bbox 277 1820 482 1875; x_wconf 92' lang='lat' dir='ltr'>deinde</span> <span class='ocrx_word' id='word_1_225' title='bbox 503 1838 605 1891; x_wconf 92' lang='lat' dir='ltr'>per</span> <span class='ocrx_word' id='word_1_226' title='bbox 633 1823 756 1877; x_wconf 89' lang='lat' dir='ltr'>loca</span> <span class='ocrx_word' id='word_1_227' title='bbox 785 1823 1006 1876; x_wconf 90' lang='lat' dir='ltr'>diversa</span> <span class='ocrx_word' id='word_1_228' title='bbox 1027 1839 1198 1876; x_wconf 88' lang='lat' dir='ltr'>causa</span> <span class='ocrx_word' id='word_1_229' title='bbox 1222 1821 1396 1876; x_wconf 90' lang='lat' dir='ltr'>studii</span> <span class='ocrx_word' id='word_1_230' title='bbox 1424 1821 1671 1876; x_wconf 91' lang='lat' dir='ltr'>directus</span> <span class='ocrx_word' id='word_1_231' title='bbox 1690 1820 1738 1855; x_wconf 85' lang='grc'>¹⁰</span> <span class='ocrx_word' id='word_1_232' title='bbox 1760 1828 1845 1877; x_wconf 90' lang='lat' dir='ltr'>est</span> <span class='ocrx_word' id='word_1_233' title='bbox 1875 1824 1963 1892; x_wconf 86' lang='lat'>(7).</span> 
     </span>
    </p>
   </div>
   <div class='ocr_carea' id='block_1_32' title="bbox 278 1908 1969 1982">
    <p class='ocr_par' dir='ltr' id='par_1_32' title="bbox 278 1908 1969 1982">
     <span class='ocr_line' id='line_1_32' title="bbox 278 1908 1969 1982; baseline 0.001 -20"><span class='ocrx_word' id='word_1_234' title='bbox 278 1910 478 1963; x_wconf 88' lang='lat' dir='ltr'>Postea</span> <span class='ocrx_word' id='word_1_235' title='bbox 541 1927 672 1964; x_wconf 81' lang='lat' dir='ltr'>vero</span> <span class='ocrx_word' id='word_1_236' title='bbox 739 1910 1015 1982; x_wconf 81' lang='lat' dir='ltr'>Willigiso</span> <span class='ocrx_word' id='word_1_237' title='bbox 1081 1911 1124 1947; x_wconf 78' lang='grc'>¹¹</span> <span class='ocrx_word' id='word_1_238' title='bbox 1191 1910 1643 1980; x_wconf 84' lang='lat' dir='ltr'>Moguntinensis</span> <span class='ocrx_word' id='word_1_239' title='bbox 1689 1908 1737 1944; x_wconf 87' lang='grc'>¹²</span> <span class='ocrx_word' id='word_1_240' title='bbox 1817 1910 1969 1964; x_wconf 89' lang='lat' dir='ltr'>sedis</span> 
     </span>
    </p>
   </div>
   <div class='ocr_carea' id='block_1_33' title="bbox 275 1997 1968 2070">
    <p class='ocr_par' dir='ltr' id='par_1_33' title="bbox 275 1997 1968 2070">
     <span class='ocr_line' id='line_1_33' title="bbox 275 1997 1968 2070; baseline 0.002 -21"><span class='ocrx_word' id='word_1_241' title='bbox 275 1997 588 2052; x_wconf 88' lang='lat' dir='ltr'>venerabili</span> <span class='ocrx_word' id='word_1_242' title='bbox 641 1999 1067 2070; x_wconf 88' lang='lat' dir='ltr'>archiepiscopo</span> <span class='ocrx_word' id='word_1_243' title='bbox 1115 2015 1172 2052; x_wconf 88' lang='lat' dir='ltr'>se</span> <span class='ocrx_word' id='word_1_244' title='bbox 1219 1997 1500 2069; x_wconf 82' lang='lat' dir='ltr'>adjunxit,</span> <span class='ocrx_word' id='word_1_245' title='bbox 1560 1997 1828 2069; x_wconf 88' lang='lat' dir='ltr'>illiusque</span> <span class='ocrx_word' id='word_1_246' title='bbox 1874 2015 1968 2053; x_wconf 88' lang='lat' dir='ltr'>sa-</span> 
     </span>
    </p>
   </div>
   <div class='ocr_carea' id='block_1_34' title="bbox 275 2085 1969 2158">
    <p class='ocr_par' dir='ltr' id='par_1_34' title="bbox 275 2085 1969 2158">
     <span class='ocr_line' id='line_1_34' title="bbox 275 2085 1969 2158; baseline 0.001 -20"><span class='ocrx_word' id='word_1_247' title='bbox 275 2085 448 2139; x_wconf 91' lang='lat' dir='ltr'>lutari</span> <span class='ocrx_word' id='word_1_248' title='bbox 473 2086 751 2156; x_wconf 89' lang='lat' dir='ltr'>sapientia</span> <span class='ocrx_word' id='word_1_249' title='bbox 782 2087 1055 2158; x_wconf 87' lang='lat' dir='ltr'>repletus,</span> <span class='ocrx_word' id='word_1_250' title='bbox 1083 2091 1139 2141; x_wconf 92' lang='lat' dir='ltr'>et</span> <span class='ocrx_word' id='word_1_251' title='bbox 1195 2087 1510 2141; x_wconf 85' lang='lat' dir='ltr'>secundum</span> <span class='ocrx_word' id='word_1_252' title='bbox 1568 2103 1698 2140; x_wconf 92' lang='lat' dir='ltr'>suos</span> <span class='ocrx_word' id='word_1_253' title='bbox 1751 2087 1969 2141; x_wconf 89' lang='lat' dir='ltr'>nobiles</span> 
     </span>
    </p>
   </div>
   <div class='ocr_carea' id='block_1_35' title="bbox 276 2173 1968 2246">
    <p class='ocr_par' dir='ltr' id='par_1_35' title="bbox 276 2173 1968 2246">
     <span class='ocr_line' id='line_1_35' title="bbox 276 2173 1968 2246; baseline 0.001 -20"><span class='ocrx_word' id='word_1_254' title='bbox 276 2189 465 2228; x_wconf 92' lang='lat' dir='ltr'>mores</span> <span class='ocrx_word' id='word_1_255' title='bbox 494 2173 768 2243; x_wconf 91' lang='lat' dir='ltr'>imbutus,</span> <span class='ocrx_word' id='word_1_256' title='bbox 804 2191 1155 2246; x_wconf 89' lang='lat' dir='ltr'>quamquam</span> <span class='ocrx_word' id='word_1_257' title='bbox 1205 2179 1341 2229; x_wconf 69' lang='lat' dir='ltr'>aetas</span> <span class='ocrx_word' id='word_1_258' title='bbox 1395 2175 1724 2246; x_wconf 89' lang='lat' dir='ltr'>denegaret,</span> <span class='ocrx_word' id='word_1_259' title='bbox 1766 2174 1968 2230; x_wconf 90' lang='lat' dir='ltr'>vitiosa</span> 
     </span>
    </p>
   </div>
   <div class='ocr_carea' id='block_1_36' title="bbox 274 2262 1969 2334">
    <p class='ocr_par' dir='ltr' id='par_1_36' title="bbox 274 2262 1969 2334">
     <span class='ocr_line' id='line_1_36' title="bbox 274 2262 1969 2334; baseline -0.001 -17"><span class='ocrx_word' id='word_1_260' title='bbox 274 2263 420 2317; x_wconf 87' lang='lat' dir='ltr'>facta</span> <span class='ocrx_word' id='word_1_261' title='bbox 446 2263 718 2334; x_wconf 90' lang='lat' dir='ltr'>fugiendo</span> <span class='ocrx_word' id='word_1_262' title='bbox 771 2263 1005 2328; x_wconf 88' lang='lat' dir='ltr'>vitabat,</span> <span class='ocrx_word' id='word_1_263' title='bbox 1060 2268 1116 2316; x_wconf 91' lang='lat' dir='ltr'>et</span> <span class='ocrx_word' id='word_1_264' title='bbox 1144 2263 1214 2316; x_wconf 89' lang='lat' dir='ltr'>ad</span> <span class='ocrx_word' id='word_1_265' title='bbox 1243 2263 1484 2316; x_wconf 88' lang='lat' dir='ltr'>meliora</span> <span class='ocrx_word' id='word_1_266' title='bbox 1532 2263 1812 2333; x_wconf 89' lang='lat' dir='ltr'>paulatim</span> <span class='ocrx_word' id='word_1_267' title='bbox 1838 2262 1969 2316; x_wconf 91' lang='lat' dir='ltr'>ani-</span> 
     </span>
    </p>
   </div>
   <div class='ocr_carea' id='block_1_37' title="bbox 275 2350 1968 2422">
    <p class='ocr_par' dir='ltr' id='par_1_37' title="bbox 275 2350 1968 2422">
     <span class='ocr_line' id='line_1_37' title="bbox 275 2350 1968 2422; baseline -0.001 -18"><span class='ocrx_word' id='word_1_268' title='bbox 275 2367 437 2404; x_wconf 90' lang='lat' dir='ltr'>mum</span> <span class='ocrx_word' id='word_1_269' title='bbox 493 2352 813 2422; x_wconf 88' lang='lat' dir='ltr'>torquebat.</span> <span class='ocrx_word' id='word_1_270' title='bbox 867 2353 1008 2405; x_wconf 87' lang='lat' dir='ltr'>Nam</span> <span class='ocrx_word' id='word_1_271' title='bbox 1082 2355 1208 2422; x_wconf 89' lang='lat' dir='ltr'>post</span> <span class='ocrx_word' id='word_1_272' title='bbox 1258 2351 1594 2421; x_wconf 62' lang='lat' dir='ltr'>primasvum</span> <span class='ocrx_word' id='word_1_273' title='bbox 1648 2350 1968 2422; x_wconf 89' lang='lat' dir='ltr'>juventutis</span> 
     </span>
    </p>
   </div>
   <div class='ocr_carea' id='block_1_38' title="bbox 275 2439 1967 2510">
    <p class='ocr_par' dir='ltr' id='par_1_38' title="bbox 275 2439 1967 2510">
     <span class='ocr_line' id='line_1_38' title="bbox 275 2439 1967 2510; baseline 0.001 -18"><span class='ocrx_word' id='word_1_274' title='bbox 275 2439 473 2492; x_wconf 86' lang='lat' dir='ltr'>ﬂorem</span> <span class='ocrx_word' id='word_1_275' title='bbox 497 2439 654 2493; x_wconf 91' lang='lat' dir='ltr'>omni</span> <span class='ocrx_word' id='word_1_276' title='bbox 684 2439 940 2493; x_wconf 89' lang='lat' dir='ltr'>bonitate</span> <span class='ocrx_word' id='word_1_277' title='bbox 971 2439 1195 2492; x_wconf 88' lang='lat' dir='ltr'>refulsit</span> <span class='ocrx_word' id='word_1_278' title='bbox 1223 2439 1552 2509; x_wconf 60' lang='lat' dir='ltr'>praeclarus,</span> <span class='ocrx_word' id='word_1_279' title='bbox 1607 2439 1667 2493; x_wconf 92' lang='lat' dir='ltr'>in</span> <span class='ocrx_word' id='word_1_280' title='bbox 1725 2440 1769 2474; x_wconf 76' lang='grc'>³³</span> <span class='ocrx_word' id='word_1_281' title='bbox 1811 2441 1967 2510; x_wconf 88' lang='lat' dir='ltr'>justo</span> 
     </span>
    </p>
   </div>
   <div class='ocr_carea' id='block_1_39' title="bbox 276 2526 1966 2598">
    <p class='ocr_par' dir='ltr' id='par_1_39' title="bbox 276 2526 1966 2598">
     <span class='ocr_line' id='line_1_39' title="bbox 276 2526 1966 2598; baseline -0.001 -18"><span class='ocrx_word' id='word_1_282' title='bbox 276 2528 518 2595; x_wconf 87' lang='lat' dir='ltr'>stabilis,</span> <span class='ocrx_word' id='word_1_283' title='bbox 571 2526 629 2580; x_wconf 89' lang='lat' dir='ltr'>in</span> <span class='ocrx_word' id='word_1_284' title='bbox 671 2527 979 2580; x_wconf 91' lang='lat' dir='ltr'>commisso</span> <span class='ocrx_word' id='word_1_285' title='bbox 1017 2526 1226 2591; x_wconf 87' lang='lat' dir='ltr'>ﬁdelis,</span> <span class='ocrx_word' id='word_1_286' title='bbox 1265 2527 1325 2580; x_wconf 94' lang='lat' dir='ltr'>in</span> <span class='ocrx_word' id='word_1_287' title='bbox 1382 2527 1620 2581; x_wconf 90' lang='lat' dir='ltr'>consilio</span> <span class='ocrx_word' id='word_1_288' title='bbox 1676 2527 1966 2598; x_wconf 83' lang='lat' dir='ltr'>providus,</span> 
     </span>
    </p>
   </div>
   <div class='ocr_carea' id='block_1_40' title="bbox 276 2609 1965 2686">
    <p class='ocr_par' dir='ltr' id='par_1_40' title="bbox 276 2609 1965 2686">
     <span class='ocr_line' id='line_1_40' title="bbox 276 2609 1965 2686; baseline 0.001 -18"><span class='ocrx_word' id='word_1_289' title='bbox 276 2615 335 2669; x_wconf 91' lang='lat' dir='ltr'>in</span> <span class='ocrx_word' id='word_1_290' title='bbox 368 2616 657 2686; x_wconf 90' lang='lat' dir='ltr'>prosperis</span> <span class='ocrx_word' id='word_1_291' title='bbox 714 2631 834 2668; x_wconf 90' lang='lat' dir='ltr'>non</span> <span class='ocrx_word' id='word_1_292' title='bbox 873 2609 1076 2680; x_wconf 84' lang='lat' dir='ltr'>elatus,</span> <span class='ocrx_word' id='word_1_293' title='bbox 1124 2614 1468 2668; x_wconf 82' lang='lat' dir='ltr'>inadversis</span> <span class='ocrx_word' id='word_1_294' title='bbox 1521 2631 1637 2669; x_wconf 92' lang='lat' dir='ltr'>non</span> <span class='ocrx_word' id='word_1_295' title='bbox 1686 2617 1965 2683; x_wconf 91' lang='lat' dir='ltr'>turbatus,</span> 
     </span>
    </p>
   </div>
   <div class='ocr_carea' id='block_1_41' title="bbox 276 2703 1969 2774">
    <p class='ocr_par' dir='ltr' id='par_1_41' title="bbox 276 2703 1969 2774">
     <span class='ocr_line' id='line_1_41' title="bbox 276 2703 1969 2774; baseline 0.001 -18"><span class='ocrx_word' id='word_1_296' title='bbox 276 2703 706 2757; x_wconf 89' lang='lat' dir='ltr'>sublimioribus</span> <span class='ocrx_word' id='word_1_297' title='bbox 737 2703 1027 2770; x_wconf 90' lang='lat' dir='ltr'>obediens,</span> <span class='ocrx_word' id='word_1_298' title='bbox 1063 2703 1257 2772; x_wconf 84' lang='lat' dir='ltr'>egenis</span> <span class='ocrx_word' id='word_1_299' title='bbox 1315 2703 1688 2774; x_wconf 89' lang='lat' dir='ltr'>compatiens,</span> <span class='ocrx_word' id='word_1_300' title='bbox 1746 2705 1969 2758; x_wconf 90' lang='lat' dir='ltr'>miseris</span> 
     </span>
    </p>
   </div>
   <div class='ocr_carea' id='block_1_42' title="bbox 278 2791 1969 2863">
    <p class='ocr_par' dir='ltr' id='par_1_42' title="bbox 278 2791 1969 2863">
     <span class='ocr_line' id='line_1_42' title="bbox 278 2791 1969 2863; baseline 0 -17"><span class='ocrx_word' id='word_1_301' title='bbox 278 2792 540 2857; x_wconf 78' lang='lat' dir='ltr'>affabilis,</span> <span class='ocrx_word' id='word_1_302' title='bbox 606 2791 930 2845; x_wconf 89' lang='lat' dir='ltr'>misericors</span> <span class='ocrx_word' id='word_1_303' title='bbox 982 2791 1243 2857; x_wconf 90' lang='lat' dir='ltr'>subditis,</span> <span class='ocrx_word' id='word_1_304' title='bbox 1295 2792 1539 2846; x_wconf 90' lang='lat' dir='ltr'>multum</span> <span class='ocrx_word' id='word_1_305' title='bbox 1597 2793 1811 2863; x_wconf 91' lang='lat' dir='ltr'>largus,</span> <span class='ocrx_word' id='word_1_306' title='bbox 1845 2809 1969 2846; x_wconf 90' lang='lat' dir='ltr'>mo-</span> 
     </span>
    </p>
   </div>
   <div class='ocr_carea' id='block_1_43' title="bbox 277 2878 1969 2950">
    <p class='ocr_par' dir='ltr' id='par_1_43' title="bbox 277 2878 1969 2950">
     <span class='ocr_line' id='line_1_43' title="bbox 277 2878 1969 2950; baseline 0.001 -18"><span class='ocrx_word' id='word_1_307' title='bbox 277 2879 435 2932; x_wconf 90' lang='lat' dir='ltr'>ribus</span> <span class='ocrx_word' id='word_1_308' title='bbox 488 2878 945 2944; x_wconf 90' lang='lat' dir='ltr'>honestissimus,</span> <span class='ocrx_word' id='word_1_309' title='bbox 1023 2884 1194 2949; x_wconf 91' lang='lat' dir='ltr'>atque</span> <span class='ocrx_word' id='word_1_310' title='bbox 1251 2879 1310 2932; x_wconf 91' lang='lat' dir='ltr'>in</span> <span class='ocrx_word' id='word_1_311' title='bbox 1368 2880 1526 2933; x_wconf 90' lang='lat' dir='ltr'>omni</span> <span class='ocrx_word' id='word_1_312' title='bbox 1571 2896 1743 2950; x_wconf 90' lang='lat' dir='ltr'>opere</span> <span class='ocrx_word' id='word_1_313' title='bbox 1802 2881 1969 2934; x_wconf 79' lang='lat' dir='ltr'>Dei“</span> 
     </span>
    </p>
   </div>
   <div class='ocr_carea' id='block_1_44' title="bbox 278 2966 1967 3033">
    <p class='ocr_par' dir='ltr' id='par_1_44' title="bbox 278 2966 1967 3033">
     <span class='ocr_line' id='line_1_44' title="bbox 278 2966 1967 3033; baseline 0.002 -14"><span class='ocrx_word' id='word_1_314' title='bbox 278 2972 564 3019; x_wconf 90' lang='lat' dir='ltr'>strenuus.</span> <span class='ocrx_word' id='word_1_315' title='bbox 598 2966 1017 3033; x_wconf 26' lang='lat' dir='ltr'>Patientiamvin</span> <span class='ocrx_word' id='word_1_316' title='bbox 1056 2983 1122 3020; x_wconf 93' lang='lat' dir='ltr'>eo</span> <span class='ocrx_word' id='word_1_317' title='bbox 1167 2966 1400 3021; x_wconf 87' lang='lat' dir='ltr'>laudare</span> <span class='ocrx_word' id='word_1_318' title='bbox 1431 2984 1659 3022; x_wconf 90' lang='lat' dir='ltr'>necesse</span> <span class='ocrx_word' id='word_1_319' title='bbox 1708 2984 1823 3021; x_wconf 92' lang='lat' dir='ltr'>non</span> <span class='ocrx_word' id='word_1_320' title='bbox 1863 2974 1967 3031; x_wconf 88' lang='lat' dir='ltr'>est,</span> 
     </span>
    </p>
   </div>
   <div class='ocr_carea' id='block_1_45' title="bbox 2078 1821 3783 1894">
    <p class='ocr_par' dir='ltr' id='par_1_45' title="bbox 2078 1821 3783 1894">
     <span class='ocr_line' id='line_1_45' title="bbox 2078 1821 3783 1894; baseline 0.002 -18"><span class='ocrx_word' id='word_1_321' title='bbox 2078 1821 2343 1892; x_wconf 86' lang='lat' dir='ltr'>plurimis</span> <span class='ocrx_word' id='word_1_322' title='bbox 2391 1822 2620 1894; x_wconf 88' lang='lat' dir='ltr'>pietatis</span> <span class='ocrx_word' id='word_1_323' title='bbox 2674 1823 2880 1877; x_wconf 90' lang='lat' dir='ltr'>studiis</span> <span class='ocrx_word' id='word_1_324' title='bbox 2927 1831 3214 1878; x_wconf 87' lang='lat' dir='ltr'>crescente</span> <span class='ocrx_word' id='word_1_325' title='bbox 3243 1825 3396 1878; x_wconf 87' lang='lat' dir='ltr'>fama</span> <span class='ocrx_word' id='word_1_326' title='bbox 3443 1826 3599 1880; x_wconf 90' lang='lat' dir='ltr'>beati</span> <span class='ocrx_word' id='word_1_327' title='bbox 3645 1827 3783 1891; x_wconf 90' lang='lat' dir='ltr'>viri,</span> 
     </span>
    </p>
   </div>
   <div class='ocr_carea' id='block_1_46' title="bbox 2078 1911 3786 1985">
    <p class='ocr_par' dir='ltr' id='par_1_46' title="bbox 2078 1911 3786 1985">
     <span class='ocr_line' id='line_1_46' title="bbox 2078 1911 3786 1985; baseline 0.002 -21"><span class='ocrx_word' id='word_1_328' title='bbox 2078 1911 2148 1966; x_wconf 92' lang='lat' dir='ltr'>ad</span> <span class='ocrx_word' id='word_1_329' title='bbox 2171 1927 2336 1965; x_wconf 91' lang='lat' dir='ltr'>aures</span> <span class='ocrx_word' id='word_1_330' title='bbox 2361 1911 2724 1980; x_wconf 89' lang='lat' dir='ltr'>imperatoris</span> <span class='ocrx_word' id='word_1_331' title='bbox 2780 1913 3005 1968; x_wconf 90' lang='lat' dir='ltr'>Ottonis</span> <span class='ocrx_word' id='word_1_332' title='bbox 3047 1913 3202 1968; x_wconf 91' lang='lat' dir='ltr'>tertii</span> <span class='ocrx_word' id='word_1_333' title='bbox 3231 1913 3438 1968; x_wconf 89' lang='lat' dir='ltr'>notitia</span> <span class='ocrx_word' id='word_1_334' title='bbox 3492 1916 3619 1984; x_wconf 90' lang='lat' dir='ltr'>ejus</span> <span class='ocrx_word' id='word_1_335' title='bbox 3650 1930 3786 1985; x_wconf 89' lang='lat' dir='ltr'>per-</span> 
     </span>
    </p>
   </div>
   <div class='ocr_carea' id='block_1_47' title="bbox 2079 2000 3789 2072">
    <p class='ocr_par' dir='ltr' id='par_1_47' title="bbox 2079 2000 3789 2072">
     <span class='ocr_line' id='line_1_47' title="bbox 2079 2000 3789 2072; baseline 0.003 -19"><span class='ocrx_word' id='word_1_336' title='bbox 2079 2000 2261 2069; x_wconf 87' lang='lat' dir='ltr'>venit;</span> <span class='ocrx_word' id='word_1_337' title='bbox 2295 2000 2396 2071; x_wconf 89' lang='lat' dir='ltr'>qui</span> <span class='ocrx_word' id='word_1_338' title='bbox 2428 2000 2495 2068; x_wconf 68' lang='grc' dir='ltr'>θ’,</span> <span class='ocrx_word' id='word_1_339' title='bbox 2527 2006 2590 2054; x_wconf 92' lang='lat' dir='ltr'>ut</span> <span class='ocrx_word' id='word_1_340' title='bbox 2617 2006 2739 2054; x_wconf 90' lang='lat' dir='ltr'>erat</span> <span class='ocrx_word' id='word_1_341' title='bbox 2778 2001 3113 2072; x_wconf 90' lang='lat' dir='ltr'>piiissimus,</span> <span class='ocrx_word' id='word_1_342' title='bbox 3146 2002 3310 2056; x_wconf 87' lang='lat' dir='ltr'>valde</span> <span class='ocrx_word' id='word_1_343' title='bbox 3364 2002 3528 2056; x_wconf 88' lang='lat' dir='ltr'>illum</span> <span class='ocrx_word' id='word_1_344' title='bbox 3579 2003 3789 2058; x_wconf 84' lang='lat' dir='ltr'>dilexit</span> 
     </span>
    </p>
   </div>
   <div class='ocr_carea' id='block_1_48' title="bbox 2079 2088 3788 2161">
    <p class='ocr_par' dir='ltr' id='par_1_48' title="bbox 2079 2088 3788 2161">
     <span class='ocr_line' id='line_1_48' title="bbox 2079 2088 3788 2161; baseline 0.002 -21"><span class='ocrx_word' id='word_1_345' title='bbox 2079 2091 2135 2140; x_wconf 91' lang='lat' dir='ltr'>et</span> <span class='ocrx_word' id='word_1_346' title='bbox 2158 2103 2307 2158; x_wconf 67' lang='lat' dir='ltr'>saepe</span> <span class='ocrx_word' id='word_1_347' title='bbox 2336 2088 2407 2142; x_wconf 91' lang='lat' dir='ltr'>ad</span> <span class='ocrx_word' id='word_1_348' title='bbox 2435 2105 2493 2143; x_wconf 90' lang='lat' dir='ltr'>se</span> <span class='ocrx_word' id='word_1_349' title='bbox 2541 2089 2588 2122; x_wconf 84' lang='grc'>³³</span> <span class='ocrx_word' id='word_1_350' title='bbox 2619 2088 2945 2144; x_wconf 90' lang='lat' dir='ltr'>venientem</span> <span class='ocrx_word' id='word_1_351' title='bbox 3003 2091 3315 2144; x_wconf 89' lang='lat' dir='ltr'>clementer</span> <span class='ocrx_word' id='word_1_352' title='bbox 3370 2091 3636 2161; x_wconf 87' lang='lat' dir='ltr'>suscepit,</span> <span class='ocrx_word' id='word_1_353' title='bbox 3720 2107 3788 2144; x_wconf 90' lang='lat' dir='ltr'>ac</span> 
     </span>
    </p>
   </div>
   <div class='ocr_carea' id='block_1_49' title="bbox 2077 2174 3786 2251">
    <p class='ocr_par' dir='ltr' id='par_1_49' title="bbox 2077 2174 3786 2251">
     <span class='ocr_line' id='line_1_49' title="bbox 2077 2174 3786 2251; baseline 0.003 -22"><span class='ocrx_word' id='word_1_354' title='bbox 2077 2174 2312 2230; x_wconf 87' lang='lat' dir='ltr'>diversis</span> <span class='ocrx_word' id='word_1_355' title='bbox 2345 2175 2510 2231; x_wconf 92' lang='lat' dir='ltr'>donis</span> <span class='ocrx_word' id='word_1_356' title='bbox 2565 2183 2836 2232; x_wconf 91' lang='lat' dir='ltr'>onustum</span> <span class='ocrx_word' id='word_1_357' title='bbox 2875 2177 3189 2233; x_wconf 89' lang='lat' dir='ltr'>honoriﬁce</span> <span class='ocrx_word' id='word_1_358' title='bbox 3237 2179 3479 2248; x_wconf 90' lang='lat' dir='ltr'>remisit,</span> <span class='ocrx_word' id='word_1_359' title='bbox 3531 2179 3786 2251; x_wconf 87' lang='lat' dir='ltr'>gratiam</span> 
     </span>
    </p>
   </div>
   <div class='ocr_carea' id='block_1_50' title="bbox 2079 2264 3021 2334">
    <p class='ocr_par' dir='ltr' id='par_1_50' title="bbox 2079 2264 3021 2334">
     <span class='ocr_line' id='line_1_50' title="bbox 2079 2264 3021 2334; baseline 0.003 -17"><span class='ocrx_word' id='word_1_360' title='bbox 2079 2264 2186 2318; x_wconf 90' lang='lat' dir='ltr'>sibi</span> <span class='ocrx_word' id='word_1_361' title='bbox 2211 2265 2555 2334; x_wconf 89' lang='lat' dir='ltr'>promittens</span> <span class='ocrx_word' id='word_1_362' title='bbox 2585 2282 2705 2320; x_wconf 91' lang='lat' dir='ltr'>esse</span> <span class='ocrx_word' id='word_1_363' title='bbox 2749 2266 3021 2321; x_wconf 88' lang='lat' dir='ltr'>futuram.</span> 
     </span>
    </p>
   </div>
   <div class='ocr_carea' id='block_1_51' title="bbox 2149 2353 3787 2424">
    <p class='ocr_par' dir='ltr' id='par_1_51' title="bbox 2149 2353 3787 2424">
     <span class='ocr_line' id='line_1_51' title="bbox 2149 2353 3787 2424; baseline 0.004 -19"><span class='ocrx_word' id='word_1_364' title='bbox 2149 2355 2201 2406; x_wconf 89' lang='lat'>3.</span> <span class='ocrx_word' id='word_1_365' title='bbox 2253 2353 2471 2407; x_wconf 87' lang='lat' dir='ltr'>Interea</span> <span class='ocrx_word' id='word_1_366' title='bbox 2514 2354 2771 2424; x_wconf 87' lang='lat' dir='ltr'>contigit,</span> <span class='ocrx_word' id='word_1_367' title='bbox 2813 2358 2893 2408; x_wconf 75' lang='lat' dir='ltr'>&#39;ut</span> <span class='ocrx_word' id='word_1_368' title='bbox 2951 2354 3283 2410; x_wconf 85' lang='lat' dir='ltr'>Hildebalus</span> <span class='ocrx_word' id='word_1_369' title='bbox 3336 2355 3787 2412; x_wconf 85' lang='lat' dir='ltr'>Wormaciensis</span> 
     </span>
    </p>
   </div>
   <div class='ocr_carea' id='block_1_52' title="bbox 2078 2441 3786 2516">
    <p class='ocr_par' dir='ltr' id='par_1_52' title="bbox 2078 2441 3786 2516">
     <span class='ocr_line' id='line_1_52' title="bbox 2078 2441 3786 2516; baseline 0.004 -22"><span class='ocrx_word' id='word_1_370' title='bbox 2078 2441 2330 2496; x_wconf 68' lang='lat' dir='ltr'>ecclesiae</span> <span class='ocrx_word' id='word_1_371' title='bbox 2360 2441 2409 2478; x_wconf 75' lang='grc'>³⁵</span> <span class='ocrx_word' id='word_1_372' title='bbox 2449 2443 2747 2514; x_wconf 90' lang='lat' dir='ltr'>episcopus</span> <span class='ocrx_word' id='word_1_373' title='bbox 2801 2443 2953 2498; x_wconf 91' lang='lat' dir='ltr'>diem</span> <span class='ocrx_word' id='word_1_374' title='bbox 2996 2444 3287 2499; x_wconf 88' lang='lat' dir='ltr'>clauderet</span> <span class='ocrx_word' id='word_1_375' title='bbox 3330 2445 3597 2500; x_wconf 88' lang='lat' dir='ltr'>ultimum</span> <span class='ocrx_word' id='word_1_376' title='bbox 3667 2447 3786 2516; x_wconf 87' lang='lat' dir='ltr'>(an.</span> 
     </span>
    </p>
   </div>
   <div class='ocr_carea' id='block_1_53' title="bbox 2081 2531 3787 2604">
    <p class='ocr_par' dir='ltr' id='par_1_53' title="bbox 2081 2531 3787 2604">
     <span class='ocr_line' id='line_1_53' title="bbox 2081 2531 3787 2604; baseline 0.002 -21"><span class='ocrx_word' id='word_1_377' title='bbox 2081 2531 2204 2597; x_wconf 83' lang='lat'>998,</span> <span class='ocrx_word' id='word_1_378' title='bbox 2239 2531 2384 2596; x_wconf 86' lang='lat' dir='ltr'>Aug.</span> <span class='ocrx_word' id='word_1_379' title='bbox 2427 2532 2505 2600; x_wconf 72' lang='grc'>4),</span> <span class='ocrx_word' id='word_1_380' title='bbox 2539 2536 2596 2584; x_wconf 93' lang='lat' dir='ltr'>et</span> <span class='ocrx_word' id='word_1_381' title='bbox 2622 2531 2743 2586; x_wconf 87' lang='lat' dir='ltr'>vice</span> <span class='ocrx_word' id='word_1_382' title='bbox 2796 2531 2950 2586; x_wconf 89' lang='lat' dir='ltr'>illius</span> <span class='ocrx_word' id='word_1_383' title='bbox 2992 2533 3227 2599; x_wconf 79' lang='lat' dir='ltr'>Franco,</span> <span class='ocrx_word' id='word_1_384' title='bbox 3261 2532 3332 2599; x_wconf 78' lang='grc'>³⁵,</span> <span class='ocrx_word' id='word_1_385' title='bbox 3384 2533 3645 2604; x_wconf 70' lang='lat' dir='ltr'>praedicti</span> <span class='ocrx_word' id='word_1_386' title='bbox 3673 2534 3787 2588; x_wconf 92' lang='lat' dir='ltr'>do-</span> 
     </span>
    </p>
   </div>
   <div class='ocr_carea' id='block_1_54' title="bbox 2079 2617 3785 2692">
    <p class='ocr_par' dir='ltr' id='par_1_54' title="bbox 2079 2617 3785 2692">
     <span class='ocr_line' id='line_1_54' title="bbox 2079 2617 3785 2692; baseline 0.001 -22"><span class='ocrx_word' id='word_1_387' title='bbox 2079 2617 2223 2672; x_wconf 88' lang='lat' dir='ltr'>mini</span> <span class='ocrx_word' id='word_1_388' title='bbox 2301 2619 2607 2673; x_wconf 87' lang='lat' dir='ltr'>Burchardi</span> <span class='ocrx_word' id='word_1_389' title='bbox 2677 2620 2874 2688; x_wconf 88' lang='lat' dir='ltr'>frater,</span> <span class='ocrx_word' id='word_1_390' title='bbox 2930 2621 3375 2676; x_wconf 89' lang='lat' dir='ltr'>constitueretur</span> <span class='ocrx_word' id='word_1_391' title='bbox 3456 2622 3785 2692; x_wconf 87' lang='lat' dir='ltr'>episcopus.</span> 
     </span>
    </p>
   </div>
   <div class='ocr_carea' id='block_1_55' title="bbox 2083 2707 3790 2781">
    <p class='ocr_par' dir='ltr' id='par_1_55' title="bbox 2083 2707 3790 2781">
     <span class='ocr_line' id='line_1_55' title="bbox 2083 2707 3790 2781; baseline 0.003 -20"><span class='ocrx_word' id='word_1_392' title='bbox 2083 2708 2256 2762; x_wconf 84' lang='lat' dir='ltr'>Multa</span> <span class='ocrx_word' id='word_1_393' title='bbox 2280 2708 2349 2762; x_wconf 92' lang='lat' dir='ltr'>de</span> <span class='ocrx_word' id='word_1_394' title='bbox 2371 2708 2480 2762; x_wconf 89' lang='lat' dir='ltr'>hoc</span> <span class='ocrx_word' id='word_1_395' title='bbox 2509 2708 2631 2762; x_wconf 92' lang='lat' dir='ltr'>viro</span> <span class='ocrx_word' id='word_1_396' title='bbox 2661 2707 2711 2742; x_wconf 74' lang='lat'>3°</span> <span class='ocrx_word' id='word_1_397' title='bbox 2750 2709 3038 2763; x_wconf 88' lang='lat' dir='ltr'>narranda</span> <span class='ocrx_word' id='word_1_398' title='bbox 3087 2710 3432 2776; x_wconf 87' lang='lat' dir='ltr'>sufﬁcerent,</span> <span class='ocrx_word' id='word_1_399' title='bbox 3483 2710 3532 2764; x_wconf 91' lang='lat' dir='ltr'>si</span> <span class='ocrx_word' id='word_1_400' title='bbox 3561 2710 3790 2781; x_wconf 86' lang='lat' dir='ltr'>ingenii</span> 
     </span>
    </p>
   </div>
   <div class='ocr_carea' id='block_1_56' title="bbox 2080 2794 3789 2871">
    <p class='ocr_par' dir='ltr' id='par_1_56' title="bbox 2080 2794 3789 2871">
     <span class='ocr_line' id='line_1_56' title="bbox 2080 2794 3789 2871; baseline 0.003 -21"><span class='ocrx_word' id='word_1_401' title='bbox 2080 2794 2360 2866; x_wconf 82' lang='lat' dir='ltr'>exiguitas</span> <span class='ocrx_word' id='word_1_402' title='bbox 2417 2813 2531 2850; x_wconf 94' lang='lat' dir='ltr'>non</span> <span class='ocrx_word' id='word_1_403' title='bbox 2577 2797 2907 2866; x_wconf 90' lang='lat' dir='ltr'>impediret.</span> <span class='ocrx_word' id='word_1_404' title='bbox 2958 2798 3068 2853; x_wconf 89' lang='lat' dir='ltr'>Sed</span> <span class='ocrx_word' id='word_1_405' title='bbox 3116 2796 3162 2832; x_wconf 80' lang='grc'>³⁷</span> <span class='ocrx_word' id='word_1_406' title='bbox 3193 2798 3329 2869; x_wconf 89' lang='lat' dir='ltr'>quia</span> <span class='ocrx_word' id='word_1_407' title='bbox 3393 2799 3610 2854; x_wconf 89' lang='lat' dir='ltr'>mentio</span> <span class='ocrx_word' id='word_1_408' title='bbox 3655 2800 3789 2871; x_wconf 87' lang='lat' dir='ltr'>ejus</span> 
     </span>
    </p>
   </div>
   <div class='ocr_carea' id='block_1_57' title="bbox 2079 2885 3790 2958">
    <p class='ocr_par' dir='ltr' id='par_1_57' title="bbox 2079 2885 3790 2958">
     <span class='ocr_line' id='line_1_57' title="bbox 2079 2885 3790 2958; baseline 0.003 -20"><span class='ocrx_word' id='word_1_409' title='bbox 2079 2885 2485 2939; x_wconf 85' lang='lat' dir='ltr'>nostrirationi</span> <span class='ocrx_word' id='word_1_410' title='bbox 2514 2885 2843 2952; x_wconf 89' lang='lat' dir='ltr'>intervenit,</span> <span class='ocrx_word' id='word_1_411' title='bbox 2901 2885 2948 2939; x_wconf 91' lang='lat' dir='ltr'>si</span> <span class='ocrx_word' id='word_1_412' title='bbox 3001 2903 3116 2940; x_wconf 92' lang='lat' dir='ltr'>non</span> <span class='ocrx_word' id='word_1_413' title='bbox 3157 2903 3460 2957; x_wconf 90' lang='lat' dir='ltr'>possumus</span> <span class='ocrx_word' id='word_1_414' title='bbox 3514 2887 3584 2941; x_wconf 93' lang='lat' dir='ltr'>de</span> <span class='ocrx_word' id='word_1_415' title='bbox 3607 2888 3790 2958; x_wconf 69' lang='lat' dir='ltr'>[factis</span> 
     </span>
    </p>
   </div>
   <div class='ocr_carea' id='block_1_58' title="bbox 2079 2973 3787 3045">
    <p class='ocr_par' dir='ltr' id='par_1_58' title="bbox 2079 2973 3787 3045">
     <span class='ocr_line' id='line_1_58' title="bbox 2079 2973 3787 3045; baseline 0.004 -19"><span class='ocrx_word' id='word_1_416' title='bbox 2079 2973 2233 3026; x_wconf 90' lang='lat' dir='ltr'>illius</span> <span class='ocrx_word' id='word_1_417' title='bbox 2264 2973 2579 3043; x_wconf 88' lang='lat' dir='ltr'>majoribus</span> <span class='ocrx_word' id='word_1_418' title='bbox 2622 2979 2816 3028; x_wconf 90' lang='lat' dir='ltr'>tamen</span> <span class='ocrx_word' id='word_1_419' title='bbox 2872 2974 3066 3045; x_wconf 90' lang='lat' dir='ltr'>aliqua</span> <span class='ocrx_word' id='word_1_420' title='bbox 3136 2975 3390 3030; x_wconf 89' lang='lat' dir='ltr'>dicamus</span> <span class='ocrx_word' id='word_1_421' title='bbox 3445 2977 3513 3031; x_wconf 90' lang='lat' dir='ltr'>de</span> <span class='ocrx_word' id='word_1_422' title='bbox 3545 2977 3787 3032; x_wconf 80' lang='lat' dir='ltr'>minori-</span> 
     </span>
    </p>
   </div>
   <div class='ocr_carea' id='block_1_59' title="bbox 278 3051 3787 3136">
    <p class='ocr_par' dir='ltr' id='par_1_59' title="bbox 278 3051 3787 3136">
     <span class='ocr_line' id='line_1_59' title="bbox 278 3051 3787 3136; baseline 0.003 -28"><span class='ocrx_word' id='word_1_423' title='bbox 278 3070 409 3108; x_wconf 90' lang='lat' dir='ltr'>cum</span> <span class='ocrx_word' id='word_1_424' title='bbox 453 3053 560 3106; x_wconf 93' lang='lat' dir='ltr'>sibi</span> <span class='ocrx_word' id='word_1_425' title='bbox 609 3054 1004 3122; x_wconf 88' lang='lat' dir='ltr'>servientibus,</span> <span class='ocrx_word' id='word_1_426' title='bbox 1058 3071 1409 3126; x_wconf 90' lang='lat' dir='ltr'>quamquam</span> <span class='ocrx_word' id='word_1_427' title='bbox 1467 3058 1509 3091; x_wconf 76' lang='grc'>¹³</span> <span class='ocrx_word' id='word_1_428' title='bbox 1565 3071 1716 3126; x_wconf 72' lang='lat' dir='ltr'>szepe</span> <span class='ocrx_word' id='word_1_429' title='bbox 1772 3062 1970 3111; x_wconf 87' lang='lat' dir='ltr'>contra</span> <span class='ocrx_word' id='word_1_430' title='bbox 2003 3051 2043 3105; x_wconf 85' lang='lat' dir='ltr'>C</span> <span class='ocrx_word' id='word_1_431' title='bbox 2081 3062 2205 3115; x_wconf 83' lang='lat' dir='ltr'>bus.</span> <span class='ocrx_word' id='word_1_432' title='bbox 2268 3065 2513 3132; x_wconf 81' lang='lat' dir='ltr'>Accepto</span> <span class='ocrx_word' id='word_1_433' title='bbox 2573 3060 2622 3096; x_wconf 83' lang='grc'>³⁸</span> <span class='ocrx_word' id='word_1_434' title='bbox 2683 3063 2860 3133; x_wconf 91' lang='lat' dir='ltr'>igitur</span> <span class='ocrx_word' id='word_1_435' title='bbox 2937 3063 3286 3134; x_wconf 89' lang='lat' dir='ltr'>episcopatu,</span> <span class='ocrx_word' id='word_1_436' title='bbox 3342 3065 3676 3136; x_wconf 90' lang='lat' dir='ltr'>aliquandiu</span> <span class='ocrx_word' id='word_1_437' title='bbox 3722 3067 3787 3119; x_wconf 89' lang='lat' dir='ltr'>in</span> 
     </span>
    </p>
   </div>
   <div class='ocr_carea' id='block_1_60' title="bbox 281 3141 1968 3212">
    <p class='ocr_par' dir='ltr' id='par_1_60' title="bbox 281 3141 1968 3212">
     <span class='ocr_line' id='line_1_60' title="bbox 281 3141 1968 3212; baseline 0.001 -16"><span class='ocrx_word' id='word_1_438' title='bbox 281 3143 445 3197; x_wconf 91' lang='lat' dir='ltr'>illum</span> <span class='ocrx_word' id='word_1_439' title='bbox 498 3141 987 3212; x_wconf 84' lang='lat' dir='ltr'>delinquentibus,</span> <span class='ocrx_word' id='word_1_440' title='bbox 1026 3159 1127 3196; x_wconf 90' lang='lat' dir='ltr'>nec</span> <span class='ocrx_word' id='word_1_441' title='bbox 1187 3145 1232 3179; x_wconf 74' lang='grc' dir='ltr'>³ο</span> <span class='ocrx_word' id='word_1_442' title='bbox 1279 3145 1459 3198; x_wconf 90' lang='lat' dir='ltr'>ullum</span> <span class='ocrx_word' id='word_1_443' title='bbox 1529 3145 1968 3200; x_wconf 87' lang='lat' dir='ltr'>contradiceudo</span> 
     </span>
    </p>
   </div>
   <div class='ocr_carea' id='block_1_61' title="bbox 280 3230 1244 3302">
    <p class='ocr_par' dir='ltr' id='par_1_61' title="bbox 280 3230 1244 3302">
     <span class='ocr_line' id='line_1_61' title="bbox 280 3230 1244 3302; baseline 0.001 -17"><span class='ocrx_word' id='word_1_444' title='bbox 280 3231 590 3302; x_wconf 90' lang='lat' dir='ltr'>aliquando</span> <span class='ocrx_word' id='word_1_445' title='bbox 621 3230 893 3301; x_wconf 90' lang='lat' dir='ltr'>objiceret</span> <span class='ocrx_word' id='word_1_446' title='bbox 921 3231 1244 3286; x_wconf 91' lang='lat' dir='ltr'>verbulum.</span> 
     </span>
    </p>
   </div>
   <div class='ocr_carea' id='block_1_62' title="bbox 349 3315 1967 3390">
    <p class='ocr_par' dir='ltr' id='par_1_62' title="bbox 349 3315 1967 3390">
     <span class='ocr_line' id='line_1_62' title="bbox 349 3315 1967 3390; baseline 0.002 -18"><span class='ocrx_word' id='word_1_447' title='bbox 349 3323 401 3372; x_wconf 89' lang='lat'>2.</span> <span class='ocrx_word' id='word_1_448' title='bbox 437 3317 564 3372; x_wconf 90' lang='lat' dir='ltr'>Istis</span> <span class='ocrx_word' id='word_1_449' title='bbox 587 3318 798 3389; x_wconf 87' lang='lat' dir='ltr'>quippe</span> <span class='ocrx_word' id='word_1_450' title='bbox 835 3315 877 3352; x_wconf 83' lang='grc'>¹⁷</span> <span class='ocrx_word' id='word_1_451' title='bbox 937 3317 1140 3389; x_wconf 90' lang='lat' dir='ltr'>hisque</span> <span class='ocrx_word' id='word_1_452' title='bbox 1174 3318 1460 3372; x_wconf 88' lang='lat' dir='ltr'>similibus</span> <span class='ocrx_word' id='word_1_453' title='bbox 1518 3320 1744 3390; x_wconf 90' lang='lat' dir='ltr'>pollens</span> <span class='ocrx_word' id='word_1_454' title='bbox 1791 3320 1967 3375; x_wconf 91' lang='lat' dir='ltr'>virtu-</span> 
     </span>
    </p>
   </div>
   <div class='ocr_carea' id='block_1_63' title="bbox 279 3406 1971 3476">
    <p class='ocr_par' dir='ltr' id='par_1_63' title="bbox 279 3406 1971 3476">
     <span class='ocr_line' id='line_1_63' title="bbox 279 3406 1971 3476; baseline 0.002 -16"><span class='ocrx_word' id='word_1_455' title='bbox 279 3406 453 3471; x_wconf 89' lang='lat' dir='ltr'>tibus,</span> <span class='ocrx_word' id='word_1_456' title='bbox 505 3421 605 3475; x_wconf 90' lang='lat' dir='ltr'>per</span> <span class='ocrx_word' id='word_1_457' title='bbox 657 3406 915 3475; x_wconf 88' lang='lat' dir='ltr'>singulas</span> <span class='ocrx_word' id='word_1_458' title='bbox 964 3406 1208 3476; x_wconf 86' lang='lat' dir='ltr'>gradum</span> <span class='ocrx_word' id='word_1_459' title='bbox 1251 3407 1572 3461; x_wconf 86' lang='lat' dir='ltr'>scansiones</span> <span class='ocrx_word' id='word_1_460' title='bbox 1624 3407 1668 3442; x_wconf 79' lang='grc'>¹⁸</span> <span class='ocrx_word' id='word_1_461' title='bbox 1725 3409 1798 3464; x_wconf 87' lang='lat' dir='ltr'>ad</span> <span class='ocrx_word' id='word_1_462' title='bbox 1852 3410 1971 3464; x_wconf 88' lang='lat' dir='ltr'>dia-</span> 
     </span>
    </p>
   </div>
   <div class='ocr_carea' id='block_1_64' title="bbox 280 3494 1973 3566">
    <p class='ocr_par' dir='ltr' id='par_1_64' title="bbox 280 3494 1973 3566">
     <span class='ocr_line' id='line_1_64' title="bbox 280 3494 1973 3566; baseline 0.003 -18"><span class='ocrx_word' id='word_1_463' title='bbox 280 3498 516 3548; x_wconf 91' lang='lat' dir='ltr'>conatus</span> <span class='ocrx_word' id='word_1_464' title='bbox 545 3494 806 3548; x_wconf 87' lang='lat' dir='ltr'>ordinem</span> <span class='ocrx_word' id='word_1_465' title='bbox 838 3494 906 3548; x_wconf 89' lang='lat' dir='ltr'>ab</span> <span class='ocrx_word' id='word_1_466' title='bbox 949 3495 1374 3566; x_wconf 86' lang='lat' dir='ltr'>archiepiscopo</span> <span class='ocrx_word' id='word_1_467' title='bbox 1439 3494 1485 3530; x_wconf 83' lang='grc'>¹⁹</span> <span class='ocrx_word' id='word_1_468' title='bbox 1535 3498 1877 3552; x_wconf 90' lang='lat' dir='ltr'>sublimatus</span> <span class='ocrx_word' id='word_1_469' title='bbox 1922 3497 1973 3532; x_wconf 86' lang='grc'>²⁰</span> 
     </span>
    </p>
   </div>
   <div class='ocr_carea' id='block_1_65' title="bbox 283 3582 1967 3656">
    <p class='ocr_par' dir='ltr' id='par_1_65' title="bbox 283 3582 1967 3656">
     <span class='ocr_line' id='line_1_65' title="bbox 283 3582 1967 3656; baseline 0.003 -21"><span class='ocrx_word' id='word_1_470' title='bbox 283 3589 385 3648; x_wconf 91' lang='lat' dir='ltr'>est,</span> <span class='ocrx_word' id='word_1_471' title='bbox 429 3589 484 3636; x_wconf 93' lang='lat' dir='ltr'>et</span> <span class='ocrx_word' id='word_1_472' title='bbox 509 3583 626 3635; x_wconf 93' lang='lat' dir='ltr'>loco</span> <span class='ocrx_word' id='word_1_473' title='bbox 688 3582 914 3636; x_wconf 90' lang='lat' dir='ltr'>cuidam</span> <span class='ocrx_word' id='word_1_474' title='bbox 972 3584 1342 3653; x_wconf 89' lang='lat' dir='ltr'>pauperrimo</span> <span class='ocrx_word' id='word_1_475' title='bbox 1402 3587 1738 3656; x_wconf 66' lang='lat' dir='ltr'>praepositus</span> <span class='ocrx_word' id='word_1_476' title='bbox 1795 3592 1880 3640; x_wconf 91' lang='lat' dir='ltr'>est</span> <span class='ocrx_word' id='word_1_477' title='bbox 1902 3585 1967 3640; x_wconf 87' lang='grc'>²¹.</span> 
     </span>
    </p>
   </div>
   <div class='ocr_carea' id='block_1_66' title="bbox 284 3670 1972 3742">
    <p class='ocr_par' dir='ltr' id='par_1_66' title="bbox 284 3670 1972 3742">
     <span class='ocr_line' id='line_1_66' title="bbox 284 3670 1972 3742; baseline 0.002 -16"><span class='ocrx_word' id='word_1_478' title='bbox 284 3674 443 3726; x_wconf 85' lang='lat' dir='ltr'>Hunc</span> <span class='ocrx_word' id='word_1_479' title='bbox 473 3687 610 3740; x_wconf 88' lang='lat' dir='ltr'>ergo</span> <span class='ocrx_word' id='word_1_480' title='bbox 660 3671 871 3736; x_wconf 88' lang='lat' dir='ltr'>locum,</span> <span class='ocrx_word' id='word_1_481' title='bbox 923 3670 1351 3742; x_wconf 87' lang='lat' dir='ltr'>archiepiscopo</span> <span class='ocrx_word' id='word_1_482' title='bbox 1393 3674 1711 3742; x_wconf 89' lang='lat' dir='ltr'>adjuvante,</span> <span class='ocrx_word' id='word_1_483' title='bbox 1745 3691 1972 3729; x_wconf 89' lang='lat' dir='ltr'>summo</span> 
     </span>
    </p>
   </div>
   <div class='ocr_carea' id='block_1_67' title="bbox 280 3759 1969 3830">
    <p class='ocr_par' dir='ltr' id='par_1_67' title="bbox 280 3759 1969 3830">
     <span class='ocr_line' id='line_1_67' title="bbox 280 3759 1969 3830; baseline 0.003 -18"><span class='ocrx_word' id='word_1_484' title='bbox 280 3760 408 3812; x_wconf 89' lang='lat' dir='ltr'>nisu</span> <span class='ocrx_word' id='word_1_485' title='bbox 470 3759 660 3813; x_wconf 82' lang='lat' dir='ltr'>statim</span> <span class='ocrx_word' id='word_1_486' title='bbox 711 3759 945 3812; x_wconf 86' lang='lat' dir='ltr'>adauxit</span> <span class='ocrx_word' id='word_1_487' title='bbox 1003 3761 1255 3830; x_wconf 86' lang='lat' dir='ltr'>totisque</span> <span class='ocrx_word' id='word_1_488' title='bbox 1309 3761 1526 3815; x_wconf 90' lang='lat' dir='ltr'>viribus</span> <span class='ocrx_word' id='word_1_489' title='bbox 1570 3763 1859 3818; x_wconf 90' lang='lat' dir='ltr'>decoravit</span> <span class='ocrx_word' id='word_1_490' title='bbox 1903 3763 1969 3817; x_wconf 86' lang='grc'>²².</span> 
     </span>
    </p>
   </div>
   <div class='ocr_carea' id='block_1_68' title="bbox 284 3847 1974 3916">
    <p class='ocr_par' dir='ltr' id='par_1_68' title="bbox 284 3847 1974 3916">
     <span class='ocr_line' id='line_1_68' title="bbox 284 3847 1974 3916; baseline 0.002 -15"><span class='ocrx_word' id='word_1_491' title='bbox 284 3849 425 3901; x_wconf 86' lang='lat' dir='ltr'>Nam</span> <span class='ocrx_word' id='word_1_492' title='bbox 476 3847 773 3916; x_wconf 85' lang='lat' dir='ltr'>egregium</span> <span class='ocrx_word' id='word_1_493' title='bbox 845 3848 1253 3902; x_wconf 90' lang='lat' dir='ltr'>monasterium</span> <span class='ocrx_word' id='word_1_494' title='bbox 1310 3849 1480 3903; x_wconf 86' lang='lat' dir='ltr'>simul</span> <span class='ocrx_word' id='word_1_495' title='bbox 1537 3855 1593 3903; x_wconf 90' lang='lat' dir='ltr'>et</span> <span class='ocrx_word' id='word_1_496' title='bbox 1662 3852 1974 3905; x_wconf 90' lang='lat' dir='ltr'>claustrum</span> 
     </span>
    </p>
   </div>
   <div class='ocr_carea' id='block_1_69' title="bbox 280 3934 1974 3994">
    <p class='ocr_par' dir='ltr' id='par_1_69' title="bbox 280 3934 1974 3994">
     <span class='ocr_line' id='line_1_69' title="bbox 280 3934 1974 3994; baseline 0.005 -7"><span class='ocrx_word' id='word_1_497' title='bbox 280 3934 689 3989; x_wconf 87' lang='lat' dir='ltr'>canonicorum</span> <span class='ocrx_word' id='word_1_498' title='bbox 743 3935 801 3989; x_wconf 90' lang='lat' dir='ltr'>in</span> <span class='ocrx_word' id='word_1_499' title='bbox 857 3936 1076 3990; x_wconf 91' lang='lat' dir='ltr'>honore</span> <span class='ocrx_word' id='word_1_500' title='bbox 1144 3937 1323 3991; x_wconf 90' lang='lat' dir='ltr'>sancti</span> <span class='ocrx_word' id='word_1_501' title='bbox 1379 3938 1614 3993; x_wconf 87' lang='lat' dir='ltr'>Victoris</span> <span class='ocrx_word' id='word_1_502' title='bbox 1670 3940 1882 3994; x_wconf 81' lang='lat' dir='ltr'>ibidem</span> <span class='ocrx_word' id='word_1_503' title='bbox 1929 3942 1974 3977; x_wconf 78' lang='grc'>²³</span> 
     </span>
    </p>
   </div>
   <div class='ocr_carea' id='block_1_70' title="bbox 283 4022 1973 4096">
    <p class='ocr_par' dir='ltr' id='par_1_70' title="bbox 283 4022 1973 4096">
     <span class='ocr_line' id='line_1_70' title="bbox 283 4022 1973 4096; baseline 0.004 -20"><span class='ocrx_word' id='word_1_504' title='bbox 283 4023 597 4077; x_wconf 86' lang='lat' dir='ltr'>construxit</span> <span class='ocrx_word' id='word_1_505' title='bbox 653 4027 715 4077; x_wconf 65' lang='grc' dir='ltr'>υ.</span> <span class='ocrx_word' id='word_1_506' title='bbox 769 4024 1057 4096; x_wconf 86' lang='lat' dir='ltr'>Positique</span> <span class='ocrx_word' id='word_1_507' title='bbox 1111 4022 1156 4058; x_wconf 72' lang='grc'>³⁸</span> <span class='ocrx_word' id='word_1_508' title='bbox 1213 4026 1283 4080; x_wconf 91' lang='lat' dir='ltr'>ad</span> <span class='ocrx_word' id='word_1_509' title='bbox 1343 4027 1684 4082; x_wconf 90' lang='lat' dir='ltr'>electionem</span> <span class='ocrx_word' id='word_1_510' title='bbox 1734 4029 1973 4084; x_wconf 88' lang='lat' dir='ltr'>fratrum</span> 
     </span>
    </p>
   </div>
   <div class='ocr_carea' id='block_1_71' title="bbox 284 4113 1982 4188">
    <p class='ocr_par' dir='ltr' id='par_1_71' title="bbox 284 4113 1982 4188">
     <span class='ocr_line' id='line_1_71' title="bbox 284 4113 1982 4188; baseline 0.005 -24"><span class='ocrx_word' id='word_1_511' title='bbox 284 4113 516 4165; x_wconf 83' lang='lat' dir='ltr'>claustri</span> <span class='ocrx_word' id='word_1_512' title='bbox 558 4113 919 4182; x_wconf 85' lang='lat' dir='ltr'>primatibus,</span> <span class='ocrx_word' id='word_1_513' title='bbox 977 4130 1209 4169; x_wconf 90' lang='lat' dir='ltr'>cursum</span> <span class='ocrx_word' id='word_1_514' title='bbox 1281 4115 1450 4170; x_wconf 91' lang='lat' dir='ltr'>certis</span> <span class='ocrx_word' id='word_1_515' title='bbox 1503 4117 1861 4188; x_wconf 90' lang='lat' dir='ltr'>temporibus</span> <span class='ocrx_word' id='word_1_516' title='bbox 1922 4123 1982 4172; x_wconf 83' lang='lat' dir='ltr'>et</span> 
     </span>
    </p>
   </div>
   <div class='ocr_carea' id='block_1_72' title="bbox 283 4199 1977 4274">
    <p class='ocr_par' dir='ltr' id='par_1_72' title="bbox 283 4199 1977 4274">
     <span class='ocr_line' id='line_1_72' title="bbox 283 4199 1977 4274; baseline 0.004 -20"><span class='ocrx_word' id='word_1_517' title='bbox 283 4199 462 4270; x_wconf 89' lang='lat' dir='ltr'>signis</span> <span class='ocrx_word' id='word_1_518' title='bbox 515 4202 803 4256; x_wconf 87' lang='lat' dir='ltr'>dccautari</span> <span class='ocrx_word' id='word_1_519' title='bbox 851 4202 1178 4274; x_wconf 87' lang='lat' dir='ltr'>servarique</span> <span class='ocrx_word' id='word_1_520' title='bbox 1225 4204 1515 4274; x_wconf 73' lang='lat' dir='ltr'>praecepit.</span> <span class='ocrx_word' id='word_1_521' title='bbox 1573 4207 1638 4258; x_wconf 90' lang='lat' dir='ltr'>Et</span> <span class='ocrx_word' id='word_1_522' title='bbox 1687 4205 1766 4259; x_wconf 88' lang='lat' dir='ltr'>ita</span> <span class='ocrx_word' id='word_1_523' title='bbox 1809 4205 1977 4260; x_wconf 91' lang='lat' dir='ltr'>rebus</span> 
     </span>
    </p>
   </div>
   <div class='ocr_carea' id='block_1_73' title="bbox 285 4289 1975 4364">
    <p class='ocr_par' dir='ltr' id='par_1_73' title="bbox 285 4289 1975 4364">
     <span class='ocr_line' id='line_1_73' title="bbox 285 4289 1975 4364; baseline 0.004 -22"><span class='ocrx_word' id='word_1_524' title='bbox 285 4289 676 4344; x_wconf 90' lang='lat' dir='ltr'>ecclesiasticis</span> <span class='ocrx_word' id='word_1_525' title='bbox 739 4291 1054 4345; x_wconf 85' lang='lat' dir='ltr'>secundum</span> <span class='ocrx_word' id='word_1_526' title='bbox 1150 4293 1412 4364; x_wconf 89' lang='lat' dir='ltr'>regulam</span> <span class='ocrx_word' id='word_1_527' title='bbox 1469 4293 1805 4347; x_wconf 89' lang='lat' dir='ltr'>canonicam</span> <span class='ocrx_word' id='word_1_528' title='bbox 1868 4295 1975 4349; x_wconf 89' lang='lat' dir='ltr'>rite</span> 
     </span>
    </p>
   </div>
   <div class='ocr_carea' id='block_1_74' title="bbox 2079 3149 3783 3218">
    <p class='ocr_par' dir='ltr' id='par_1_74' title="bbox 2079 3149 3783 3218">
     <span class='ocr_line' id='line_1_74' title="bbox 2079 3149 3783 3218; baseline 0.004 -16"><span class='ocrx_word' id='word_1_529' title='bbox 2079 3149 2414 3203; x_wconf 70' lang='lat' dir='ltr'>Wormaciaa</span> <span class='ocrx_word' id='word_1_530' title='bbox 2466 3150 2680 3204; x_wconf 88' lang='lat' dir='ltr'>ﬁnibus</span> <span class='ocrx_word' id='word_1_531' title='bbox 2734 3151 3101 3218; x_wconf 86' lang='lat' dir='ltr'>morabatur;</span> <span class='ocrx_word' id='word_1_532' title='bbox 3157 3151 3365 3206; x_wconf 90' lang='lat' dir='ltr'>deinde</span> <span class='ocrx_word' id='word_1_533' title='bbox 3396 3153 3444 3186; x_wconf 75' lang='lat'><strong>39</strong></span> <span class='ocrx_word' id='word_1_534' title='bbox 3475 3153 3647 3208; x_wconf 87' lang='lat' dir='ltr'>rebus</span> <span class='ocrx_word' id='word_1_535' title='bbox 3689 3172 3783 3209; x_wconf 85' lang='lat' dir='ltr'>ec-</span> 
     </span>
    </p>
   </div>
   <div class='ocr_carea' id='block_1_75' title="bbox 2081 3235 3786 3307">
    <p class='ocr_par' dir='ltr' id='par_1_75' title="bbox 2081 3235 3786 3307">
     <span class='ocr_line' id='line_1_75' title="bbox 2081 3235 3786 3307; baseline 0.001 -18"><span class='ocrx_word' id='word_1_536' title='bbox 2081 3235 2384 3289; x_wconf 87' lang='lat' dir='ltr'>clesiaticis</span> <span class='ocrx_word' id='word_1_537' title='bbox 2433 3235 2851 3289; x_wconf 86' lang='lat' dir='ltr'>rationabiliter</span> <span class='ocrx_word' id='word_1_538' title='bbox 2898 3235 3177 3289; x_wconf 89' lang='lat' dir='ltr'>ordinatis</span> <span class='ocrx_word' id='word_1_539' title='bbox 3223 3235 3293 3303; x_wconf 70' lang='grc' dir='ltr'>αθ,</span> <span class='ocrx_word' id='word_1_540' title='bbox 3341 3237 3403 3290; x_wconf 90' lang='lat' dir='ltr'>in</span> <span class='ocrx_word' id='word_1_541' title='bbox 3460 3237 3786 3307; x_wconf 85' lang='lat' dir='ltr'>cxpeditio-</span> 
     </span>
    </p>
   </div>
   <div class='ocr_carea' id='block_1_76' title="bbox 2081 3324 3783 3395">
    <p class='ocr_par' dir='ltr' id='par_1_76' title="bbox 2081 3324 3783 3395">
     <span class='ocr_line' id='line_1_76' title="bbox 2081 3324 3783 3395; baseline 0.001 -17"><span class='ocrx_word' id='word_1_542' title='bbox 2081 3341 2216 3379; x_wconf 91' lang='lat' dir='ltr'>nem</span> <span class='ocrx_word' id='word_1_543' title='bbox 2246 3324 2497 3377; x_wconf 91' lang='lat' dir='ltr'>Italicam</span> <span class='ocrx_word' id='word_1_544' title='bbox 2529 3340 2658 3378; x_wconf 86' lang='lat' dir='ltr'>cum</span> <span class='ocrx_word' id='word_1_545' title='bbox 2688 3324 3033 3395; x_wconf 89' lang='lat' dir='ltr'>imperatore</span> <span class='ocrx_word' id='word_1_546' title='bbox 3090 3326 3129 3361; x_wconf 78' lang='grc'><strong>⁴¹</strong></span> <span class='ocrx_word' id='word_1_547' title='bbox 3188 3325 3476 3395; x_wconf 88' lang='lat' dir='ltr'>profectus</span> <span class='ocrx_word' id='word_1_548' title='bbox 3507 3331 3618 3392; x_wconf 89' lang='lat' dir='ltr'>est;</span> <span class='ocrx_word' id='word_1_549' title='bbox 3669 3327 3783 3381; x_wconf 92' lang='lat' dir='ltr'>ibi-</span> 
     </span>
    </p>
   </div>
   <div class='ocr_carea' id='block_1_77' title="bbox 2081 3411 3786 3485">
    <p class='ocr_par' dir='ltr' id='par_1_77' title="bbox 2081 3411 3786 3485">
     <span class='ocr_line' id='line_1_77' title="bbox 2081 3411 3786 3485; baseline 0.001 -18"><span class='ocrx_word' id='word_1_550' title='bbox 2081 3430 2193 3483; x_wconf 89' lang='lat' dir='ltr'>que</span> <span class='ocrx_word' id='word_1_551' title='bbox 2249 3411 2296 3448; x_wconf 74' lang='grc'>⁸³</span> <span class='ocrx_word' id='word_1_552' title='bbox 2346 3413 2473 3482; x_wconf 86' lang='lat' dir='ltr'>plus</span> <span class='ocrx_word' id='word_1_553' title='bbox 2524 3429 2695 3482; x_wconf 89' lang='lat' dir='ltr'>quam</span> <span class='ocrx_word' id='word_1_554' title='bbox 2748 3413 2919 3466; x_wconf 89' lang='lat' dir='ltr'>unius</span> <span class='ocrx_word' id='word_1_555' title='bbox 2947 3414 3083 3467; x_wconf 90' lang='lat' dir='ltr'>anni</span> <span class='ocrx_word' id='word_1_556' title='bbox 3124 3415 3312 3485; x_wconf 90' lang='lat' dir='ltr'>spacio</span> <span class='ocrx_word' id='word_1_557' title='bbox 3348 3413 3395 3448; x_wconf 72' lang='grc'>’³³</span> <span class='ocrx_word' id='word_1_558' title='bbox 3426 3415 3487 3468; x_wconf 91' lang='lat' dir='ltr'>in</span> <span class='ocrx_word' id='word_1_559' title='bbox 3548 3415 3786 3469; x_wconf 87' lang='lat' dir='ltr'>servitio</span> 
     </span>
    </p>
   </div>
   <div class='ocr_carea' id='block_1_78' title="bbox 2081 3501 3784 3574">
    <p class='ocr_par' dir='ltr' id='par_1_78' title="bbox 2081 3501 3784 3574">
     <span class='ocr_line' id='line_1_78' title="bbox 2081 3501 3784 3574; baseline 0.001 -19"><span class='ocrx_word' id='word_1_560' title='bbox 2081 3501 2445 3571; x_wconf 90' lang='lat' dir='ltr'>imperatoris</span> <span class='ocrx_word' id='word_1_561' title='bbox 2498 3501 2756 3570; x_wconf 84' lang='lat' dir='ltr'>vigilanti</span> <span class='ocrx_word' id='word_1_562' title='bbox 2813 3501 3006 3555; x_wconf 91' lang='lat' dir='ltr'>animo</span> <span class='ocrx_word' id='word_1_563' title='bbox 3059 3503 3340 3565; x_wconf 87' lang='lat' dir='ltr'>studebat,</span> <span class='ocrx_word' id='word_1_564' title='bbox 3393 3503 3631 3574; x_wconf 90' lang='lat' dir='ltr'>ejusque</span> <span class='ocrx_word' id='word_1_565' title='bbox 3687 3521 3784 3558; x_wconf 91' lang='lat' dir='ltr'>se-</span> 
     </span>
    </p>
   </div>
   <div class='ocr_carea' id='block_1_79' title="bbox 2082 3588 3786 3661">
    <p class='ocr_par' dir='ltr' id='par_1_79' title="bbox 2082 3588 3786 3661">
     <span class='ocr_line' id='line_1_79' title="bbox 2082 3588 3786 3661; baseline 0.002 -18"><span class='ocrx_word' id='word_1_566' title='bbox 2082 3589 2248 3643; x_wconf 86' lang='lat' dir='ltr'>cretis</span> <span class='ocrx_word' id='word_1_567' title='bbox 2276 3606 2426 3658; x_wconf 70' lang='lat' dir='ltr'>smpe</span> <span class='ocrx_word' id='word_1_568' title='bbox 2462 3594 2504 3624; x_wconf 69' lang='grc' dir='ltr'><em>ιι</em></span> <span class='ocrx_word' id='word_1_569' title='bbox 2534 3589 2825 3655; x_wconf 89' lang='lat' dir='ltr'>intererat,</span> <span class='ocrx_word' id='word_1_570' title='bbox 2859 3596 2917 3643; x_wconf 92' lang='lat' dir='ltr'>et</span> <span class='ocrx_word' id='word_1_571' title='bbox 2965 3591 3196 3661; x_wconf 90' lang='lat' dir='ltr'>quando</span> <span class='ocrx_word' id='word_1_572' title='bbox 3249 3588 3294 3628; x_wconf 71' lang='grc'>⁸⁵</span> <span class='ocrx_word' id='word_1_573' title='bbox 3325 3592 3393 3646; x_wconf 92' lang='lat' dir='ltr'>de</span> <span class='ocrx_word' id='word_1_574' title='bbox 3443 3591 3613 3645; x_wconf 83' lang='lat' dir='ltr'>rebus</span> <span class='ocrx_word' id='word_1_575' title='bbox 3653 3609 3786 3647; x_wconf 79' lang='lat' dir='ltr'>ma-</span> 
     </span>
    </p>
   </div>
   <div class='ocr_carea' id='block_1_80' title="bbox 2077 3677 3788 3749">
    <p class='ocr_par' dir='ltr' id='par_1_80' title="bbox 2077 3677 3788 3749">
     <span class='ocr_line' id='line_1_80' title="bbox 2077 3677 3788 3749; baseline 0.004 -19"><span class='ocrx_word' id='word_1_576' title='bbox 2077 3677 2299 3747; x_wconf 90' lang='lat' dir='ltr'>joribus</span> <span class='ocrx_word' id='word_1_577' title='bbox 2323 3677 2683 3731; x_wconf 88' lang='lat' dir='ltr'>tractandum</span> <span class='ocrx_word' id='word_1_578' title='bbox 2739 3678 2953 3749; x_wconf 89' lang='lat' dir='ltr'>aliquid</span> <span class='ocrx_word' id='word_1_579' title='bbox 2992 3683 3135 3746; x_wconf 89' lang='lat' dir='ltr'>erat,</span> <span class='ocrx_word' id='word_1_580' title='bbox 3192 3683 3351 3734; x_wconf 88' lang='lat' dir='ltr'>tanta</span> <span class='ocrx_word' id='word_1_581' title='bbox 3394 3679 3788 3736; x_wconf 87' lang='lat' dir='ltr'>familiaritate</span> 
     </span>
    </p>
   </div>
   <div class='ocr_carea' id='block_1_81' title="bbox 2085 3765 3785 3838">
    <p class='ocr_par' dir='ltr' id='par_1_81' title="bbox 2085 3765 3785 3838">
     <span class='ocr_line' id='line_1_81' title="bbox 2085 3765 3785 3838; baseline 0.003 -19"><span class='ocrx_word' id='word_1_582' title='bbox 2085 3771 2141 3820; x_wconf 94' lang='lat' dir='ltr'>et</span> <span class='ocrx_word' id='word_1_583' title='bbox 2190 3765 2543 3834; x_wconf 89' lang='lat' dir='ltr'>auctoritate,</span> <span class='ocrx_word' id='word_1_584' title='bbox 2615 3767 2875 3837; x_wconf 85' lang='lat' dir='ltr'>quamvis</span> <span class='ocrx_word' id='word_1_585' title='bbox 2920 3767 3147 3837; x_wconf 89' lang='lat' dir='ltr'>juvenis</span> <span class='ocrx_word' id='word_1_586' title='bbox 3201 3772 3365 3829; x_wconf 87' lang='lat' dir='ltr'>esset,</span> <span class='ocrx_word' id='word_1_587' title='bbox 3416 3770 3482 3822; x_wconf 92' lang='lat' dir='ltr'>ad</span> <span class='ocrx_word' id='word_1_588' title='bbox 3527 3769 3785 3838; x_wconf 86' lang='lat' dir='ltr'>impera-</span> 
     </span>
    </p>
   </div>
   <div class='ocr_carea' id='block_1_82' title="bbox 2086 3853 3788 3929">
    <p class='ocr_par' dir='ltr' id='par_1_82' title="bbox 2086 3853 3788 3929">
     <span class='ocr_line' id='line_1_82' title="bbox 2086 3853 3788 3929; baseline 0.003 -22"><span class='ocrx_word' id='word_1_589' title='bbox 2086 3862 2266 3908; x_wconf 89' lang='lat' dir='ltr'>torem</span> <span class='ocrx_word' id='word_1_590' title='bbox 2300 3853 2636 3922; x_wconf 90' lang='lat' dir='ltr'>habebatur,</span> <span class='ocrx_word' id='word_1_591' title='bbox 2674 3860 2736 3907; x_wconf 92' lang='lat' dir='ltr'>ut</span> <span class='ocrx_word' id='word_1_592' title='bbox 2785 3855 2905 3908; x_wconf 89' lang='lat' dir='ltr'>sine</span> <span class='ocrx_word' id='word_1_593' title='bbox 2937 3855 3115 3926; x_wconf 89' lang='lat' dir='ltr'>ipsius</span> <span class='ocrx_word' id='word_1_594' title='bbox 3144 3855 3384 3910; x_wconf 90' lang='lat' dir='ltr'>consilio</span> <span class='ocrx_word' id='word_1_595' title='bbox 3409 3873 3538 3910; x_wconf 91' lang='lat' dir='ltr'>raro</span> <span class='ocrx_word' id='word_1_596' title='bbox 3563 3857 3788 3929; x_wconf 91' lang='lat' dir='ltr'>aliquid</span> 
     </span>
    </p>
   </div>
   <div class='ocr_carea' id='block_1_83' title="bbox 2085 3943 3786 4013">
    <p class='ocr_par' dir='ltr' id='par_1_83' title="bbox 2085 3943 3786 4013">
     <span class='ocr_line' id='line_1_83' title="bbox 2085 3943 3786 4013; baseline 0.004 -19"><span class='ocrx_word' id='word_1_597' title='bbox 2085 3947 2451 3996; x_wconf 89' lang='lat' dir='ltr'>statueretur.</span> <span class='ocrx_word' id='word_1_598' title='bbox 2509 3943 2736 3998; x_wconf 84' lang='lat' dir='ltr'>Cunctis</span> <span class='ocrx_word' id='word_1_599' title='bbox 2788 3944 3030 3998; x_wconf 77' lang='lat' dir='ltr'>affabilis</span> <span class='ocrx_word' id='word_1_600' title='bbox 3081 3949 3203 3998; x_wconf 91' lang='lat' dir='ltr'>erat</span> <span class='ocrx_word' id='word_1_601' title='bbox 3232 3943 3299 4013; x_wconf 72' lang='grc' dir='ltr'>ιδ,</span> <span class='ocrx_word' id='word_1_602' title='bbox 3356 3946 3572 4000; x_wconf 85' lang='lat' dir='ltr'>cunctis</span> <span class='ocrx_word' id='word_1_603' title='bbox 3619 3946 3786 4001; x_wconf 89' lang='lat' dir='ltr'>beni-</span> 
     </span>
    </p>
   </div>
   <div class='ocr_carea' id='block_1_84' title="bbox 2088 4031 3787 4108">
    <p class='ocr_par' dir='ltr' id='par_1_84' title="bbox 2088 4031 3787 4108">
     <span class='ocr_line' id='line_1_84' title="bbox 2088 4031 3787 4108; baseline 0.002 -24"><span class='ocrx_word' id='word_1_604' title='bbox 2088 4047 2236 4100; x_wconf 91' lang='lat' dir='ltr'>gnus</span> <span class='ocrx_word' id='word_1_605' title='bbox 2267 4031 2474 4108; x_wconf 54' lang='lat' dir='ltr'>estitit,</span> <span class='ocrx_word' id='word_1_606' title='bbox 2507 4035 2563 4085; x_wconf 94' lang='lat' dir='ltr'>et</span> <span class='ocrx_word' id='word_1_607' title='bbox 2593 4032 2844 4101; x_wconf 91' lang='lat' dir='ltr'>plurima</span> <span class='ocrx_word' id='word_1_608' title='bbox 2863 4033 3129 4087; x_wconf 88' lang='lat' dir='ltr'>donando</span> <span class='ocrx_word' id='word_1_609' title='bbox 3161 4033 3404 4104; x_wconf 90' lang='lat' dir='ltr'>gloriam</span> <span class='ocrx_word' id='word_1_610' title='bbox 3449 4050 3569 4088; x_wconf 91' lang='lat' dir='ltr'>non</span> <span class='ocrx_word' id='word_1_611' title='bbox 3597 4035 3787 4090; x_wconf 89' lang='lat' dir='ltr'>modi-</span> 
     </span>
    </p>
   </div>
   <div class='ocr_carea' id='block_1_85' title="bbox 2087 4120 3786 4191">
    <p class='ocr_par' dir='ltr' id='par_1_85' title="bbox 2087 4120 3786 4191">
     <span class='ocr_line' id='line_1_85' title="bbox 2087 4120 3786 4191; baseline 0.004 -19"><span class='ocrx_word' id='word_1_612' title='bbox 2087 4135 2211 4173; x_wconf 91' lang='lat' dir='ltr'>cam</span> <span class='ocrx_word' id='word_1_613' title='bbox 2240 4120 2389 4188; x_wconf 92' lang='lat' dir='ltr'>apud</span> <span class='ocrx_word' id='word_1_614' title='bbox 2429 4123 2664 4174; x_wconf 90' lang='lat' dir='ltr'>cunctos</span> <span class='ocrx_word' id='word_1_615' title='bbox 2691 4120 3006 4191; x_wconf 89' lang='lat' dir='ltr'>acquisivit.</span> <span class='ocrx_word' id='word_1_616' title='bbox 3047 4122 3205 4176; x_wconf 89' lang='lat' dir='ltr'>Unde</span> <span class='ocrx_word' id='word_1_617' title='bbox 3260 4128 3315 4176; x_wconf 89' lang='lat' dir='ltr'>et</span> <span class='ocrx_word' id='word_1_618' title='bbox 3359 4139 3557 4177; x_wconf 90' lang='lat' dir='ltr'>omnes</span> <span class='ocrx_word' id='word_1_619' title='bbox 3599 4125 3786 4178; x_wconf 82' lang='lat' dir='ltr'>maxi-</span> 
     </span>
    </p>
   </div>
   <div class='ocr_carea' id='block_1_86' title="bbox 2088 4209 3788 4283">
    <p class='ocr_par' dir='ltr' id='par_1_86' title="bbox 2088 4209 3788 4283">
     <span class='ocr_line' id='line_1_86' title="bbox 2088 4209 3788 4283; baseline 0.003 -22"><span class='ocrx_word' id='word_1_620' title='bbox 2088 4225 2181 4262; x_wconf 88' lang='lat' dir='ltr'>mo</span> <span class='ocrx_word' id='word_1_621' title='bbox 2231 4209 2442 4262; x_wconf 88' lang='lat' dir='ltr'>honore</span> <span class='ocrx_word' id='word_1_622' title='bbox 2489 4225 2551 4262; x_wconf 91' lang='lat' dir='ltr'>ac</span> <span class='ocrx_word' id='word_1_623' title='bbox 2600 4209 2905 4264; x_wconf 89' lang='lat' dir='ltr'>dilectione</span> <span class='ocrx_word' id='word_1_624' title='bbox 2957 4211 3120 4263; x_wconf 90' lang='lat' dir='ltr'>illum</span> <span class='ocrx_word' id='word_1_625' title='bbox 3165 4211 3472 4278; x_wconf 89' lang='lat' dir='ltr'>habebant,</span> <span class='ocrx_word' id='word_1_626' title='bbox 3507 4218 3566 4266; x_wconf 88' lang='lat' dir='ltr'>et</span> <span class='ocrx_word' id='word_1_627' title='bbox 3622 4214 3788 4283; x_wconf 89' lang='lat' dir='ltr'>quasi</span> 
     </span>
    </p>
   </div>
   <div class='ocr_carea' id='block_1_87' title="bbox 2087 4298 3788 4372">
    <p class='ocr_par' dir='ltr' id='par_1_87' title="bbox 2087 4298 3788 4372">
     <span class='ocr_line' id='line_1_87' title="bbox 2087 4298 3788 4372; baseline 0.004 -22"><span class='ocrx_word' id='word_1_628' title='bbox 2087 4302 2348 4351; x_wconf 84' lang='lat' dir='ltr'>sanctum</span> <span class='ocrx_word' id='word_1_629' title='bbox 2375 4298 2496 4368; x_wconf 91' lang='lat' dir='ltr'>jam</span> <span class='ocrx_word' id='word_1_630' title='bbox 2529 4298 2864 4352; x_wconf 89' lang='lat' dir='ltr'>divinabant</span> <span class='ocrx_word' id='word_1_631' title='bbox 2893 4300 2956 4351; x_wconf 79' lang='lat'>‘7.</span> <span class='ocrx_word' id='word_1_632' title='bbox 2993 4300 3057 4353; x_wconf 92' lang='lat' dir='ltr'>Et</span> <span class='ocrx_word' id='word_1_633' title='bbox 3087 4300 3298 4354; x_wconf 90' lang='lat' dir='ltr'>idcirco</span> <span class='ocrx_word' id='word_1_634' title='bbox 3335 4301 3402 4354; x_wconf 87' lang='lat' dir='ltr'>ab</span> <span class='ocrx_word' id='word_1_635' title='bbox 3436 4301 3788 4372; x_wconf 91' lang='lat' dir='ltr'>imperatore</span> 
     </span>
    </p>
   </div>
   <div class='ocr_carea' id='block_1_88' title="bbox 1688 4419 2374 4476">
    <p class='ocr_par' dir='ltr' id='par_1_88' title="bbox 1688 4419 2374 4476">
     <span class='ocr_line' id='line_1_88' title="bbox 1688 4419 2374 4476; baseline 0.007 -6"><span class='ocrx_word' id='word_1_636' title='bbox 1688 4419 1921 4474; x_wconf 71' lang='lat' dir='ltr'>VARIA‘J</span> <span class='ocrx_word' id='word_1_637' title='bbox 1973 4421 2374 4476; x_wconf 79' lang='lat' dir='ltr'>LECTIONES.</span> 
     </span>
    </p>
   </div>
   <div class='ocr_carea' id='block_1_89' title="bbox 355 4519 2034 4596">
    <p class='ocr_par' dir='ltr' id='par_1_89' title="bbox 355 4519 2034 4596">
     <span class='ocr_line' id='line_1_89' title="bbox 355 4519 2034 4596; baseline 0.004 -24"><span class='ocrx_word' id='word_1_638' title='bbox 355 4520 376 4553; x_wconf 74' lang='grc' dir='ltr'>’τ</span> <span class='ocrx_word' id='word_1_639' title='bbox 436 4519 567 4572; x_wconf 88' lang='lat' dir='ltr'>Erat</span> <span class='ocrx_word' id='word_1_640' title='bbox 623 4521 1287 4596; x_wconf 60' lang='lat' dir='ltr'>namqueBo&#39;rchardus</span> <span class='ocrx_word' id='word_1_641' title='bbox 1360 4520 1664 4596; x_wconf 73' lang='lat' dir='ltr'>incipit_2.</span> <span class='ocrx_word' id='word_1_642' title='bbox 1742 4522 1766 4556; x_wconf 82' lang='grc'><strong>⁸</strong></span> <span class='ocrx_word' id='word_1_643' title='bbox 1809 4525 2034 4596; x_wconf 84' lang='lat' dir='ltr'>quippe</span> 
     </span>
    </p>
   </div>
   <div class='ocr_carea' id='block_1_90' title="bbox 291 4591 620 4658">
    <p class='ocr_par' dir='ltr' id='par_1_90' title="bbox 291 4591 620 4658">
     <span class='ocr_line' id='line_1_90' title="bbox 291 4591 620 4658; baseline 0.006 -16"><span class='ocrx_word' id='word_1_644' title='bbox 291 4591 310 4642; x_wconf 98' lang='grc'>1</span> <span class='ocrx_word' id='word_1_645' title='bbox 332 4629 342 4640; x_wconf 95' lang='grc'>.</span> <span class='ocrx_word' id='word_1_646' title='bbox 391 4605 620 4658; x_wconf 85' lang='lat' dir='ltr'>semper,</span> 
     </span>
    </p>
   </div>
   <div class='ocr_carea' id='block_1_91' title="bbox 694 4591 2912 4662">
    <p class='ocr_par' dir='ltr' id='par_1_91' title="bbox 694 4591 2912 4662">
     <span class='ocr_line' id='line_1_91' title="bbox 694 4591 2912 4662; baseline 0.003 -17"><span class='ocrx_word' id='word_1_647' title='bbox 694 4591 742 4626; x_wconf 83' lang='grc'>¹²</span> <span class='ocrx_word' id='word_1_648' title='bbox 809 4593 964 4646; x_wconf 90' lang='lat' dir='ltr'>arch.</span> <span class='ocrx_word' id='word_1_649' title='bbox 1024 4610 1101 4647; x_wconf 91' lang='lat' dir='ltr'>m.</span> <span class='ocrx_word' id='word_1_650' title='bbox 1154 4610 1231 4662; x_wconf 13' lang='lat' dir='ltr'>Vs.</span> <span class='ocrx_word' id='word_1_651' title='bbox 1303 4609 1362 4646; x_wconf 90' lang='lat' dir='ltr'>se</span> <span class='ocrx_word' id='word_1_652' title='bbox 1423 4593 1618 4662; x_wconf 79' lang='lat' dir='ltr'>junxit</span> <span class='ocrx_word' id='word_1_653' title='bbox 1667 4597 1720 4648; x_wconf 95' lang='lat'>2.</span> <span class='ocrx_word' id='word_1_654' title='bbox 1803 4591 1853 4630; x_wconf 59' lang='grc'>⁸³</span> <span class='ocrx_word' id='word_1_655' title='bbox 1899 4591 2046 4650; x_wconf 64' lang='grc' dir='ltr'>ἱίίί.</span> <span class='ocrx_word' id='word_1_656' title='bbox 2107 4615 2131 4650; x_wconf 91' lang='lat' dir='ltr'>s</span> <span class='ocrx_word' id='word_1_657' title='bbox 2180 4597 2374 4652; x_wconf 81' lang='lat' dir='ltr'>desunt</span> <span class='ocrx_word' id='word_1_658' title='bbox 2427 4600 2482 4652; x_wconf 90' lang='lat'>2.</span> <span class='ocrx_word' id='word_1_659' title='bbox 2561 4595 2606 4635; x_wconf 81' lang='grc'>¹¹⁸</span> <span class='ocrx_word' id='word_1_660' title='bbox 2659 4598 2806 4654; x_wconf 80' lang='lat' dir='ltr'>deest</span> <span class='ocrx_word' id='word_1_661' title='bbox 2865 4602 2912 4652; x_wconf 92' lang='grc'>1.</span> 
     </span>
    </p>
   </div>
   <div class='ocr_carea' id='block_1_92' title="bbox 2091 4524 3788 4598">
    <p class='ocr_par' dir='ltr' id='par_1_92' title="bbox 2091 4524 3788 4598">
     <span class='ocr_line' id='line_1_92' title="bbox 2091 4524 3788 4598; baseline 0.003 -19"><span class='ocrx_word' id='word_1_662' title='bbox 2091 4529 2142 4579; x_wconf 94' lang='grc'>2.</span> <span class='ocrx_word' id='word_1_663' title='bbox 2204 4524 2244 4598; x_wconf 16' lang='lat'>79</span> <span class='ocrx_word' id='word_1_664' title='bbox 2324 4525 2593 4598; x_wconf 82' lang='lat' dir='ltr'>eruditus</span> <span class='ocrx_word' id='word_1_665' title='bbox 2634 4531 2687 4581; x_wconf 91' lang='lat'>2.</span> <span class='ocrx_word' id='word_1_666' title='bbox 2765 4525 2812 4564; x_wconf 87' lang='grc'>¹⁰</span> <span class='ocrx_word' id='word_1_667' title='bbox 2893 4527 3140 4598; x_wconf 90' lang='lat' dir='ltr'>dejectus</span> <span class='ocrx_word' id='word_1_668' title='bbox 3213 4529 3400 4598; x_wconf 13' lang='lat'>2.7&quot;</span> <span class='ocrx_word' id='word_1_669' title='bbox 3472 4527 3788 4598; x_wconf 90' lang='lat' dir='ltr'>Vuilligoso</span> 
     </span>
    </p>
   </div>
   <div class='ocr_carea' id='block_1_93' title="bbox 2995 4597 3790 4665">
    <p class='ocr_par' dir='ltr' id='par_1_93' title="bbox 2995 4597 3790 4665">
     <span class='ocr_line' id='line_1_93' title="bbox 2995 4597 3790 4665; baseline 0.004 -16"><span class='ocrx_word' id='word_1_670' title='bbox 2995 4599 3039 4634; x_wconf 74' lang='grc'><strong>1⁵</strong></span> <span class='ocrx_word' id='word_1_671' title='bbox 3095 4597 3355 4665; x_wconf 86' lang='lat' dir='ltr'>quamvis</span> <span class='ocrx_word' id='word_1_672' title='bbox 3429 4602 3481 4652; x_wconf 90' lang='lat'>2.</span> <span class='ocrx_word' id='word_1_673' title='bbox 3560 4597 3607 4634; x_wconf 81' lang='grc'>⁴⁶</span> <span class='ocrx_word' id='word_1_674' title='bbox 3657 4597 3790 4654; x_wconf 15' lang='lat' dir='ltr'>inec</span> 
     </span>
    </p>
   </div>
   <div class='ocr_carea' id='block_1_94' title="bbox 285 4661 3792 4738">
    <p class='ocr_par' dir='ltr' id='par_1_94' title="bbox 285 4661 3792 4738">
     <span class='ocr_line' id='line_1_94' title="bbox 285 4661 3792 4738; baseline 0.004 -27"><span class='ocrx_word' id='word_1_675' title='bbox 285 4689 357 4738; x_wconf 82' lang='lat'>_—-—_</span> <span class='ocrx_word' id='word_1_676' title='bbox 402 4661 701 4738; x_wconf 75' lang='lat' dir='ltr'>verbulum</span> <span class='ocrx_word' id='word_1_677' title='bbox 747 4663 949 4738; x_wconf 77' lang='lat' dir='ltr'>desunt</span> <span class='ocrx_word' id='word_1_678' title='bbox 997 4667 1049 4717; x_wconf 88' lang='lat'>2.</span> <span class='ocrx_word' id='word_1_679' title='bbox 1078 4661 1464 4738; x_wconf 79' lang='lat' dir='ltr'>__&quot;_istisqu_e</span> <span class='ocrx_word' id='word_1_680' title='bbox 1536 4681 1600 4738; x_wconf 14' lang='lat' dir='ltr'>7p.</span> <span class='ocrx_word' id='word_1_681' title='bbox 1663 4681 1710 4716; x_wconf 91' lang='lat' dir='ltr'>v.</span> <span class='ocrx_word' id='word_1_682' title='bbox 1746 4669 1802 4719; x_wconf 91' lang='lat' dir='ltr'>et</span> <span class='ocrx_word' id='word_1_683' title='bbox 1856 4666 2140 4722; x_wconf 90' lang='lat' dir='ltr'>similibus</span> <span class='ocrx_word' id='word_1_684' title='bbox 2192 4672 2246 4722; x_wconf 90' lang='grc'>2.</span> <span class='ocrx_word' id='word_1_685' title='bbox 2326 4666 2371 4702; x_wconf 82' lang='grc'>¹⁸</span> <span class='ocrx_word' id='word_1_686' title='bbox 2426 4668 2699 4722; x_wconf 89' lang='lat' dir='ltr'>stationes</span> <span class='ocrx_word' id='word_1_687' title='bbox 2751 4672 2803 4724; x_wconf 89' lang='lat'>2.</span> <span class='ocrx_word' id='word_1_688' title='bbox 2887 4667 2930 4703; x_wconf 67' lang='lat'>‘9</span> <span class='ocrx_word' id='word_1_689' title='bbox 2985 4685 3038 4722; x_wconf 89' lang='lat' dir='ltr'>a.</span> <span class='ocrx_word' id='word_1_690' title='bbox 3073 4661 3362 4738; x_wconf 86' lang='lat' dir='ltr'>Willegiso</span> <span class='ocrx_word' id='word_1_691' title='bbox 3441 4673 3493 4723; x_wconf 92' lang='lat'>2.</span> <span class='ocrx_word' id='word_1_692' title='bbox 3570 4667 3621 4703; x_wconf 70' lang='grc' dir='ltr'><strong>ὀ</strong></span> <span class='ocrx_word' id='word_1_693' title='bbox 3659 4670 3792 4724; x_wconf 83' lang='lat' dir='ltr'>sub-</span> 
     </span>
    </p>
   </div>
   <div class='ocr_carea' id='block_1_95' title="bbox 286 4730 1584 4789">
    <p class='ocr_par' dir='ltr' id='par_1_95' title="bbox 286 4730 1584 4789">
     <span class='ocr_line' id='line_1_95' title="bbox 286 4730 1584 4789; baseline 0.004 -6"><span class='ocrx_word' id='word_1_694' title='bbox 286 4731 434 4784; x_wconf 89' lang='lat' dir='ltr'>latus</span> <span class='ocrx_word' id='word_1_695' title='bbox 484 4734 531 4785; x_wconf 84' lang='lat' dir='ltr'>l.</span> <span class='ocrx_word' id='word_1_696' title='bbox 609 4730 652 4766; x_wconf 85' lang='grc'>²¹</span> <span class='ocrx_word' id='word_1_697' title='bbox 724 4734 868 4788; x_wconf 83' lang='lat' dir='ltr'>deest</span> <span class='ocrx_word' id='word_1_698' title='bbox 954 4738 1005 4788; x_wconf 93' lang='lat'>2.</span> <span class='ocrx_word' id='word_1_699' title='bbox 1078 4731 1128 4766; x_wconf 77' lang='lat'><strong>”</strong></span> <span class='ocrx_word' id='word_1_700' title='bbox 1177 4730 1461 4789; x_wconf 55' lang='lat' dir='ltr'>decrea&#39;vit</span> <span class='ocrx_word' id='word_1_701' title='bbox 1525 4730 1584 4788; x_wconf 83' lang='grc'>2.</span> 
     </span>
    </p>
   </div>
   <div class='ocr_carea' id='block_1_96' title="bbox 283 4801 856 4858">
    <p class='ocr_par' dir='ltr' id='par_1_96' title="bbox 283 4801 856 4858">
     <span class='ocr_line' id='line_1_96' title="bbox 283 4801 856 4858; baseline 0.007 -4"><span class='ocrx_word' id='word_1_702' title='bbox 283 4801 390 4855; x_wconf 89' lang='lat' dir='ltr'>iste</span> <span class='ocrx_word' id='word_1_703' title='bbox 448 4801 633 4856; x_wconf 90' lang='lat' dir='ltr'>socius</span> <span class='ocrx_word' id='word_1_704' title='bbox 677 4805 856 4858; x_wconf 83' lang='lat' dir='ltr'>sancti</span> 
     </span>
    </p>
   </div>
   <div class='ocr_carea' id='block_1_97' title="bbox 285 4940 872 5000">
    <p class='ocr_par' dir='ltr' id='par_1_97' title="bbox 285 4940 872 5000">
     <span class='ocr_line' id='line_1_97' title="bbox 285 4940 872 5000; baseline 0.005 -3"><span class='ocrx_word' id='word_1_705' title='bbox 285 4940 333 4979; x_wconf 75' lang='grc'>³⁸</span> <span class='ocrx_word' id='word_1_706' title='bbox 390 4945 511 4998; x_wconf 82' lang='lat' dir='ltr'>Rei.</span> <span class='ocrx_word' id='word_1_707' title='bbox 562 4953 754 5000; x_wconf 87' lang='lat' dir='ltr'>autem</span> <span class='ocrx_word' id='word_1_708' title='bbox 816 4950 872 5000; x_wconf 87' lang='grc'>2.</span> 
     </span>
    </p>
   </div>
   <div class='ocr_carea' id='block_1_98' title="bbox 284 5014 1339 5072">
    <p class='ocr_par' dir='ltr' id='par_1_98' title="bbox 284 5014 1339 5072">
     <span class='ocr_line' id='line_1_98' title="bbox 284 5014 1339 5072; baseline 0.003 -5"><span class='ocrx_word' id='word_1_709' title='bbox 284 5014 326 5047; x_wconf 84' lang='grc'>³¹</span> <span class='ocrx_word' id='word_1_710' title='bbox 370 5020 428 5068; x_wconf 89' lang='lat' dir='ltr'>et</span> <span class='ocrx_word' id='word_1_711' title='bbox 456 5031 508 5070; x_wconf 91' lang='lat' dir='ltr'>a.</span> <span class='ocrx_word' id='word_1_712' title='bbox 545 5017 632 5070; x_wconf 87' lang='lat' dir='ltr'>vel</span> <span class='ocrx_word' id='word_1_713' title='bbox 672 5017 711 5071; x_wconf 93' lang='lat' dir='ltr'>i.</span> <span class='ocrx_word' id='word_1_714' title='bbox 744 5022 802 5070; x_wconf 90' lang='lat' dir='ltr'>et</span> <span class='ocrx_word' id='word_1_715' title='bbox 833 5017 868 5072; x_wconf 93' lang='lat' dir='ltr'>i.</span> <span class='ocrx_word' id='word_1_716' title='bbox 905 5021 956 5070; x_wconf 90' lang='lat'>2.</span> <span class='ocrx_word' id='word_1_717' title='bbox 1035 5019 1082 5054; x_wconf 71' lang='grc' dir='ltr'><strong>θ’</strong></span> <span class='ocrx_word' id='word_1_718' title='bbox 1115 5014 1248 5072; x_wconf 82' lang='lat' dir='ltr'>auia</span> <span class='ocrx_word' id='word_1_719' title='bbox 1281 5021 1339 5071; x_wconf 90' lang='lat'>2.</span> 
     </span>
    </p>
   </div>
   <div class='ocr_carea' id='block_1_99' title="bbox 1423 5018 2606 5076">
    <p class='ocr_par' dir='ltr' id='par_1_99' title="bbox 1423 5018 2606 5076">
     <span class='ocr_line' id='line_1_99' title="bbox 1423 5018 2606 5076; baseline 0.004 -5"><span class='ocrx_word' id='word_1_720' title='bbox 1423 5019 1471 5053; x_wconf 79' lang='lat'><strong>33</strong></span> <span class='ocrx_word' id='word_1_721' title='bbox 1501 5018 1664 5074; x_wconf 92' lang='lat' dir='ltr'>illum</span> <span class='ocrx_word' id='word_1_722' title='bbox 1687 5025 1739 5074; x_wconf 92' lang='lat'>2.</span> <span class='ocrx_word' id='word_1_723' title='bbox 1761 5018 1777 5020; x_wconf 54' lang='grc'><strong><em>⁷</em></strong></span> <span class='ocrx_word' id='word_1_724' title='bbox 1818 5021 1866 5056; x_wconf 80' lang='grc'>³⁸</span> <span class='ocrx_word' id='word_1_725' title='bbox 1896 5021 2039 5074; x_wconf 80' lang='lat' dir='ltr'>deest</span> <span class='ocrx_word' id='word_1_726' title='bbox 2067 5023 2120 5074; x_wconf 92' lang='lat'>2.</span> <span class='ocrx_word' id='word_1_727' title='bbox 2199 5021 2247 5055; x_wconf 71' lang='lat'>3&quot;</span> <span class='ocrx_word' id='word_1_728' title='bbox 2287 5022 2521 5075; x_wconf 83' lang='lat' dir='ltr'>francko</span> <span class='ocrx_word' id='word_1_729' title='bbox 2559 5027 2606 5076; x_wconf 90' lang='grc'>1.</span> 
     </span>
    </p>
   </div>
   <div class='ocr_carea' id='block_1_100' title="bbox 1668 4738 3791 4809">
    <p class='ocr_par' dir='ltr' id='par_1_100' title="bbox 1668 4738 3791 4809">
     <span class='ocr_line' id='line_1_100' title="bbox 1668 4738 3791 4809; baseline 0.003 -20"><span class='ocrx_word' id='word_1_730' title='bbox 1668 4740 1713 4772; x_wconf 68' lang='grc'>’³</span> <span class='ocrx_word' id='word_1_731' title='bbox 1753 4740 1928 4809; x_wconf 75' lang='lat' dir='ltr'>extra</span> <span class='ocrx_word' id='word_1_732' title='bbox 1968 4755 2190 4809; x_wconf 13' lang='lat' dir='ltr'>imuros</span> <span class='ocrx_word' id='word_1_733' title='bbox 2259 4738 2606 4809; x_wconf 73' lang='lat' dir='ltr'>Moguntina:</span> <span class='ocrx_word' id='word_1_734' title='bbox 2666 4738 2910 4794; x_wconf 88' lang='lat' dir='ltr'>civitatis</span> <span class='ocrx_word' id='word_1_735' title='bbox 2940 4742 2991 4794; x_wconf 88' lang='lat'>2.</span> <span class='ocrx_word' id='word_1_736' title='bbox 3069 4739 3118 4773; x_wconf 74' lang='lat'>&quot;‘</span> <span class='ocrx_word' id='word_1_737' title='bbox 3177 4740 3274 4793; x_wconf 88' lang='lat' dir='ltr'>Est</span> <span class='ocrx_word' id='word_1_738' title='bbox 3333 4743 3526 4794; x_wconf 87' lang='lat' dir='ltr'>autem</span> <span class='ocrx_word' id='word_1_739' title='bbox 3595 4741 3791 4796; x_wconf 88' lang='lat' dir='ltr'>Victor</span> 
     </span>
    </p>
   </div>
   <div class='ocr_carea' id='block_1_101' title="bbox 932 4805 3791 4880">
    <p class='ocr_par' dir='ltr' id='par_1_101' title="bbox 932 4805 3791 4880">
     <span class='ocr_line' id='line_1_101' title="bbox 932 4805 3791 4880; baseline 0.002 -20"><span class='ocrx_word' id='word_1_740' title='bbox 932 4805 1205 4860; x_wconf 89' lang='lat' dir='ltr'>Gereonis</span> <span class='ocrx_word' id='word_1_741' title='bbox 1237 4805 1607 4880; x_wconf 75' lang='lat' dir='ltr'>_in_Colpnia</span> <span class='ocrx_word' id='word_1_742' title='bbox 1640 4807 2029 4880; x_wconf 75' lang='lat' dir='ltr'>quiescentis,</span> <span class='ocrx_word' id='word_1_743' title='bbox 2089 4809 2188 4880; x_wconf 93' lang='lat' dir='ltr'>qui</span> <span class='ocrx_word' id='word_1_744' title='bbox 2245 4805 2379 4863; x_wconf 55' lang='lat' dir='ltr'>uno&#39;</span> <span class='ocrx_word' id='word_1_745' title='bbox 2409 4809 2502 4863; x_wconf 88' lang='lat' dir='ltr'>die</span> <span class='ocrx_word' id='word_1_746' title='bbox 2548 4810 2701 4878; x_wconf 90' lang='lat' dir='ltr'>passi</span> <span class='ocrx_word' id='word_1_747' title='bbox 2745 4815 2895 4876; x_wconf 90' lang='lat' dir='ltr'>sunt,</span> <span class='ocrx_word' id='word_1_748' title='bbox 2957 4811 3052 4865; x_wconf 90' lang='lat' dir='ltr'>sed</span> <span class='ocrx_word' id='word_1_749' title='bbox 3088 4810 3309 4880; x_wconf 16' lang='lat' dir='ltr'>,Victor</span> <span class='ocrx_word' id='word_1_750' title='bbox 3365 4814 3500 4864; x_wconf 54' lang='lat' dir='ltr'>cum&quot;</span> <span class='ocrx_word' id='word_1_751' title='bbox 3577 4811 3663 4863; x_wconf 90' lang='lat' dir='ltr'>sui</span> <span class='ocrx_word' id='word_1_752' title='bbox 3727 4812 3791 4865; x_wconf 91' lang='lat' dir='ltr'>in</span> 
     </span>
    </p>
   </div>
   <div class='ocr_carea' id='block_1_102' title="bbox 283 4873 2976 4948">
    <p class='ocr_par' dir='ltr' id='par_1_102' title="bbox 283 4873 2976 4948">
     <span class='ocr_line' id='line_1_102' title="bbox 283 4873 2976 4948; baseline 0.003 -23"><span class='ocrx_word' id='word_1_753' title='bbox 283 4873 546 4948; x_wconf 37' lang='lat' dir='ltr'>ﬂantum,</span> <span class='ocrx_word' id='word_1_754' title='bbox 607 4880 663 4929; x_wconf 89' lang='lat' dir='ltr'>et</span> <span class='ocrx_word' id='word_1_755' title='bbox 706 4875 928 4930; x_wconf 90' lang='lat' dir='ltr'>Gereon</span> <span class='ocrx_word' id='word_1_756' title='bbox 965 4875 1279 4948; x_wconf 10' lang='lat' dir='ltr'>_cumg_sui_s</span> <span class='ocrx_word' id='word_1_757' title='bbox 1337 4876 1398 4930; x_wconf 93' lang='lat' dir='ltr'>in</span> <span class='ocrx_word' id='word_1_758' title='bbox 1455 4873 1704 4932; x_wconf 72' lang='lat' dir='ltr'>Colonia.</span> <span class='ocrx_word' id='word_1_759' title='bbox 1738 4879 1870 4932; x_wconf 88' lang='lat' dir='ltr'>add.</span> <span class='ocrx_word' id='word_1_760' title='bbox 1930 4883 1982 4934; x_wconf 90' lang='lat'>2.</span> <span class='ocrx_word' id='word_1_761' title='bbox 2018 4873 2190 4934; x_wconf 65' lang='grc' dir='ltr'>ὐρνῖὸα</span> <span class='ocrx_word' id='word_1_762' title='bbox 2246 4873 2648 4948; x_wconf 76' lang='lat' dir='ltr'>Kirsgartensis</span> <span class='ocrx_word' id='word_1_763' title='bbox 2703 4873 2976 4936; x_wconf 81' lang='lat' dir='ltr'>monachi.</span> 
     </span>
    </p>
   </div>
   <div class='ocr_carea' id='block_1_103' title="bbox 963 4944 2610 5020">
    <p class='ocr_par' dir='ltr' id='par_1_103' title="bbox 963 4944 2610 5020">
     <span class='ocr_line' id='line_1_103' title="bbox 963 4944 2610 5020; baseline 0.005 -22"><span class='ocrx_word' id='word_1_764' title='bbox 963 4944 1008 4981; x_wconf 73' lang='grc'>³⁷</span> <span class='ocrx_word' id='word_1_765' title='bbox 1040 4945 1366 5020; x_wconf 18' lang='lat' dir='ltr'>iwille‘gisus</span> <span class='ocrx_word' id='word_1_766' title='bbox 1407 4948 1868 5020; x_wconf 79' lang='lat' dir='ltr'>archiepiscopus</span> <span class='ocrx_word' id='word_1_767' title='bbox 1921 4954 1972 5003; x_wconf 90' lang='lat'>2.</span> <span class='ocrx_word' id='word_1_768' title='bbox 2051 4949 2096 4987; x_wconf 68' lang='grc'>’⁸</span> <span class='ocrx_word' id='word_1_769' title='bbox 2125 4952 2164 5005; x_wconf 90' lang='lat' dir='ltr'>f.</span> <span class='ocrx_word' id='word_1_770' title='bbox 2201 4944 2396 5005; x_wconf 49' lang='lat' dir='ltr'>illum&#39;</span> <span class='ocrx_word' id='word_1_771' title='bbox 2428 4953 2482 5006; x_wconf 88' lang='lat'>2.</span> <span class='ocrx_word' id='word_1_772' title='bbox 2564 4951 2610 4987; x_wconf 83' lang='grc'><strong>²⁹</strong></span> 
     </span>
    </p>
   </div>
   <div class='ocr_carea' id='block_1_104' title="bbox 3061 4879 3785 4950">
    <p class='ocr_par' dir='ltr' id='par_1_104' title="bbox 3061 4879 3785 4950">
     <span class='ocr_line' id='line_1_104' title="bbox 3061 4879 3785 4950; baseline 0.001 -16"><span class='ocrx_word' id='word_1_773' title='bbox 3061 4879 3108 4915; x_wconf 77' lang='grc'>³⁵</span> <span class='ocrx_word' id='word_1_774' title='bbox 3168 4880 3367 4934; x_wconf 86' lang='lat' dir='ltr'>Positis</span> <span class='ocrx_word' id='word_1_775' title='bbox 3413 4897 3549 4950; x_wconf 88' lang='lat' dir='ltr'>ergo</span> <span class='ocrx_word' id='word_1_776' title='bbox 3597 4881 3678 4934; x_wconf 91' lang='lat' dir='ltr'>ibi</span> <span class='ocrx_word' id='word_1_777' title='bbox 3733 4885 3785 4935; x_wconf 91' lang='lat'>2.</span> 
     </span>
    </p>
   </div>
   <div class='ocr_carea' id='block_1_105' title="bbox 2652 4950 3788 5023">
    <p class='ocr_par' dir='ltr' id='par_1_105' title="bbox 2652 4950 3788 5023">
     <span class='ocr_line' id='line_1_105' title="bbox 2652 4950 3788 5023; baseline 0 -18"><span class='ocrx_word' id='word_1_778' title='bbox 2652 4969 2708 5023; x_wconf 89' lang='lat' dir='ltr'>p.</span> <span class='ocrx_word' id='word_1_779' title='bbox 2737 4969 2786 5004; x_wconf 92' lang='lat' dir='ltr'>s.</span> <span class='ocrx_word' id='word_1_780' title='bbox 2825 4956 2910 5006; x_wconf 91' lang='lat' dir='ltr'>est</span> <span class='ocrx_word' id='word_1_781' title='bbox 2938 4958 3272 5023; x_wconf 85' lang='lat' dir='ltr'>consecutus</span> <span class='ocrx_word' id='word_1_782' title='bbox 3315 4955 3367 5007; x_wconf 90' lang='lat'>2.</span> <span class='ocrx_word' id='word_1_783' title='bbox 3445 4950 3494 4986; x_wconf 78' lang='grc' dir='ltr'>³ο</span> <span class='ocrx_word' id='word_1_784' title='bbox 3549 4951 3697 5023; x_wconf 69' lang='lat' dir='ltr'>deest</span> <span class='ocrx_word' id='word_1_785' title='bbox 3731 4956 3788 5006; x_wconf 91' lang='lat'>2.</span> 
     </span>
    </p>
   </div>
   <div class='ocr_carea' id='block_1_106' title="bbox 2685 5019 3788 5092">
    <p class='ocr_par' dir='ltr' id='par_1_106' title="bbox 2685 5019 3788 5092">
     <span class='ocr_line' id='line_1_106' title="bbox 2685 5019 3788 5092; baseline 0.001 -16"><span class='ocrx_word' id='word_1_786' title='bbox 2685 5023 2734 5057; x_wconf 78' lang='lat'>3&quot;</span> <span class='ocrx_word' id='word_1_787' title='bbox 2765 5023 2834 5076; x_wconf 88' lang='lat' dir='ltr'>de</span> <span class='ocrx_word' id='word_1_788' title='bbox 2867 5039 2980 5092; x_wconf 92' lang='lat' dir='ltr'>quo</span> <span class='ocrx_word' id='word_1_789' title='bbox 3012 5023 3133 5075; x_wconf 91' lang='lat' dir='ltr'>viro</span> <span class='ocrx_word' id='word_1_790' title='bbox 3159 5022 3337 5076; x_wconf 91' lang='lat' dir='ltr'>multa</span> <span class='ocrx_word' id='word_1_791' title='bbox 3367 5039 3421 5076; x_wconf 92' lang='lat' dir='ltr'>n.</span> <span class='ocrx_word' id='word_1_792' title='bbox 3453 5027 3505 5077; x_wconf 90' lang='lat'>2.</span> <span class='ocrx_word' id='word_1_793' title='bbox 3583 5019 3632 5057; x_wconf 80' lang='grc'>³⁷</span> <span class='ocrx_word' id='word_1_794' title='bbox 3679 5023 3788 5077; x_wconf 90' lang='lat' dir='ltr'>Sed</span> 
     </span>
    </p>
   </div>
   <div class='ocr_carea' id='block_1_107' title="bbox 284 5086 3790 5164">
    <p class='ocr_par' dir='ltr' id='par_1_107' title="bbox 284 5086 3790 5164">
     <span class='ocr_line' id='line_1_107' title="bbox 284 5086 3790 5164; baseline 0.003 -26"><span class='ocrx_word' id='word_1_795' title='bbox 284 5115 353 5164; x_wconf 60' lang='grc' dir='ltr'>τ-</span> <span class='ocrx_word' id='word_1_796' title='bbox 383 5086 705 5164; x_wconf 64' lang='lat' dir='ltr'>minoribus</span> <span class='ocrx_word' id='word_1_797' title='bbox 742 5088 934 5142; x_wconf 84' lang='lat' dir='ltr'>desunt</span> <span class='ocrx_word' id='word_1_798' title='bbox 962 5091 1013 5142; x_wconf 91' lang='lat'>2.</span> <span class='ocrx_word' id='word_1_799' title='bbox 1069 5086 1147 5164; x_wconf 20' lang='lat'>‘3‘</span> <span class='ocrx_word' id='word_1_800' title='bbox 1167 5088 1266 5164; x_wconf 77' lang='lat' dir='ltr'>Hic</span> <span class='ocrx_word' id='word_1_801' title='bbox 1293 5090 1673 5164; x_wconf 85' lang='lat' dir='ltr'>ergoFranco</span> <span class='ocrx_word' id='word_1_802' title='bbox 1721 5096 1949 5160; x_wconf 91' lang='lat' dir='ltr'>accepto</span> <span class='ocrx_word' id='word_1_803' title='bbox 1970 5108 2071 5164; x_wconf 73' lang='lat' dir='ltr'>ep.</span> <span class='ocrx_word' id='word_1_804' title='bbox 2130 5095 2182 5146; x_wconf 87' lang='lat'>2.</span> <span class='ocrx_word' id='word_1_805' title='bbox 2259 5090 2308 5126; x_wconf 78' lang='lat'><strong>39</strong></span> <span class='ocrx_word' id='word_1_806' title='bbox 2340 5093 2598 5164; x_wconf 36' lang='lat' dir='ltr'>“demum</span> <span class='ocrx_word' id='word_1_807' title='bbox 2656 5097 2708 5148; x_wconf 87' lang='lat'>2.</span> <span class='ocrx_word' id='word_1_808' title='bbox 2754 5163 2757 5164; x_wconf 16' lang='grc' dir='ltr'><em>ν</em></span> <span class='ocrx_word' id='word_1_809' title='bbox 2787 5092 2833 5131; x_wconf 78' lang='grc'>⁴⁰</span> <span class='ocrx_word' id='word_1_810' title='bbox 2880 5086 3156 5164; x_wconf 82' lang='lat' dir='ltr'>expeditis</span> <span class='ocrx_word' id='word_1_811' title='bbox 3186 5098 3238 5146; x_wconf 90' lang='lat'>2.</span> <span class='ocrx_word' id='word_1_812' title='bbox 3316 5092 3360 5131; x_wconf 76' lang='grc'>’⁸⁸</span> <span class='ocrx_word' id='word_1_813' title='bbox 3394 5093 3463 5148; x_wconf 88' lang='lat' dir='ltr'>0t</span> <span class='ocrx_word' id='word_1_814' title='bbox 3491 5099 3790 5164; x_wconf 88' lang='lat' dir='ltr'>tone_ter—</span> 
     </span>
    </p>
   </div>
   <div class='ocr_carea' id='block_1_108' title="bbox 285 5155 1120 5229">
    <p class='ocr_par' dir='ltr' id='par_1_108' title="bbox 285 5155 1120 5229">
     <span class='ocr_line' id='line_1_108' title="bbox 285 5155 1120 5229; baseline 0.007 -21"><span class='ocrx_word' id='word_1_815' title='bbox 285 5155 364 5229; x_wconf 74' lang='lat' dir='ltr'>tio</span> <span class='ocrx_word' id='word_1_816' title='bbox 396 5161 429 5229; x_wconf 84' lang='grc'>2</span> <span class='ocrx_word' id='word_1_817' title='bbox 504 5156 552 5193; x_wconf 80' lang='grc'>⁴²</span> <span class='ocrx_word' id='word_1_818' title='bbox 578 5157 774 5229; x_wconf 90' lang='lat' dir='ltr'>ibique</span> <span class='ocrx_word' id='word_1_819' title='bbox 803 5175 1030 5229; x_wconf 91' lang='lat' dir='ltr'>quoque</span> <span class='ocrx_word' id='word_1_820' title='bbox 1061 5161 1120 5215; x_wconf 89' lang='lat'>2.</span> 
     </span>
    </p>
   </div>
   <div class='ocr_carea' id='block_1_109' title="bbox 283 5225 630 5282">
    <p class='ocr_par' dir='ltr' id='par_1_109' title="bbox 283 5225 630 5282">
     <span class='ocr_line' id='line_1_109' title="bbox 283 5225 630 5282; baseline 0 -1"><span class='ocrx_word' id='word_1_821' title='bbox 283 5225 548 5282; x_wconf 88' lang='lat' dir='ltr'>dicabant</span> <span class='ocrx_word' id='word_1_822' title='bbox 579 5231 630 5282; x_wconf 90' lang='lat'>2.</span> 
     </span>
    </p>
   </div>
   <div class='ocr_carea' id='block_1_110' title="bbox 1204 5160 3788 5233">
    <p class='ocr_par' dir='ltr' id='par_1_110' title="bbox 1204 5160 3788 5233">
     <span class='ocr_line' id='line_1_110' title="bbox 1204 5160 3788 5233; baseline 0.002 -21"><span class='ocrx_word' id='word_1_823' title='bbox 1204 5160 1250 5195; x_wconf 68' lang='grc' dir='ltr'>ιδ</span> <span class='ocrx_word' id='word_1_824' title='bbox 1298 5160 1548 5229; x_wconf 88' lang='lat' dir='ltr'>spatium</span> <span class='ocrx_word' id='word_1_825' title='bbox 1579 5179 1629 5215; x_wconf 92' lang='lat' dir='ltr'>a.</span> <span class='ocrx_word' id='word_1_826' title='bbox 1676 5164 1729 5215; x_wconf 92' lang='lat'>2.</span> <span class='ocrx_word' id='word_1_827' title='bbox 1808 5166 1852 5198; x_wconf 83' lang='lat'><strong>“</strong></span> <span class='ocrx_word' id='word_1_828' title='bbox 1896 5160 2156 5233; x_wconf 85' lang='lat' dir='ltr'>spissime</span> <span class='ocrx_word' id='word_1_829' title='bbox 2186 5167 2237 5218; x_wconf 89' lang='lat'>2.</span> <span class='ocrx_word' id='word_1_830' title='bbox 2316 5162 2362 5198; x_wconf 73' lang='grc'>⁸³</span> <span class='ocrx_word' id='word_1_831' title='bbox 2403 5178 2532 5217; x_wconf 92' lang='lat' dir='ltr'>cum</span> <span class='ocrx_word' id='word_1_832' title='bbox 2587 5168 2637 5219; x_wconf 94' lang='lat'>2.</span> <span class='ocrx_word' id='word_1_833' title='bbox 2717 5163 2762 5200; x_wconf 75' lang='grc'>⁸⁸</span> <span class='ocrx_word' id='word_1_834' title='bbox 2809 5181 2858 5218; x_wconf 93' lang='lat' dir='ltr'>e.</span> <span class='ocrx_word' id='word_1_835' title='bbox 2892 5160 3034 5231; x_wconf 53' lang='lat' dir='ltr'>a,&#39;et</span> <span class='ocrx_word' id='word_1_836' title='bbox 3085 5164 3366 5232; x_wconf 87' lang='lat' dir='ltr'>benignus</span> <span class='ocrx_word' id='word_1_837' title='bbox 3411 5172 3467 5218; x_wconf 93' lang='lat' dir='ltr'>et</span> <span class='ocrx_word' id='word_1_838' title='bbox 3491 5169 3544 5218; x_wconf 90' lang='lat'>2.</span> <span class='ocrx_word' id='word_1_839' title='bbox 3623 5162 3667 5200; x_wconf 77' lang='grc'>⁸⁷</span> <span class='ocrx_word' id='word_1_840' title='bbox 3699 5165 3788 5217; x_wconf 91' lang='lat' dir='ltr'>in-</span> 
     </span>
    </p>
   </div>
   <div class='ocr_carea' id='block_1_111' title="bbox 1968 5304 2187 5360">
    <p class='ocr_par' dir='ltr' id='par_1_111' title="bbox 1968 5304 2187 5360">
     <span class='ocr_line' id='line_1_111' title="bbox 1968 5304 2187 5360; baseline 0 -2"><span class='ocrx_word' id='word_1_841' title='bbox 1968 5304 2187 5360; x_wconf 76' lang='grc' dir='ltr'>ΝΟΤΑΞ.</span> 
     </span>
    </p>
   </div>
   <div class='ocr_carea' id='block_1_112' title="bbox 359 5401 1985 5472">
    <p class='ocr_par' dir='ltr' id='par_1_112' title="bbox 359 5401 1985 5472">
     <span class='ocr_line' id='line_1_112' title="bbox 359 5401 1985 5472; baseline 0.004 -17"><span class='ocrx_word' id='word_1_842' title='bbox 359 5401 430 5472; x_wconf 88' lang='lat'>(7)</span> <span class='ocrx_word' id='word_1_843' title='bbox 452 5402 770 5457; x_wconf 87' lang='lat' dir='ltr'>Canonicus</span> <span class='ocrx_word' id='word_1_844' title='bbox 803 5403 1128 5458; x_wconf 90' lang='lat' dir='ltr'>Leodiensis</span> <span class='ocrx_word' id='word_1_845' title='bbox 1160 5404 1219 5458; x_wconf 92' lang='lat' dir='ltr'>in</span> <span class='ocrx_word' id='word_1_846' title='bbox 1258 5409 1407 5459; x_wconf 87' lang='lat' dir='ltr'>cont.</span> <span class='ocrx_word' id='word_1_847' title='bbox 1461 5406 1612 5460; x_wconf 89' lang='lat' dir='ltr'>Gest.</span> <span class='ocrx_word' id='word_1_848' title='bbox 1655 5407 1820 5462; x_wconf 88' lang='lat' dir='ltr'>abba.</span> <span class='ocrx_word' id='word_1_849' title='bbox 1882 5408 1985 5462; x_wconf 90' lang='lat' dir='ltr'>Lo-</span> 
     </span>
    </p>
   </div>
   <div class='ocr_carea' id='block_1_113' title="bbox 287 5471 1982 5599">
    <p class='ocr_par' dir='ltr' id='par_1_113' title="bbox 287 5471 1982 5599">
     <span class='ocr_line' id='line_1_113' title="bbox 287 5471 1982 5599; baseline 0.005 -74"><span class='ocrx_word' id='word_1_850' title='bbox 287 5471 820 5599; x_wconf 39' lang='lat' dir='ltr'>gieplsiumapfscio</span> <span class='ocrx_word' id='word_1_851' title='bbox 851 5491 925 5530; x_wconf 90' lang='lat' dir='ltr'>an</span> <span class='ocrx_word' id='word_1_852' title='bbox 960 5479 1131 5544; x_wconf 89' lang='lat' dir='ltr'>recte,</span> <span class='ocrx_word' id='word_1_853' title='bbox 1188 5475 1542 5543; x_wconf 90' lang='lat' dir='ltr'>nominatur,</span> <span class='ocrx_word' id='word_1_854' title='bbox 1592 5478 1845 5549; x_wconf 83' lang='lat' dir='ltr'>Dachery</span> <span class='ocrx_word' id='word_1_855' title='bbox 1893 5479 1982 5533; x_wconf 92' lang='lat' dir='ltr'>ed.</span> 
     </span>
     <span class='ocr_line' id='line_1_114' title="bbox 335 5560 708 5599; baseline -0.005 0"><span class='ocrx_word' id='word_1_856' title='bbox 335 5586 347 5599; x_wconf 94' lang='lat'>.</span> <span class='ocrx_word' id='word_1_857' title='bbox 440 5583 455 5599; x_wconf 89' lang='lat'>.</span> <span class='ocrx_word' id='word_1_858' title='bbox 487 5560 551 5599; x_wconf 81' lang='grc' dir='ltr'><strong>ι).</strong></span> <span class='ocrx_word' id='word_1_859' title='bbox 697 5587 708 5597; x_wconf 92' lang='grc'>.</span> 
     </span>
    </p>
   </div>
   <div class='ocr_carea' id='block_1_114' title="bbox 333 5560 708 5611">
    <p class='ocr_par' dir='ltr' id='par_1_114' title="bbox 333 5560 708 5611">
     <span class='ocr_line' id='line_1_115' title="bbox 333 5560 708 5611; baseline 0.005 -16"><span class='ocrx_word' id='word_1_860' title='bbox 333 5586 347 5607; x_wconf 88' lang='grc'><strong><em>,</em></strong></span> <span class='ocrx_word' id='word_1_861' title='bbox 385 5560 455 5609; x_wconf 83' lang='grc' dir='ltr'>ιι,</span> <span class='ocrx_word' id='word_1_862' title='bbox 487 5560 551 5611; x_wconf 89' lang='lat' dir='ltr'>p.</span> <span class='ocrx_word' id='word_1_863' title='bbox 584 5560 708 5599; x_wconf 59' lang='lat' dir='ltr'>ws.</span> 
     </span>
    </p>
   </div>
   <div class='ocr_carea' id='block_1_115' title="bbox 357 5615 1985 5690">
    <p class='ocr_par' dir='ltr' id='par_1_115' title="bbox 357 5615 1985 5690">
     <span class='ocr_line' id='line_1_116' title="bbox 357 5615 1985 5690; baseline 0.006 -24"><span class='ocrx_word' id='word_1_864' title='bbox 357 5616 432 5682; x_wconf 84' lang='lat'>(8)</span> <span class='ocrx_word' id='word_1_865' title='bbox 487 5615 710 5668; x_wconf 87' lang='lat' dir='ltr'>Ottonis</span> <span class='ocrx_word' id='word_1_866' title='bbox 765 5617 839 5669; x_wconf 88' lang='lat' dir='ltr'>Ill</span> <span class='ocrx_word' id='word_1_867' title='bbox 899 5615 1154 5670; x_wconf 85' lang='lat' dir='ltr'>diomata</span> <span class='ocrx_word' id='word_1_868' title='bbox 1202 5618 1339 5686; x_wconf 84' lang='lat' dir='ltr'>duo,</span> <span class='ocrx_word' id='word_1_869' title='bbox 1398 5618 1606 5690; x_wconf 89' lang='lat' dir='ltr'>quibus</span> <span class='ocrx_word' id='word_1_870' title='bbox 1660 5621 1985 5676; x_wconf 87' lang='lat' dir='ltr'>Burchardo</span> 
     </span>
    </p>
   </div>
   <div class='ocr_carea' id='block_1_116' title="bbox 2096 5409 3789 5482">
    <p class='ocr_par' dir='ltr' id='par_1_116' title="bbox 2096 5409 3789 5482">
     <span class='ocr_line' id='line_1_117' title="bbox 2096 5409 3789 5482; baseline 0.001 -20"><span class='ocrx_word' id='word_1_871' title='bbox 2096 5409 2300 5482; x_wconf 88' lang='lat' dir='ltr'>clerico</span> <span class='ocrx_word' id='word_1_872' title='bbox 2328 5409 2482 5482; x_wconf 86' lang='lat' dir='ltr'>bona</span> <span class='ocrx_word' id='word_1_873' title='bbox 2539 5410 2803 5482; x_wconf 75' lang='lat' dir='ltr'>quaedam</span> <span class='ocrx_word' id='word_1_874' title='bbox 2849 5410 3006 5466; x_wconf 91' lang='lat' dir='ltr'>dedit</span> <span class='ocrx_word' id='word_1_875' title='bbox 3055 5411 3114 5466; x_wconf 92' lang='lat' dir='ltr'>in</span> <span class='ocrx_word' id='word_1_876' title='bbox 3160 5427 3309 5482; x_wconf 90' lang='lat' dir='ltr'>pago</span> <span class='ocrx_word' id='word_1_877' title='bbox 3367 5411 3579 5465; x_wconf 67' lang='lat' dir='ltr'>Hassiae</span> <span class='ocrx_word' id='word_1_878' title='bbox 3608 5409 3668 5465; x_wconf 91' lang='lat' dir='ltr'>in</span> <span class='ocrx_word' id='word_1_879' title='bbox 3694 5427 3789 5464; x_wconf 90' lang='lat' dir='ltr'>co-</span> 
     </span>
    </p>
   </div>
   <div class='ocr_carea' id='block_1_117' title="bbox 2095 5481 3789 5552">
    <p class='ocr_par' dir='ltr' id='par_1_117' title="bbox 2095 5481 3789 5552">
     <span class='ocr_line' id='line_1_118' title="bbox 2095 5481 3789 5552; baseline 0.001 -18"><span class='ocrx_word' id='word_1_880' title='bbox 2095 5481 2301 5552; x_wconf 86' lang='lat' dir='ltr'>mitatu</span> <span class='ocrx_word' id='word_1_881' title='bbox 2331 5481 2670 5535; x_wconf 85' lang='lat' dir='ltr'>Thancmari</span> <span class='ocrx_word' id='word_1_882' title='bbox 2710 5482 2851 5552; x_wconf 89' lang='lat' dir='ltr'>sita,</span> <span class='ocrx_word' id='word_1_883' title='bbox 2881 5498 3010 5552; x_wconf 67' lang='lat' dir='ltr'>quas</span> <span class='ocrx_word' id='word_1_884' title='bbox 3058 5481 3418 5538; x_wconf 73' lang='lat' dir='ltr'>Hermannus</span> <span class='ocrx_word' id='word_1_885' title='bbox 3478 5498 3667 5535; x_wconf 82' lang='lat' dir='ltr'>comes</span> <span class='ocrx_word' id='word_1_886' title='bbox 3729 5483 3789 5536; x_wconf 89' lang='lat' dir='ltr'>in</span> 
     </span>
    </p>
   </div>
   <div class='ocr_carea' id='block_1_118' title="bbox 2092 5551 3786 5692">
    <p class='ocr_par' dir='ltr' id='par_1_118' title="bbox 2092 5551 3786 5692">
     <span class='ocr_line' id='line_1_119' title="bbox 2092 5551 3786 5677; baseline 0.001 -72"><span class='ocrx_word' id='word_1_887' title='bbox 2092 5551 2377 5677; x_wconf 46' lang='lat' dir='ltr'>beige‘zﬁcgg</span> <span class='ocrx_word' id='word_1_888' title='bbox 2409 5552 2704 5621; x_wconf 88' lang='lat' dir='ltr'>habuerat,</span> <span class='ocrx_word' id='word_1_889' title='bbox 2765 5551 2951 5608; x_wconf 90' lang='lat' dir='ltr'>edidit</span> <span class='ocrx_word' id='word_1_890' title='bbox 2977 5553 3264 5610; x_wconf 89' lang='lat' dir='ltr'>Schannat</span> <span class='ocrx_word' id='word_1_891' title='bbox 3294 5553 3431 5608; x_wconf 83' lang='lat' dir='ltr'>Hist.</span> <span class='ocrx_word' id='word_1_892' title='bbox 3467 5554 3680 5607; x_wconf 88' lang='lat' dir='ltr'>Worm.</span> <span class='ocrx_word' id='word_1_893' title='bbox 3719 5555 3786 5617; x_wconf 86' lang='lat' dir='ltr'>Il,</span> 
     </span>
     <span class='ocr_line' id='line_1_120' title="bbox 2095 5638 2396 5692; baseline -0.003 -16"><span class='ocrx_word' id='word_1_894' title='bbox 2095 5638 2150 5692; x_wconf 92' lang='lat' dir='ltr'>p.</span> <span class='ocrx_word' id='word_1_895' title='bbox 2261 5665 2274 5689; x_wconf 93' lang='lat'>,</span> <span class='ocrx_word' id='word_1_896' title='bbox 2383 5663 2396 5675; x_wconf 93' lang='lat'>.</span> 
     </span>
    </p>
   </div>
  </div>
