3956 6300
194 263 305 316 513

1387 264 1749 320 ΡΒΟαΞΜΙΑ.
1794 296 1860 305 -
1907 268 2064 323 VlTA
2106 265 2528 321 BURCHARDI.

3609 273 3710 325 514

196 388 447 441 multum
493 387 807 441 honoratus
854 391 909 440 et
940 402 1103 440 carus
1152 403 1271 457 prae
1302 387 1429 441 aliis
1461 388 1709 453 habitus,
1744 389 1897 443 illius
1928 394 1973 444 Α
2013 388 2424 459 promittendo,
2458 387 2679 457 virgam
2725 389 3069 459 pastoralem
3113 390 3345 461 accepit.
3380 391 3485 455 Qui
3516 393 3707 448 statim

194 474 445 526 consilio
473 482 529 527 et
561 476 736 527 malos
770 475 1067 528 coercebat
1097 480 1155 528 et
1196 491 1316 528 rem
1350 476 1638 546 publicam
1668 476 1728 530 in
1767 493 1905 547 pace

194 562 440 632 regebat
491 561 557 616 ⁸⁸.
622 563 777 618 Unde
826 564 1085 634 contigit,
1138 572 1195 618 ut
1250 565 1569 635 imperator
1616 566 1903 621 abbatiam

198 651 713 705 Laurissatiensem
770 649 820 685 “9
864 652 1273 707 Wormaciensi
1326 654 1578 709 ecclesiae
1628 654 1903 709 concede-

198 744 289 793 ret
323 745 376 793 et
425 745 579 793 carta
627 756 690 793 ac
738 740 1038 810 privilegio
1088 747 1364 812 perpetuo
1413 743 1695 798 stabiliret
1743 748 1799 797 et
1846 743 1905 796 in

196 832 490 882 conventu
538 845 601 883 ac
646 828 881 883 consilio
913 826 961 863 ⁸ο
1010 830 1400 884 Romanorum
1449 830 1493 864 ⁵⁸
1526 831 1671 886 hanc
1722 832 1906 885 tradi-

196 917 425 971 tionem
472 918 710 971 recitare
744 934 805 971 ac
840 919 1223 988 pronunciare
1270 920 1636 995 praecepisset
1664 923 1766 989 (9).
1802 922 1906 974 Eo-

195 1006 335 1059 dem
386 1012 645 1076 tempore
702 1007 1018 1076 imperator
1066 1012 1121 1060 et
1150 1008 1459 1078 praedictus
1506 1009 1805 1079 episcopus
1837 1010 1901 1077 ",

196 1093 393 1147 induti
421 1094 635 1161 ciliciis,
671 1095 913 1164 pedibus
946 1097 990 1130 ⁵³
1019 1096 1249 1166 penitus
1277 1097 1587 1151 deuudatis
1620 1097 1687 1163 ",
1722 1114 1905 1167 quan-

197 1181 338 1236 dam
404 1184 734 1253 speluncam
785 1183 952 1253 juxta
1005 1184 1183 1238 sancti
1243 1184 1550 1240 Clementis
1609 1185 1905 1240 ecclesiam

197 1270 351 1325 clam
401 1271 619 1325 cunctis
665 1271 1039 1336 intraverunt,
1094 1273 1288 1345 ibique
1340 1275 1399 1328 in
1451 1275 1806 1328 orationibus
1851 1281 1906 1328 et

188 1358 435 1429 jejuniis
491 1377 708 1415 necnon
741 1361 799 1414 in
844 1361 1055 1430 vigiliis
1105 1362 1533 1432 quatuordecim
1584 1363 1702 1417 dies
1750 1361 1796 1397 ⁵³
1830 1364 1905 1416 la-

194 1451 438 1501 tuerunt
497 1448 625 1519 (10).
679 1450 889 1503 Ferunt
932 1440 1187 1519 quidam,
1241 1450 1555 1504 visionibus
1597 1456 1653 1505 et
1686 1452 1903 1505 allocu-

194 1536 456 1590 tionibus
506 1537 710 1590 divinis
755 1553 849 1591 eos
880 1539 1081 1591 crebro
1114 1539 1221 1592 hoc
1264 1540 1382 1593 loco
1436 1540 1608 1594 fuisse
1640 1542 1899 1593 consola-

194 1630 309 1678 tos.
362 1626 472 1679 Nos
530 1631 721 1679 autem
779 1627 926 1680 hanc
982 1644 1103 1680 rem
1163 1644 1366 1697 parum
1420 1628 1585 1682 nobis
1641 1644 1900 1697 comper-
1934 1666 1972 1719 Β

196 1716 322 1764 tam
354 1709 402 1746 ⁸⁸
423 1711 843 1766 existimatione
866 1713 1020 1783 vulgi
1052 1714 1455 1767 ruminandam
1501 1714 1896 1784 relinquimus.

198 1798 312 1853 Sed
343 1805 536 1853 tamen
569 1801 675 1854 hoc
704 1818 807 1870 pro
838 1807 988 1853 certo
1021 1801 1249 1865 scimus,
1294 1803 1441 1871 quod
1480 1802 1748 1872 episcopo
1783 1802 1902 1855 dies

198 1892 257 1941 et
300 1888 441 1941 hora
485 1889 675 1941 obitus
721 1888 808 1942 sui
854 1889 1129 1942 divinitus
1186 1896 1503 1959 praenotata
1551 1896 1660 1944 est.
1704 1892 1766 1944 Et
1798 1890 1903 1943 hoc

197 1976 323 2045 ipse
372 1973 443 2044 ⁸⁷,
474 1983 775 2047 postquam
824 1976 1059 2030 domum
1091 1975 1140 2009 ⁵⁸
1190 1978 1399 2031 reversi
1455 1984 1605 2045 sunt,
1660 1978 1903 2048 impera-

198 2064 315 2117 tori
366 2064 788 2133 pronunciavit.
849 2066 1032 2129 Quare
1090 2066 1405 2136 imperator
1458 2068 1703 2120 multum
1764 2083 1900 2120 con-

197 2152 477 2216 tristatus,
504 2169 677 2223 quem
709 2154 765 2206 in
798 2152 843 2188 59
874 2155 1060 2206 locum
1098 2154 1275 2222 ipsius
1302 2154 1512 2207 habere
1544 2156 1631 2208 vel
1658 2155 1748 2207 cui
1780 2156 1900 2225 epi-

196 2246 494 2310 scopatum
561 2246 682 2309 ejus
746 2240 796 2274 ⁶⁰
862 2242 1219 2295 committere
1277 2243 1583 2309 debuisset,
1654 2244 1897 2296 multum

198 2329 555 2383 lacrimaudo
605 2329 675 2383 ab
702 2346 768 2383 eo
813 2330 1118 2399 exquisivit
1160 2328 1229 2382 σί.
1262 2331 1416 2383 Tunc
1465 2332 1695 2384 tandem
1738 2332 1901 2400 quasi

196 2424 424 2471 coactus
468 2417 546 2470 sic
589 2418 887 2487 respondit
920 2433 932 2471 :
970 2419 1215 2472 Fratrem
1264 2435 1429 2472 unum
1475 2420 1670 2486 habeo;
1700 2422 1749 2473 si
1788 2420 1900 2473 Deo

193 2507 492 2574 placuisset
556 2509 622 2571 σι,
689 2507 827 2560 hunc
892 2508 1030 2559 mihi
1094 2522 1445 2561 successorem
1505 2524 1778 2574 rogassem
1826 2506 1893 2563 δ’.

193 2595 371 2663 Super
415 2597 522 2649 hac
563 2601 738 2650 autem
785 2598 965 2649 omnia
1012 2599 1155 2650 Deus
1205 2613 1371 2649 unum
1414 2597 1702 2666 provideat
1741 2594 1805 2663 ⁸³,
1841 2600 1899 2651 in

193 2697 301 2753 quo
330 2682 439 2736 sibi
465 2684 591 2737 bene
639 2685 983 2752 complaceat.
1035 2685 1190 2737 Tunc
1227 2684 1537 2754 imperator
1579 2685 1683 2738 sub
1726 2688 1897 2739 testa-

193 2777 394 2825 mento
447 2772 548 2825 Dei
602 2772 817 2841 juravit
867 2772 1221 2825 autedictum
1282 2772 1675 2843 episcopatum
1736 2772 1897 2828 fratri

190 2859 350 2913 illius
398 2876 455 2912 se
487 2860 778 2914 daturum.
832 2862 895 2914 Et
926 2866 991 2914 ut
1022 2861 1226 2914 melius
1259 2878 1321 2914 ac
1361 2864 1406 2896 °‘
1434 2862 1657 2915 facilius
1701 2877 1895 2916 recor-

194 2947 319 3001 dari
350 2950 653 3017 potuisset,
706 2949 1007 3018 epistolam
1058 2949 1509 3019 deprecatoriam
1542 2966 1647 3019 pro
1693 2951 1800 3005 hac
1832 2967 1891 3006 re
1925 2941 1965 2996 C

195 3037 268 3090 ab
318 3035 587 3106 episcopo
636 3036 872 3107 accepit,
929 3053 1102 3108 quam
1156 3038 1215 3092 in
1269 3039 1555 3092 sacculum
1608 3055 1775 3092 suum
1825 3040 1891 3093 ad

196 3128 604 3178 testamentum
636 3124 684 3161 “
729 3126 938 3196 posuit.
984 3124 1128 3190 Quid
1160 3126 1374 3197 plura?
1399 3127 1607 3181 Eadem
1640 3126 1689 3162 ⁸⁸
1720 3129 1810 3182 die
1841 3134 1897 3183 et

196 3213 340 3267 hora
368 3230 480 3284 qua
506 3211 554 3247 ⁸⁷
580 3214 701 3284 ipse
733 3214 996 3284 praedixit
1022 3212 1067 3250 ⁵⁸
1092 3220 1276 3269 morte
1308 3216 1624 3282 succubuit,
1659 3233 1894 3287 corpus-

197 3318 309 3373 que
342 3319 510 3356 suum
545 3304 739 3357 Romae
784 3320 912 3356 cum
960 3320 1165 3373 magno
1197 3305 1419 3358 honore
1448 3305 1509 3358 in
1538 3320 1676 3375 pace
1705 3306 1894 3375 sepul-

198 3397 319 3446 tum
354 3397 438 3445 est
465 3392 577 3461 (an.
614 3394 738 3458 999,
770 3393 915 3458 Aug.
946 3392 1056 3462 27).

264 3482 317 3533 4.
355 3480 627 3534 Defuncto
677 3486 869 3535 autem
913 3481 1203 3551 episcopo,
1255 3482 1448 3535 statim
1499 3482 1737 3536 aderant
1792 3497 1893 3534 va-

194 3570 265 3623 rii
294 3568 342 3605 ‘9
367 3570 786 3641 deprecatores,
836 3569 1243 3641 imperatorem
1279 3587 1382 3641 pro
1430 3570 1767 3641 episcopatu
1799 3570 1893 3623 in-

192 3665 479 3714 vocantes.
531 3660 603 3713 Ex
651 3658 861 3729 quibus
900 3658 1135 3729 quidam
1184 3660 1369 3729 Erpho
1403 3656 1453 3692 ⁷⁰
1482 3659 1754 3729 pastorali
1786 3675 1892 3712 no-

193 3748 349 3801 mine
398 3746 706 3818 insignitus
735 3744 780 3781 ⁷¹
813 3752 914 3801 est.
949 3748 1054 3802 Sed
1089 3747 1177 3802 hic
1208 3754 1403 3817 postea
1435 3753 1707 3817 quartum
1739 3748 1892 3802 diem

191 3852 307 3889 non
361 3836 520 3901 vidit,
554 3836 689 3907 quia
721 3835 813 3889 die
860 3837 1025 3890 tertia
1056 3836 1280 3890 defecit.
1308 3836 1429 3900 Quo
1474 3835 1742 3903 extincto,
1786 3836 1889 3889 ad-

193 3923 429 3978 fuerunt
474 3925 684 3978 iterum
728 3940 843 3979 non
888 3925 1078 3995 pauci,
1111 3941 1278 3979 aures
1330 3924 1691 3996 imperatoris
1724 3925 1892 3978 variis

193 4012 589 4083 rogationibus
622 4012 998 4084 pecuniaeque
1030 4013 1508 4084 promissionibus
1537 4029 1638 4083 pro
1670 4012 1892 4083 episco-

192 4108 333 4172 patu
408 4101 756 4155 incessanter
828 4102 1246 4168 adimpleutes;
1326 4102 1478 4156 inter
1538 4118 1678 4173 quos
1741 4117 1891 4155 unus

195 4191 345 4245 Razo
375 4188 422 4223 ⁷³
453 4191 803 4255 nominatus,
854 4191 1103 4244 maxime
1135 4190 1448 4245 laborando
1482 4195 1539 4245 et
1566 4206 1680 4244 non
1708 4205 1889 4260 pauca

2016 493 2145 531 cum
2176 477 2384 547 gaudio
2417 476 2486 531 de
2516 476 2676 529 Italia
2705 492 3017 547 regressus,
3051 479 3120 531 ad
3155 480 3336 533 locum
3372 480 3471 550 qui
3503 481 3710 536 dicitur

2016 566 2164 621 Curo
2194 567 2240 601 ⁷³
2266 565 2546 636 pervenit,
2594 565 2791 636 ibique
2820 566 2997 619 vitam
3036 567 3236 620 ﬁnivit.
3288 568 3486 621 Nuncii
3517 574 3707 624 autem

2015 657 2383 719 revertentes,
2416 654 2684 707 baculum
2733 654 3067 724 imperatori
3106 657 3448 722 retulerunt,
3501 662 3559 711 et
3596 659 3707 712 hu-

2011 742 2106 812 jus
2156 742 2452 796 interitum
2503 740 2880 796 dixerunt".
2930 744 3085 798 Tunc
3136 745 3368 798 tandem
3401 745 3712 817 imperator

2015 847 2131 884 suae
2179 846 2401 885 memor
2446 830 2867 900 promissionis,
2920 847 3152 887 manum
3186 830 3232 866 ⁷⁵
3272 834 3473 887 clausit
3505 840 3561 888 et
3593 836 3713 905 epi-

2016 922 2311 989 scopatum
2365 919 2519 973 hunc
2570 918 2807 985 nemini,
2858 920 3195 990 priusquam
3228 919 3286 974 in
3334 920 3579 990 patriam
3627 938 3715 975 re-

2015 1013 2354 1077 verteretur,
2404 1024 2462 1061 se
2494 1008 2761 1062 daturum
2808 1008 3089 1077 promisit.
3125 1008 3233 1072 Qui
3278 1009 3383 1063 hoc
3414 1010 3637 1064 meritis
3666 1009 3713 1044 ⁷⁸

2015 1096 2167 1150 beati
2213 1096 2391 1150 Patris
2423 1095 2605 1149 nostri
2632 1092 2680 1128 ’⁷⁷
2710 1112 2827 1149 non
2858 1097 3241 1167 computabit,
3270 1098 3507 1168 ejusque
3537 1098 3714 1155 vitam

2015 1184 2074 1237 in
2104 1184 2212 1237 hoc
2263 1200 2372 1237 non
2423 1181 2471 1218 ’⁷⁸
2499 1183 2771 1250 laudabit,
2812 1185 2965 1254 quod
3013 1185 3091 1238 ita
3122 1203 3151 1237 a
3186 1186 3299 1239 Deo
3330 1192 3451 1239 erat
3480 1187 3710 1253 electus,

2017 1276 2077 1324 ut
2122 1271 2365 1325 istorum
2416 1271 2669 1325 virorum
2718 1272 3050 1326 ostenderet
3098 1273 3393 1328 defectus?
3441 1274 3578 1328 Mira
3624 1292 3713 1330 res

2016 1359 2377 1430 multumque
2434 1360 2735 1430 stupenda,
2789 1365 2853 1414 ut
2899 1376 3051 1414 unus
3103 1367 3231 1431 post
3276 1362 3612 1416 electionem
3656 1368 3713 1417 et

2015 1448 2371 1518 episcopatus
2419 1449 2804 1517 acceptionem
2835 1446 2884 1481 ⁷9
2913 1454 3178 1520 quartum
3229 1449 3512 1504 decimum
3555 1451 3707 1505 diem

2014 1552 2127 1589 non
2191 1536 2425 1589 vidisset
2489 1534 2561 1603 ⁸ο,
2633 1537 2777 1589 alter
2841 1553 2975 1589 vero
3041 1543 3311 1607 quartum
3377 1538 3529 1591 diem
3594 1556 3712 1593 non

2013 1624 2241 1677 vixisset
2268 1622 2342 1677 ειι
2380 1624 2484 1677 Hic
2537 1624 2858 1694 intelligere
2904 1640 3125 1677 necnon
3177 1632 3232 1678 et
3276 1625 3561 1679 mirabilia
3610 1628 3711 1680 Dei

2016 1729 2322 1782 possumus
2352 1712 2560 1767 videre.
2614 1713 2738 1766 Non
2788 1718 2874 1765 est
2921 1713 3075 1765 enim
3124 1712 3405 1781 sapientia
3448 1730 3631 1785 neque
3664 1713 3713 1751 ⁸³

2012 1801 2319 1871 prudentia
2379 1817 2482 1855 nec
2535 1801 2716 1854 ullum
2771 1800 3072 1854 consilium
3127 1808 3325 1854 contra
3380 1802 3705 1858 Dominum.

2013 1890 2172 1952 Quod
2207 1890 2361 1943 enim
2414 1889 2739 1944 hominibus
2770 1890 3003 1961 placuit,
3037 1891 3151 1943 Deo
3198 1889 3525 1961 displicuit;
3560 1893 3707 1962 quod

2012 1978 2326 2047 imperator
2374 1977 2562 2045 elegit,
2621 1979 2766 2031 Deus
2798 1978 3015 2047 rejecit,
3050 1983 3103 2030 et
3149 1978 3322 2042 elegit
3366 1980 3614 2045 inﬁrma,
3650 1985 3713 2033 ut

2012 2065 2384 2119 confunderet
2432 2064 2478 2099 ⁸³
2526 2064 2715 2120 fortia.
2764 2066 2987 2120 Sciebat
3036 2065 3189 2119 enim
3240 2064 3289 2101 ⁸⁸
3330 2083 3495 2120 suum
3529 2085 3586 2120 se
3639 2070 3709 2121 ti-

2012 2161 2286 2221 mentem,
2321 2170 2379 2208 se
2427 2154 2761 2225 diligentem
2792 2151 2863 2219 ",
2896 2170 2954 2207 se
2985 2155 3115 2207 totis
3144 2154 3358 2208 viribus
3389 2156 3665 2209 colentem
3695 2175 3707 2223 ;

2011 2243 2163 2297 hunc
2207 2243 2679 2313 praedestinatum
2731 2242 2953 2295 vocavit
2998 2241 3066 2311 "°,
3102 2247 3156 2296 et
3202 2250 3465 2296 vocatum
3500 2244 3709 2313 justiti-

2010 2332 2175 2395 cavit,
2209 2336 2264 2385 et
2303 2332 2681 2402 justiticatum
2731 2347 2849 2384 non
2882 2331 3047 2385 laude
3099 2331 3425 2398 hominum,
3478 2333 3577 2387 sed
3611 2350 3712 2386 sua

2010 2420 2402 2474 misericordia
2429 2420 2833 2491 magniﬁcavit.

2082 2512 2131 2562 5.
2166 2510 2483 2580 Imperator
2511 2510 2665 2563 enim
2695 2509 2765 2563 de
2795 2506 2841 2542 ⁸⁷
2874 2508 3031 2562 Italia
3062 2525 3353 2579 regressus
3384 2510 3499 2578 (an.
3530 2510 3706 2579 1000),

2008 2597 2308 2651 Saxoniam
2342 2598 2682 2668 ingreditur,
2716 2602 2771 2651 et
2801 2597 2860 2650 in
2890 2598 3077 2650 locum
3110 2598 3209 2667 qui
3250 2597 3459 2651 dicitur
3489 2598 3707 2651 Kirich-

2006 2684 2151 2757 berg
2193 2684 2243 2719 ⁸⁸
2283 2687 2395 2758 (Η)
2445 2686 2726 2756 pervenit.
2782 2685 2921 2739 Illuc
2970 2686 3271 2756 episcopus
3318 2687 3710 2755 Moguntiuus,

2009 2779 2219 2829 etcum
2267 2791 2333 2829 eo
2380 2774 2742 2828 venerandus
2785 2774 3145 2827 Burchardus
3190 2774 3257 2828 ad
3299 2774 3708 2843 imperatorem

2007 2864 2184 2917 venit.
2240 2864 2558 2935 Imperator
2615 2863 3104 2934 archiepiscopum
3165 2863 3474 2916 honoriﬁce
3532 2864 3706 2917 susci-

2004 2954 2192 3025 piens,
2236 2968 2464 3007 causam
2514 2951 2948 3006 Wormaciensis
2998 2952 3357 3022 episcopatus
3406 2952 3490 3005 illi
3542 2950 3590 2985 ⁸⁹
3621 2969 3712 3006 ex-

2005 3042 2216 3113 posuit,
2251 3042 2616 3111 duorumque
2652 3041 2901 3095 virorum
2948 3040 3242 3094 mirabiles
3281 3041 3547 3094 interitus
3585 3056 3708 3094 om-

2007 3130 2143 3184 nino
2174 3130 2450 3185 narravit.
2490 3131 2553 3183 Et
2580 3134 2710 3200 post
2755 3130 2963 3182 multas
2994 3127 3485 3183 confabulationes
3526 3129 3708 3199 impe-

2003 3223 2160 3271 rator
2199 3214 2251 3251 9°
2297 3232 2399 3287 per
2453 3217 2757 3271 fenestram
2809 3216 3161 3287 prospiciens
3200 3213 3268 3283 9',
3319 3217 3707 3271 Burchardum

2007 3305 2166 3371 vidit,
2201 3320 2372 3375 quem
2424 3304 2616 3357 statim
2666 3304 2929 3358 celeriter
2970 3304 3039 3358 ad
3090 3320 3147 3357 se
3194 3306 3433 3358 vocavit.
3468 3306 3533 3358 Et
3562 3305 3706 3358 arri-

2002 3393 2165 3463 piens
2236 3408 2472 3447 manum
2529 3389 2596 3459 9’,
2663 3408 2919 3446 seorsum
2990 3392 3156 3446 duxit
3193 3390 3265 3456 9³,
3324 3393 3462 3463 quid
3532 3393 3709 3447 frater

2003 3482 2125 3551 ejus
2150 3479 2198 3517 9‘
2228 3497 2333 3552 pro
2391 3497 2457 3535 eo
2508 3481 2730 3549 rogarit
2759 3477 2807 3514 ’⁸
2832 3480 3040 3551 quidve
3090 3479 3199 3534 sibi
3244 3482 3607 3536 demandarit
3634 3480 3702 3549 9⁸,

2002 3569 2306 3639 diligenter
2360 3569 2638 3639 exposuit.
2695 3572 2769 3624 Ac
2802 3568 3008 3623 deinde
3065 3568 3382 3639 epistolam,
3427 3585 3599 3638 quam
3647 3570 3706 3624 in

2002 3658 2222 3712 sacculo
2280 3657 2604 3719 reservavit,
2662 3657 2746 3711 illi
2803 3657 3069 3728 aperuit;
3124 3657 3315 3727 sicque
3358 3653 3406 3691 ⁹⁷
3450 3658 3704 3712 Worma-

2001 3746 2189 3800 ciense
2241 3745 2619 3800 sacerdotium
2675 3745 2759 3799 illi
2814 3745 3017 3799 offerre
3065 3746 3254 3816 coepit.
3312 3746 3570 3818 Cumque
3620 3746 3705 3800 illi

2002 3833 2245 3886 multum
2278 3832 2641 3899 reniteretur,
2671 3848 2844 3903 seque
2876 3832 3178 3902 indignum
3212 3848 3331 3886 esse
3378 3833 3706 3904 pontiﬁcale

2000 3921 2253 3975 ofﬁcium
2305 3920 2590 3991 suscipere
2636 3920 3009 3974 contenderet
3057 3918 3125 3988 9⁸,
3167 3921 3483 3992 imperator
3528 3921 3705 3976 vehe-

2000 4016 2223 4065 menter
2281 4011 2499 4064 instans
2553 4006 2602 4042 99
2652 4009 2814 4079 quasi
2874 4010 2928 4063 vi
2978 4009 3048 4063 ad
3099 4010 3531 4079 suscipiendum
3574 4027 3705 4065 eum

1998 4100 2356 4170 compulerat
2412 4095 2505 4152 ⁶⁰⁰.
2559 4098 2813 4152 Tandem
2863 4097 3221 4167 conspiciens
3270 4096 3364 4164 ¹⁰¹,
3416 4099 3552 4169 quia
3604 4115 3702 4169 po-

1998 4187 2141 4241 tenti
2179 4188 2441 4240 resistere
2494 4201 2609 4239 non
2668 4191 2879 4257 posset,
2935 4190 2997 4239 ut
3033 4182 3101 4221 ⁶⁰²
3143 4202 3271 4239 cum
3328 4186 3553 4239 seniore
3601 4203 3704 4240 suo

1611 4321 1840 4376 VARI/13
1878 4319 2276 4375 LECTIONES.

264 4443 311 4477 ’⁸⁸
363 4443 723 4514 gubernabat
773 4445 822 4495 2.
842 4511 860 4514 μ
898 4441 947 4477 “9
1019 4444 1455 4499 Laurissam.....

189 4585 492 4655 episcopus
544 4585 881 4655 imperatori
934 4602 998 4655 p.
1042 4588 1096 4639 d.
1132 4602 1178 4639 r.
1216 4603 1261 4639 s.

1648 4442 1698 4478 8ο
1750 4442 1945 4478 anne":

264 4443 311 4477 ’⁸⁸
363 4443 723 4514 gubernabat
773 4445 822 4495 2.
898 4442 947 4477 “9
1019 4444 1455 4499 Laurissam.....
1515 4447 1567 4498 2.
1648 4442 1698 4478 ⁵ο
1750 4442 1986 4497 consilio
2051 4445 2104 4496 2.
2185 4442 2230 4479 δι
2302 4442 2690 4495 Romanarum
2766 4442 3182 4511 provintiarum
3247 4442 3478 4512 praecipi

191 4513 238 4549 δ’
310 4530 362 4568 e.
421 4515 630 4568 France
712 4516 761 4568 2.
840 4511 889 4548 ⁵³
942 4516 1296 4585 pedibusque
1346 4518 1398 4569 2.
1478 4515 1812 4585 “fundatis
1842 4519 1893 4569 2.
1929 4511 2041 4585 “5‘7
2075 4513 2297 4566 dierum
2338 4516 2410 4585 _2.
2442 4584 2451 4585 ί
2489 4509 2535 4546 ⁵³
2602 4528 2839 4582 parvam
2890 4518 3393 4585 n._comparatam
3425 4516 3478 4567 2.

1298 4602 1351 4656 p.
1386 4588 1439 4656 2.
1519 4584 1565 4622 ⁸⁸
1610 4587 1764 4656 domi
1795 4589 1849 4638 2.
1928 4581 1976 4656 5?
2007 4584 2150 4637 deest
2204 4586 2272 4656 2.
2335 4580 2385 4615 ⁵ο
2417 4584 2561 4656 deest
2734 4585 2777 4619 ⁸1
2809 4583 3072 4656 quassivit
3120 4580 3173 4637 2.
3252 4582 3301 4617 ⁶²

2185 4440 2230 4479 δι
2302 4442 2690 4495 Romanarum
2766 4440 3182 4511 provintiarum
3247 4442 3587 4512 praeciperet
3646 4446 3699 4497 2.

2185 4528 2295 4548 ...τη
2360 4516 2389 4548 ς)
2489 4509 2535 4546 so
2603 4528 2836 4548 mnam
2890 4529 2923 4548 τι
3004 4516 3456 4548 onmno...”an
3560 4512 3607 4548 57
3665 4515 3678 4548 ;

3356 4585 3606 4655 placeret
3639 4615 3706 4626 —

189 4651 453 4725 rogarem
485 4658 535 4710 2.
614 4651 663 4689 ⁸³
694 4658 878 4709 virum
911 4651 1216 4726 przevideat
1255 4651 1316 4709 2:
1387 4654 1433 4691 ⁸⁸
1465 4662 1522 4710 et
1566 4659 1618 4709 2.
1696 4654 2133 4709 “testationem
2179 4654 2276 4707 tali
2306 4656 2359 4707 2.
2437 4651 2717 4726 “eodem
2747 4651 2926 4726 2.:“7
2958 4670 3132 4724 quam
3166 4657 3217 4726 2.
3297 4651 3430 4725 6‘Vp.
3470 4657 3702 4723 France,

186 4723 282 4780 vir
311 4726 655 4781 venerabilis
709 4732 764 4780 et
794 4723 1177 4781 Deo—dilectus
1209 4728 1509 4797 episcopus
1558 4726 2019 4797 Wormatiensis,
2066 4731 2287 4797 natura:
2320 4723 2618 4797 succubuit
2647 4730 2706 4778 et
2736 4723 2994 4797 debitum
3050 4725 3249 4797 mortis
3303 4723 3467 4780 solvit
3500 4732 3555 4780 et
3585 4744 3707 4781 cor-

186 4813 295 4901 pus
327 4800 451 4867 ejus
481 4798 674 4852 Romae
727 4798 797 4851 ab
846 4797 1192 4867 imperatore
1222 4792 1352 4852 c—um
1399 4792 1452 4853 2.
1530 4795 1577 4835 ‘9
1635 4799 1867 4868 quidam
1914 4796 1983 4850 ad
2038 4800 2092 4850 2.
2172 4794 2220 4829 ⁷ο
2249 4796 2397 4867 epho
2443 4797 2496 4848 2.
2575 4792 2974 4873 “assignatus
3023 4800 3065 4849 Ι.

214 4868 236 4901 3
310 4870 453 4901 ηις..-
480 4870 511 4901 ε)
610 4865 656 4901 7ι
686 4869 1093 4901 ηηηιςοινο-..ηι
1129 4872 1157 4901 ε)
1255 4866 1303 4901 75
1340 4884 1390 4901 η.
1451 4885 1609 4901 auiam
1643 4872 1674 4901 ε)
1773 4868 1821 4901 το
1865 4868 2134 4901 montium
2168 4869 2198 4901 ε)
2299 4864 2345 4900 7⁵1
2392 4882 2426 4901 ιη
2483 4865 2787 4901 ιιιινηιιεη-Αι
2824 4869 2854 4901 ε)
2955 4863 3004 4899 ’18
3047 4884 3065 4901 1

3148 4793 3198 4829 ⁷²
3225 4797 3375 4850 raizo
3410 4801 3459 4851 1.
3494 4813 3621 4851 raso
3648 4801 3701 4852 2.

309 4863 453 4922 cliur
480 4870 531 4920 2.
599 4865 656 4938 77‘
686 4863 1095 4938 nuntiaverunt
1129 4872 1159 4922 2
1255 4866 1303 4901 ⁷⁵
1340 4884 1413 4922 m.
1451 4885 1612 4923 suam
1643 4863 1711 4938 2ἱ
1773 4868 1821 4902 ’⁷⁸
1865 4868 2136 4921 meritum
2168 4863 2345 4938 2.__'7"
2392 4882 2450 4918 n.
2483 4863 2801 4938 burchardi
2824 4869 2877 4919 2.
2913 4937 2918 4938 γ
2955 4863 3004 4899 ⁷⁸
3047 4866 3193 4921 deest
3226 4870 3277 4921 2.
3357 4864 3405 4901 ⁷9
3446 4874 3703 4938 accepta-

189 4939 405 4993 tionem
462 4941 513 4993 2.
591 4937 643 4973 ⁸⁰
674 4939 834 4994 vidit.
912 4937 959 4975 εί
1005 4939 1144 4993 vixit
1169 4942 1222 4993 2.
1301 4938 1351 4972 ⁸²
1382 4956 1484 4993 nec
1537 4943 1590 4993 2.
1665 4937 1716 4973 ⁸³
1745 4939 2057 4993 confundat
2107 4942 2157 4992 2.
2234 4936 2284 4972 ⁸⁸
2331 4952 2579 5007 namque
2625 4940 2677 4991 2.
2750 4935 2804 5007 ἓξ
2838 4937 3142 5002 colentem,
3179 4954 3237 4991 se
3281 4944 3321 4993 t.
3357 4954 3414 4992 v.
3453 4935 3701 5007 diligen-

188 5015 301 5063 tem
336 5012 389 5064 2.
466 5008 515 5043 ‘°
559 5025 609 5063 v.
644 5016 701 5063 et
749 5027 799 5063 v.
850 5009 887 5064 i.

192 5229 248 5276 ut
277 5227 329 5278 2.

950 5010 1074 5064 eti.
1109 5010 1303 5064 desunt
1350 5015 1403 5064 2.
1480 5008 1526 5044 ⁸⁷
1561 5011 1630 5064 ab
1678 5013 1725 5064 2.
1808 5008 1858 5043 ⁸⁸
1894 5009 2227 5078 Kyritzberg
2255 5010 2313 5062 2.

188 5078 399 5135 9'eum
456 5096 627 5134 manu
681 5083 735 5135 2.
814 5078 862 5114 9³
912 5081 1056 5135 dixit
1084 5084 1134 5135 2.
1213 5078 1262 5115 9"
1316 5098 1363 5134 e.
1403 5083 1595 5134 franco
1626 5084 1680 5135 2.
1756 5078 1809 5115 9⁸
1838 5075 2077 5145 rogavit.
2155 5075 2216 5113 95V
2255 5079 2622 5134 demandavit
2675 5080 2728 5133 2.
2808 5075 2832 5111 9

189 5148 237 5185 99
269 5151 664 5207 vehementius
713 5151 961 5205 instabat
1016 5157 1071 5205 et
1103 5169 1157 5223 q.
1212 5155 1264 5206 2.
1345 5150 1419 5185 ⁴⁰⁰
1468 5152 1747 5223 compulit
1776 5155 1829 5209 2.
1908 5150 1975 5188 ¹⁰¹
2009 5152 2071 5205 Τ.
2128 5151 2213 5204 vir
2262 5149 2602 5205 venerabilis
2643 5148 3031 5205 Burchardus’
3064 5148 3263 5204 videns
3291 5152 3343 5205 2.

2397 5004 2567 5060 89ille
2615 5010 2668 5061 2.
2745 5004 2948 5078 90ipse
3010 5008 3043 5061 i.
3075 5011 3127 5062 2.
3206 5007 3254 5042 9‘
3313 5004 3592 5078 aspiciens
3648 5013 3701 5063 2.

2835 5024 2948 5111 ipse
3010 5024 3043 5061 ι.
3075 5024 3127 5062 2.
3207 5024 3254 5042 τι
3313 5024 3592 5078 aspiciens
3648 5024 3701 5063 2.

2888 5079 2969 5132 sic
2998 5094 3230 5204 quoque
3259 5081 3310 5133 2.
3389 5076 3439 5113 9'
3469 5079 3617 5133 deest

2835 5150 3008 5204 ardus
3064 5165 3116 5203 v1
3161 5166 3263 5204 ens
3291 5152 3343 5204 2.
3428 5147 3500 5186 ¹⁰¹
3536 5155 3707 5204 oetut

3536 5165 3681 5220 pem

1839 5326 2060 5381 ΝΟΤᾸΞ.

260 5442 338 5510 (9)
369 5440 629 5511 Diploma
664 5459 781 5496 non
810 5441 1033 5512 reperio

261 5514 377 5583 (10)
408 5514 539 5567 Haec
568 5514 771 5567 eodem
817 5514 932 5568 fere
965 5520 1225 5583 tempore
1250 5517 1366 5583 egit
1400 5528 1513 5583 quo
1553 5513 1879 5580 Garganum

1994 5444 2250 5494 montem
2284 5438 2427 5493 adiit
2454 5444 2509 5493 et
2630 5436 2816 5493 Nilum
2847 5438 3113 5493 visitavit.

2060 5513 2176 5577 (ti)
2210 5508 2545 5579 Kirchberg.
