3956 6318
274 336 376 388 515

1285 327 1755 385 BURCHARDUS
1795 327 2324 385 WORMACIENSIS
2366 328 2760 386 EPISCOPUS.

3679 333 3788 384 516

275 454 704 527 archiepiscopo
756 469 986 508 causam
1031 452 1374 508 deliberaret
1421 451 1676 522 exposcit
1702 449 1796 505 ¹⁰³.
1846 452 1967 516 Quo
1998 455 2046 507 A
2083 456 2204 507 tare
2252 452 2544 524 praecepit.
2601 452 2685 506 lta
2741 449 2958 522 quippe
3007 450 3068 505 in
3116 449 3373 523 quinque
3421 467 3573 523 pene
3626 453 3803 506 annis

277 546 584 615 impetrato
631 542 786 596 etab
837 540 908 579 ¹⁰⁴
955 540 1382 610 archiepiscopo
1424 544 1654 609 accepto
1712 538 1970 605 consilio,

275 633 432 703 quod
465 630 534 667 ι⁰⁵
579 632 895 702 imperator
927 629 1190 700 jussisset
1237 645 1295 682 se
1338 643 1642 698 passurum
1681 626 1968 698 promisit.

277 724 395 778 Hoc
424 736 555 774 cum
586 719 822 785 diceret,
872 717 1133 772 omnium
1165 715 1261 752 ‘0"
1299 716 1398 787 qui
1443 715 1682 769 aderant
1726 714 1973 768 lacrimis

275 809 490 864 obortis
555 806 646 874 ‘0‘,
711 807 864 862 illius
942 803 1292 877 dignissimis
1341 804 1559 858 meritis
1588 803 1973 859 committitur

276 900 435 968 virga
465 897 785 968 pastoralis.

347 991 398 1042 6.
433 988 565 1041 Post
597 987 815 1056 aliquos
840 981 937 1018 “’5'
969 988 1158 1037 autem
1185 982 1326 1051 dies,
1360 981 1591 1036 licentia
1621 981 1690 1036 ab
1723 981 1972 1052 impera-

273 1079 399 1130 tore
437 1079 684 1144 accepta,
734 1089 862 1127 cum
895 1071 1323 1142 archiepiscopo
1358 1071 1418 1124 in
1451 1068 1521 1105 ⁴⁰⁷
1552 1071 1741 1124 locum
1775 1070 1972 1126 Helin-

276 1169 509 1234 gunstat
540 1162 636 1200 1°"
685 1161 798 1233 (12)
847 1161 1106 1232 pervenit
1140 1160 1339 1231 ibique
1393 1159 1756 1214 sacerdotalis
1800 1159 1972 1213 ofﬁcii

273 1253 515 1307 infulam
568 1249 787 1320 accepit
817 1247 906 1304 ¹⁰⁸.
952 1249 1225 1319 Sequenti
1269 1246 1361 1286 1°“
1407 1252 1601 1302 autem
1633 1247 1703 1302 de
1735 1247 1972 1317 pontiﬁ-

272 1339 409 1394 calis
458 1338 874 1394 benedictionis
922 1338 1193 1392 unctione
1237 1336 1637 1391 venerabiliter
1683 1352 1973 1391 consecra-

273 1432 364 1481 tus
412 1432 513 1482 est.
565 1426 784 1481 Deinde
834 1429 966 1496 post
1013 1427 1222 1480 multas
1277 1425 1645 1479 salutationes
1694 1425 1971 1479 diversas-

275 1531 387 1586 que
417 1513 490 1549 ¹⁰⁹
521 1514 910 1583 amplexiones
957 1514 1028 1568 ab
1059 1513 1486 1585 archiepiscopo
1532 1510 1624 1547 ¹⁰⁹⁶
1654 1513 1971 1567 honoriﬁce

275 1603 546 1658 dimissus
582 1599 673 1669 “0,
719 1602 827 1656 sibi
858 1603 1228 1656 commissum
1276 1602 1669 1672 episcopatum
1701 1601 1968 1664 visitavit,

278 1691 772 1762 Wormaciamque
823 1691 1000 1755 venit,
1059 1706 1233 1761 quam
1299 1691 1645 1744 destructam
1709 1706 1772 1744 ac
1824 1706 1971 1761 pene

276 1779 590 1834 desolatam
645 1777 880 1832 invenit.
937 1777 1079 1831 Nam
1139 1793 1256 1831 non
1310 1776 1440 1832 usui
1495 1776 1823 1846 hominum,
1874 1777 1972 1831 sed

275 1867 528 1922 ferarum
560 1871 619 1921 et
646 1867 892 1921 maxime
918 1867 1189 1936 luporum
1222 1865 1472 1920 latibulis
1502 1865 1799 1936 aptissima
1828 1871 1967 1920 erat.

275 1956 547 2012 Planities
577 1956 730 2009 enim
776 1955 910 2010 valli
938 1959 995 2009 et
1025 1955 1332 2010 destructio
1368 1954 1518 2008 muri
1572 1954 1890 2009 latronibus
1916 1959 1974 2009 et

273 2045 409 2099 feris
447 2043 784 2099 facillimum
832 2043 1128 2113 prazbebat
1172 2042 1495 2096 introitum.
1549 2043 1758 2096 Ferunt
1802 2058 1972 2096 nam—

275 2151 406 2206 que,
444 2133 600 2204 quod
649 2132 767 2203 lupi
799 2131 1114 2202 saepissime
1165 2131 1382 2185 cunctis
1410 2131 1734 2186 videntibus
1765 2147 1972 2202 pecora

274 2222 489 2276 ibidem
544 2221 913 2275 devorassent
953 2218 1071 2285 “°“,
1115 2225 1172 2274 et
1199 2219 1464 2274 homines
1513 2219 1622 2274 hoc
1663 2219 1971 2290 prohibere

274 2311 531 2364 volentes
586 2309 829 2364 assiduis
891 2308 1356 2362 insultationibus
1411 2308 1680 2362 audacter
1732 2307 1970 2362 terruis-

276 2403 404 2452 sent
434 2397 524 2464 ¹¹¹,
558 2402 616 2452 et
658 2398 913 2462 tandem,
948 2396 1207 2466 quamvis
1245 2395 1463 2450 cunctis
1512 2395 1967 2466 insequentibus,

271 2486 436 2541 illaesi
482 2487 794 2541 evasissent
823 2486 942 2538 “1'.
992 2486 1263 2540 Latrones
1295 2501 1426 2539 vero
1455 2485 1608 2538 hunc
1659 2485 1850 2539 locum
1901 2485 1969 2539 ad

271 2574 685 2644 perﬁciendam
735 2589 852 2628 sua:
898 2573 1208 2629 voluntatis
1263 2575 1582 2646 nequitiam
1609 2574 1970 2646 aptissimum

272 2679 393 2717 esse
437 2662 734 2732 jactabant
783 2661 876 2728 ‘1’,
929 2662 1066 2733 quia
1110 2678 1300 2734 neque
1331 2663 1574 2716 munitio
1620 2661 1753 2715 valli
1782 2665 1970 2731 neque

273 2751 632 2805 obstaculum
681 2750 832 2804 muri
872 2751 1124 2821 aliquam
1172 2750 1568 2804 difﬁcultatem
1607 2749 1972 2820 ingrediendi

271 2839 386 2893 illis
437 2840 746 2910 aliquando
797 2839 1072 2894 afferebat
1106 2839 1221 2893 ‘1".
1272 2839 1329 2894 Si
1360 2839 1489 2910 quis
1521 2843 1712 2893 autem
1761 2838 1970 2892 civium

269 2928 555 2981 voluntati
586 2944 784 2981 eorum
831 2926 1050 2997 aliquid
1096 2927 1455 2994 contradixit,
1489 2928 1642 2981 hunc
1676 2926 1970 2981 nocturnis

2084 540 2232 595 cives
2263 542 2529 611 expulsos
2557 539 2861 605 revocavit,
2910 555 3228 611 pacemque
3268 538 3339 574 “3
3369 541 3428 594 in
3454 541 3546 595 his
3579 541 3803 595 ﬁnibus

2083 629 2353 696 ﬁrmavit,
2386 632 2442 682 et
2489 624 2560 664 “9
2607 627 2894 682 civitatem
2927 628 3165 683 omnino
3197 629 3509 683 desolatam
3559 629 3668 683 rite
3698 646 3795 684 re-

2084 717 2383 771 stauravit.
2434 716 2540 771 Sed
2570 717 2692 770 haec
2721 732 2837 769 una
2863 732 2953 769 res
2984 716 3094 787 piis
3141 716 3316 787 hujus
3344 715 3453 770 viri
3489 715 3796 771 laboribus

2082 805 2191 860 fuit
2221 806 2534 859 maximum
2567 804 3072 876 impedimentum.

2150 898 2205 948 7.
2235 895 2362 949 Otto
2421 891 2491 930 ⁴²⁰
2541 893 2651 948 dux
2707 893 2817 964 (l3)
2867 908 3120 964 suusque
3165 889 3233 929 1³⁸
3283 892 3436 947 ﬁlius
3485 893 3793 948 Conradus

2081 982 2235 1037 intra
2263 982 2546 1036 civitatem
2579 981 2871 1036 habebant
2915 981 3303 1035 munitionem
3333 980 3403 1018 ¹²²
3439 981 3699 1036 turribus
3731 988 3793 1035 et

2079 1071 2250 1125 variis
2297 1071 2554 1126 aediﬁciis
2605 1069 3019 1124 ﬁrmissimam.
3071 1069 3156 1123 Ad
3205 1086 3381 1141 quam
3429 1070 3668 1124 domum
3721 1072 3792 1106 ¹²⁸

2081 1164 2335 1230 raptores
2377 1165 2431 1214 et
2463 1160 2616 1214 fures
2647 1163 2704 1213 et
2734 1175 2932 1212 omnes
2972 1155 3044 1193 ⁸³⁸
3082 1164 3283 1212 contra
3313 1157 3650 1230 episcopum
3684 1159 3788 1213 de-

2079 1249 2406 1320 linquentes
2455 1247 2748 1318 refugium
2793 1247 3149 1301 tutissimum
3197 1247 3501 1302 habebant.
3554 1247 3613 1302 Si
3654 1247 3791 1318 quis

2080 1337 2235 1391 enim
2287 1341 2484 1392 contra
2539 1336 2872 1408 episcopum
2921 1351 3168 1406 suosque
3214 1335 3414 1390 ﬁdeles
3465 1336 3659 1391 verbis
3699 1336 3791 1389 vel

2080 1425 2242 1480 factis
2292 1425 2512 1496 aliquid
2565 1423 2828 1495 deliquit,
2884 1423 2956 1478 ad
3002 1425 3149 1478 hanc
3195 1429 3420 1495 partem
3477 1425 3674 1478 statim
3726 1440 3791 1478 se

2082 1514 2314 1584 recepit,
2348 1519 2402 1566 et
2433 1513 2504 1568 ob
2537 1513 2648 1567 hoc
2677 1512 3137 1567 obtruncationes
3163 1517 3219 1566 et
3247 1512 3557 1567 homicidia
3601 1513 3793 1566 multa

2082 1617 2148 1656 ex
2171 1593 2423 1672 intraque
2471 1605 2630 1673 parte
2683 1600 2920 1656 ﬁebant.
2953 1601 3073 1656 Hoc
3115 1601 3330 1672 quippe
3378 1601 3622 1656 dedecus
3650 1602 3791 1655 has-

2081 1706 2193 1762 que
2248 1689 2418 1744 duras
2460 1687 2531 1723 ¹²³
2583 1689 2933 1744 calamitates
2978 1689 3150 1743 homo
3198 1689 3298 1743 Dei
3339 1687 3409 1725 ¹²⁶
3458 1689 3789 1758 tolerabat;

2084 1779 2180 1833 sed
2211 1779 2344 1833 forti
2375 1783 2604 1849 pectore
2635 1778 2947 1832 audacibus
2978 1794 3179 1832 eorum
3226 1778 3444 1832 actibus
3474 1779 3639 1849 quasi
3671 1779 3792 1832 im-

2083 1867 2416 1937 perterritus
2475 1882 2702 1936 semper
2743 1871 2938 1919 tamen
2991 1865 3307 1920 resistebat.
3360 1866 3518 1922 Unde
3550 1871 3608 1920 et
3644 1883 3790 1920 con-

2080 1955 2231 2025 tigit,
2266 1960 2329 2008 ut
2376 1954 2532 2009 idem
2579 1954 2666 2008 vir
2717 1952 2784 1991 ¹²⁷
2839 1955 2937 2008 Dei
2989 1954 3098 2008 hoc
3145 1970 3324 2025 genus
3373 1955 3680 2009 hominum
3717 1953 3794 1992 ¹²⁸

2082 2043 2346 2097 omnibus
2376 2043 2506 2097 vita:
2535 2060 2650 2097 suae
2683 2042 2883 2097 diebus
2931 2059 3160 2097 exosum
3191 2043 3483 2098 habuisset
3529 2049 3587 2098 et
3615 2044 3790 2115 quasi

2082 2131 2333 2186 ecclesias
2383 2131 2480 2185 Dei
2527 2131 2820 2186 invasores
2868 2147 3068 2185 omnes
3109 2131 3454 2202 respuisset;
3486 2149 3608 2186 uno
3649 2138 3791 2186 tan-

2080 2220 2381 2275 tummodo
2412 2221 2626 2291 juvene
2661 2225 2918 2291 excepto,
2952 2235 3124 2291 quem
3175 2227 3440 2291 parentes
3470 2221 3789 2292 caeterique.

2081 2309 2331 2380 cognati,
2367 2309 2500 2379 quia
2531 2308 2801 2379 paciﬁcus
2845 2313 2967 2362 erat
3011 2313 3068 2362 et
3109 2309 3497 2364 innocentiam
3529 2310 3661 2363 vitae
3697 2310 3789 2364 di-

2080 2397 2310 2469 ligebat,
2369 2397 2721 2468 indignando
2779 2402 3124 2468 respuerant
3181 2395 3269 2452 “9.
3335 2398 3490 2452 Hunc
3545 2398 3631 2451 vir
3680 2399 3791 2452 Dei

2080 2485 2420 2540 venerabilis
2465 2486 2535 2540 ad
2585 2502 2644 2539 se
2675 2490 2960 2552 vocatum,
3016 2485 3118 2540 Dei
3165 2485 3432 2540 timorem
3483 2487 3698 2557 pariter
3731 2491 3792 2541 et

2083 2591 2340 2629 amorem
2370 2572 2441 2610 ¹³⁰
2477 2574 2670 2628 docuit
2699 2578 2755 2628 et
2798 2574 2960 2644 quasi
3016 2574 3350 2644 adoptivum
3402 2575 3467 2611 ¹³¹
3520 2575 3788 2629 nutrivit.

2082 2663 2147 2717 Et
2173 2662 2309 2734 quia
2356 2662 2726 2716 stabilitatem
2757 2663 2935 2716 animi
2968 2662 3027 2716 in
3058 2679 3125 2716 eo
3172 2663 3474 2727 intellexit,
3521 2679 3788 2732 praeces-

2079 2751 2217 2804 teris
2261 2753 2507 2806 multum
2557 2750 2721 2805 illum
2778 2751 2999 2806 dilexit.
3048 2751 3229 2815 Quem
3282 2755 3427 2805 Deus
3478 2756 3680 2822 postea
3721 2750 3789 2806 in

2082 2839 2293 2892 solium
2336 2837 2406 2874 ¹³²
2459 2839 2625 2909 regni
2657 2841 2970 2893 clementer
3011 2839 3276 2894 exaltavit
3329 2837 3413 2894 ηδ.
3466 2839 3607 2895 Cum
3658 2839 3787 2910 epi-

2082 2943 2288 2997 scopus
2337 2925 2406 2964 ¹³⁸
2453 2927 2777 2998 potentium
2809 2927 3025 2981 viribus
3057 2929 3221 2981 aliter
3273 2928 3534 2983 resistere
3567 2928 3787 2999 despe-

271 3015 740 3086 aggressionibus
791 3015 1101 3085 petierunt,
1135 3021 1192 3069 et
1219 3021 1421 3069 cuncta
1459 3033 1589 3086 quae
1632 3015 1830 3070 habuit
1873 3032 1963 3069 ra-
2002 3013 2042 3068 C
2082 3021 2278 3084 rasset,
2330 3017 2534 3069 curtim
2587 3033 2752 3070 suam
2807 3032 2992 3083 muro,
3041 3016 3329 3071 civitatem
3380 3015 3450 3053 ⁸³⁵
3488 3016 3558 3071 ad
3598 3016 3789 3071 instar

270 3104 494 3175 pientes
523 3120 715 3158 secum
745 3109 1200 3174 asportaverunt,
1229 3104 1418 3174 ipsum
1449 3121 1550 3159 seu
1579 3110 1869 3158 mortuum
1903 3105 1970 3141 ¹¹³

269 3193 357 3246 vel
387 3192 724 3246 semivivum
757 3191 1166 3263 relinquentes.
1201 3193 1322 3246 Tali
1353 3210 1509 3264 pace,
1545 3194 1644 3247 tali
1692 3195 1782 3230 ¹¹³⁶
1808 3210 1967 3248 secu-

269 3281 456 3348 ritate,
491 3297 715 3334 necnon
747 3282 818 3317 ¹¹⁴
846 3282 946 3334 tali
990 3280 1311 3335 munitione
1342 3283 1489 3336 cives
1519 3283 1968 3336 Wormacienses

266 3369 380 3423 illis
410 3370 609 3424 diebus
633 3369 722 3423 usi
753 3375 904 3425 sunt.
937 3371 1021 3424 Ad
1057 3371 1322 3424 ultimum
1353 3387 1485 3424 vero
1519 3369 1613 3404 ⁸1⁸⁸
1645 3371 1970 3441 relinquen-

267 3463 352 3512 tes
383 3459 670 3513 civitatem
722 3458 1059 3524 desolatam,
1093 3464 1248 3512 extra
1296 3475 1530 3513 murum
1584 3475 1783 3513 omnes
1813 3459 1966 3514 abie-

266 3551 424 3612 runt,
457 3546 652 3618 ibique
701 3546 905 3600 domus
955 3547 1027 3580 “5
1065 3551 1121 3600 et
1164 3547 1406 3600 aediﬁcia
1437 3547 1507 3601 ad
1549 3564 1680 3601 suos
1709 3563 1845 3601 usus
1875 3564 1970 3601 ne-

267 3634 512 3689 cessaria
553 3634 956 3702 condiderunt,
983 3638 1040 3688 et
1077 3635 1306 3704 sepibns
1333 3651 1396 3688 ac
1439 3635 1694 3690 trabibus
1727 3637 1967 3708 aliisque

265 3723 438 3792 lignis
467 3727 662 3776 contra
719 3727 979 3792 raptores
1032 3727 1090 3776 et
1116 3723 1286 3788 feras,
1331 3722 1392 3777 in
1434 3728 1715 3793 quantum
1759 3728 1968 3794 potue-

266 3815 423 3878 runt,
473 3827 532 3865 se
589 3827 838 3881 suosque
888 3811 1242 3865 munierunt.
1309 3811 1493 3880 Igitur
1544 3809 1615 3848 ¹¹⁶
1667 3811 1967 3883 episcopus

266 3899 627 3953 Burchardus
659 3899 856 3952 videns
897 3899 1210 3953 desolatam
1241 3898 1550 3968 civitatem,
1583 3901 1831 3954 multum
1863 3900 1968 3954 do-

264 3987 392 4053 luit,
449 3992 796 4057 acceptoque
859 4003 890 4040 a
946 3987 1063 4040 suis
1120 3987 1376 4056 consilio,
1433 3989 1582 4043 vallo
1638 3987 1966 4042 ﬁrmissimo

265 4075 637 4130 circumdedit
670 4075 977 4129 civitatem.
1019 4075 1281 4146 Undique
1311 4076 1681 4131 remdiﬁcavit
1710 4090 1962 4143 murum,

265 4168 320 4217 et
349 4163 499 4217 civcs
546 4163 698 4218 intra
741 4179 972 4218 murum
1011 4163 1296 4219 wdiﬁcare
1343 4180 1570 4220 necnon
1611 4160 1679 4199 “7
1709 4167 1768 4217 et
1798 4163 1961 4218 habi-

2079 3105 2296 3159 castelli
2348 3105 2742 3172 circumdedit,
2792 3110 2849 3159 et
2902 3105 3164 3166 interius,
3214 3105 3468 3160 turribus
3507 3112 3562 3160 et
3613 3105 3783 3160 habi-

2080 3194 2281 3248 taculis
2312 3195 2380 3248 ad
2414 3195 2794 3266 pugnandum
2824 3195 3045 3249 idoneis
3076 3211 3190 3249 non
3221 3195 3468 3266 segniter
3495 3195 3779 3263 excitatis,

2078 3283 2468 3338 munitionem
2497 3284 2631 3338 satis
2657 3284 2884 3338 ﬁrmam
2913 3283 3250 3339 construxit.
3295 3284 3536 3339 Castello
3581 3285 3783 3355 itaque

2077 3371 2412 3426 conﬁrmato
2462 3371 2529 3409 ¹³⁶
2571 3377 2627 3426 et
2671 3377 3013 3441 constructo,
3069 3372 3433 3426 inimicorum
3492 3369 3559 3407 ’³⁷
3605 3374 3786 3428 auda-

2077 3460 2236 3514 cibus
2267 3460 2428 3514 factis
2469 3456 2539 3497 ¹³⁸
2564 3460 2791 3515 fortiter
2819 3461 3117 3516 resistebat
3148 3467 3203 3515 et
3236 3477 3396 3531 spem
3427 3460 3544 3514 suis
3573 3457 3644 3495 “9
3673 3477 3782 3515 au—

2078 3550 2290 3619 gebat;
2340 3550 2683 3620 plerumque
2741 3549 2913 3603 etiam
2965 3549 3118 3620 ipsos
3166 3547 3238 3587 "0
3283 3550 3474 3604 hostes
3527 3549 3690 3603 dictis
3722 3553 3786 3603 et

2076 3637 2240 3691 factis
2272 3637 2598 3708 intrepidus
2627 3639 2894 3693 terrebat.

2147 3729 2200 3780 8.
2235 3727 2438 3780 Postea
2485 3742 2619 3780 vero
2652 3725 2721 3762 ¹¹⁶¹
2769 3725 2978 3780 sedatis
3024 3726 3403 3781 seditionibus
3431 3731 3487 3781 et
3515 3742 3654 3797 pace
3686 3725 3780 3780 in-

2077 3821 2164 3870 ter
2193 3814 2320 3868 illos
2364 3814 2454 3868 vix
2484 3815 2712 3870 ﬁrmata
2761 3815 2850 3882 1",
2881 3817 3046 3886 jussu
3080 3816 3436 3887 imperatoris
3475 3815 3781 3886 episcopus

2075 3919 2205 3957 cum
2266 3908 2548 3974 apparatu
2592 3920 2804 3975 magno
2857 3909 2914 3957 et
2949 3905 3156 3958 milites
3214 3905 3674 3975 Moguntinenses
3707 3902 3782 3941 1⁸³

2077 4008 2298 4046 necnon
2328 3996 2385 4046 et
2412 3991 2589 4046 abbas
2619 3993 2915 4047 Fuldensis
2944 3998 3117 4064 atque
3151 3992 3218 4030 “"
3249 3994 3545 4064 episcopus
3571 3993 3776 4048 Wirtz-

2073 4079 2374 4148 burgensis
2420 4095 2551 4134 cum
2597 4096 2717 4134 non
2775 4081 3000 4135 modica
3043 4081 3411 4136 multitudine
3449 4081 3508 4135 in
3551 4081 3777 4136 Italiam

2074 4168 2315 4239 profecti
2370 4173 2504 4223 sunt
2549 4167 2663 4238 (an.
2720 4171 2897 4237 1001).
2955 4169 3212 4241 Cumque
3261 4170 3513 4225 maximo
3562 4172 3776 4225 sudore

1685 4318 1913 4374 VARle
1953 4321 2247 4378 LECTION
2257 4323 2349 4378 ES.

335 4429 406 4464 ¹⁰³
461 4430 606 4484 deest
661 4433 715 4483 2.
831 4427 902 4464 ίθα
959 4429 997 4482 i.
1058 4435 1197 4483 aetas
1263 4427 1330 4495 (?)
1382 4431 1416 4481 2

1564 4425 1636 4461 ¹⁰⁵
1695 4445 1743 4481 c.
1803 4431 2038 4485 tandem
2097 4448 2156 4485 se
2213 4432 2501 4487 facturum
2552 4435 2605 4487 2.

2722 4431 2816 4470 ¹⁰⁵ο
2882 4449 3082 4488 omnes
3141 4436 3195 4489 2.
3312 4433 3382 4470 ¹⁰⁶
3440 4434 3655 4488 abortis
3720 4441 3773 4490 1.

461 4469 604 4484 uec...
664 4469 715 4483 ....
959 4469 997 4482 ..
1058 4469 1197 4483 νη..-
1293 4469 1305 4481 .
1386 4469 1444 4481 -.
1695 4469 1743 4481 ν.
1809 4469 2038 4485 unus...
2097 4469 2156 4485 ο..
2213 4469 2501 4487 manu...“
2555 4469 2605 4487 ι..
2882 4469 3082 4488 omnes
3144 4469 3195 4489 ι..
3367 4469 3375 4470 κ
3440 4469 3655 4488 αυυιιιο
3759 4478 3770 4490 .

265 4498 356 4576 $91”
406 4502 625 4576 aliquot
674 4503 726 4555 2.
805 4498 876 4576 ξ⁰⁷
930 4501 1108 4576 ξιξ-2.
1173 4469 1287 4576 .¹⁰⁷)¹
1312 4469 1732 4576 :Heilegenstat
1786 4503 1838 4576 t._
1915 4498 1984 4536 ¹⁰⁸
2037 4504 2101 4558 Η.
2159 4504 2392 4556 accessit
2445 4507 2497 4576 2.
2575 4501 2675 4538 ⁸0⁸*
2742 4504 3028 4576 Sequente
3093 4507 3147 4558 2.
3229 4503 3298 4541 ⁸09
3353 4521 3465 4576 que
3514 4506 3661 4560 deest

265 4570 357 4607 “’9'
413 4568 904 4644 iafﬁMoguntino
967 4570 1254 4644 \Villcgiso
1308 4572 1358 4644 _2.
1435 4568 1507 4644 ξίο
1561 4569 1616 4644 d.
1677 4574 1870 4644 esti2.
1949 4575 2046 4640 qui
2093 4589 2289 4628 novum
2355 4574 2624 4644 incipiens
2682 4568 2854 4644 caput
2905 4576 3129 4630 rubram
3184 4577 3345 4630 addit
3370 4568 3411 4630 ἐ

3471 4577 3775 4641 Quomodo

266 4643 621 4716 Burchardus
669 4639 986 4716 :episcopus
1058 4639 1484 4716 \Vormatiensis
1530 4639 2158 4716 _factus_Wormatiam
2221 4639 2487 4710 visitavit:
2545 4639 2762 4716 quam'
2795 4648 3113 4700 desolatam
3166 4647 3406 4714 invenit,
3457 4639 3581 4702 tunc
3649 4664 3776 4704 vero

262 4716 441 4786 pergit
473 4729 485 4767 :
523 4711 891 4786 Burchardus
918 4712 1110 4783 itaque
1169 4711 1440 4786 recedens
1495 4711 1565 4765 ab
1621 4711 2047 4786 archiepiscopo
2104 4716 2476 4769 Wormatiam
2530 4711 2704 4776 venit,
2765 4733 2938 4786 quam
2978 4718 3348 4772 destructam.
3394 4711 3504 4752 ⁷¹¹⁰⁰¹
3539 4720 3776 4774 devora-

261 4780 403 4838 bant
432 4787 484 4839 2.
565 4784 630 4820 ¹¹¹
682 4780 1105 4838 ῐθιτιιθιίιιιίειο
1135 4785 1187 4836 2.
1267 4780 1360 4818 ⁸¹¹⁴
1405 4790 1709 4836 evaserunt
1737 4785 1789 4838 2.
1816 4780 1828 4782 “
1867 4783 1943 4820 ¹¹²
1978 4780 2227 4840 ᾟίρὺωη
2279 4790 2331 4840 2.
2410 4786 2500 4824 ¹¹²ο
2543 4787 2580 4841 i.
2636 4780 2866 4842 offerret
2893 4792 2942 4843 2.
3025 4789 3094 4825 “3
3147 4789 3183 4842 i.
3242 4789 3681 4844 semimortuum
3711 4793 3765 4847 2.

262 4853 357 4931 ίξδο
413 4854 720 4931 talique2.
801 4852 874 4888 1“
929 4870 984 4907 η.
1030 4859 1087 4931 et
1135 4856 1185 4907 2.
1268 4850 1360 4931 “ff
1392 4854 1654 4931 v.___civ_es
1702 4857 1754 4908 2.
1833 4854 1908 4931 1⁸⁸
1936 4856 2137 4931 do_mos
2189 4860 2236 4910 1.
2297 4857 2367 4894 ¹¹⁶
2397 4860 2450 4910 2.
2481 4857 2610 4931 add.
2644 4859 2868 4912 rubram
2899 4876 2911 4913 :
2948 4859 3246 4922 Quomodo
3293 4861 3593 4931 episcopus
3626 4862 3776 4931 Bur-

263 4923 837 4980 chardus'civitatem
901 4923 1125 4978 munire
1179 4923 1368 4994 coepit.
1449 4925 1514 4960 “7
1576 4925 1778 4978 domus
1832 4927 1878 4978 2.
1958 4925 2029 4962 “3
2063 4934 2120 4980 et

2175 4943 2372 4999 pacem
2404 4932 2454 4982 2.
2493 4928 2568 4999 ‘7‘97
2623 4936 2794 4999 atque
2847 4947 2894 4984 c.
2958 4928 3430 4985 Wormatiens'em
3461 4928 3510 4986 2—.
3615 4930 3688 4967 ¹²⁰
3718 4937 3772 4987 2.

265 4997 396 5051 add.
422 4997 650 5070 Vmbram
684 5017 699 5050 :
731 4996 1009 5070 Sequitur
1055 4995 1124 5048 de
1149 4994 1363 5070 _Ottu-n_e
1416 4995 1643 5070 duce_et
1693 4996 1762 5048 de
1816 4997 2097 5070 Conrado
2130 4994 2249 5070 ﬁlio
2279 5000 2422 5068 ejus.
2498 4998 2571 5070 7‘“
2604 4994 2840 5070 ejusque
2875 5003 2926 5054 2.
3008 5002 3078 5036 ¹²²
3107 5018 3178 5055 m.
3216 5001 3443 5056 ﬁrmam
3478 5008 3518 5056 t.
3547 5007 3602 5056 et
3632 5020 3683 5056 v.
3718 5019 3770 5058 a.

269 5069 711 5122 munitissimam
743 5071 796 5122 2.
821 5063 838 5067 ⁷
877 5069 942 5102 ¹²³
972 5065 1116 5119 deest
1145 5067 1196 5117 2.
1279 5063 1347 5102 m
1377 5082 1427 5117 o.

1481 5065 1580 5143 qui
1611 5081 1657 5119 c.
1680 5082 1745 5143 ε.
1789 5065 2042 5143 ejusque
2069 5069 2266 5143 ﬁdeles
2282 5065 2449 5143 _v._v.
2485 5069 2521 5123 f.
2557 5088 2608 5124 a.
2632 5065 2899 5143 'deliquit
2926 5072 2995 5125 ad
3031 5073 3182 5126 hunc
3213 5078 3421 5127 statum
3448 5089 3507 5126 se
3537 5076 3775 5143 recepit,

265 5147 320 5192 et
352 5140 431 5193 sic
481 5139 826 5193 tutissimum
860 5138 939 5190 ibi
974 5136 1261 5189 habebant
1315 5137 1624 5206 refugium.
1680 5137 1836 5190 Unde
1869 5136 2041 5206 eti'ob
2093 5141 2146 5192 2.
2227 5137 2303 5175 ⁴²⁸
2348 5141 2492 5194 deest
2521 5144 2572 5195 2.
2651 5139 2726 5176 ¹²⁶
2755 5136 2810 5195 ἀί
2847 5143 3206 5198 Burchardus
3248 5143 3346 5198 diu
3390 5147 3438 5198 1.
3487 5146 3541 5198 2.
3621 5136 3690 5180 ¹²⁷
3722 5136 3772 5200 οξ

263 5210 479 5264 eisdem
512 5215 574 5263 ut
601 5210 688 5262 vir
714 5211 768 5263 2.
829 5206 1113 5281 Δξ²¹⁹ᾲάς2ιιεε
1143 5209 1193 5260 2.
1276 5204 1725 5281 '_’9_resptrebant
1766 5210 1818 5281 2_.
1898 5205 1973 5241 ⁴⁵⁰
2016 5226 2067 5263 a.
2100 5209 2313 5264 habere
2353 5212 2415 5281 dp.
2454 5215 2508 5266 2.
2584 5211 2652 5248 ’δι
2704 5213 2771 5266 ad
2805 5214 3090 5281 optimum
3120 5218 3172 5268 2.
3249 5213 3323 5252 ¹³²

264 5281 336 5318 ¹⁸³
368 5281 663 5335 collocavit
689 5283 743 5334 2.
823 5275 894 5314 ⁸³⁸
927 5279 1233 5348 Episcopus
1254 5346 1260 5348 Α
1282 5275 1499 5348 ῥεὶωτί
1528 5277 1886 5348 Burchardus
1934 5295 2063 5333 cum

261 5351 424 5406 fortis
453 5353 506 5407 2.
586 5349 656 5388 ¹⁸⁹
687 5368 731 5406 s.
768 5354 824 5405 et
855 5345 1071 5404 civibus
1096 5345 1149 5402 2’.
1229 5345 1301 5382 "0
1320 5345 1458 5402 suos
1487 5346 1525 5403 i.
1554 5349 1607 5403 2.
1690 5345 1759 5384 ¹⁸¹
1797 5365 1928 5405 vera
1962 5353 2008 5405 1.

2116 5217 2313 5264 1abere
2353 5217 2415 5264 d.
2454 5217 2508 5266 2.
2584 5217 2652 5248 ’δι
2704 5217 2771 5266 ad
2805 5217 3090 5281 optimum
3120 5218 3172 5268 2.
3249 5217 3323 5252 ¹³²
3345 5231 3400 5284 p.
3437 5217 3684 5286 spolium
3715 5217 3769 5270 2.

2116 5279 2416 5386 κρέξ
2463 5282 2740 5386 esse-
2767 5283 2840 5386 ’ῖσ
2878 5283 3193 5386 aratos
3483 5287 3520 5340 ί·
3560 5287 3654 5340 2η

2092 5351 2166 5385 11η

2195 5351 2343 5407 facta
2371 5355 2422 5409 2.
2505 5352 2574 5391 “3
2603 5369 2757 5425 mag.
2797 5358 2843 5408 1.
2925 5355 2996 5393 ¹⁴⁸
3023 5371 3085 5410 ac
3114 5357 3168 5412 2.

1913 5479 1958 5536 Ν
1964 5482 2136 5538 ΟΤΑΞ.

337 5596 450 5669 (12)
483 5592 895 5666 Heiligenstadt
989 5642 1000 5649 ,

2147 5591 2259 5664 (13)
2295 5594 2469 5649 Filius
2503 5594 2768 5665 Conradi,
2815 5595 3109 5667 quondam
3158 5596 3317 5652 ducis
3365 5597 3769 5669 Lotharingiaa.
