3956 6302
117 297 222 349 517

1314 290 1677 348 ΡηοοΕΜιΑ.
1716 320 1789 333 -
1827 294 1984 349 VITA
2025 294 2447 350 BURCHARDI.

117 408 463 464 Tuscaniam
496 406 566 445 ’³⁸
594 405 1038 478 pertransissent
1086 405 1176 469 ⁸⁸³⁸,
1210 405 1526 477 imperator
1562 410 1824 460 mortuus
1850 409 1896 460 A
1935 408 2101 462 nensi
2133 424 2356 463 necnon
2387 413 2445 463 et
2487 408 2895 463 Wormaciensi
2926 410 2994 465 de
3034 411 3122 465 bis
3176 410 3241 445 ¹⁷¹
3305 412 3473 467 rebus
3498 429 3636 467 con-

116 496 232 551 illis
287 497 616 552 nunciatur.
660 496 788 561 Qui,
836 501 901 550 ut
938 511 1164 550 necesse
1214 501 1355 560 erat,
1405 494 1569 549 valde
1617 494 1825 549 contri-

116 585 269 651 stati,
303 586 453 640 viam
502 601 606 656 per
654 601 828 655 quam
877 589 1149 638 venerant
1188 581 1258 619 ¹⁸⁷
1301 583 1508 637 reversi
1542 586 1675 637 sunt
1704 582 1819 651 (an.

124 673 312 743 1002).
347 675 504 728 Tunc
544 673 748 727 urbani
796 673 865 728 de
915 673 1064 727 Luca
1102 670 1175 705 “3
1204 677 1261 726 et
1306 672 1377 726 de
1419 672 1825 743 circumjecen-

118 763 274 816 tibus
303 762 475 829 villis,
498 768 845 833 congregata
872 758 944 799 “'9
980 761 1225 814 maxima
1272 760 1638 815 multitudine
1659 762 1822 832 equi-

117 855 243 904 tum
273 857 333 905 et
362 851 645 922 peditum,
669 851 785 904 vias
807 851 1061 922 undique
1103 844 1526 918 concluserunt,
1563 852 1619 903 et
1659 849 1822 920 quasi

118 940 186 993 ad
218 940 439 994 bellum
470 939 757 1005 instructi,
788 945 1118 993 nostrorum
1166 940 1473 993 adventum
1510 938 1717 991 armati
1752 936 1822 973 ¹⁵⁰

119 1032 584 1098 expectaverunt.
653 1030 727 1083 At
773 1026 839 1065 ¹⁵¹
893 1027 1096 1094 nostri,
1144 1028 1263 1081 visa
1313 1032 1431 1081 tam
1486 1042 1696 1097 magna
1754 1024 1823 1063 ⁸⁸³

118 1117 518 1186 multitudine,
551 1117 926 1171 turbabantur
976 1117 1045 1152 “3
1103 1122 1159 1171 et
1203 1116 1315 1170 illis
1352 1116 1543 1170 invitis
1572 1132 1675 1186 per
1701 1121 1821 1171 ter-

118 1206 307 1260 minos
336 1222 537 1261 eorum
570 1206 812 1260 transire
845 1205 1200 1259 difﬁdebant.
1251 1205 1397 1259 Inito
1433 1204 1664 1259 tandem
1699 1205 1820 1275 epi-

117 1294 277 1365 scopi
326 1294 584 1360 consilio,
632 1295 847 1364 legatos
896 1294 1164 1361 mittunt;
1208 1298 1271 1347 ut
1315 1293 1467 1365 ipsos
1519 1308 1622 1363 per
1676 1292 1821 1347 ﬁnes

116 1399 319 1437 eorum
349 1400 480 1437 cum
520 1398 657 1454 pace
708 1383 951 1437 transire
994 1382 1395 1453 permitterent
1427 1380 1513 1449 ¹⁵⁴,
1547 1382 1819 1452 supplici-

115 1478 203 1526 ter
233 1472 636 1543 precabantur.
671 1472 793 1536 Quo
826 1472 918 1525 vix
947 1472 1274 1542 impetrato,
1306 1472 1405 1525 illo
1436 1470 1527 1526 die
1566 1472 1654 1526 usi
1685 1476 1821 1526 sunt

115 1577 274 1630 pace.
314 1561 646 1615 Intermisso
692 1561 874 1614 noctis
903 1561 1114 1631 spacio,
1143 1560 1308 1614 valde
1338 1560 1590 1614 diluculo
1628 1561 1819 1614 hostes

115 1650 173 1703 in
217 1663 402 1705 unum
461 1648 869 1719 conglomerati
924 1664 1133 1719 magno
1190 1648 1438 1702 clamore
1486 1654 1543 1702 et
1599 1648 1818 1702 levibus

115 1737 332 1809 proeliis
386 1738 600 1809 primos
647 1738 718 1792 de
775 1737 983 1792 nostris
1048 1738 1324 1791 lacescere
1395 1742 1709 1808 coeperunt,
1765 1742 1821 1791 et

117 1828 412 1897 utrimque
438 1826 634 1897 paucis
658 1831 758 1880 aut
788 1824 859 1860 ¹⁵⁵
882 1825 1193 1880 vulneratis
1232 1830 1333 1879 aut
1356 1826 1574 1894 occisis,
1605 1826 1823 1880 clamor

118 1916 185 1970 ab
205 1915 334 1969 aliis
372 1916 621 1970 auditur.
672 1916 867 1986 Itaque
896 1931 1097 1970 omnes
1126 1915 1388 1970 celeriter
1416 1920 1821 1984 consurgentes

116 2019 277 2058 arma
306 2004 559 2075 capiunt,
593 2009 651 2058 et
693 2020 894 2058 omnes
922 2004 982 2058 in
1018 2019 1198 2059 unum
1245 2004 1613 2059 conveniunt.
1669 2005 1821 2058 Inter

116 2108 260 2162 quos
294 2099 419 2146 erat
444 2090 515 2126 ¹⁵⁶
554 2092 791 2163 quidam
838 2092 1175 2146 Thiemarus
1210 2089 1300 2158 1⁵⁷,
1353 2091 1517 2145 miles
1566 2091 1821 2162 episcopi

114 2180 573 2247 Wormaciensis,
633 2180 719 2233 vir
765 2186 1032 2234 strenuus
1063 2184 1121 2234 et
1167 2178 1323 2234 omni
1374 2179 1625 2234 bonitate
1666 2196 1817 2249 prte-

113 2268 336 2339 cipuus,
372 2268 469 2339 qui
495 2269 553 2323 in
591 2269 698 2321 hoc
730 2269 978 2322 exercitu
1029 2269 1091 2322 in
1121 2268 1357 2322 militari
1405 2284 1466 2322 re
1498 2267 1821 2338 opinatissio

114 2372 243 2410 mus
278 2356 345 2397 1³⁸
377 2357 710 2411 habebatur.
746 2358 908 2412 Hunc
939 2357 1236 2428 episcopus
1267 2357 1336 2411 ad
1369 2373 1426 2411 se
1456 2360 1720 2411 vocatum
1754 2355 1819 2395 ‘59

112 2446 333 2515 rogavit
364 2443 450 2511 1⁸0,
485 2450 569 2512 ut,
603 2445 650 2498 si
697 2445 822 2499 fieri
875 2450 1083 2516 posset,
1138 2461 1259 2499 rem
1314 2445 1482 2498 istam
1536 2445 1659 2499 sine
1715 2446 1820 2499 hu-

114 2550 286 2588 mano
328 2534 608 2605 sanguine
668 2534 824 2588 ﬁniri
868 2534 1181 2605 adjuvaret.
1235 2533 1341 2598 Qui
1397 2550 1456 2587 se
1496 2533 1619 2603 ejus
1657 2533 1818 2604 jussa

114 2623 402 2677 facturum
459 2622 800 2693 promittens
855 2623 1132 2689 discessit,
1173 2622 1609 2692 convocatisque
1667 2621 1814 2684 aliis.

116 2712 269 2782 quod
307 2711 503 2765 animo
553 2711 752 2765 habuit
804 2708 896 2779 ‘5‘,
931 2711 1099 2765 tacite
1130 2710 1372 2782 aperuit.
1415 2710 1628 2764 Deinde
1655 2726 1818 2764 mon-

115 2806 230 2853 tem
302 2800 376 2854 ad
434 2800 855 2854 ascendendum
908 2799 1462 2869 periculosissimum
1501 2815 1632 2853 cum
1703 2799 1819 2853 suis

114 2888 374 2943 maximo
402 2889 596 2942 labore
649 2904 713 2942 ac
738 2889 943 2943 sudore
977 2904 1092 2942 non
1146 2888 1398 2958 segniter
1440 2888 1713 2954 ascendit,
1765 2893 1820 2941 et

1930 496 2122 552 silium
2152 498 2298 553 iniit.
2344 498 2523 568 Igitur
2577 515 2805 552 causam
2848 498 3123 554 adventus
3174 501 3263 554 sui
3319 501 3431 555 illis
3462 519 3633 573 expo-

1931 585 2035 640 nit.
2082 587 2294 641 Deinde
2343 586 2540 640 omnia
2585 602 2714 657 quaa
2760 588 3097 654 voluissent,
3148 589 3195 642 si
3251 590 3531 645 voluntati
3565 590 3633 632 ι⁷²

1931 676 2342 744 consentirent,
2424 692 2482 730 se
2549 674 2836 734 facturum
2918 677 3201 746 promisit.
3283 679 3633 735 Promiserat

1931 763 2087 816 enim
2108 779 2167 816 se
2217 763 2499 817 munitam
2552 763 2788 818 domum
2822 764 3043 818 Ottonis
3090 762 3160 800 ¹⁷³
3218 766 3633 836 acquisiturum

1930 856 1988 905 et
2010 850 2070 904 in
2092 856 2432 921 potestatem
2482 851 2737 923 episcopi
2766 852 3203 907 Wormaciensis
3234 854 3626 923 redditurum;

1929 939 2123 1011 sicque
2150 940 2332 995 multa
2385 941 2575 995 dando
2621 946 2678 994 et
2706 942 3115 1012 promittendo,
3166 942 3236 998 ad
3282 944 3631 999 voluntatem

1929 1029 2226 1083 sententiae
2254 1044 2372 1083 suae
2425 1028 2531 1083 hos
2588 1029 2733 1083 viros
2773 1030 3057 1099 perduxit.
3125 1032 3339 1086 Deinde
3397 1034 3631 1104 Mogun-

1930 1115 2065 1170 tiam
2098 1132 2229 1171 cum
2283 1117 2395 1171 illis
2441 1116 2597 1171 venit
2638 1118 2784 1186 (Jun.
2844 1118 2923 1187 6),
2982 1118 3180 1190 ibique
3246 1120 3625 1178 collaudanti-

1928 1203 2037 1257 bus
2066 1206 2134 1243 1⁷⁸
2163 1204 2381 1259 cunctis
2435 1205 2534 1276 qui
2587 1205 2843 1272 aderant,
2895 1213 3189 1278 sceptrum
3216 1206 3286 1248 1⁷³
3315 1210 3481 1279 regni
3541 1227 3630 1265 ac-

1929 1292 2100 1362 cepit.
2132 1293 2239 1347 Ubi
2280 1309 2414 1348 vero
2472 1293 2769 1349 Heinricus
2820 1292 2889 1330 "5
2942 1295 3003 1349 in
3060 1298 3271 1351 solium
3327 1299 3488 1368 regni
3545 1304 3633 1353 est

1928 1381 2207 1435 exaltatus
2240 1382 2327 1449 1⁷⁷,
2362 1382 2723 1436 Burchardns
2757 1383 3058 1454 episcopus
3091 1384 3158 1426 ³⁷⁸
3206 1402 3326 1440 suae
3369 1402 3485 1441 non
3525 1387 3632 1442 im-

1930 1484 2151 1522 memor
2179 1469 2601 1540 promissionis,
2635 1470 2727 1525 die
2756 1475 3043 1541 noctuque
3074 1472 3147 1527 ob
3193 1470 3266 1516 179
3306 1473 3626 1529 libertatem

1928 1572 2042 1609 suae
2077 1556 2318 1611 civitatis
2373 1573 2570 1629 regem
2600 1558 2952 1613 incessanter
3000 1560 3316 1615 admonuit.
3378 1562 3627 1617 Tandem

1932 1661 2061 1698 vero
2095 1643 2166 1682 ¹⁸⁰
2221 1662 2315 1699 rex
2365 1647 2631 1701 Ottonem
2679 1646 2882 1700 ducem
2938 1647 3007 1702 ad
3038 1664 3096 1703 se
3142 1665 3368 1715 vocans,
3427 1650 3497 1704 de
3541 1652 3630 1706 his

1932 1733 2101 1787 rebus
2156 1734 2500 1789 sententiam
2548 1750 2680 1788 cum
2728 1750 2794 1788 eo
2831 1734 3051 1799 habuit,
3082 1752 3146 1790 ac
3201 1738 3457 1792 studium
3513 1756 3631 1794 sum

1929 1823 2239 1877 voluntatis
2269 1824 2497 1893 aperuit
2527 1820 2614 1876 ‘31.
2644 1823 2773 1887 Qui,
2801 1828 2867 1877 ut
2894 1830 3018 1878 erat
3036 1824 3123 1878 vir
3145 1826 3421 1896 prudens,
3456 1827 3537 1882 sic
3561 1827 3636 1868 1"

1929 1912 2244 1982 prudenter
2298 1911 2635 1983 respondit:
2698 1929 2725 1961 «
2760 1913 2948 1977 Pater,
3020 1912 3124 1966 etsi
3176 1929 3299 1968 rem
3353 1916 3632 1985 grandem

1930 2000 2073 2055 mihi
2124 2000 2381 2067 dixisses,
2428 2005 2578 2054 certe
2632 1998 2704 2037 ¹⁸²
2757 2000 2940 2054 facere
2998 2002 3306 2057 voluissem
3362 2002 3451 2057 ⁸⁸³.
3513 2005 3632 2061 Hoc

1929 2093 2123 2143 autem
2142 2094 2197 2142 te
2226 2105 2329 2159 pro
2359 2094 2515 2143 certo
2546 2087 2688 2142 scire
2744 2088 2934 2160 cupio,
2966 2090 3112 2160 quod
3174 2106 3278 2160 pro
3339 2092 3428 2146 his
3461 2093 3632 2147 rebus

1929 2176 1988 2230 in
2014 2181 2227 2230 aeterno
2259 2176 2357 2231 Dei
2388 2192 2567 2247 regno
2624 2177 2944 2231 mercedem
2990 2179 3403 2249 sempiternam
3441 2186 3630 2256 tecum

1931 2281 2021 2319 me
2050 2264 2385 2319 habiturum
2434 2264 2681 2319 ﬁrmiter
2733 2281 2985 2334 spero.»
3025 2266 3151 2320 Istis
3204 2267 3407 2339 hisque
3471 2270 3629 2325 simi-

1928 2354 2080 2409 libus
2108 2354 2404 2408 sententiis
2447 2352 2515 2394 1⁸⁸
2567 2354 2677 2408 ista
2733 2360 2819 2409 est
2882 2356 3045 2410 ﬁnita
3099 2355 3189 2426 ‘35,
3246 2363 3302 2411 et
3366 2360 3631 2429 quaedam

1927 2443 2063 2496 villa
2109 2459 2237 2513 qua:
2268 2442 2474 2497 dicitur
2507 2443 2834 2497 Bruchsella
2872 2445 2984 2514 (14)
3044 2462 3174 2500 cum
3228 2447 3495 2501 omnibus
3528 2450 3633 2503 uti-

1926 2532 2183 2586 litatibus
2217 2538 2273 2585 et
2332 2532 2679 2603 appenditiis
2723 2549 2827 2603 pro
2856 2533 2961 2587 hac
3010 2534 3183 2588 domo
3230 2536 3288 2589 in
3315 2543 3631 2592 commuta-

1928 2620 2143 2675 tionem
2178 2620 2306 2675 duci
2338 2621 2545 2675 tradita
2588 2625 2672 2674 est
2716 2622 2945 2691 (Octob.)
2977 2662 2989 2675 .
3051 2624 3133 2676 Ita
3196 2640 3426 2695 quoque
3476 2628 3629 2680 Wor-

1929 2709 2111 2762 macia
2145 2707 2344 2779 iniquo
2374 2708 2606 2762 servitio
2652 2708 2750 2763 diu
2784 2709 3015 2763 subacta
3054 2711 3162 2781 piis
3191 2712 3440 2784 episcopi
3478 2714 3631 2769 labo-

1931 2797 2087 2850 ribus
2115 2798 2352 2851 liberata
2381 2802 2465 2850 est
2510 2796 2640 2867 (15).
2679 2798 2822 2868 Ergo
2880 2795 2948 2831 ’⁸⁵
3000 2799 3197 2853 eadem
3232 2801 3320 2853 die
3351 2818 3467 2871 qua
3518 2804 3631 2858 dux

1927 2885 1996 2938 de
2029 2886 2132 2939 hac
2165 2886 2481 2940 munitione
2506 2883 2574 2921 ¹⁸⁷
2618 2885 2890 2953 discessit,
2944 2888 3247 2958 episcopus
3274 2890 3468 2943 multis
3504 2894 3631 2957 icon

115 2976 413 3031 inimicam
442 2975 509 3019 ιδ’
560 2993 790 3031 manum
822 2979 967 3031 clam
1016 2976 1292 3031 circuivit.
1356 2979 1552 3048 Itaque
1606 2977 1819 3042 hostes,
1853 2976 1892 3029 C
1930 2974 2180 3044 gregatis
2214 2975 2474 3028 eamdem
2507 2974 2741 3027 domum
2778 2971 2847 3011 ¹⁸⁸
2868 2975 3009 3029 duce
3037 2975 3378 3046 inspiciente
3400 2979 3628 3046 invasit,

115 3064 250 3119 visis
303 3064 518 3119 nostris
558 3072 614 3119 et
669 3065 919 3119 mirabili
962 3081 1159 3119 eorum
1208 3065 1455 3119 adventu
1509 3064 1816 3135 perterriti,

115 3154 312 3207 animo
344 3154 606 3207 dissoluti
635 3159 786 3219 sunt,
811 3170 875 3207 ac
905 3153 1224 3224 praecipites
1252 3170 1309 3207 se
1342 3154 1490 3224 fugas
1517 3152 1817 3207 dederunt.

115 3242 303 3295 Nostri
358 3242 742 3312 insequentes,
775 3246 861 3294 tot
903 3243 963 3294 in
1020 3258 1087 3294 ea
1133 3241 1267 3312 fuga
1335 3247 1706 3311 peremerunt
1757 3258 1820 3294 ac

115 3335 530 3385 truncaverunt
580 3336 723 3400 quot
764 3328 834 3366 ¹⁶³
875 3329 1147 3400 consequi
1204 3334 1536 3400 potuerunt.
1588 3330 1665 3383 Ex
1714 3330 1819 3384 hac

115 3419 272 3473 caede
327 3419 631 3489 episcopus
696 3422 763 3457 1“
815 3419 1206 3486 conturbatus,
1257 3418 1521 3472 lacrimas
1565 3417 1715 3472 fudit
1763 3423 1820 3471 et

115 3509 485 3563 Thiemarum
519 3509 763 3561 multum
797 3506 867 3543 ¹⁶⁵
904 3524 1003 3578 pro
1031 3507 1137 3561 hac
1185 3524 1244 3560 re
1284 3506 1492 3577 arguit,
1552 3506 1815 3559 tandem-

116 3613 227 3669 que
252 3612 372 3651 non
402 3612 615 3666 paucos
638 3595 903 3650 denarios
924 3597 1086 3666 quasi
1113 3612 1219 3667 pro
1249 3595 1574 3666 expiatione
1601 3594 1817 3649 civibus

115 3686 359 3741 remisit.
398 3686 596 3757 Itaque
634 3683 723 3754 ισσ,
754 3685 853 3740 Dei
883 3686 1073 3757 gratia
1122 3686 1445 3755 adjuvante,
1480 3684 1541 3738 in
1568 3684 1813 3756 patriam

116 3775 330 3830 reversi
360 3780 512 3829 sunt.

187 3868 219 3919 9
254 3862 344 3918 “5".
403 3865 625 3917 Interea
666 3862 963 3919 Heiuricus
1020 3860 1089 3898 ¹⁶⁸
1144 3863 1489 3916 Bavarorum
1534 3861 1668 3928 dux,
1712 3878 1816 3915 un-

116 3954 291 4024 dique
347 3953 596 4006 collectis
676 3953 915 4018 viribus,
977 3951 1356 4005 Wormaciam
1426 3951 1582 4005 venit
1656 3952 1809 4021 (Mai.

116 4045 292 4109 Jun.),
350 4047 408 4096 et
462 4046 522 4095 ut
549 4045 771 4111 sceptra
824 4038 892 4074 ¹⁶⁹
924 4040 1085 4110 regni
1125 4039 1469 4110 acquireret,
1530 4055 1647 4091 non
1691 4054 1814 4092 mo-

119 4131 313 4185 dicum
352 4129 647 4184 laboravit.
692 4128 892 4200 Ibique
922 4127 995 4164 ¹⁷⁰
1046 4144 1176 4183 cum
1215 4128 1480 4199 episcopo
1531 4127 1814 4196 Mogunti-

1932 3067 1989 3117 et
2061 3079 2241 3133 usque
2302 3063 2369 3118 ad
2440 3062 2885 3117 fundamentum
2933 3064 3095 3118 avida
3161 3082 3335 3120 manu
3390 3068 3628 3123 omnino

1927 3152 2205 3205 destruxit
2263 3150 2351 3206 1⁸9.
2408 3152 2618 3207 Deinde
2676 3168 2907 3223 quoque
2972 3169 3104 3208 cum
3143 3156 3341 3210 eadem
3392 3158 3629 3213 materia

1927 3240 2260 3310 eisdemque
2285 3240 2573 3311 lapidibus
2597 3240 3011 3294 monasterium
3037 3247 3094 3295 et
3120 3244 3431 3297 claustrum
3452 3245 3513 3298 in
3532 3246 3628 3299 bo-

1927 3343 2131 3383 norem
2158 3328 2339 3383 sancti
2366 3328 2523 3382 Pauli
2552 3329 2889 3396 construxit,
2915 3330 3255 3400 consignans
3287 3332 3391 3385 hoc
3411 3334 3577 3388 titulo
3607 3352 3620 3389 :

1925 3416 2221 3470 ecclesiam
2254 3417 2327 3470 ob
2374 3417 2699 3471 libertatem
2747 3418 3007 3471 civitatis.
3046 3420 3192 3489 Ergo
3235 3421 3451 3474 cunctis
3494 3439 3623 3493 quae

1925 3507 1996 3559 ad
2027 3505 2359 3559 canonicam
2391 3506 2646 3575 regulam
2680 3506 3047 3576 pertinebant
3101 3507 3515 3563 rationabiliter
3546 3510 3625 3565 ibi

1924 3594 2253 3664 compositis
2284 3594 2484 3665 viginti
2510 3594 2712 3648 fratres
2750 3596 2850 3665 qui
2879 3612 3111 3649 cursum
3158 3598 3325 3651 certis
3352 3601 3625 3670 tempori-

1925 3682 2032 3737 bus
2062 3698 2127 3736 ac
2156 3682 2333 3753 signis
2363 3688 2787 3748 conservarent,
2815 3682 3030 3738 ibidem
3074 3685 3323 3740 instituit
3366 3688 3497 3759 (16).
3532 3688 3627 3743 His

1924 3772 2107 3827 modis
2134 3772 2221 3826 vir
2252 3772 2352 3826 Dei
2383 3772 2622 3827 domum
2649 3772 2984 3843 belligerem
3028 3779 3345 3829 mutaverat
3363 3775 3421 3830 in
3462 3776 3625 3831 Chri-

1924 3862 1995 3915 sti
2013 3861 2328 3929 ecclesiam,
2366 3867 2423 3915 et
2468 3877 2598 3932 quae
2628 3868 2753 3916 erat
2806 3862 3013 3916 domus
3068 3864 3454 3918 contentionis
3481 3865 3628 3921 facta

1924 3954 2007 4003 est
2042 3949 2246 4004 domus
2292 3949 2791 4016 reconciliationis,
2827 3966 2942 4021 qua
2984 3948 3058 3984 ¹⁹⁰
3104 3952 3217 4006 Deo
3252 3958 3446 4007 nostro
3502 3954 3624 4009 lau-

1924 4039 2023 4093 des
2050 4036 2187 4093 et'9'
2224 4038 2536 4108 gratiarum
2572 4040 2821 4093 actiones
2873 4040 2963 4093 die
2988 4046 3275 4110 noctuque
3307 4042 3621 4098 solvuntur.

1996 4130 2078 4181 10.
2127 4128 2391 4181 Forestus
2447 4127 2586 4182 silva
2643 4124 2712 4164 ¹⁹¹
2765 4131 2849 4182 est
2894 4128 3116 4182 duobus
3157 4129 3475 4184 miliaribus
3498 4130 3626 4187 19’a

1532 4206 1770 4259 VARIzE
1812 4205 2098 4259 LECTION
2108 4205 2203 4259 ES.

188 4279 261 4316 ¹⁴⁸
327 4278 639 4333 tussaniam
701 4282 748 4332 1.
827 4277 1143 4348 justamani
1207 4277 1290 4331 vel
1351 4278 1639 4348 nstamani
1699 4280 1750 4330 2.

120 4351 326 4405 urbem
411 4351 617 4404 Deluca
684 4352 738 4403 2.

120 4427 379 4476 tarentur
436 4423 489 4473 2.
567 4418 637 4458 ³⁵⁵
699 4426 757 4473 et
817 4435 868 4473 v.
941 4426 997 4473 et
1053 4436 1103 4472 o.
1161 4421 1214 4472 2.

119 4496 289 4547 cati.
395 4490 462 4534 ¹⁶⁰
501 4497 661 4560 rogat
706 4494 757 4545 2.
865 4488 928 4529 ¹⁶¹
998 4488 1243 4543 habebat
1300 4492 1351 4543 2.

118 4568 209 4617 tus
267 4565 319 4617 2.
430 4560 500 4605 1⁸⁵
570 4562 811 4617 militem
885 4561 1277 4631 supradictum
1315 4562 1369 4613 2.

118 4637 347 4688 sanctus
410 4633 777 4687 Wormatiam
827 4628 981 4685 venit
1044 4638 1102 4686 et
1160 4632 1229 4685 de
1297 4630 1699 4684 sublimatione
1754 4628 1883 4700 ejus
1934 4628 2025 4700 “in
2098 4628 2533 4700 imperatorem,
2600 4634 2650 4682 et
2714 4633 2789 4684 sic

118 4705 323 4759 Ottone
367 4704 554 4769 tertio,
592 4706 882 4757 Henricus.
962 4700 1031 4737 ¹⁶⁸
1070 4702 1338 4756 henricus
1372 4705 1418 4755 1.
1454 4704 1505 4754 2.
1538 4716 1745 4769 semper
1778 4704 1825 4754 1.

1848 4273 1915 4311 ¹⁸⁶
1988 4275 2451 4345 pertransierunt
2519 4277 2574 4330 2.
2640 4274 2709 4315 1'"
2792 4283 3070 4331 venerunt
3134 4278 3185 4331 2.

834 4344 904 4387 1‘9
967 4349 1113 4403 deest
1177 4350 1231 4401 2.
1307 4345 1377 4382 ¹⁵⁰
1436 4347 1584 4401 deest
1645 4350 1696 4400 2.
1777 4344 1841 4381 ¹⁵¹
1877 4348 1940 4400 Et
1990 4344 2046 4399 2.
2128 4344 2197 4383 1"
2274 4363 2325 4400 v.
2393 4350 2550 4400 tanta
2604 4348 2657 4401 2.
2739 4345 2807 4381 ¹⁵³

1293 4417 1365 4454 ¹⁶⁶
1421 4418 1565 4471 deest
1624 4422 1675 4471 2.
1757 4415 1828 4451 ¹⁵⁷
1892 4419 2191 4471 Tremarus
2239 4420 2291 4471 2.
2347 4427 2397 4470 et
2451 4418 2625 4484 infra.
2704 4416 2771 4453 ¹⁵⁸
2812 4418 3210 4471 ornatissimus
3270 4422 3317 4472 1.
3419 4416 3481 4456 ¹³⁹
3523 4415 3620 4474 vo-

1300 4492 1351 4541 2.
1460 4490 1529 4523 ¹⁶²
1588 4488 1644 4541 in
1704 4488 1740 4541 i.
1776 4491 1825 4541 2.
1940 4488 2007 4523 “3
2038 4487 2191 4541 quod
2237 4491 2280 4541 1.
2378 4484 2448 4525 ¹⁶⁴
2512 4488 2850 4541 venerabilis
2912 4504 2962 4541 e.
3030 4489 3386 4541 Burchardus
3432 4491 3620 4541 turba-

1475 4557 1545 4601 «σε
1588 4530 1679 4612 Ita
1705 4530 1963 4629 "quoque
2025 4530 2078 4612 1“.

1908 4696 1977 4735 ³⁸9
2016 4696 2243 4753 summa
2273 4716 2315 4752 r.
2352 4699 2643 4753 adhaereat
2678 4702 2737 4753 2.

3294 4275 3368 4311 ius
3439 4277 3619 4342 Quam

2870 4348 3178 4419 turbantur
3232 4350 3287 4401 2.
3390 4345 3475 4419 ‘5:
3524 4367 3624 4419 pu-

2912 4504 2962 4542 e.
3030 4489 3386 4543 Burchardus
3432 4496 3490 4544 tu
3502 4491 3622 4545 r'oa-

1940 4488 2007 4523 ¹⁶³
2038 4487 2203 4558 quod
2237 4491 2280 4558 l_.
2378 4484 2448 4525 ¹⁶⁴
2512 4488 2850 4558 venerabilis

2966 4559 3266 4623 Quomodo
3324 4561 3481 4615 Heinr
3502 4566 3619 4617 icus

2192 4556 2261 4591 ¹⁶⁷
2320 4560 2375 4610 2.
2435 4557 2566 4611 add.
2603 4560 2827 4613 rubrum
2874 4575 2886 4612 :

2894 4633 3035 4705 ergit
3070 4646 3082 4684 :
3164 4633 3382 4686 Mortuo
3424 4634 3618 4705 itaque

2823 4700 3007 4755 "°Ibi
3033 4718 3262 4772 quoque
3306 4707 3353 4757 1.
3434 4700 3620 4759 ¹⁷¹”ἱὶδ

122 4780 167 4830 1.
249 4771 319 4813 ³⁷³
351 4792 403 4828 v.
449 4790 565 4828 suae
613 4778 664 4829 2.
744 4771 811 4813 ¹⁷³
872 4773 937 4827 Ο.
987 4771 1308 4842 supradicti
1349 4772 1530 4835 ducis,
1572 4768 1864 4842 ‘quamﬂin
1889 4770 2483 4842 Wormatiahabebat
2520 4772 2572 4823 2.
2652 4768 2721 4842 [7‘
2744 4788 2876 4825 eum
2906 4768 3272 4827 laudantibus
3293 4777 3345 4828 2.
3428 4773 3499 4808 ¹⁷⁵
3532 4794 3617 4830 se-

117 4846 246 4901 dem
282 4848 336 4900 2.
418 4843 483 4881 ¹⁷⁶
503 4847 564 4899 Η.
590 4846 904 4914 imperator
934 4837 1112 4897 factus
1134 4847 1195 4914 _2.
1245 4839 1309 4882 1⁷⁷
1333 4837 1674 4897 θιενδῐυδὮ.
1714 4838 1805 4914 fr"
1836 4857 1889 4894 e.
1951 4841 2382 4914 Wormatiensis
2420 4856 2473 4914 ἃ.
2508 4842 2559 4895 2.
2641 4837 2708 4879 19"

2776 4842 2843 4896 ad
2879 4846 2929 4896 '2.
3002 4842 3072 4886 ¹⁸⁰
3133 4846 3201 4899 Et
3256 4846 3336 4898 sic
3387 4847 3617 4901 tandem

117 4920 166 4971 2.
247 4915 309 4958 1⁸³
363 4915 446 4969 illi
479 4934 507 4969 a
546 4918 598 4970 2.
676 4910 745 4953 ἱ⁸²
793 4915 937 4969 deest
975 4917 1063 4988 2.,
1109 4911 1178 4988 ιε’-³
1201 4914 1526 4988 debuissem
1555 4915 1662 4988 2.___
1691 4911 1762 4954 19‘
1791 4912 2066 4988 exemplis
2089 4914 2143 4988 2.
2212 4910 2310 4988 _‘35_
2340 4912 2419 4965 ita
2448 4911 2486 4965 f.
2516 4916 2612 4988 est
2648 4912 2749 4988 tali
2795 4913 2983 4967 modo.
3036 4914 3307 4988 Quasdam
3369 4932 3617 4988 namque

119 5004 165 5039 v.
195 5003 326 5041 cum
359 5004 413 5039 ο.
448 5002 504 5040 ιι·
539 4993 597 5040 et
620 5003 671 5040 a.
702 5003 806 5056 pro
826 4994 1010 5039 castro
1034 4986 1191 5038 ducis
1227 4984 1472 5039 Conradi
1512 4983 1909 5056 ianormatia
1954 4999 2053 5056 pro
2089 4984 2143 5036 h.
2197 4982 2354 5056 dlin
2385 4983 2673 5056 cambium
2714 4983 2769 5037 d.
2804 4988 2840 5037 t.
2874 4990 2960 5038 est
2983 5001 3131 5056 quae
3165 4987 3373 5039 dicitur
3405 4982 3617 5042 Brui'ti-

115 5060 251 5112 sella
297 5059 526 5126 Reliqua
565 5054 787 5121 desuht;
819 5059 1095 5125 sequitur;
1138 5071 1262 5109 vero
1306 5055 1514 5126 rubra:
1571 5055 1864 5126 Quomodo
1924 5054 2623 5126 episcopuquurchardus
2664 5054 3240 5126 castrum__destruxit
3288 5064 3344 5111 et
3402 5058 3615 5114 ibidem

114 5123 442 5183 ecclesiam_
470 5129 647 5182 sancti
708 5123 1233 5182 Pauli—aedificavit.
1315 5123 1383 5161 ¹⁸⁶
1415 5126 1593 5186 luitur
1618 5128 1668 5180 2.
1749 5125 1815 5161 “‘7
1857 5126 1927 5179 de
1970 5141 2043 5178 m.
2079 5141 2179 5177 sua
2211 5124 2327 5178 sive
2365 5125 2434 5179 de
2455 5130 2640 5178 castro
2673 5125 2730 5179 d.
2782 5128 2840 5179 2.

2891 5123 2961 5161 ¹⁸⁸
2993 5126 3048 5179 d.
3091 5129 3208 5180 sive
3257 5135 3506 5184 castrum
3557 5133 3611 5185 2.

224 5200 277 5254 d.
308 5216 390 5281 ne
421 5200 905 5281 θεειριὶιξίρίνίῠρε
958 5199 1017 5252 in
1049 5200 1341 5269 laqueum.
1406 5196 1621 5250 Dehinc
1659 5197 1728 5252 de
1787 5197 1986 5251 eadem
2015 5198 2069 5251 2.
2107 5194 2179 5229 19°
2237 5212 2293 5267 q.
2330 5194 2498 5250 modo
2534 5195 2588 5250 d.
2654 5195 2693 5251 Ι.
2741 5199 2793 5251 2.
2852 5193 3006 5281 ‘9‘Vet
3060 5214 3121 5268 g.
3190 5214 3223 5251 o
3281 5198 3510 5268 desunt;
3560 5204 3611 5255 2.

1758 5336 1986 5392 NOT/E.

119 5268 188 5305 ¹⁹²
218 5286 332 5324 una
362 5273 415 5324 2.
458 5268 526 5305 ¹⁹³
558 5270 810 5325 millibus
840 5272 893 5324 2.

193 5412 287 5476 [14)
323 5411 608 5465 Bruchsal.

210 5424 287 5476 Ml
326 5424 608 5465 brucnsal.

184 5424 297 5554 liii)
346 5483 407 5539 V.
456 5480 725 5554 Heinrici
791 5480 1049 5554 diploma
1094 5482 1147 5535 d.
1182 5481 1300 5545 Oct,
1335 5482 1384 5554 37
1421 5495 1469 5533 a.
1512 5480 1664 5554 1002,
1704 5495 1804 5554 ap.

1917 5409 2178 5461 libertate
2208 5406 2569 5463 Thietmarus
2598 5408 2751 5463 canit
2780 5425 2832 5463 v.
2872 5407 2975 5462 ﬁn.

1986 5477 2100 5554 (10)
2136 5478 2259 5554 “Cf.
2309 5479 2533 5534 chartas
2591 5479 2904 5535 Burchardi
2957 5495 3046 5551 ap.
3092 5479 3377 5538 Schannat
3422 5482 3462 5539 l.
3540 5488 3614 5554 1.,

118 5549 398 5609 Schannat
428 5553 569 5608 Hist.
608 5553 818 5608 Worm.
852 5549 946 5623 'II,
996 5568 1053 5623 p.
1090 5555 1186 5619 35;
1220 5557 1278 5606 et
1328 5553 1400 5606 cf.
1442 5566 1569 5622 quae
1603 5551 1673 5605 de
1704 5550 1810 5606 hac
1915 5565 1972 5620 p.
2006 5551 2096 5616 41,
2125 5549 2215 5604 42.

3528 303 3635 356 518
3710 290 3717 299 ’
