3956 6332
338 235 440 285 519

1357 227 1822 284 BUltCHARDUS
1863 224 2397 283 WORMACIENSIS
2437 223 2839 281 EPISCOPUS.
3758 226 3855 277 520

335 347 654 404 Wormacia
709 347 947 412 distans,
1027 347 1306 402 abietibus
1375 347 1692 413 abundans,
1760 351 1817 401 el.
1888 346 2035 400 hanc
2074 349 2117 399 A
2151 361 2306 400 rores
2398 343 2562 414 quasi
2647 359 2764 397 uno
2859 357 2958 396 ore
3049 341 3380 413 episcopum
3478 342 3857 414 deprecantes

332 438 497 507 palus
543 437 746 490 limosa
775 453 842 490 ex
901 452 1014 490 una
1046 441 1204 506 parte
1257 434 1559 489 ambiendo
1618 435 2030 505 circumcingit.

334 527 396 580 In
429 527 593 594 cujus
643 525 947 579 medietate
967 525 1124 578 collis
1170 523 1588 594 pulcherrimus
1641 522 1918 589 consistit,
1965 523 2036 576 ad

335 630 510 685 quem
549 614 634 666 vir
691 614 790 667 Dei
845 629 904 666 se
971 612 1265 666 transferri
1319 611 1590 682 prmcepit
1627 610 1723 678 ‘9';
1782 615 1839 665 et
1899 610 2037 681 quia

333 703 654 758 mundanos
702 702 984 755 tumultus
1039 701 1288 755 devitare
1343 701 1538 764 voluit,
1612 699 1913 754 arboribus
1970 696 2036 736 ‘95

335 791 752 860 fruticibusque
793 791 1024 844 succisis
1059 787 1154 856 “’5,
1185 790 1388 843 collem
1429 789 1779 859 explanavit;
1839 788 2035 858 ibique

341 878 410 915 19⁷
435 882 684 950 primum
717 880 846 934 fecit
875 877 945 912 '93
991 879 1324 946 oratorium,
1375 878 1580 933 deinde
1620 875 1693 913 ‘99
1736 878 1861 932 aliis
1910 878 2032 931 ofﬁ-

337 968 479 1022 cinis
508 967 766 1040 peractis,
801 968 998 1020 cellam
1033 967 1321 1037 egregiam
1349 967 1685 1022 construxit.
1724 967 1845 1021 lllic
1875 982 1933 1020 se
1962 964 2037 1003 ²⁰⁰

335 1060 469 1128 post
495 1056 736 1110 concilia
762 1055 1047 1126 fregiaque
1093 1055 1380 1126 colloquia
1420 1060 1476 1108 et
1515 1058 1646 1125 post
1702 1071 1894 1108 curam
1941 1071 2034 1124 sy—

343 1143 604 1200 nodalem
647 1143 1013 1214 diversosque
1051 1143 1253 1198 mundi
1297 1142 1569 1214 strepitus
1597 1146 1906 1214 {receperat
1933 1140 2035 1210 ²⁰¹;

339 1234 534 1304 ibique
567 1231 640 1266 ²⁰²
681 1231 930 1301 negociis
989 1231 1339 1285 secularibns
1395 1236 1523 1302 post
1578 1234 1803 1302 tergum
1849 1232 2035 1302 proje-

339 1322 440 1375 ctis
468 1319 561 1386 ’0‘,
589 1321 723 1374 totis
772 1321 988 1373 viribus
1033 1320 1090 1373 in
1151 1319 1427 1391 obsequio
1483 1320 1582 1373 Dei
1627 1320 1894 1373 studebat
1936 1317 2028 1374 ’0'.

340 1410 545 1463 Eodem
597 1407 810 1479 quippe
843 1406 917 1442 ³0⁵
959 1414 1217 1479 tempore
1257 1408 1315 1461 in
1365 1408 1691 1461 collectario
1738 1406 1814 1442 ²⁰⁶
1861 1424 2032 1461 cano-

338 1512 476 1550 num
529 1497 585 1548 in
628 1497 732 1549 hac
779 1495 919 1548 cella
969 1492 1044 1528 ⁵⁰⁷
1109 1511 1226 1548 non
1276 1495 1562 1547 modicum
1613 1494 1894 1548 laboravit
1960 1493 2033 1528 ²⁰⁸

338 1585 478 1638 Nam
531 1581 604 1617 ²⁰⁹
669 1583 900 1637 domino
967 1583 1235 1636 Walterio
1309 1579 1384 1618 ²¹⁰
1447 1582 1700 1652 Spirensi
1762 1583 2030 1653 episcopo

337 1672 641 1742 adjuvante
692 1672 801 1740 (17)
845 1676 901 1724 et
952 1670 1310 1724 Brunichone
1361 1669 1429 1704 ¹¹¹
1475 1670 1783 1740 praeposito
1833 1672 2036 1725 exhor-

337 1764 496 1812 tante
538 1765 594 1813 et
659 1764 1005 1829 suggerente
1064 1757 1200 1828 (18),
1270 1773 1516 1812 canones
1570 1758 1630 1810 in
1673 1774 1856 1812 unum
1913 1775 2037 1812 cor-

337 1864 444 1919 pus
473 1847 728 1915 collegit;
766 1863 878 1900 non
910 1863 1012 1916 pro
1043 1847 1161 1899 ulla
1191 1845 1538 1916 arrogantia,
1572 1847 1692 1913 sed,
1721 1852 1782 1900 ut
1814 1847 1937 1916 ipse
1967 1845 2038 1881 ²¹¹

335 1935 494 2003 dixit,
527 1935 661 2006 quia
699 1951 982 1988 canonum
1010 1934 1144 2003 jura
1188 1935 1708 2005 poenitentiumque
1739 1935 1951 2004 judicia
1972 1935 2029 1987 in

334 2024 640 2094 epicopatu
687 2040 788 2076 suo
839 2024 1077 2078 omnino
1127 2023 1354 2076 fuerant
1399 2021 1470 2058 ²¹³
1526 2026 1788 2093 neglecta
1847 2040 1910 2076 ac
1965 2023 2037 2064 ²ι⁴

335 2111 636 2165 destructa.
694 2113 806 2165 lloc
880 2127 1012 2165 vero
1063 2127 1267 2181 corpus
1335 2111 1449 2164 sive
1523 2112 1911 2165 collectarium
1967 2109 2038 2147 “5

334 2200 595 2254 distinxit
624 2206 679 2254 et
707 2201 765 2254 in
796 2201 999 2270 viginti
1030 2200 1204 2254 libros
1247 2199 1538 2254 distribuit
1568 2197 1654 2252 "°.

410 2291 493 2342 11.
532 2290 809 2342 Praeterea
836 2304 970 2342 vero
1021 2288 1107 2341 vir
1134 2288 1234 2342 Dei
1287 2286 1357 2322 ²¹¹²
1389 2305 1420 2341 a
1465 2286 1534 2323 ἰδ
1581 2288 1691 2357 piis
1749 2288 2038 2343 laboribus

333 2392 452 2430 non
493 2392 732 2443 cessans,
792 2376 1089 2430 ecclesiam
1137 2375 1316 2429 sancti
1371 2375 1523 2430 Petri
1578 2375 1648 2429 ad
1709 2377 1903 2430 sedem
1945 2375 2035 2442 =19,

336 2465 473 2536 quia
520 2465 667 2519 ultra
724 2466 959 2519 modum
1021 2465 1227 2533 exigua
1271 2461 1553 2533 fuerat’”,
1602 2464 1885 2534 deposuit,
1934 2482 2034 2536 po-

335 2569 591 2624 nensque
620 2554 1085 2621 fundamentum,
1119 2553 1476 2622 consignavit
1527 2553 1687 2606 mirae
1739 2554 2032 2623 magnitu-

334 2642 484 2696 dinis
516 2642 951 2709 monasterium,
999 2641 1151 2712 quod
1209 2640 1444 2711 quidem
1493 2655 1704 2709 magna
1746 2640 2035 2696 celeritate

334 2730 530 2801 paucis
559 2731 724 2784 annis
764 2747 910 2800 pene
940 2731 1009 2784 ad
1053 2729 1464 2802 perfectionem
1514 2728 1799 2800 perduxit,
1831 2734 1897 2783 ut
1920 2747 2037 2784 non

335 2818 622 2872 videretur
677 2819 1008 2873 aedificando
1065 2822 1457 2872 constructum
1514 2833 1656 2884 esse,
1717 2817 1813 2872 sed
1873 2818 2036 2888 quasi

335 2907 652 2977 exoptando
680 2908 867 2962 subito
900 2906 980 2960 ibi
1036 2905 1372 2960 constitisse.

412 2999 475 3049 12
514 2993 580 3028 ²²¹
611 2997 737 3049 Istis
768 2995 984 3066 quippe
1033 2995 1232 3048 diebus
1279 3009 1536 3048 sororem
1584 3009 1744 3047 suam
1798 2995 2032 3049 nomine

337 3083 642 3137 Mahildam
683 3081 775 3149 ²²¹,
826 3082 1129 3136 mulierem
1178 3081 1642 3136 honestissimam
1696 3087 1752 3134 et
1798 3083 2032 3137 nomine

335 3171 590 3226 claritate
647 3171 1066 3241 dignissimam,
1150 3170 1218 3224 ad
1295 3186 1354 3224 se
1407 3171 1625 3224 vocavit
1675 3175 1732 3224 et
1779 3169 2033 3225 fraterna

333 3263 638 3317 dilectione
677 3279 870 3316 secum
920 3261 1174 3317 nutrivit.
1229 3263 1358 3315 Erat
1401 3263 1555 3315 enim
1602 3262 1722 3316 hac
1764 3263 1886 3332 ipsa
1937 3263 2033 3317 do-

335 3352 492 3404 mina
536 3353 606 3406 ad
647 3366 824 3421 opera
873 3349 1175 3404 muliebria
1223 3351 1434 3421 magno
1484 3349 1716 3419 ingenio
1755 3351 2028 3405 sollertis-

334 3440 522 3506 sima,
581 3445 638 3494 et
685 3439 929 3514 feminas
988 3439 1056 3494 ad
1115 3455 1308 3493 rerum
1368 3437 1652 3492 textilium
1733 3438 2028 3494 diversita-

331 3531 447 3581 tem
481 3527 549 3562 ²²³
578 3527 773 3581 doctas
826 3527 1027 3581 habuit
1056 3524 1146 3594 ⁸³⁸,
1183 3533 1239 3581 et
1267 3528 1325 3580 in
1370 3527 1736 3581 conficiendis
1781 3527 2028 3582 vestibus

331 3614 606 3685 preciosis
662 3615 931 3669 mulieres
981 3616 1189 3668 multas
1248 3615 1536 3685 superavit
1573 3614 1642 3652 ’³³
1685 3617 1816 3686 (19).
1845 3617 2025 3670 Inter-

331 3719 397 3756 ea
450 3703 708 3774 contigit,
787 3707 849 3756 ut
899 3703 1184 3757 abbatissa
1255 3702 1316 3756 in
1377 3704 1727 3758 monasterio
1813 3705 2024 3759 sancti-

329 3791 688 3857 monialium,
761 3791 976 3846 ibidem
1043 3792 1155 3846 Deo
1206 3791 1574 3846 servientium
1655 3792 1808 3848 diem
1876 3794 2026 3849 clau-

331 3879 490 3934 deret
575 3880 863 3936 ultimum.
926 3881 1060 3934 Post
1140 3879 1301 3952 cujus
1381 3880 1601 3936 obitum
1682 3897 1880 3936 omnes
1936 3897 2025 3935 so-

2147 438 2316 486 orant
2339 431 2436 500 “6,
2462 436 2524 488 ut
2563 431 2748 486 eidem
2789 431 2974 485 sorori
3007 447 3126 484 suae
3173 430 3460 485 abbatiam
3508 431 3755 485 donaret
3806 439 3859 487 et

2146 538 2340 576 curam
2371 537 2464 575 eas
2492 519 2850 575 custodiendi
2898 520 3283 574 committeret
3327 520 3422 573 “7.
3478 520 3576 573 Vir
3625 536 3858 592 quoque

2146 609 2487 664 venerabilis
2535 625 2735 664 earum
2779 606 2854 642 ²²⁸
2898 608 3272 679 petitionibus
3327 608 3718 675 consentiens,
3777 626 3859 663 so-

2149 715 2335 752 rorem
2363 714 2526 752 suam
2564 696 2637 751 ad
2683 713 2740 750 se
2800 697 3040 760 vocavit,
3081 713 3144 750 ac
3201 695 3437 750 diversis
3480 695 3859 752 circumlocu-

2147 787 2399 841 tionibus
2426 787 2585 840 illam
2615 786 2948 849 exhortans,
2997 785 3226 838 tandem
3259 784 3340 838 sic
3371 785 3451 838 ait
3484 797 3496 840 :
3537 807 3559 832 ι
3599 785 3858 838 Dilectis-

2144 877 2309 938 sima,
2390 874 2599 946 inquit,
2673 890 2832 928 soror
2921 891 3071 939 mea,
3147 873 3306 928 vides
3349 889 3442 928 res
3499 873 3855 940 mundanas,

2143 980 2318 1036 quam
2391 963 2620 1034 fragiles
2673 979 2737 1018 ac
2801 963 3155 1018 defectibiles
3231 966 3384 1028 sunt,
3439 977 3614 1033 quam
3668 963 3858 1031 plena:

2144 1054 2302 1107 omni
2347 1051 2652 1124 iniquitate
2695 1052 3033 1105 consistunt.
3091 1051 3233 1105 Nam
3287 1066 3496 1104 aurum
3544 1055 3603 1103 et
3657 1048 3736 1084 ²²⁹
3771 1067 3858 1105 ar-

2145 1147 2380 1212 gentum
2414 1141 2743 1212 lapidesque
2772 1139 2867 1207 33°,
2904 1140 3002 1211 qui
3077 1139 3244 1193 nobis
3283 1139 3554 1193 videntur
3583 1139 3857 1210 preciosi,

2145 1229 2282 1300 quid
2306 1228 2460 1282 aliud
2482 1243 2656 1300 quam
2687 1228 2881 1282 sordes
2912 1231 3318 1298 computantur
3345 1227 3493 1296 apud
3546 1227 3736 1281 Deum
3767 1225 3857 1278 ’3'.

2146 1318 2300 1371 Nihil
2330 1317 2390 1371 in
2419 1318 2506 1370 his
2537 1317 2688 1371 aliud
2738 1317 2962 1387 agimus
2993 1317 3086 1382 ²³²,
3131 1316 3245 1370 nisi
3296 1315 3613 1387 cupiditate
3663 1331 3859 1369 rerum

2142 1406 2552 1476 temporalium
2599 1404 2669 1441 ’3'
2729 1406 2964 1459 miseras
3008 1405 3228 1459 animas
3289 1404 3630 1474 decipimus.
3701 1405 3860 1468 Quo-

2143 1510 2389 1565 cumque
2431 1497 2587 1548 enim
2612 1494 2932 1564 gradimur,
2958 1493 3158 1548 mortis
3186 1493 3390 1546 umbra
3422 1509 3528 1547 nos
3559 1493 3858 1564 sequitur;

2148 1587 2203 1636 et
2224 1583 2323 1652 qui
2353 1583 2628 1637 securiter
2669 1583 2744 1618 ²³⁸
2799 1583 2968 1636 hodie
3020 1583 3080 1636 in
3125 1582 3340 1636 deliciis
3399 1581 3557 1645 vivit,
3606 1597 3739 1634 cras
3772 1581 3860 1634 in-

2146 1671 2386 1725 feliciter
2409 1671 2578 1725 morti
2609 1669 2681 1705 ²⁵⁵
2731 1671 3072 1725 succumbit.
3134 1671 3336 1724 Beatus
3391 1674 3586 1723 autem
3623 1670 3726 1723 ille
3755 1676 3858 1733 est,

2149 1760 2248 1830 qui
2293 1765 2507 1814 rectam
2556 1759 2695 1829 justi
2729 1760 2951 1813 itineris
3008 1759 3271 1830 sequitur
3323 1757 3588 1812 semitam
3631 1763 3691 1812 et
3749 1759 3862 1827 glo-

2146 1850 2292 1904 riam
2322 1849 2492 1919 hujus
2532 1848 2734 1903 mundi
2763 1849 2984 1918 respuit
3014 1853 3073 1902 et
3105 1863 3235 1918 quas
3268 1848 3367 1901 Dei
3395 1853 3528 1900 sunt
3566 1847 3730 1900 intra
3759 1848 3858 1900 do-

2149 1937 2424 1991 micilium
2476 1937 2603 2006 puri
2643 1936 2830 1990 cordis
2872 1936 3093 2006 recipit.
3147 1937 3310 2004 Ergo,
3351 1934 3649 1988 carissima
3695 1951 3862 1988 soror

2148 2042 2294 2091 mea,
2327 2025 2582 2078 armillas
2635 2029 2691 2078 et
2747 2025 2978 2078 inaures
3026 2028 3322 2093 vestesque
3367 2023 3669 2076 deliciosas
3732 2026 3860 2077 volo

2145 2120 2210 2168 ut
2249 2114 2520 2184 deponas,
2573 2118 2631 2168 et
2679 2115 2938 2167 velamen
2989 2117 3248 2166 sanctum
3323 2110 3586 2181 accipias,
3657 2110 3859 2181 sicque

2147 2203 2268 2273 regi
2310 2203 2658 2272 sempiterno
2688 2206 2743 2256 te
2774 2202 3052 2272 adjungas
3079 2201 3174 2252 ’3’.
3215 2221 3235 2247 ι
3284 2200 3411 2253 Haec
3459 2215 3588 2252 cum
3623 2197 3726 2252 illa
3757 2216 3860 2252 au-

2145 2289 2337 2354 disset,
2372 2289 2740 2344 vehementer
2791 2290 3033 2360 expavit,
3063 2293 3119 2342 et
3146 2288 3298 2342 ultra
3329 2302 3503 2357 quam
3554 2287 3668 2340 dici
3725 2302 3858 2357 pos-

2149 2379 2223 2432 sit
2275 2378 2588 2445 admirans,
2637 2379 2716 2432 ait
2748 2395 2813 2433 :¢
2853 2377 3143 2448 Numquid
3193 2375 3319 2442 scis,
3391 2375 3584 2429 senior
3636 2381 3858 2442 sancte,

2147 2467 2410 2522 omnibus
2441 2467 2641 2521 diebus
2682 2467 2813 2521 vitae
2847 2483 2987 2520 meae
3033 2467 3092 2520 in
3142 2463 3489 2519 secularibus
3521 2479 3612 2516 me
3661 2479 3860 2518 versa-

2145 2563 2284 2625 tam,
2317 2557 2480 2612 istius
2519 2557 2694 2611 ofticii
2716 2557 2955 2611 omnino
3001 2573 3121 2610 esse
3161 2555 3448 2610 insciam?
3502 2556 3670 2621 Nam,
3723 2559 3860 2609 tan-

2145 2651 2269 2700 tum
2302 2645 2572 2716 psalterio
2605 2651 2860 2716 excepto,
2894 2645 3069 2699 libros
3097 2643 3326 2716 penitus
3351 2644 3587 2714 ignoro;
3641 2643 3705 2697 in
3745 2643 3859 2698 hoc

2147 2734 2335 2788 officio
2397 2734 2611 2788 versari
2669 2735 2889 2801 nescio;
2957 2739 3015 2788 et
3067 2731 3359 2804 quomodo
3429 2737 3566 2786 tunc
3609 2732 3668 2785 in
3751 2731 3860 2786 hac

2144 2822 2280 2885 vita,
2313 2823 2549 2876 domine
2585 2821 2680 2892 ³³⁷,
2724 2822 2847 2876 sine
2886 2821 3231 2876 otl'endiculo
3274 2819 3463 2875 vivere
3509 2822 3767 2890 potero?
3832 2842 3854 2867 ι

2071 2913 2112 2968 C
2150 2912 2390 2965 Econtra
2411 2911 2498 2965 vir
2524 2911 2661 2966 Dei:
2705 2933 2725 2960 ι
2789 2911 3012 2976 Desine,
3063 2909 3270 2980 inquit,
3307 2913 3370 2962 ut
3411 2908 3500 2962 his
3531 2909 3722 2962 verbis
3752 2909 3857 2962 ali-

2143 2999 2281 3071 quid
2333 2997 2406 3034 ²³⁸
2462 2999 2656 3064 addas,
2697 3003 2752 3053 et
2801 2998 3263 3052 exhortationem
3324 3013 3510 3051 meam
3563 2997 3852 3051 citissime

2141 3087 2457 3159 adimplere
2493 3090 2583 3154 [ne
2613 3084 2706 3158 2³9]
2736 3087 2986 3142 differas.
3042 3086 3190 3150 Quid
3241 3085 3347 3140 tibi
3396 3085 3660 3141 obsistit?
3702 3085 3856 3150 Quid

2141 3175 2418 3246 impedit?
2459 3176 2807 3230 Felicissima
2850 3179 2934 3228 est
2971 3173 3348 3229 commutatio
3389 3172 3483 3241 “0,
3527 3190 3619 3227 res
3659 3179 3854 3227 trans-

2140 3265 2339 3318 itorias
2376 3264 2778 3335 derelinquere
2809 3268 2864 3317 et
2913 3268 3155 3317 aeternas
3187 3261 3412 3316 divitias
3453 3261 3752 3332 vitamque
3776 3260 3849 3297 ²⁴³¹

2140 3359 2479 3424 perpetuam
2509 3351 2751 3406 feliciter
2777 3351 3146 3423 acquirere.»
3199 3351 3295 3405 His
3347 3349 3587 3420 aliisque
3633 3351 3856 3404 exhor-

2139 3441 2452 3495 tationibus
2502 3441 2766 3512 plurimis
2811 3455 3065 3494 sororem
3106 3455 3268 3492 suam
3317 3438 3398 3492 ita
3432 3437 3747 3508 superavit,
3789 3443 3857 3492 ut

2137 3530 2369 3584 tandem
2429 3530 2698 3600 quicquid
2776 3529 3046 3583 voluisset
3116 3544 3174 3582 se
3235 3527 3513 3582 facturam
3594 3527 3854 3580 devovis-

2138 3625 2225 3672 set
2253 3616 2346 3671 "3.
2380 3618 2498 3673 Hoc
2527 3618 2600 3652 ’⁵⁵
2631 3633 2764 3672 cum
2826 3617 2926 3672 Dei
2956 3633 3150 3670 servus
3200 3616 3444 3682 audiret,
3480 3615 3694 3685 gratias
3729 3615 3852 3670 Deo

2137 3712 2254 3761 toto
2310 3706 2479 3760 corde
2525 3705 2848 3776 rependens
2879 3704 3168 3759 exultavit.
3215 3703 3532 3774 Statimque
3580 3704 3850 3773 regulam

2136 3794 2472 3848 canonicam
2541 3793 2712 3846 simul
2760 3799 2817 3846 et
2871 3797 3225 3863 computum,
3278 3807 3498 3845 necnon
3554 3796 3611 3843 et
3667 3790 3850 3846 vitam

2139 3883 2374 3937 Patrum
2439 3897 2504 3936 ac
2573 3881 2867 3953 dialogum
2935 3882 3191 3952 aliosque
3248 3879 3424 3935 libros
3504 3877 3637 3934 huic
3709 3895 3845 3933 cou-

1737 3994 1974 4048 VARle
2017 3992 2416 4048 LECTIONES.

405 4103 530 4177 “"‘__
558 4107 866 4162 transferre
927 4107 1062 4162 fecit
1143 4107 1372 4177 quando
1438 4125 1514 4163 m.
1590 4112 1644 4163 2.

330 4175 533 4250 23197
591 4179 668 4232 ibi
704 4195 953 4250 quoque
1016 4183 1065 4233 1.
1147 4175 1218 4213 "93
1273 4180 1534 4250 deestu2.
1621 4177 1881 4250 ‘997dein
1941 4183 1986 4233 1.

328 4247 460 4321 ΨᾸῘῘ
532 4251 592 4305 2ο
675 4247 755 4283 ²⁰²ί
823 4247 1205 4321 ibi__quoque
1283 4254 1331 4305 ι,
1409 4248 1482 4284 sos

328 4315 401 4351 ²⁰⁷
432 4319 540 4372 hoc
571 4321 716 4374 colle
745 4323 798 4375 2.
875 4318 950 4354 ²⁰⁸
975 4315 1009 4374 Ιῖ

1726 4105 1794 4152 19⁵
1860 4108 2192 4178 deinde_a.
2262 4111 2315 4162 2.
2399 4105 2467 4142 ‘95
2551 4109 2945 4178 fructibusque
3010 4107 3213 4178 excisis
3293 4123 3340 4161 c.
3411 4107 3635 4178 planari
3705 4108 3846 4164 fecit

2065 4176 2142 4213 ²⁰⁰
2197 4194 2246 4232 c.
2319 4185 2493 4249 atque
2549 4179 2683 4232 illuc
2740 4176 2950 4249 saep—ius
3017 4183 3077 4233 2.

1557 4249 1756 4320 positis
1830 4254 1884 4303 2.
1963 4246 2038 4284 ²⁰¹⁸
2108 4267 2167 4302 se
2242 4246 2544 4304 exercebat
2614 4246 2839 4320 2.Π²⁰⁵’
2895 4250 3038 4304 deest
3115 4254 3190 4320 2.,
3242 4247 3317 4283 ²⁰⁶
3352 4246 3716 4304 “οοιιθοιδι“ἰο
3787 4255 3840 4305 2.

1043 4319 1177 4392 quia
1234 4337 1266 4374 a
1317 4319 1664 4392 tumultibus
1739 4319 1963 4392 alienus
2030 4319 2192 4392 locus
2249 4326 2372 4373 erat
2428 4323 2480 4374 2.
2517 4325 2567 4374 et
2632 4319 2768 4392 add.
2836 4322 3106 4374 rubrum:
3165 4319 3468 4384 Quomodo
3535 4321 3841 4392 episcopus

330 4389 688 4463 Burchardus
741 4407 988 4446 canones
1014 4388 1236 4463 elegit.
1313 4389 1388 4424 ’09
1455 4393 1575 4444 Jam
1633 4393 1687 4444 2.
1766 4388 2168 4463 “osvalthero
2216 4394 2267 4445 2.
2323 4392 2392 4424 ²¹¹
2454 4391 2921 4463 brunrechonne_
2957 4395 3003 4445 l.

3161 4177 3232 4212 ²⁰¹
3266 4177 3478 4248 saepius
3535 4195 3595 4232 se
3653 4183 3841 4234 trans-

3083 4392 3156 4424 ²¹²
3220 4407 3370 4461 saepe
3419 4396 3472 4445 2.
3570 4389 3644 4425 ²¹⁵
3723 4389 3843 4446 fue-

330 4464 540 4532 runt2.
620 4460 694 4496 ²¹⁸
745 4469 801 4516 et
829 4466 880 4516 2.
961 4460 1035 4496 ²¹⁵
1101 4460 1198 4517 seu
1253 4463 1643 4515 collectorium
1706 4464 1758 4515 2.
1836 4460 1907 4497 ²¹⁶
1966 4461 2073 4515 Sed
2137 4461 2242 4532 hoc
2293 4477 2438 4531 opus
2500 4461 2682 4516 adhuc
2739 4461 2798 4516 in
2859 4461 3265 4516 Franckendasl
3305 4460 3528 4532 majori
3593 4462 3840 4516 habetur

333 4530 393 4602 in
423 4531 812 4601 pulcherrima
868 4532 1124 4600 libraria,
1185 4533 1314 4586 licet
1356 4533 1526 4585 modo
1582 4536 1709 4602 post
1763 4548 1908 4602 opus
1957 4531 2206 4586 Gratiani
2264 4530 2381 4585 non
2434 4537 2672 4585 utantur
2693 4532 2919 4602 juristaa
2953 4533 3085 4586 add.
3121 4534 3172 4586 2.
3204 4533 3367 4586 verba
3413 4530 3839 4600 Kirsgartensis,

329 4601 515 4670 ibique
553 4603 721 4656 rubra
761 4605 1008 4671 sequitur
1047 4620 1060 4658 :
1099 4605 1174 4657 De
1206 4601 1627 4656 constructione
1683 4601 1848 4656 novae
1906 4603 2158 4656 ecclesiae
2185 4603 2365 4656 sancti
2418 4603 2592 4668 Petri,

330 4673 586 4726 ecclesia.
665 4671 740 4707 ²¹⁷
770 4677 827 4726 Ρ.
861 4674 949 4726 vir
998 4675 1052 4726 d.
1088 4673 1448 4726 Burchardus
1473 4675 1526 4725 2.
1604 4669 1678 4705 ²¹⁸
1725 4673 1870 4726 deest
1904 4676 1949 4726 1.
2029 4670 2102 4706 ²¹⁹
2134 4689 2198 4726 n.
2241 4673 2482 4726 anostoli
2557 4674 2592 4708 ³⁵

2185 4715 2198 4726 .
2241 4673 2482 4726 anostoli

330 4689 586 4726 ecmesxa.
666 4689 737 4707 ιε’
770 4689 827 4728 l’.
861 4690 949 4727 vir
998 4689 1052 4728 α.
1089 4689 1448 4727 burcnarnus
1473 4689 1526 4725 2.
1605 4689 1678 4705 ιιυ
1725 4689 1870 4727 aeest
1904 4689 1949 4726 ι.
2030 4689 2102 4706 ειν
2133 4689 2198 4743 p.
2241 4689 2482 4744 aposwu
2558 4689 2630 4708 ην
2673 4689 2725 4727 2.
2771 4689 2892 4727 erat
2934 4689 2962 4726 2

329 4758 524 4816 sorore
555 4743 695 4816 ejus,
727 4759 912 4816 quam
967 4743 1221 4815 praefecit
1247 4742 1612 4816 monialibus
1636 4741 1695 4795 in
1747 4744 2238 4816 Nonnonniinster
2293 4745 2353 4797 in
2411 4744 2688 4816 suburbio
2745 4744 2962 4799 civitas.

1862 4813 1933 4850 ²²⁵
1976 4814 2282 4885 superabat
2325 4817 2379 4870 2.
2457 4813 2527 4850 ²²⁶
2581 4818 2842 4885 erant__i.

767 4884 841 4921 ²³⁰
887 4886 1106 4955 lapides
1153 4883 1392 4955 pretiosi
1446 4887 1501 4955 2.
1578 4883 1648 4916 ²⁵¹
1711 4883 2062 4955 reputantur
2104 4888 2154 4939 2.
2235 4886 2305 4918 ²⁶²
2357 4889 2536 4955 agunt
2581 4888 2635 4939 '2.
2716 4883 2790 4955 ’ἒξ
2841 4886 3208 4955 δθρυιθτίιιηιί
3245 4888 3297 4939 2.
3359 4885 3435 4920 ²³¹³
3466 4902 3662 4940 secure
3725 4886 3841 4941 hoc

1246 4953 1317 4990 ²³⁵
1360 4954 1674 5026 conjungas
1708 4952 1790 5008 2f
1839 4952 1911 4990 ’³⁷
1973 4956 2085 5010 vita
2130 4955 2358 5009 Domini
2401 4952 2536 5010 sine
2573 4959 2626 5026 2.
2707 4953 2980 5026 maliqua
3035 4960 3090 5012 2.
3169 4954 3242 4991 ³⁵9
3294 4956 3437 5012 deest
3494 4961 3540 5012 1.

330 4669 586 4726 ecclesia.
665 4671 740 4707 ²¹⁷
770 4669 841 4728 Ρξ
861 4674 949 4727 vir
998 4675 1052 4728 d.
1088 4673 1448 4727 Burchardus
1473 4675 1526 4725 2.
1604 4669 1678 4705 ²¹⁸
1725 4673 1870 4727 deest
1904 4676 1949 4726 1.

329 4813 504 4868 dam?
581 4812 654 4848 ²²δ
710 4812 1063 4870 diversitates
1114 4817 1166 4867 2.
1245 4812 1316 4849 ”‘
1349 4829 1542 4868 secum
1600 4813 1656 4866 h.
1718 4817 1777 4868 2.

327 4882 404 4917 ²²⁹
431 4884 577 4938 deest
624 4888 657 4939 2
670 4929 684 4943 .

326 4955 418 5008 die
450 4959 507 5009 et
535 4956 589 5010 d.
619 4960 671 5011 2.
751 4957 824 4993 ’3'
889 4962 1071 5010 morte
1120 4958 1166 5008 1.

2634 4619 2763 4673 quae
2794 4605 2964 4658 modo
3021 4619 3245 4656 summa
3269 4604 3479 4657 dicitur
3508 4605 3625 4658 sive
3656 4607 3843 4673 major

2557 4672 2725 4727 9'02.
2771 4679 2892 4727 erat
2933 4676 2984 4728 2.
3064 4673 3134 4707 ²²¹
3185 4676 3235 4727 2.
3270 4674 3401 4727 add.
3433 4675 3658 4729 rubrum
3699 4689 3711 4729 :
3754 4672 3841 4730 De

3041 4743 3118 4776 ¹²²
3149 4745 3442 4798 mahillam
3492 4748 3545 4800 2.
3604 4746 3834 4799 mahtil-

2926 4815 2998 4848 ²²⁷
3059 4815 3111 4868 ei
3170 4832 3217 4869 c.
3278 4818 3330 4870 2.
3410 4814 3482 4849 ²²⁸
3551 4832 3756 4869 eorum
3792 4822 3837 4870 1.

3626 4955 3707 4991 suo
3757 4959 3838 5012 γε,

329 5025 665 5082 licissimum
699 5032 784 5081 est
807 5025 1204 5082 concambium
1232 5027 1283 5079 2.
1360 5022 1431 5059 ²¹⁶¹
1467 5022 1525 5080 et
1553 5022 1611 5096 ρ’.
1643 5026 1886 5081 salutem
1922 5029 1975 5080 2.
2054 5027 2125 5062 ²⁶²
2154 5027 2404 5081 novisset
2439 5029 2493 5080 2.
2573 5025 2646 5063 ’⁸³
2691 5027 2820 5082 Haec
2857 5022 2910 5081 2'.

1973 5138 2198 5193 NOTAE.

399 5245 514 5310 (l7)
560 5242 880 5309 Olbertum,
925 5241 1027 5313 qui
1069 5245 1266 5312 postea
1314 5242 1488 5296 abbas
1553 5243 1913 5297 comstitutus
1943 5248 2027 5298 est

328 5312 774 5384 Gemhlacensis,
806 5312 1094 5384 praecipue
1128 5313 1453 5368 Burchardo
1477 5328 1644 5384 opem
1671 5315 2024 5384 pmstitisse,

327 5383 783 5523 P(destﬁqgreferunt
809 5383 1240 5439 ’abbfGembl.
1299 5401 1390 5456 ap.
1425 5383 1687 5441 Dacher.’
1721 5385 1812 5442 ed.
1843 5389 1900 5456 2,
1959 5387 2021 5450 Il,

2207 5245 2320 5314 (18)
2349 5243 2432 5298 Cf.
2478 5243 2791 5299 Burcbardi
2825 5244 2989 5314 epist.
3044 5244 3113 5300 ad
3168 5245 3588 5302 Brunichonem
3639 5246 3838 5302 decre-

2132 5318 2326 5386 torum
2354 5314 2672 5370 collectioni
2694 5317 3069 5386 praemissam.

2208 5386 2225 5455 (
2239 5385 2318 5452 l9)
2346 5386 2433 5441 Cf.
2459 5385 2758 5456 Alpertu’m
2793 5405 2829 5453 ι,
2849 5390 2901 5456 2,
2926 5401 3120 5458 supra.
