3956 6310
144 325 237 374 521
1334 316 1700 372 PROCEMIA.
1740 347 1807 355 —-

2046 316 2465 374 BURCHARDI.

3541 323 3646 378 522

143 443 442 497 venientes
526 456 652 495 eam
712 438 926 493 discere
1005 437 1294 509 pracepit.
1356 439 1494 502 Qua
1570 439 1843 494 continuo
1882 440 1928 494 Α
1959 438 2129 495 ditis?
2174 441 2308 494 Ecce
2357 440 2547 511 puella
2598 438 2935 494 tenuissima
2981 444 3167 534 erqcto
3213 443 3418 498 vexillo
3466 443 3644 500 intre-

147 531 344 586 omnia
394 547 519 600 qua
566 529 740 598 jussit
792 527 1130 582 obedienter
1190 527 1406 581 discere
1465 543 1529 580 ac
1573 529 1846 598 perﬁcere

146 621 372 674 studuit
400 618 489 673 ³⁸⁸.
525 619 664 672 Cum
697 625 888 671 autem
919 617 1005 669 vir
1040 617 1372 670 Deitantam
1405 617 1758 670 voluntatem
1793 625 1848 670 et

148 714 263 762 tam
299 708 463 779 pium
495 707 746 760 studium
786 706 847 760 in
885 706 991 759 hac
1041 705 1141 761 Dei
1194 705 1409 759 famula
1456 705 1845 770 intellexisset,

149 797 425 866 imposito
471 795 775 860 velamine,
806 794 876 848 ad
918 794 1018 848 Dei
1050 793 1304 847 ofﬁcium
1330 810 1455 847 eam
1477 794 1843 847 consecravit.

149 885 521 956 Congregatis
559 882 627 920 ³⁸⁵
674 884 731 936 in
782 899 962 936 unum
1001 881 1313 950 sororibus,
1351 883 1642 936 abbatiam
1682 898 1849 935 soro-

147 988 398 1044 rumque
438 988 635 1025 curam
682 970 766 1024 illi
805 969 1244 1023 commendavit.
1293 971 1538 1039 Accepto
1580 985 1713 1022 vero
1752 985 1846 1022 ve-

150 1061 383 1127 lamine,
436 1060 652 1114 cunctis
690 1059 996 1113 virtutibus
1026 1057 1394 1128 honestisque
1435 1057 1692 1111 moribus
1744 1057 1850 1110 cla-

148 1150 378 1203 rissima
432 1149 657 1215 enituit,
691 1153 748 1202 et
787 1147 950 1218 quasi
998 1146 1157 1199 omni
1203 1145 1320 1198 vita
1375 1161 1476 1198 sua
1533 1146 1847 1200 secundum

153 1238 416 1309 regulam
451 1237 653 1292 fuisset
687 1237 938 1292 enutrita
979 1233 1074 1301 “5,
1115 1234 1333 1288 cunctis
1375 1235 1622 1306 praebuit
1657 1250 1849 1288 exem-

151 1329 246 1397 pla
290 1326 500 1380 divina.
551 1327 674 1381 Non
721 1325 876 1379 enim
913 1323 1092 1377 voluit
1135 1322 1454 1376 ministrari
1501 1320 1573 1357 ’⁸⁸⁷
1615 1322 1712 1376 sed
1751 1322 1853 1374 mi-

154 1415 420 1482 nistrare,
475 1431 662 1485 neque
712 1429 869 1466 more
910 1411 1285 1481 magisteriali
1321 1408 1394 1446 "3
1424 1427 1597 1480 super
1640 1408 1714 1444 "9
1743 1427 1849 1463 ca-

155 1510 306 1558 teras
365 1519 422 1556 se
473 1503 758 1569 exaltavit,
804 1502 903 1555 sed
946 1500 1110 1571 quasi
1150 1505 1334 1553 mater
1392 1505 1624 1553 cunctas
1659 1499 1856 1552 dilexit

159 1609 221 1645 ac
242 1591 456 1646 docuit.
492 1593 630 1646 Mira
674 1608 783 1656 res,
838 1595 900 1644 ut
953 1589 1167 1642 femina
1198 1589 1466 1641 secularis
1497 1589 1557 1641 in
1589 1588 1695 1641 hoc
1753 1604 1852 1640 ne-

156 1679 321 1748 gocio
350 1694 422 1731 ne
463 1679 694 1748 quidem
731 1678 800 1730 ad
851 1677 1052 1729 horam
1111 1681 1462 1745 gravaretur,
1514 1675 1613 1728 sed
1663 1675 1854 1745 potius

156 1766 556 1820 delectaretur.
592 1767 772 1820 Omne
824 1781 1055 1835 quoque
1102 1763 1387 1832 pradium
1443 1763 1597 1834 quod
1657 1763 1852 1833 acqui-

153 1855 328 1909 sierat
377 1854 628 1908 ecclesia
684 1854 776 1907 cui
821 1858 1068 1923 pracrat
1117 1868 1247 1906 cum
1291 1851 1508 1905 auxilio
1554 1851 1744 1905 fratris
1793 1852 1853 1904 in

158 1943 462 2014 proprium
497 1944 835 1996 contulerat.
881 1943 1181 2001 Praterea,
1218 1941 1389 1994 fratre
1426 1939 1760 1994 exhortante
1799 1945 1856 1994 et

159 2033 485 2102 adjuvante,
528 2032 838 2084 claustrum
873 2030 1044 2083 simul
1084 2027 1156 2065 ²δ⁰
1185 2033 1240 2082 et
1266 2029 1676 2082 monasterium
1710 2044 1855 2098 pene

162 2121 487 2174 desolatum
524 2135 640 2172 non
679 2120 862 2172 solum
911 2117 1229 2183 renovavit,
1262 2117 1358 2170 sed
1399 2116 1854 2170 etiam'readiti-

161 2209 306 2262 cavit
341 2214 398 2262 et
446 2206 516 2241 ²⁵¹
582 2207 832 2261 dedicari
874 2206 1019 2267 fecit,
1079 2211 1136 2258 et
1189 2206 1250 2258 in
1290 2205 1498 2258 servito
1549 2205 1740 2258 divino
1787 2201 1858 2240 ²⁵²

162 2314 294 2351 cum
342 2297 632 2350 sororibus
686 2295 794 2348 sibi
838 2294 1160 2348 commissis
1225 2294 1315 2347 die
1359 2297 1648 2363 noctuque
1688 2292 1858 2346 corde

165 2391 223 2439 et
253 2385 448 2438 animo
479 2384 846 2438 stabilissimo
878 2381 949 2418 ²⁸⁵
988 2381 1325 2452 permansit,
1373 2397 1688 2451 earumque
1718 2395 1860 2433 cou-

164 2474 553 2527 versationem
593 2471 784 2525 fratris
823 2469 1112 2541 adjutorio
1141 2471 1211 2506 ²⁵⁴
1242 2469 1682 2534 rationabiliter,
1715 2469 1862 2522 sicut

167 2561 480 2615 canonicus
514 2560 773 2631 deposcit
801 2557 870 2596 “5
901 2559 1060 2625 ordo,
1095 2574 1197 2628 per
1228 2557 1424 2611 omnia
1451 2556 1752 2627 disposuit.

244 2653 329 2705 13.
376 2650 536 2703 Illius
584 2664 816 2718 quoque
860 2646 932 2683 ³⁵⁸
979 2645 1253 2717 exemplis
1282 2662 1347 2699 ac
1402 2643 1472 2681 ³⁵⁷
1505 2643 1863 2699 documentis

167 2755 288 2793 una
319 2753 389 2792 ex
419 2737 634 2791 eisdem
667 2735 980 2802 sororibus,
1014 2735 1230 2790 Caritas
1267 2734 1585 2799 nominata,
1620 2735 1733 2787 Deo
1765 2733 1862 2787 de-

168 2833 323 2892 vota,
375 2827 594 2880 altioris
639 2824 987 2896 majorisque
1015 2824 1145 2876 vita
1177 2823 1593 2878 districtionem
1640 2823 1710 2876 ab
1743 2820 1862 2892 epi-

171 2933 342 2986 scopo
405 2914 752 2985 postulabat.
809 2914 1070 2983 Cumque
1117 2913 1213 2966 ille
1262 2912 1364 2965 Dei
1410 2912 1758 2964 voluntatem
1805 2910 1864 2963 in

169 3004 272 3057 tali
298 3005 413 3057 vita
448 3003 619 3072 justis
651 3002 810 3055 factis
841 2999 914 3035 ²⁵⁸
946 3002 1090 3054 bene
1131 2999 1433 3069 adimpleri
1464 2995 1534 3034 "9
1565 3015 1728 3067 posse
1759 2997 1855 3050 ﬁr-
1897 2998 1936 3053 C

171 3102 379 3163 maret,
417 3099 613 3147 tamen
642 3093 802 3162 virgo
838 3093 937 3146 Dei
977 3091 1255 3162 petitione
1287 3088 1613 3143 incessabili
1643 3088 1866 3143 assidue

171 3185 432 3255 rogabat,
467 3187 547 3248 ut,
589 3181 726 3252 quia
757 3182 974 3252 majora
1012 3181 1194 3233 facere
1246 3179 1429 3245 vellet,
1475 3178 1753 3232 inclusam
1809 3194 1867 3231 se

173 3291 206 3327 a
255 3272 604 3326 secularibus
641 3275 960 3323 removeret
1012 3269 1104 3322 ³⁸0.
1156 3268 1408 3322 Tandem
1465 3267 1552 3319 vir
1599 3266 1698 3320 Dei
1729 3266 1870 3336 peti-

175 3361 322 3416 tioni
358 3362 478 3429 ejus
527 3358 909 3420 consentiens,
964 3359 1178 3410 clusam
1217 3353 1288 3389 ²⁶¹
1333 3355 1457 3408 ﬁeri
1494 3355 1685 3425 jussit,
1716 3355 1870 3409 diem

177 3457 398 3505 certum
431 3448 723 3502 constituit
752 3447 822 3483 ³⁸³
848 3488 864 3515 ,
898 3453 951 3500 et
981 3447 1050 3500 ad
1090 3446 1163 3479 ²⁶³
1221 3445 1605 3515 peragendam
1636 3443 1736 3497 Dei
1786 3443 1869 3497 fa-

180 3541 355 3594 mula
384 3539 735 3592 voluntatem
767 3536 836 3590 ad
892 3535 1307 3589 monasterium
1349 3532 1868 3586 sanctimonialium

180 3645 310 3683 cum
353 3625 632 3680 universis
696 3624 966 3678 fratribus
1016 3623 1191 3676 venit.
1243 3623 1502 3691 Cumque
1552 3621 1688 3674 illuc
1735 3636 1871 3673 ven-

179 3723 304 3771 tum
340 3716 560 3778 fuisset,
599 3713 869 3767 fratribus
901 3712 960 3765 in
1005 3727 1186 3764 unum
1221 3710 1564 3774 convocatis,
1590 3709 1875 3779 virginem

181 3806 241 3859 in
293 3805 482 3859 medio
512 3802 709 3856 statuit
750 3808 806 3856 et
847 3801 989 3854 dixxt
1018 3799 1090 3836 ³⁵⁸
1124 3817 1136 3852 :
1173 3820 1200 3850 α
1246 3799 1467 3852 Fratres
1508 3799 1623 3852 mei
1652 3797 1874 3851 carissi-

185 3895 286 3960 mi,
319 3893 522 3947 videtis
561 3892 707 3945 hanc
749 3890 1051 3959 virginem,
1097 3888 1197 3942 Dei
1230 3904 1422 3942 amore
1458 3887 1672 3958 pariter
1711 3891 1766 3941 et
1806 3888 1876 3940 ti-

185 3999 344 4038 more
392 3996 702 4044 accensam,
755 3979 1000 4032 lubricas
1039 3977 1209 4046 hujus
1242 3976 1441 4030 mundi
1502 3975 1732 4029 delicias
1792 3989 1880 4029 re-

187 4075 490 4141 spuentem
539 4074 594 4123 et
639 4070 752 4122 Deo
799 4067 1024 4137 placere
1075 4065 1588 4133 concupiscentem.
1645 4065 1770 4118 Hac
1807 4060 1879 4097 ²⁶⁵

187 4175 512 4214 sermonem
538 4155 928 4226 evangelicum
956 4171 1071 4207 non
1101 4151 1174 4188 ²⁴³⁶
1208 4153 1376 4206 surda
1405 4169 1540 4206 aure
1572 4151 1878 4221 recipiens,

180 4254 404 4319 patrem
458 4252 516 4300 et
554 4251 816 4310 matrem,
871 4247 1145 4312 cognatos
1187 4246 1243 4295 et
1293 4241 1524 4308 amicos,
1580 4241 1781 4294 domos
1823 4244 1881 4293 et

183 4349 352 4406 agros
389 4333 625 4404 respuit,
661 4336 717 4386 et
747 4331 850 4384 soli
886 4328 954 4366 ²⁶⁷
985 4331 1100 4384 Deo
1132 4346 1192 4384 se
1234 4330 1546 4400 adjungere
1579 4328 1879 4399 disposuit.

187 4423 534 4488 Erubescite,
561 4437 744 4486 senes,
786 4435 1010 4472 necnon
1042 4423 1097 4471 et
1127 4434 1244 4484 vos,
1273 4419 1533 4487 juvenes,
1582 4417 1724 4470 nihil
1753 4416 1886 4470 huic

187 4513 375 4567 simile
405 4510 703 4566 facientes!
753 4508 898 4572 Quid
929 4507 1167 4561 tacetis?
1209 4506 1355 4570 Quid
1392 4507 1600 4560 rubore
1648 4509 1885 4559 conten-

1956 529 2094 599 pida
2122 544 2218 582 vos
2256 529 2548 600 pracedit,
2583 535 2640 583 et
2677 535 2871 582 contra
2901 529 3184 599 spiritales
3213 533 3496 602 nequitias
3541 550 3647 604 pu-

1958 633 2134 687 gnare
2180 633 2296 670 non
2348 618 2570 672 metuit.
2631 618 2770 671 Ecce
2832 618 3006 671 lorica
3055 617 3130 652 ²⁶⁸
3189 619 3324 674 ﬁdei
3372 623 3647 693 galeaque

1958 705 2157 758 salutis
2188 705 2405 773 induta,
2440 706 2634 758 animo
2670 705 3061 777 imperterrita
3100 712 3299 762 contra
3352 709 3649 764 inimicum

1960 793 2232 848 dimicare
2286 799 2370 848 est
2406 792 2480 828 ’69
2519 799 2736 863 parata.
2801 796 2946 866 Ergo
2999 796 3046 849 si
3093 813 3283 868 neque
3328 800 3651 868 pracedere

1959 898 2148 953 neque
2194 882 2328 936 huic
2366 881 2441 916 ²⁷⁰
2468 899 2805 937 concurrere
2845 884 3078 954 possitis
3124 883 3220 953 ’7‘,
3278 888 3478 940 saltem
3527 903 3651 942 eam

1961 970 2242 1024 similibus
2309 971 2534 1042 pietatis
2593 973 2867 1043 exemplis
2924 973 3200 1044 consequi
3276 975 3571 1029 studeatis.
3628 998 3648 1023 ι

1960 1062 2094 1114 Post
2145 1060 2265 1116 hac
2297 1061 2519 1130 aliaque
2557 1061 2729 1114 verba
2777 1061 2990 1128 divina,
3023 1063 3319 1133 completis
3350 1064 3654 1119 missarum

1960 1148 2164 1202 officiis
2205 1146 2304 1221 3⁷³,
2340 1149 2560 1202 cellula
2629 1166 2752 1203 eam
2793 1150 3057 1219 inclusit;
3108 1157 3165 1205 et
3201 1168 3329 1222 qua
3378 1150 3453 1189 ³⁷⁸
3498 1169 3652 1208 com-

1960 1235 2274 1306 punctioue
2340 1236 2531 1290 divina
2585 1238 2940 1291 secularibus
2999 1236 3072 1272 ’⁷⁸
3103 1244 3333 1292 mortua
3393 1239 3504 1294 fuit
3561 1237 3655 1308 ’7‘,

1962 1324 2161 1378 ordine
2209 1330 2567 1379 mortuorum
2610 1327 2724 1380 Deo
2773 1327 2930 1380 illam
2973 1328 3492 1382 commendaverat.
3535 1329 3656 1383 Ibi-

1963 1429 2073 1483 que
2104 1410 2180 1446 ²⁷⁶
2226 1414 2337 1466 Deo
2383 1413 2681 1468 serviendo
2729 1418 2843 1468 tres
2880 1431 3058 1468 annos
3103 1415 3220 1469 vita
3265 1417 3518 1486 angelica
3568 1417 3654 1469 vi-

1964 1501 2152 1567 vebat,
2192 1507 2248 1556 et
2295 1503 2531 1556 diversis
2560 1504 2922 1573 passionibus
2953 1509 3228 1574 temptata
3269 1502 3364 1571 ’77,
3425 1507 3494 1560 ad
3523 1506 3656 1559 ulti-

1966 1605 2126 1643 mum
2159 1591 2410 1644 animam
2452 1591 2700 1660 pleniter
2745 1596 3116 1661 expurgatam
3155 1589 3229 1627 ’⁷⁸
3259 1609 3363 1646 suo
3413 1594 3662 1647 reddidit

1967 1678 2238 1744 Creatori,
2282 1683 2344 1732 ut
2388 1679 2446 1732 in
2480 1680 2749 1733 omnibus
2797 1680 3209 1733 bonoriﬁcetur
3252 1682 3418 1748 Deus,
3472 1682 3572 1752 qui
3601 1682 3660 1735 in

1965 1767 2171 1820 sanctis
2194 1767 2310 1820 suis
2346 1783 2572 1837 semper
2603 1773 2686 1821 est
2726 1768 3006 1822 mirabilis
3036 1765 3126 1822 ³⁷9.

2040 1856 2122 1909 14.
2177 1856 2386 1909 Eodem
2427 1860 2685 1925 tempore
2709 1855 2824 1924 (an.
2869 1859 3002 1910 1009
3023 1858 3072 1927 ?)
3125 1857 3337 1928 quippe
3371 1856 3448 1891 ²⁸⁰
3489 1859 3658 1914 Hein-

1964 1943 2113 1996 ricus
2167 1941 2483 2013 imperator
2530 1960 2655 1997 cum
2727 1945 2980 1998 exercitu
3023 1945 3082 1998 in
3140 1946 3530 2015 Burgundiam
3579 1948 3661 2000 ire

1965 2031 2266 2101 disposuit,
2316 2037 2372 2085 et
2414 2048 2480 2084 eo
2529 2032 2734 2085 itinere
2781 2033 3150 2087 Wormatiam
3191 2031 3263 2067 ²⁸¹
3298 2034 3470 2088 venit.
3518 2037 3660 2090 Cum

1965 2126 2158 2173 autem
2199 2120 2494 2189 egregium
2534 2119 2675 2174 illud
2722 2120 3134 2175 monasterium
3175 2137 3318 2192 pen':
3364 2129 3660 2193 peractum

1964 2209 2215 2272 vidisset,
2267 2207 2619 2278 episcopum,
2669 2215 2733 2262 ut
2773 2225 2830 2262 se
2876 2215 3157 2279 prasente
3206 2217 3657 2279 consecraretur,

1965 2297 2205 2351 assiduis
2269 2297 2666 2366 rogationibus
2712 2295 2787 2330 ²⁸²
2829 2296 3048 2367 petivit.
3104 2297 3361 2368 Cumque
3415 2300 3502 2352 vir
3561 2299 3664 2353 Dei

1967 2386 2213 2441 multum
2258 2386 2622 2452 reniteretur,
2684 2385 2918 2439 tandem
2970 2385 3332 2455 imperatoris
3383 2387 3665 2441 voluntati

1969 2474 2131 2545 quasi
2181 2479 2406 2527 coactus
2456 2474 2764 2528 consensit.
2816 2475 2964 2543 Ergo
2997 2475 3156 2528 omni
3204 2477 3478 2546 spurcitia
3529 2477 3665 2530 foris

1969 2563 2223 2633 projecta
2256 2561 2529 2632 omnique
2578 2561 2818 2632 fuligine
2849 2562 3074 2618 detersa
3107 2561 3200 2630 εδδ,
3249 2564 3340 2618 die
3379 2566 3664 2635 sequenti,

1970 2652 2316 2720 imperatore
2357 2655 2638 2720 prasente
2678 2655 2734 2704 et
2757 2651 3017 2720 jubente,
3049 2668 3177 2705 cum
3229 2653 3452 2722 magnis
3483 2653 3662 2707 laudi-

1971 2741 2077 2793 bus
2109 2743 2166 2792 et
2195 2738 2444 2792 maximo
2477 2739 2612 2792 cleri
2664 2739 2963 2809 plebisque
2991 2739 3268 2810 tripudio,
3320 2742 3514 2794 multis
3553 2741 3668 2812 epi-

1974 2829 2154 2897 scopis
2184 2827 2580 2897 prasentibus,
2609 2829 2723 2881 Deo
2753 2827 2938 2882 dicata
2967 2833 3051 2882 est
3080 2829 3201 2882 hac
3232 2829 3439 2883 domus
3471 2829 3561 2883 ⁸⁸⁸.

2048 2920 2130 2972 15.
2165 2919 2294 2970 Post
2334 2916 2638 2970 biennium
2669 2921 2864 2970 autem
2900 2916 3016 2986 (an.
3055 2919 3252 2986 tOH?)
3285 2934 3374 2971 res
3431 2919 3666 2972 misera-

1977 3005 2104 3058 bilis
2149 3005 2208 3058 in
2239 3005 2586 3059 monasterio
2637 3005 2840 3058 eodem
2894 3004 3173 3059 acciderat
3212 3004 3304 3059 ⁵⁸⁸⁵.
3371 3007 3510 3060 Nam
3539 3023 3669 3076 pars

1978 3093 2342 3148 occidentalis
2382 3093 2571 3147 subita
2611 3093 2780 3147 ruina
2813 3098 2980 3147 nocte
3014 3094 3262 3165 quadam
3293 3093 3548 3148 funditus
3578 3111 3669 3148 ce-

1977 3181 2131 3235 cidit.
2166 3181 2271 3235 Sed
2315 3180 2422 3234 hoc
2453 3180 2714 3234 mirabile
2738 3180 2865 3248 fuit,
2891 3181 3041 3251 quod
3075 3181 3230 3234 nulla
3263 3197 3540 3251 campana
3566 3183 3670 3236 sub

1978 3275 2094 3322 tam
2121 3285 2331 3339 magna
2362 3270 2534 3335 mole,
2570 3269 2681 3322 nisi
2720 3274 2942 3322 tantum
2977 3285 3090 3321 una
3121 3269 3347 3338 exigua,
3386 3270 3672 3323 confracta

1980 3363 2080 3411 est.
2120 3359 2193 3410 De
2218 3358 2321 3410 bac
2356 3373 2416 3410 re
2449 3357 2546 3409 Dei
2578 3373 2789 3418 servus,
2846 3361 2908 3408 ut
2966 3361 3087 3409 erat
3135 3373 3384 3416 necesse,
3434 3363 3668 3411 contur-

1979 3447 2144 3501 batus
2171 3443 2264 3511 ’85,
2290 3446 2576 3517 quandam
2606 3444 2769 3514 quasi
2800 3443 3130 3498 mastitiam
3162 3444 3222 3497 in
3263 3445 3423 3499 vultu
3471 3447 3675 3515 prafe-

1980 3536 2159 3588 rebat.
2205 3533 2550 3587 Accedentes
2591 3539 2783 3586 autem
2815 3532 3081 3603 discipuli
3112 3530 3186 3565 ²⁸⁷
3243 3533 3387 3603 ejus,
3426 3551 3670 3604 quorum

1983 3639 2093 3676 non
2127 3637 2306 3693 pauca
2351 3621 2659 3674 multitudo
2703 3621 2930 3675 assidue
2978 3617 3053 3652 ²⁸⁸
3091 3620 3255 3674 illum
3305 3622 3670 3692 sequebatur,

1983 3710 2190 3764 talibus
2235 3725 2367 3763 eum
2417 3709 2579 3763 dictis
2620 3709 3065 3763 consolabantur
3106 3725 3118 3762 :
3174 3728 3202 3759 α
3236 3709 3526 3778 Miramur,
3587 3727 3673 3765 se-

1987 3800 2130 3866 nior,
2169 3798 2344 3868 juste,
2401 3798 2555 3868 quod
2594 3815 2658 3852 ex
2690 3797 3004 3852 infortunio
3029 3798 3201 3867 hujus
3242 3798 3432 3868 operis
3466 3799 3525 3851 in
3557 3803 3677 3851 tan-

1988 3892 2110 3940 tum
2160 3886 2406 3940 turbaris
2456 3903 2586 3940 cum
2633 3886 2931 3940 cotidianis
2975 3888 3226 3958 postules
3265 3885 3338 3920 ²⁸⁹
3368 3887 3678 3941 oblationi—

1988 3975 2094 4029 bus
2120 3973 2213 4042 ³90,
2245 3981 2309 4029 ut
2355 3975 2432 4028 ita
2466 3975 2665 4046 peragi
2707 3975 2873 4029 liceat
2927 3975 3070 4029 sicut
3119 3977 3234 4028 Deo
3265 3976 3505 4044 placeat.
3540 3975 3677 4029 Ora-

1989 4065 2175 4118 tiones
2205 4079 2454 4133 namque
2487 4069 2613 4116 tuas
2643 4064 2790 4117 Deus
2823 4063 3072 4129 exaudit,
3134 4067 3290 4116 tuam
3325 4065 3678 4117 voluntatem

1989 4150 2217 4221 publice
2271 4150 2620 4218 adimplevit.
2685 4152 2944 4220 Namque
2983 4149 3056 4183 ’9‘
3110 4150 3265 4220 quod
3310 4151 3424 4204 Deo
3472 4151 3675 4220 placet,

1914 4278 1956 4331 Β
1995 4256 2143 4308 sape
2173 4238 2470 4308 probatur,
2507 4239 2654 4292 sicut
2683 4238 2896 4309 legitur
2928 4255 2940 4292 :
2987 4259 3014 4289 «
3064 4238 3244 4302 Quem
3270 4239 3432 4331 .Deus
3471 4238 3676 4309 diligit,

1998 4347 2026 4378 (ί
2060 4326 2296 4397 corripit
2334 4329 2510 4395 (Prov.
2544 4344 2626 4392 ιιι,
2662 4331 2749 4397 12)
2809 4345 2834 4379 ι
2860 4326 3026 4390 Quod
3056 4327 3208 4380 enim
3243 4324 3319 4359 '9’
3347 4327 3459 4380 Deo
3489 4326 3682 4397 displi-

1994 4416 2132 4484 cuit,
2163 4416 2310 4469 sicut
2335 4416 2545 4486 petisti,
2605 4416 2820 4487 rejecit.
2864 4415 3077 4469 Idcirco
3134 4414 3379 4485 suspiria
3426 4415 3682 4486 deponas

1996 4510 2053 4559 et
2084 4504 2373 4574 patientia
2400 4503 2793 4559 fortitudinem
2827 4504 3087 4575 recipias.
3137 4503 3253 4558 Hoc
3285 4508 3370 4558 est
3397 4504 3682 4561 laudabile

1617 4627 1851 4681 VARUE
1878 4627 2283 4682 LECTIONES.

259 4719 332 4756 ἰιι
363 4718 581 4774 curavit
631 4721 684 4772 2.
760 4716 835 4751 ²²⁸⁵
881 4716 1456 4788 congregatim“??-

187 4791 296 4846 luit
352 4807 402 4844 s.
483 4790 621 4842 alias
671 4789 906 4842 exaltari
987 4791 1039 4841 2.

187 4863 495 4933 adjuvante
541 4863 594 4914 2.
671 4857 756 4933 "5_
802 4859 986 4933 poscit
1035 4861 1086 4933 _2.

1116 4786 1190 4822 ²⁵⁰
1240 4784 1505 4839 similiter
1555 4790 1606 4840 1.
1685 4784 1756 4820 ²⁵¹
1826 4801 1890 4838 ac

191 5002 262 5039 ²⁵⁹
313 5003 628 5072 adimplere
684 5005 736 5054 2.

193 5074 377 5144 magis
434 5069 864 5144 excluderetet
913 5087 1055 5144 eam__
1101 5069 1827 5144 includeretusolitariam.

193 5145 268 5179 2°“
295 5140 404 5197 'ait
456 5147 516 5196 ‘2.
600 5141 674 5177 ²⁶⁸
735 5143 826 5195 hic
877 5145 931 5194 2.
1009 5140 1082 5177 ²⁶⁶
1120 5158 1248 5194 cum
1307 5144 1356 5194 2.

193 5222 278 5270 est
306 5219 358 5269 2.
439 5211 508 5247 ²⁷⁰
544 5214 688 5267 deest
713 5216 765 5267 2.
809 5211 914 5282 7"”
949 5213 1186 5282 potestis
1215 5215 1266 5265 2.
1343 5208 1416 5244 ²⁷²

195 5287 263 5322 ’⁷⁷
315 5289 590 5355 temptem
640 5288 712 5355 2.7
759 5281 855 5355 _’73
902 5281 1207 5355 purgatam
1233 5286 1284 5336 2.

1470 5211 1786 5263 solemniis.

194 5374 500 5462 prasenua
525 5374 623 5408 ne:

225 5427 274 5462 ⁸³
314 5429 543 5482 detrusa
573 5429 624 5480 2.

197 5499 460 5570 quadam
492 5497 893 5570 pars_ecclesia
918 5496 1071 5549 illius
1090 5495 1317 5570 cecidit.

201 5566 273 5604 ε’θδ
303 5570 448 5624 deest
471 5572 523 5622 2.
601 5566 675 5600 "9
696 5569 944 5638 postulas
976 5570 1023 5620 1.

557 5676 830 5740 ΡΑτιιοιμ
882 5675 1052 5741 CXL.

1102 5565 1175 5599 ²⁹⁰
1195 5564 1548 5619 orationibus
1571 5567 1620 5618 2.

1539 4717 1608 4752 ²⁴⁶
1653 4715 1876 4770 nutrita
1923 4718 1977 4769 2.

1162 4855 1235 4892 ³³⁸
1292 4857 1457 4910 istius
1515 4873 1651 4927 ergo
1721 4863 1931 4910 sancta
1989 4856 2239 4910 famina
2273 4859 2355 4927 72.
2415 4858 2510 4910 ubi
2593 4856 2763 4910 rubra
2835 4861 3188 4927 praemittitur

191 4926 410 4996 sorore,
471 4947 599 4999 qua
645 4926 1150 5000 petit—solitariam
1199 4929 1372 4981 vitam
1431 4926 1600 4998 agere
1657 4928 1727 4982 ab
1784 4926 2288 5000 episcopo,_quod
2337 4931 2393 4981 et
2446 4927 2546 5000 ille
2598 4928 2748 4982 fecit.

2062 4716 2132 4752 ἰτ
2183 4730 2262 4768 m.
2324 4715 2419 4769 sed
2473 4715 2668 4769 desunt
2723 4717 2776 4768 2.

2854 4713 2926 4750 "3
2975 4716 3291 4786 magistrali
3339 4721 3387 4771 1.
3464 4716 3534 4753 ’⁸9

1992 4788 2044 4839 2.
2127 4787 2201 4820 ²⁵²
2267 4785 2496 4839 Domini
2568 4790 2623 4840 2.
2703 4784 2775 4820 ³⁵³

2832 4785 3195 4840 stabilissime
3253 4791 3305 4841 2.
3384 4785 3456 4823 ’³⁸

3589 4735 3688 4772 νο-

3515 4789 3686 4842 fratre

3235 4875 3247 4938 ξ
3293 4860 3369 4912 De
3439 4859 3689 4938 quadam

2825 4925 2894 4963 ²⁵⁷
2942 4933 2996 4982 et
3042 4930 3095 4981 2.
3174 4927 3246 4964 ²⁵⁸
3317 4925 3585 4998 operibus
3635 4933 3686 4983 2.

815 4999 890 5034 ²⁶⁰
933 5010 988 5053 et
1020 5005 1213 5053 tamen
1269 5000 1429 5067 virgo
1468 4997 1582 5051 non
1649 4999 1910 5051 cessabat
1968 4997 2194 5051 assidue
2243 4997 2501 5068 rogando
2551 5014 2705 5063 eum,
2739 5002 2803 5052 ut
2855 5014 2981 5051 eam
3030 5015 3064 5052 a
3105 4997 3451 5052 secularibus
3520 5000 3692 5053 rebus

815 5077 861 5103 ..ι
914 5087 1036 5103 ..σπι
1101 5070 1420 5103 mannis...”
1486 5069 1801 5103 summa...“
1903 5067 1974 5103 se:
2027 5071 2347 5103 ..ιωηιιηηη
2403 5071 2434 5103 0
2535 5068 2608 5103 ω
2658 5069 2689 5103 Α
2805 5069 2995 5103 an...“
3086 5086 3112 5103 ι.
3193 5073 3223 5103 ς)
3321 5068 3393 5103 aes
3455 5069 3664 5103 Αοοοιη

1439 5137 1512 5172 ²⁶⁷
1573 5145 1875 5210 respuente
1922 5140 2030 5193 soli
2087 5143 2141 5193 2.
2220 5137 2292 5174 ³⁸⁸
2355 5139 2546 5209 puella

1470 5211 1786 5263 solemniis.
1865 5208 1938 5245 ³⁷³
1968 5212 2103 5264 auia
2152 5213 2205 5264 2.
2283 5207 2486 5264 mas.
2545 5213 2577 5263 2

1968 5228 2103 5280 qma
2152 5227 2205 5264 κ.
2284 5227 2486 5264 mas.
2545 5227 2597 5263 2.

2027 5071 2351 5122 clausuram
2403 5071 2456 5122 2.
2535 5068 2608 5103 ²⁶²
2658 5069 2714 5123 d.

2220 5137 2292 5174 ³⁸⁸
2309 5207 2326 5209 _
2355 5139 2546 5209 puella
2601 5139 2638 5194 f.

2805 5069 2999 5122 statuit
3086 5086 3132 5123 c.
3193 5073 3247 5122 2.

2719 5145 2878 5192 scuto
2955 5157 3011 5210 g.
3068 5143 3145 5210 2._
3196 5138 3269 5174 ’69

2675 5207 2747 5246 ²⁷⁵
2799 5214 2921 5263 erat
2961 5207 3023 5265 2.

3321 5068 3393 5105 ’⁸³
3453 5069 3597 5124 deest
3634 5075 3688 5125 2.

3334 5155 3593 5211 pugnare
3631 5158 3690 5212 p.

3103 5208 3173 5292 ²ς¹⁶
3210 5211 3290 5291 ibi
3335 5208 3581 5292 'qupque

1364 5278 1436 5315 ³³⁷9
1462 5281 1666 5335 admir.
1719 5283 1770 5335 2.
1831 5283 1925 5348 qui
1954 5278 2084 5335 add.
2141 5281 2364 5334 rubrum
2401 5299 2442 5350 εί
2478 5281 2554 5334 De
2612 5281 2967 5335 dedicatione
3025 5282 3257 5350 majoris
3331 5278 3582 5335 ecclesia
3634 5283 3697 5336 in
3748 5288 3752 5292 ”

238 5351 500 5410 ιέξιεθηῐῖει
525 5353 774 5408 Heinrici
803 5351 1169 5424 imperatoris
1201 5359 1257 5406 et
1296 5351 1538 5424 aliorum
1565 5353 1879 5424 multorum
1907 5356 2298 5421 pralatorum.

702 5424 775 5504 33f
801 5421 1093 5504 alteradie
1144 5423 1478 5504 Philippis}
1501 5422 1718 5504 Jacobi-
1747 5421 1879 5502 add.
1913 5424 1964 5477 2.
2025 5425 2123 5504 qui
2147 5423 2600 5504 etiamfubram‘
2627 5423 2784 5504 habet
2816 5439 2830 5476 :
2884 5421 3350 5504 Quomodohpost
3392 5423 3696 5504 biennium

1402 5490 1476 5527 ²⁸⁵
1523 5492 1807 5546 acciditin
1840 5509 1890 5545 e.
1922 5509 1999 5546 m.
2024 5496 2076 5546 2.
2155 5490 2227 5525 ³⁸⁵
2259 5494 2393 5546 satis
2423 5509 2470 5547 ο.
2525 5497 2608 5547 est
2683 5497 2739 5547 ει

1700 5562 1769 5598 ²⁹¹
1800 5579 2048 5633 namque
2082 5593 2148 5602 —-
2175 5563 2410 5634 corripit
2449 5564 2658 5618 desunt.
2693 5567 2746 5618 2.

2376 5349 2450 5385 ’⁸ο
2471 5352 2634 5406 deest.
2659 5355 2713 5405 2.
2791 5350 2859 5388 ¹⁸¹
2903 5351 2970 5423 in
2999 5369 3063 5404 w.
3231 5350 3304 5385 ²⁸²
3333 5352 3598 5423 precibus
3639 5357 3692 5408 2.

2786 5509 2964 5563 qam.
3021 5495 3072 5547 2.
3153 5491 3238 5528 ἐτ
3280 5494 3592 5548 consiliarii
3643 5497 3698 5550 2.

2825 5562 2896 5598 ’9’
2950 5564 3114 5618 deest.
3147 5567 3199 5618 2.

3313 5679 3391 5736 17
