3956 6314
166 283 271 333 525

1365 277 1726 334 ΡΒΟΟΕΜιΑ.
1769 308 1835 316 -
1877 277 2025 331 νιΤΑ
2072 275 2497 329 BURCHARDI.

3576 280 3676 332 3326

161 421 262 474 pas
294 404 612 458 mundanas
643 402 954 472 respuisset
997 400 1072 434 ⁵⁵⁸
1125 406 1180 455 et
1222 402 1280 454 in
1333 401 1562 454 servitio
1619 399 1714 452 Dei
1741 400 1856 452 fer-
1889 401 1934 452 A
1972 397 2073 467 pit.
2111 398 2266 450 Tunc
2289 411 2418 448 vero
2441 394 2575 466 quia
2608 395 2708 447 Dei
2759 395 3039 448 famulum
3096 395 3282 450 studio
3329 397 3586 452 deditum
3618 404 3676 451 et

159 494 377 547 buisset
401 490 472 524 ⁵⁵9
503 494 898 560 humanasque
940 491 1138 543 laudes
1188 489 1420 542 vitando
1476 488 1725 556 fugasset
1766 485 1859 552 ³⁸³0,

158 582 216 634 in
248 598 308 633 se
365 596 622 633 reversus
661 580 834 632 vitam
884 578 1259 631 monasticam
1306 593 1606 646 aggressus
1655 581 1756 643 est,
1809 581 1863 629 et

158 684 264 738 per
312 669 572 736 exempla
623 667 767 719 servi
828 666 926 719 Dei
979 667 1272 719 diabolum
1325 664 1544 734 decepit
1591 669 1647 716 et
1697 663 1862 717 corde

159 757 408 809 contrito
467 755 787 825 spirituque
847 754 1224 807 contribulato
1295 754 1395 806 soli
1459 755 1569 806 Deo
1641 753 1863 821 placere

157 845 397 898 studuit.
447 844 720 898 Similiter
777 848 832 895 et
885 843 980 895 alii
1028 843 1275 895 illustres
1328 840 1428 893 viri
1481 857 1582 910 per
1636 840 1864 892 assidua

153 932 303 985 servi
337 933 434 986 Dei
466 932 809 984 documenta
843 930 1120 983 mundum
1172 930 1583 999 relinquentes,
1617 929 1685 980 de
1718 927 1863 980 civi—

158 1025 274 1073 tate
314 1020 584 1089 fugerunt
629 1025 685 1072 et
725 1019 850 1070 vitae
898 1018 1309 1071 monachorum
1359 1034 1416 1070 se
1464 1016 1858 1070 subdiderunt.

153 1109 409 1162 Tandem
454 1123 585 1160 vero
642 1107 942 1176 episcopus
987 1107 1200 1159 veritus
1249 1122 1320 1158 ne
1374 1105 1720 1158 monasteria
1752 1108 1859 1169 (2t)

156 1197 364 1250 tierent
407 1196 683 1260 desolata,
732 1195 799 1248 ab
862 1194 1129 1247 omnibus
1182 1193 1544 1247 monasteriis
1593 1193 1860 1246 fratribus

155 1285 480 1338 convocatis
528 1283 596 1316 3‘”
658 1284 778 1336 istis
813 1300 905 1337 eos
958 1285 1239 1336 allocutus
1295 1287 1379 1336 est
1430 1283 1654 1335 verbis:
1715 1282 1857 1335 Nolo

155 1391 255 1426 vos
313 1373 604 1443 ignorare,
656 1372 877 1434 fratres,
943 1373 1093 1441 quod
1162 1372 1365 1437 omnis,
1427 1371 1524 1440 qui
1581 1374 1649 1406 ³⁴²
1695 1370 1861 1423 timet

159 1463 336 1515 Deiim
370 1466 422 1514 et
477 1467 748 1530 operatur
792 1461 1096 1530 justitiam,
1142 1466 1407 1528 acceptus
1466 1464 1549 1511 est
1595 1458 1699 1521 illi,
1743 1474 1857 1511 non

154 1551 344 1602 solum
398 1550 730 1614 monachus,
792 1548 890 1601 sed
949 1555 1003 1601 et
1059 1549 1384 1611 canonicus,
1440 1548 1610 1600 etiam
1679 1545 1746 1582 ³⁸³
1805 1552 1859 1600 et

153 1638 352 1690 laicus.
393 1640 514 1690 Non
545 1644 629 1690 est
661 1638 898 1698 bonum,
933 1643 996 1690 ut
1043 1653 1241 1689 omnes
1274 1637 1372 1706 qui
1416 1633 1483 1672 3‘”
1517 1636 1574 1688 in
1607 1636 1741 1690 navi
1772 1637 1854 1689 la-

151 1727 361 1779 borant
393 1726 492 1779 uni
530 1726 690 1795 operi
723 1727 1008 1788 insistant,
1056 1731 1118 1777 ut
1149 1725 1231 1777 vel
1269 1738 1469 1777 omnes
1501 1724 1616 1776 sint
1646 1723 1853 1792 guber-

157 1821 391 1868 natores
459 1821 513 1867 et
568 1817 759 1867 nullus
827 1813 1142 1881 navigator,
1211 1818 1308 1866 aut
1367 1828 1566 1864 omnes
1634 1810 1860 1880 naviga-

153 1909 307 1956 tores
357 1901 427 1938 3‘5
487 1907 542 1956 et
599 1904 788 1955 nullus
832 1901 1199 1971 gubernator.
1258 1899 1584 1953 Consultius
1642 1903 1725 1951 est
1784 1896 1857 1931 ³³6

150 1998 233 2059 ut,
273 1993 534 2062 apposito
565 1992 971 2060 gubernatore,
1023 1988 1414 2058 unusquisque
1447 1987 1606 2057 operi
1650 1985 1719 2029 3‘7
1753 2003 1855 2038 suo

152 2081 394 2145 insistat,
446 2081 678 2150 quidam
759 2080 1046 2147 navigent,
1127 2077 1224 2130 alii
1280 2077 1643 2129 altitudinem
1698 2091 1857 2144 aqua:

150 2170 472 2238 explorent,
506 2169 621 2233 alii,
665 2167 714 2220 si
756 2183 980 2220 necesse
1029 2166 1119 2230 sit,
1165 2166 1381 2218 malum
1433 2165 1706 2217 scandant
1760 2161 1854 2228 ⁸⁸⁸,

147 2257 244 2310 alii
276 2273 410 2309 vero
439 2256 723 2308 sentinam
757 2255 1040 2316 hauriant,
1079 2254 1272 2323 sicque
1323 2252 1512 2304 navim
1561 2267 1759 2304 omnes
1793 2251 1851 2303 in

147 2361 289 2414 pace
317 2344 587 2413 dirigant.
623 2342 1238 2411 Similiterintelligere
1285 2341 1581 2402 debemus,
1629 2339 1851 2402 fratres,

148 2433 302 2503 quod
336 2449 453 2485 non
473 2432 666 2484 omnia
692 2447 995 2500 possumus
1027 2446 1248 2482 omnes.
1279 2429 1335 2482 Si
1368 2429 1520 2481 enim
1554 2443 1753 2480 omnes
1781 2426 1856 2460 ³⁸9

145 2520 420 2573 monachi
449 2523 504 2572 et
545 2518 821 2584 canonici,
872 2517 970 2570 ubi
1012 2521 1144 2570 sunt
1193 2516 1364 2569 laici?
1411 2515 1547 2578 Quis
1579 2520 1713 2567 tunc
1746 2515 1852 2567 mi-

147 2607 418 2661 nistrabit
468 2605 782 2670 monachis,
855 2606 939 2657 vel
998 2605 1097 2674 qui
1151 2604 1358 2657 serviet
1402 2602 1477 2637 δδο
1524 2603 1854 2656 canonicis?

148 2697 204 2750 Si
237 2702 432 2749 autem
479 2711 676 2747 omnes
730 2693 878 2758 laici,
938 2694 1034 2745 ubi
1087 2698 1222 2746 tunc
1275 2692 1472 2746 laudes
1521 2697 1577 2744 et
1623 2691 1852 2744 servitia

151 2785 300 2838 Dei?
335 2784 564 2838 Diversa
595 2789 679 2836 est
708 2783 861 2835 enim
894 2781 1111 2834 familia
1164 2782 1222 2834 in
1277 2781 1520 2834 Ecclesia
1571 2780 1691 2845 Dei,
1738 2796 1851 2831 non

149 2873 514 2927 solummodo
546 2872 831 2938 monachi,
868 2871 964 2924 sed
997 2870 1167 2922 etiam
1216 2869 1497 2934 canonici,
1548 2885 1765 2921 necnon
1798 2872 1853 2920 et

1975 502 2147 538 sacrae
2189 485 2497 554 Scriptura:
2545 483 2766 554 paginis
2816 484 3106 537 eruditum
3146 501 3208 537 ac
3261 487 3537 555 sapientia
3577 487 3676 540 Dei

1974 575 2259 644 repletum
2307 574 2571 627 videbant
2615 571 2707 638 ³⁵⁸,
2758 588 3051 625 sermones
3107 576 3162 626 et
3206 574 3476 642 epistolas
3517 593 3672 644 quas.-

1975 663 2400 732 stiunculasque
2461 661 2645 714 varias
2706 662 2789 714 illi
2861 662 3118 730 proferre
3205 679 3319 715 non
3374 664 3669 719 timebant.

1975 752 2117 819 Ergo
2159 749 2229 784 339
2260 751 2492 820 quidam
2535 750 2766 803 illorum
2796 750 2947 803 inter
2979 748 3052 784 3‘0
3114 750 3250 803 alias
3316 767 3456 821 quas
3524 768 3672 820 saepe

1973 838 2228 906 praetulit
2278 837 2587 890 sententias
2654 837 2722 890 de
2772 833 2996 906 jejunio
3058 837 3230 907 Moysi
3277 839 3345 873 3‘"
3405 843 3459 890 et
3500 839 3671 891 Helia

1973 927 2144 979 verba
2185 927 2516 996 quaestionis
2558 926 2900 994 composuit,
2943 931 2996 978 et
3036 927 3107 960 3”
3163 926 3265 989 illi,
3312 927 3476 979 nobis
3522 943 3671 995 prm-

1973 1014 2248 1079 sentibus,
2285 1014 2446 1084 quasi
2475 1030 2576 1082 pro
2623 1013 2916 1066 occasione
2962 1013 3231 1080 dictandi,
3265 1014 3468 1067 humili
3498 1030 3669 1066 manu

1971 1103 2242 1173 porrexit.
2279 1104 2361 1155 Ita
2394 1102 2548 1154 enim
2581 1102 2881 1170 scripserat
2913 1101 3006 1154 ille
3035 1118 3048 1154 :

2043 1218 2071 1249 «
2133 1198 2331 1252 Mentis
2387 1197 2723 1267 ingeniique
2783 1198 2896 1252 mei
2942 1197 3161 1251 aridam
3221 1198 3267 1250 si
3342 1215 3459 1251 non
3535 1214 3672 1268 per-

1969 1287 2286 1340 timuissem
2323 1286 2782 1356 intelligentiam,
2843 1285 3299 1339 clementissimae
3329 1291 3435 1339 tuae
3475 1286 3668 1340 domi-

1970 1375 2189 1428 nationi
2239 1375 2512 1445 quasdam
2598 1390 2768 1426 sacrae
2818 1374 3125 1443 Scriptura;
3157 1375 3484 1439 sententias,
3541 1391 3668 1444 qua:

1971 1463 2148 1516 animi
2181 1463 2295 1515 mei
2334 1463 2699 1532 exiguitatem
2732 1463 3136 1531 constringunt
3184 1479 3406 1515 necnon
3455 1463 3512 1514 in
3566 1463 3668 1514 du-

1973 1549 2266 1602 bitationis
2330 1549 2710 1602 nodositatem
2775 1549 2977 1601 cadere
3035 1554 3266 1618 cogunt,
3325 1550 3516 1618 aliqua
3577 1564 3668 1600 ra-

1971 1638 2125 1691 tione
2166 1637 2553 1707 protulissem,
2586 1642 2650 1689 ut
2675 1641 2786 1689 tum
2832 1636 3131 1706 probitatis
3178 1636 3505 1689 doctissimo
3539 1651 3669 1688 eru-

1971 1727 2123 1780 ditus
2144 1726 2508 1791 documento,
2543 1726 2626 1777 rei
2657 1740 3024 1794 agnoscerem
3047 1725 3374 1789 veritatem;
3397 1723 3667 1794 quoniam

1967 1813 2316 1882 quicumque
2368 1829 2433 1865 ex
2493 1817 2819 1865 sanctarum
2878 1812 3178 1865 sententiis
3244 1812 3665 1882 Scripturarum

1967 1903 2325 1956 titubationis
2365 1901 2566 1955 incidit
2623 1901 2965 1972 periculum,
2996 1902 3106 1954 nisi
3164 1902 3502 1954 emendatus
3533 1917 3664 1952 con-

1965 1990 2228 2043 fessionis
2256 1990 2638 2043 satisfactione
2673 1989 2986 2042 mundetur
3019 1990 3317 2060 ipsamque
3366 1991 3670 2057 cognoscat

1964 2078 2285 2142 veritatem,
2315 2078 2500 2148 gravis
2531 2079 2758 2147 culpam
2792 2083 2981 2131 reatus
3013 2078 3273 2130 incurrit.
3309 2078 3670 2146 Quapropter

1966 2183 2109 2219 meae
2139 2167 2341 2219 vulnus
2372 2165 2732 2218 conscientiae
2765 2165 2925 2218 valde
2952 2165 3149 2218 dolens
3183 2166 3447 2234 ultraque
3479 2165 3666 2216 celaro

1965 2260 2246 2320 metuens,
2271 2259 2382 2308 tute
2406 2253 2759 2323 dignissima:
2782 2253 3067 2306 sanctitati
3088 2253 3428 2307 ﬁducialiter
3448 2251 3664 2321 aperio,

1963 2348 2027 2395 ut
2065 2345 2173 2396 hoc
2233 2342 2385 2411 quod
2435 2342 2573 2394 latet
2619 2341 2962 2395 intrinsecus
3011 2341 3245 2411 patefiat
3288 2340 3660 2394 extrinsecus.

1965 2432 2106 2484 Nam
2136 2431 2306 2500 hujus
2337 2429 2660 2483 dictaminis
2701 2429 3198 2499 compositionem,
3257 2429 3467 2482 nullius
3513 2443 3670 2496 saga-

1962 2519 2146 2572 citatis
2185 2518 2556 2589 protervitate
2589 2518 2922 2584 succinctus,
2967 2518 3066 2570 sed
3126 2517 3400 2570 sitibundi
3450 2515 3668 2586 ingenii

1961 2609 2214 2672 raritate,
2278 2609 2391 2660 Deo
2464 2611 2628 2673 teste,
2692 2607 2850 2660 valde
2904 2611 3147 2672 coactus,
3206 2605 3489 2658 sanctitati
3555 2609 3667 2657 tuae

1961 2713 2242 2767 propono,
2326 2711 2441 2766 quo
2537 2711 2627 2748 me
2705 2695 2959 2764 corrigas
3017 2694 3435 2763 certioremque
3499 2692 3664 2746 istius

1964 2783 2418 2854 investigationis
2487 2799 2578 2836 me
2633 2783 2824 2848 facias,
2880 2782 3016 2853 quia
3077 2787 3130 2835 te
3182 2787 3383 2851 typum
3428 2781 3662 2835 illorum

1961 2889 2159 2943 gerere
2190 2873 2488 2942 vicemque
2520 2871 2635 2924 scio
2670 2875 2864 2924 tenere
2887 2870 3110 2941 [quibus
3161 2869 3457 2923 Dominico
3524 2868 3662 2922 dici-

150 2963 350 3017 ﬁdeles
383 2961 527 3014 laici.
561 2962 623 3014 Et
655 2960 711 3012 lii
743 2975 943 3012 omnes
993 2963 1164 3028 egent
1191 2958 1375 3027 gratia
1425 2957 1541 3011 Dei.
1577 2958 1725 3026 Ergo
1755 2955 1854 3026 qui
1889 2959 1927 3011 C
1967 2969 2060 3017 tur
2097 2961 2348 3032 alloquio
2383 2978 2395 3014 :
2433 2980 2459 3010 ι(
2493 2961 2662 3014 Vobis
2720 2961 2914 3013 datum
2962 2963 3048 3013 est
3103 2975 3268 3012 nosse
3331 2957 3666 3028 mysterium

151 3051 463 3103 canonicus
494 3050 566 3102 sit
595 3046 685 3114 δδί,
739 3064 840 3118 pro
896 3046 1206 3100 monastica
1239 3046 1352 3100 vita
1394 3047 1461 3099 de
1510 3045 1856 3099 monasterio

157 3157 262 3194 suo
298 3139 423 3192 sine
473 3137 700 3191 licentia
748 3153 864 3190 non
913 3141 1096 3202 exeat,
1154 3136 1250 3189 sed
1299 3151 1430 3188 cum
1474 3135 1740 3188 fratribus
1798 3134 1857 3186 in

155 3243 464 3282 commune
497 3225 567 3261 55'
609 3225 856 3290 laboret;
913 3231 967 3277 et
1000 3224 1045 3276 si
1103 3222 1433 3277 districtiori
1491 3225 1604 3275 vita
1669 3221 1856 3274 vivere

155 3317 446 3370 desideret
499 3312 593 3380 ³⁵³,
655 3315 802 3366 intra
856 3312 1270 3365 monasterium
1344 3327 1512 3364 suum
1588 3309 1857 3378 operibus

103 3412 110 3422 ’
160 3407 278 3458 Deo
317 3402 673 3473 placentibus
720 3400 992 3455 inserviat
1021 3405 1078 3453 et
1126 3400 1195 3453 de
1242 3399 1407 3452 malis
1452 3416 1510 3451 se
1559 3399 1855 3464 sustineat,

157 3495 354 3562 sicque
399 3491 728 3544 holocausta
787 3489 1098 3542 medullata
1159 3488 1218 3540 in
1269 3503 1367 3540 ara
1423 3488 1626 3540 occulti
1676 3487 1859 3540 cordis

162 3583 276 3635 Deo
302 3580 524 3633 adferre
557 3579 626 3613 35‘
665 3594 778 3632 non
807 3577 1058 3631 desistat.
1095 3597 1121 3628 ι)
1153 3576 1273 3630 Tali
1315 3592 1546 3646 quoque
1579 3576 1861 3628 sententia

157 3674 214 3721 et
236 3670 519 3739 juvenum
551 3667 769 3718 animos
800 3665 1035 3730 sedavit,
1062 3669 1116 3718 et
1145 3664 1297 3734 quod
1346 3663 1620 3716 stabiliori
1671 3667 1861 3716 mente

158 3760 218 3812 in
249 3756 476 3809 servitio
513 3755 609 3807 Dei
638 3759 835 3824 postea
870 3754 1302 3824 permanebant,
1347 3749 1621 3804 incitavit.

237 3856 319 3907 18.
354 3853 436 3906 Ad
482 3852 601 3904 haec
661 3851 874 3921 quippe
929 3848 1021 3916 ³⁵⁵,
1069 3856 1131 3903 ut
1187 3848 1582 3918 unusquisque
1632 3846 1863 3899 illorum

162 3941 476 3995 secundum
506 3938 722 4008 ingenii
752 3938 1131 4009 quantitatem
1171 3938 1319 3990 dicta
1345 3936 1432 3989 vel
1482 3935 1693 4004 scripta
1742 3939 1865 3987 stu-

163 4031 322 4084 diosa
349 4026 418 4063 ⁸⁵⁸
475 4028 582 4081 sibi
619 4027 824 4081 cotidie
863 4026 1186 4096 proferrent
1223 4023 1317 4091 ³⁵⁷,
1374 4023 1615 4078 firmiter
1652 4039 1865 4093 praece-

1970 3072 1998 3102 «
2024 3051 2188 3121 regni
2221 3050 2318 3103 Dei
2353 3051 2546 3117 (Marc.
2587 3065 2659 3115 ιν,
2693 3053 2800 3115 Η),
2829 3070 2856 3097 ››
2891 3050 3029 3103 Cum
3063 3054 3253 3103 autem
3287 3063 3476 3100 veram
3533 3062 3668 3099 con-

1967 3139 2217 3193 scientiae
2284 3153 2428 3191 meae
2501 3137 2917 3191 confessionem
2978 3137 3210 3198 faciens,
3272 3136 3343 3189 ad
3415 3135 3668 3188 veritatis

1970 3228 2343 3298 agnitionem,
2405 3231 2502 3279 tua
2528 3231 2882 3280 monstrante
2940 3225 3266 3295 prudentia,
3329 3239 3662 3293 pervenero,

1971 3317 2039 3369 ab
2071 3315 2229 3368 omni
2257 3318 2446 3367 reatus
2478 3314 2590 3366 mei
2624 3314 2787 3366 sorde
2820 3313 3158 3366 mundatum
3191 3328 3254 3364 ac
3300 3318 3413 3364 tuae
3461 3311 3668 3364 sancti-

1969 3404 2100 3468 tatis
2132 3403 2587 3472 innocentimque
2621 3418 2710 3454 me
2740 3402 2858 3454 fore
2908 3400 3246 3470 participem
3298 3404 3355 3452 et
3401 3415 3568 3468 spero
3613 3402 3670 3452 et

1971 3491 2213 3545 ﬁrmiter
2251 3491 2438 3555 credo,
2476 3489 2769 3558 quoniam,
2805 3488 2852 3541 si
2899 3504 3098 3542 verum
3143 3503 3257 3540 non
3307 3491 3471 3552 esset,
3515 3487 3669 3540 Psal-

1973 3579 2140 3632 mista
2195 3594 2310 3630 non
2362 3576 2638 3630 dixisset:
2692 3597 2717 3624 ‹‹
2768 3577 2906 3630 Cum
2957 3581 3151 3628 sancto
3208 3573 3667 3639 sanctiﬁcaberis,

1977 3689 2004 3715 ‹‹
2044 3673 2100 3720 et
2130 3682 2260 3720 cum
2283 3666 2587 3718 innocente
2619 3664 2892 3717 innocens
2924 3664 3034 3716 eris
3069 3663 3243 3732 (Psal.
3306 3678 3448 3727 xvn,
3491 3663 3603 3730 26).
3641 3683 3667 3708 ››

1973 3755 2082 3810 Sed
2116 3755 2251 3825 quia
2309 3753 2512 3806 ulceris
2558 3752 2717 3805 dolor
2773 3769 2865 3806 me
2916 3767 3140 3821 semper
3193 3750 3456 3821 angendo
3514 3755 3674 3803 tuam

1974 3843 2128 3913 cogit
2179 3843 2336 3896 adire
2384 3842 2772 3908 clementiam,
2841 3841 3339 3911 quaastiunculam,
3397 3855 3501 3908 pro
3563 3855 3676 3908 qua

1976 3933 2136 3987 istius
2221 3930 2463 4001 pitatioli
2552 3929 2878 3999 congeriem
2954 3928 3294 3999 composui,]
3340 3927 3677 3996 ambagibus

1977 4021 2194 4074 cunctis
2260 4019 2547 4090 projectis,
2584 4023 2699 4072 tuae
2758 4018 3099 4087 prudentim,
3144 4033 3314 4088 quam
3366 4016 3505 4069 mihi
3545 4031 3675 4068 suc-

1587 4183 1820 4236 VARM‘I
1861 4179 2256 4234 LECTIONES.

250 4357 324 4394 ³³⁸
391 4361 688 4426 respueret
719 4358 769 4408 2.
851 4353 922 4387 ³³9
972 4352 1226 4426 ferveret
1265 4345 1476 4426 2;”5‘0
1531 4345 1732 4426 vitaret
1761 4347 1829 4426 _2.

174 4429 257 4466 3N
304 4428 405 4498 qui
448 4421 515 4465 -ζ
559 4430 657 4479 aut
690 4421 1230 4498 omnesn‘desuntt2.

178 4506 228 4554 2.
320 4491 410 4534 ’³⁸⁸9
455 4515 509 4563 o,
560 4501 692 4549 sunt
737 4498 788 4548 2.
895 4491 969 4525 ³⁵⁰
1013 4493 1184 4563 servit

177 4576 307 4652 post
349 4571 472 4624 hinc
537 4566 810 4638 praecepit
860 4567 915 4617 2.
995 4566 1066 4598 ³⁵6
1131 4569 1181 4614 st

180 4640 320 4694 "‘oi.
374 4657 424 4692 a.
491 4654 544 4708 q.
597 4655 638 4690 s.
676 4653 752 4708 p.‘
787 4654 829 4690 s.
889 4635 1098 4688 desunt.
1150 4635 1183 4684 2

1359 4486 1424 4521 35'
1449 4493 1534 4541 est
1552 4489 1606 4539 2.

1281 4629 1348 4665 ³⁶¹
1403 4629 1546 4683 mosi
1609 4631 1658 4681 l.
1720 4642 1864 4693 semp

1907 4340 1974 4376 3“
2037 4338 2328 4393 canonicis

1310 4417 1382 4452 ³³⁸⁵
1458 4434 1513 4470 n.
1562 4417 1777 4479 sint__et
1818 4429 1873 4465 n.
1911 4412 1984 4464 sit
2028 4428 2081 4479 g.
2116 4413 2168 4462 2.
2210 4407 2282 4444 ⁸⁸⁸
2318 4477 2334 4479 υ
2356 4413 2441 4460 est
2473 4422 2608 4474 ergo
2659 4409 2712 4459 2.

1683 4475 1756 4520 35’
1785 4475 2077 4536 commurii
2133 4484 2185 4534 2.

995 4561 1066 4598 ³⁵⁵
1131 4561 1384 4614 studiose
1448 4561 1501 4611 2.
1577 4554 1647 4590 ⁵⁵⁷
1715 4555 2073 4625 praeferrent.
2143 4551 2299 4625 anc
2357 4549 2449 4625 illi
2516 4547 2880 4625 videntes

1869 4641 1924 4678 ΘΤ

2386 4337 2452 4391 fr.
2515 4339 2566 4388 2.
2648 4336 2720 4370 ³⁸⁸
2779 4335 2951 4388 etiam
3009 4333 3105 4404 qui
3163 4333 3365 4404 2.”?‘3
3423 4332 3570 4404 deest
3623 4333 3674 4386 2.

2791 4402 3075 4474 5‘7iopere
3114 4407 3166 4457 2.
3244 4402 3318 4437 ⁸¹³⁸
3371 4403 3681 4474 ascendant

2292 4477 2362 4513 ³⁵³
2409 4472 2691 4532 desiderat
2744 4479 2795 4530 2.
2873 4472 2958 4510 55"—
2995 4475 3196 4528 ollerre
3243 4479 3296 4528 2.
3409 4472 3480 4509 ³⁸³
3543 4474 3679 4527 item

2959 4544 3031 4582 ⁸⁸⁸
3096 4545 3241 4600 deest
3304 4548 3358 4599 2.
3435 4543 3507 4578 ⁸⁵⁸
3533 4550 3588 4596 et
3625 4547 3678 4597 2.

1976 4625 2108 4689 fere.
2210 4618 2286 4653 ³6³
2352 4623 2403 4673 2.
2461 4621 2736 4686 sequentia
2799 4619 2988 4689 itaiin
3034 4616 3406 4685 compendium
3453 4615 3679 4680 redegit.

180 4717 235 4765 et
489 4688 1049 4778 [iropiosuiL—utrum
1110 4703 1335 4778 nullum
1381 4701 1583 4778 _cibum
1629 4688 1858 4778 _M_oyses
2033 4691 2376 4778 Xb‘dielbus
2422 4689 2776 4778 sumpsisset.
2837 4688 2922 4768 ad
2981 4689 3102 4741 haec
3158 4689 3244 4740 vir
3273 4692 3504 4778 ntinctus
3556 4691 3684 4755 post

185 4759 732 4836 multa—“verbar—sic
776 4759 969 4830 intulit
1004 4793 1014 4826 :
1051 4797 1070 4822 «
1121 4773 1266 4837 Quid
1317 4772 1550 4833 mirum,
1597 4769 1644 4821 si
1676 4759 1888 4836 Moyses
1935 4765 2035 4817 illo
2075 4763 2313 4832 jubente
2357 4760 2658 4837 jejunavit,
2693 4759 2946 4837 incujus
2978 4775 3156 4837 regno
3189 4759 3380 4837 nullus
3428 4772 3683 4837 unquam

187 4829 601 4921 iéjdiﬁafa
637 4829 856 4904 esuriit.
917 4829 1187 4921 Putasne_
1217 4844 1388 4921 cives
1422 4829 1690 4920 caelestes.
1738 4829 1883 4921 sicut
1941 4829 2478 4921 tei‘orepqsAriastron
2513 4831 2597 4883 vel
2623 4831 3181 4921 ngatgﬂﬂsudantep
3217 4829 3684 4921 laborando—pa:

182 4940 312 4977 nem
367 4937 645 4991 quaerere.

712 4899 1104 4988 Nequaquam.
1157 4915 1264 4968 Sed
1314 4919 1398 4988 est
1459 4909 1986 4988 panis-justorum‘
2016 4903 2385 4988 indefectivus
2417 4903 2587 4988 Deus
2623 4901 2726 4988 Dei
2787 4899 2961 4954 Filius
3003 4902 3340 4981 angelorum
3368 4905 3588 4988 qreator
3630 4902 3687 4950 et

703 4971 829 5060 quo‘
876 4971 1153 5056 scriptum
1204 4989 1289 5037 est
1321 5000 1333 5036 ε
1371 4985 1430 5036 In
1461 4971 1824 5060 principium
1873 4982 2009 5058 erat.
2051 4975 2327 5060 verbum;
2378 4972 2592 5060 eto‘ibin:
2629 4973 2741 5040 Ego
2795 4971 3127 5060 ‘sumpanis
3167 4971 3343 5060 vivus.
3382 4971 3487 5060 Der
3514 4984 3686 5037 quem

180 5041 689 5145 ﬁéﬁé'ﬁfiaun'dﬁ,
714 5041 1011 5122 "consistit:
1072 5064 1127 5109 et
1175 5055 1426 5145 populus
1477 5041 1776 5105 'lsrael'XL
1799 5048 1973 5145 annis‘
1997 5047 2055 5100 in
2084 5043 2495 5145 desertqvixit:
2532 5044 2608 5095 De
2641 5046 2929 5145 qup'tunc
2952 5042 3180 5145 Moyses;
3202 5041 3468 5145 gpstavi‘t,
3495 5054 3684 5145 lquem

413 5138 422 5145 .
667 5133 705 5145 η
816 5131 824 5140 ο
958 5129 978 5145 ι-
1022 5128 1058 5145 σι
1134 5128 1189 5145 πῃ
1240 5127 1253 5145 2
1310 5142 1363 5145 __
1417 5139 1528 5145 ..--
1583 5121 1790 5145 ...;........
1866 5119 1906 5145 ηε
1981 5133 2090 5145 ..κη
2169 5132 2254 5145 nm
2331 5131 2383 5145 In
2429 5131 2453 5145 η
2504 5129 2641 5145 calin
2673 5129 2717 5145 ηι
2766 5130 2779 5145 ι
2823 5127 3058 5145 nni-unm:
3091 5128 3102 5145 I
3181 5128 3232 5145 ιιι
3314 5130 3342 5145 ιι
3454 5126 3487 5145 ιι
3541 5124 3684 5145 anno

182 5111 907 5189 inminente-ciiﬂmeomino
955 5111 1082 5182 fuit.
1131 5111 1195 5180 Εἰ
1240 5111 1370 5178 ideo
1417 5139 1532 5177 non
1583 5121 1815 5186 mirum,
1865 5119 1910 5172 si
1956 5125 2093 5189 tunc
2140 5121 2256 5171 tam
2290 5114 2385 5168 diu
2427 5112 3108 5189 absque_cibi_corpo_rali
3137 5111 3342 5189 fuit»;
3401 5111 3688 5189 Multaque

182 5125 238 5189 in
270 5138 462 5188 monte
486 5149 614 5185 cum
667 5131 907 5184 Domino
955 5128 1082 5182 fuit.
1131 5128 1195 5180 Et
1240 5127 1370 5178 ideo
1417 5139 1532 5177 non
1583 5125 1815 5186 mirum,
1865 5125 1910 5172 si
1956 5125 2093 5172 tunc
2140 5125 2256 5171 tam
2290 5125 2385 5168 diu
2427 5125 2641 5184 absque
2672 5125 2781 5165 cibi
2823 5125 3108 5180 corporali
3155 5125 3282 5165 mu.
3314 5130 3342 5162 ιι
3401 5125 3687 5235 ΜυριεἫιθ

181 5207 292 5260 alia
324 5205 554 5258 fuerunt
610 5202 690 5257 ibi
722 5203 866 5256 facta
907 5204 962 5253 et
993 5199 1147 5253 dicta
1185 5196 1377 5263 verba,
1427 5210 1554 5264 qua:
1610 5208 1780 5246 causa
1835 5188 2126 5244 brevitatis
2183 5191 2538 5258 pertranseo,
2577 5184 2670 5239 sed
2706 5184 2767 5238 in
2807 5183 3053 5238 historia
3100 5183 3222 5253 ejus
3287 5181 3541 5252 plenarie
3634 5195 3687 5234 a-

183 5278 411 5331 bentur.

1832 5394 2054 5450 ΝΟΤᾸΞ.

258 5536 369 5606 (2t)
398 5533 835 5598 Canonicorum,
872 5537 935 5588 ut
959 5535 1119 5604 patet
1152 5572 1163 5584 .
