3956 6316
314 308 418 362 52⁸7
1325 304 1800 363 BURCHARDUS
1836 305 2368 362 WORMACIENSIS
2405 305 2806 362 EPISCOPUS.
3719 309 3822 360 528

313 435 656 492 currendam
718 435 787 471 ³⁸³
817 433 938 490 fore
982 449 1097 489 non
1129 432 1344 500 dubito,
1384 437 1558 504 prout
1583 436 1782 503 potero
1810 447 2004 502 ungue
2029 432 2074 487 A
2111 431 2456 487 Testamenti
2489 430 2815 486 declaratio.
2849 429 2908 486 Si
2954 429 3084 501 quis
3133 433 3327 486 autem
3377 428 3563 484 insani
3616 430 3822 503 capitis

311 530 480 580 tenus
539 524 864 593 exprimere
920 539 1038 577 non
1072 523 1303 577 desisto.
1344 523 1407 576 In
1440 525 1808 575 sacrosanctae
1858 520 2006 575 Scri-
2116 537 2184 575 ex
2223 521 2376 574 illius
2435 519 2798 574 lucidissimis
2830 519 3064 590 judiciis
3111 535 3227 573 non
3283 519 3610 591 corrigitur,
3662 519 3825 573 vani-

311 620 499 685 pturm
547 612 936 667 voluminibus
993 613 1219 682 Moysen
1270 615 1328 664 et
1377 610 1595 664 Heliam
1625 609 2006 680 quadraginta
2113 608 2246 662 tatis
2303 608 2553 662 ludibrio
2609 608 2812 661 illusus
2871 607 3172 677 decipitur.
3233 607 3507 661 Vanitatis
3561 608 3819 662 ludibrio

312 701 432 756 dies
455 701 746 772 jejunasse
775 701 1034 771 legimus,
1070 700 1163 753 sed
1217 715 1289 752 an
1334 699 1400 752 ab
1454 699 1613 752 omni
1642 697 1914 751 alimento
1947 713 2005 751 se
2115 695 2508 766 unusquisque
2539 694 2842 765 decipitur,
2878 694 2979 765 qui
3026 693 3276 748 stultitiae
3319 694 3458 747 vitio
3501 694 3820 748 vanissimo

310 789 715 844 abstinuissent
764 788 930 842 multi
978 787 1324 842 dubitamus.
1378 787 1666 840 Christum
1698 785 2004 840 Dominum
2113 785 2336 854 capitur
2363 792 2420 838 et
2451 800 2564 838 non
2601 783 2871 837 virtutem
2901 784 3111 854 quaerit
3142 799 3243 836 nec
3270 782 3470 836 vitium
3499 782 3670 854 fugit.
3711 783 3819 853 lgi-

310 884 570 932 nostrum
613 893 839 930 cursum
897 875 1276 946 quadraginta
1333 874 1558 928 dierum
1605 874 1891 944 jejunasse
1950 882 2005 928 et
2112 877 2206 926 tur
2227 889 2396 926 omne
2445 872 2650 927 vitium
2697 871 3039 942 fugiendum
3084 877 3195 938 est;
3253 877 3403 924 certe
3449 871 3694 925 stultitia
3726 872 3814 925 fu-

311 966 598 1036 triplicem
660 964 866 1019 idcirco
938 963 1376 1032 temptationem
1443 961 1716 1016 tolerasse
1780 962 1894 1016 scio
1950 967 2006 1016 et
2111 960 2320 1030 gienda
2379 966 2499 1014 est:
2560 959 2666 1014 hoc
2719 959 2934 1030 quippe
2990 959 3192 1013 vitium
3264 958 3513 1013 hominis
3590 963 3695 1013 est.
3750 959 3818 1014 Et

312 1055 586 1108 veraciter
631 1053 816 1120 credo,
849 1051 945 1106 sed
978 1068 1050 1105 an
1080 1052 1231 1106 ullus
1279 1050 1575 1104 hominum
1624 1050 1730 1104 hoc
1783 1049 2001 1118 fecerit,
2111 1053 2340 1103 econtra
2379 1048 2566 1103 omnis
2597 1049 2775 1104 virtus
2804 1048 3151 1119 requirenda
3199 1053 3311 1114 est;
3360 1047 3638 1119 sapientia
3679 1047 3817 1118 qui-

309 1143 540 1208 dubito;
566 1141 701 1213 quia
732 1141 779 1194 si
811 1141 1028 1211 Moyses
1075 1141 1162 1194 vel
1209 1139 1394 1193 Helias
1446 1143 1541 1193 aut
1590 1140 2002 1210 prophetarum
2109 1137 2240 1191 dem
2261 1137 2607 1208 requirenda
2637 1142 2752 1202 est;
2785 1136 2908 1206 ipsa
2937 1137 3092 1189 enim
3144 1136 3322 1190 virtus
3364 1136 3466 1190 Dei
3494 1139 3597 1190 est.
3628 1134 3814 1199 Quam

305 1231 513 1301 aliquis
555 1228 937 1300 quadraginta
985 1228 1105 1283 dies
1157 1227 1608 1298 uniuscujusque
1657 1227 1768 1281 cibi
1825 1227 1998 1282 absti-
2110 1242 2334 1280 summo
2375 1225 2564 1279 studio
2622 1224 2982 1294 maximaque
3038 1223 3340 1294 diligentia
3380 1223 3658 1294 requirat,
3712 1224 3815 1294 qui

309 1320 545 1385 nuisset,
601 1318 900 1371 diabolicae
943 1322 1359 1387 temptamenta
1394 1317 1766 1386 probationis,
1798 1321 1860 1370 ut
1897 1333 1999 1370 au-
2112 1314 2208 1367 Dei
2236 1313 2442 1367 fortem
2474 1313 2740 1366 virtutem
2785 1328 3125 1382 cognoscere
3185 1311 3398 1382 cupiat.
3457 1311 3602 1376 Quid
3655 1312 3810 1366 enim

302 1410 483 1473 tumo,
538 1423 654 1460 non
701 1406 971 1459 evasisset
1001 1421 1014 1460 :
1069 1421 1224 1472 nam,
1267 1410 1331 1457 ut
1376 1404 1456 1458 ita
1519 1404 1725 1469 dicam,
1777 1404 2000 1458 facilius
2107 1407 2192 1454 est
2219 1401 2424 1456 fortius
2449 1418 2621 1472 quam
2657 1401 2756 1456 Dei
2786 1401 2983 1466 virtus,
3017 1401 3153 1472 quid
3181 1400 3424 1455 lucidius
3451 1416 3625 1470 quam
3657 1401 3813 1471 quod

301 1502 468 1561 es.;et,
502 1494 797 1548 hominem
829 1493 1156 1562 passibilem
1187 1491 1415 1562 probari
1465 1508 1639 1562 quam
1679 1492 1997 1546 dominato-
2109 1490 2210 1546 Dei
2236 1491 2354 1545 veri
2387 1492 2518 1545 solis
2551 1491 2841 1545 iiluminat
2881 1490 3090 1552 radius,
3143 1489 3282 1561 quid
3330 1488 3587 1544 veracius
3634 1506 3810 1560 quam

302 1599 426 1636 rem
455 1584 630 1636 totius
659 1589 936 1635 creaturas
985 1582 1273 1651 temptari.
1307 1581 1468 1634 Nunc
1515 1585 1705 1634 autem
1742 1580 1846 1634 tibi
1893 1582 1999 1635 hoc
2108 1580 2262 1650 quod
2316 1580 2543 1648 scripsit
2622 1580 2801 1649 ipsius
2860 1578 3122 1632 Veritatis
3199 1580 3442 1632 manus?
3495 1579 3589 1633 Ait
3652 1580 3811 1631 enim

304 1671 666 1725 tractandum
744 1671 1027 1740 relinquo,
1114 1669 1390 1740 quoniam
1461 1669 1530 1722 de
1579 1668 1791 1722 talibus
1847 1670 1998 1724 ultra
2033 1704 2068 1755 Β
2109 1667 2402 1738 Scriptura
2434 1685 2446 1722 :
2485 1668 2781 1722 Descendit
2810 1668 3021 1737 Moyses
3053 1667 3366 1755 demonte,
3405 1665 3546 1720 duas
3584 1665 3812 1720 tabulas

304 1757 465 1828 loqui
545 1757 853 1820 tremisco;
914 1757 1192 1824 scriptum
1243 1772 1490 1826 namque
1540 1763 1669 1810 est:
1735 1777 1763 1805 (ι
1819 1754 2043 1810 Οιῐιιιδ
2109 1755 2360 1826 lapideas
2388 1763 2621 1826 portans
2674 1756 2735 1809 in
2767 1757 3032 1809 manibus
3064 1754 3200 1822 suis,
3253 1755 3488 1826 scriptas
3531 1759 3812 1826 utrasque

304 1867 330 1896 α
366 1847 601 1900 verbum
633 1846 878 1898 otiosum
902 1845 1055 1916 quod
1090 1845 1263 1898 locuti
1295 1845 1503 1898 fuerint
1540 1845 1821 1913 homines,
1862 1845 1996 1899 red-
2109 1843 2289 1914 digito
2316 1843 2435 1897 Dei.
2481 1845 2542 1897 In
2577 1844 2786 1914 quibus
2816 1843 2988 1896 etiam
3007 1843 3218 1896 tabulis
3250 1842 3649 1896 subtitulatum
3682 1848 3809 1897 est:

306 1956 333 1983 ‹ι
367 1934 505 1987 dent
527 1933 806 1986 rationem
831 1933 900 1986 de
930 1949 995 1986 eo
1027 1933 1083 1986 in
1115 1933 1424 2003 diejudicii
1456 1932 1672 2003 (Matth.
1704 1949 1803 2000 xu,
1839 1936 1945 1999 36).
1967 1953 1994 1984 ι)
2109 1933 2323 2002 Moyses
2380 1932 2482 1986 Dei
2549 1948 2742 1986 servus
2794 1932 3073 2003 jejunavit
3154 1932 3534 2002 quadraginta
3583 1933 3705 1986 dies
3755 1938 3815 1988 et

301 2023 471 2077 Istius
521 2037 652 2074 vero
731 2020 1182 2090 investigationis
1258 2021 1764 2091 interrogationem
1825 2038 1994 2092 quam
2107 2012 2349 2073 totidem
2405 2025 2616 2085 noctes,
2673 2025 2737 2073 ut
2779 2022 2966 2091 legem
3013 2021 3239 2074 Domini
3290 2025 3609 2073 mereretur
3667 2022 3812 2075 acci-

299 2111 561 2181 pluribus
620 2125 1034 2180 proposueram
1097 2109 1469 2180 sapientibus,
1527 2125 1655 2162 cum
1705 2125 1821 2162 non
1872 2125 1997 2162 sum
2107 2124 2262 2177 pere.
2293 2107 2440 2172 Quid
2472 2108 2704 2173 mirum,
2739 2109 2785 2161 si
2826 2110 3039 2178 Moyses
3084 2108 3184 2161 illo
3229 2108 3466 2178 jubente
3498 2109 3809 2179 jejunavit,

301 2197 556 2265 edoctus,
615 2197 817 2250 crescit
891 2197 1122 2251 morbus
1180 2198 1476 2268 pradictus
1563 2197 1992 2266 centuplicatus.
2105 2195 2166 2250 in
2195 2197 2357 2267 cujus
2399 2213 2578 2266 regno
2613 2213 2930 2268 numquam
2982 2197 3130 2250 ullus
3182 2196 3438 2264 esurivit,
3487 2197 3592 2250 sub
3643 2199 3812 2268 cujus

298 2285 661 2357 Quapropter
725 2292 824 2340 tua
884 2302 977 2339 me
1049 2292 1242 2339 sancta
1299 2286 1598 2340 veritatem
1627 2286 1862 2340 edoceat
1917 2302 1997 2341 sa-
2105 2300 2348 2354 persona
2379 2285 2445 2339 ad
2469 2285 2876 2356 corrigendum
2933 2285 3311 2339 Israeliticum
3363 2286 3641 2355 populum
3703 2288 3813 2340 hu-

297 2374 536 2445 pientia,
566 2378 630 2428 ut
675 2375 948 2444 laqueum
999 2380 1185 2428 reatus
1218 2390 1334 2427 non
1366 2374 1674 2440 incurram,
1735 2373 1831 2427 sed
1884 2389 1998 2444 ραι·
2099 2373 2353 2444 jusmodi
2403 2373 2576 2427 verba
2629 2373 2998 2427 correctionis
3054 2376 3336 2445 propheta
3378 2375 3808 2444 proclamavit:

301 2463 560 2517 nitentias
611 2461 701 2514 vel
754 2477 902 2515 verae
951 2462 1327 2516 confessionis
1373 2462 1620 2516 fructum
1680 2463 1990 2534 acquiram,
2111 2484 2130 2511 ι
2166 2462 2221 2518 Si
2244 2461 2518 2528 esuriero,
2551 2478 2670 2516 non
2697 2463 2881 2516 dicam
2929 2462 3053 2529 tibi,
3107 2477 3268 2515 meus
3315 2467 3398 2515 est
3437 2462 3593 2515 enim
3648 2464 3810 2516 orbis

299 2566 471 2622 quem
503 2549 814 2621 apostolica
845 2551 1082 2604 dicendo
1121 2550 1381 2622 promisit
1425 2550 1744 2620 sapientia:
1779 2570 1807 2603 ‹‹
1850 2552 1984 2606 Con-
2107 2568 2135 2601 α
2187 2555 2352 2604 terrae
2393 2552 2559 2622 (Psal.
2602 2567 2744 2618 xLix,
2795 2552 2910 2621 12);
2961 2572 2990 2599 η
3023 2555 3079 2604 et
3126 2551 3334 2604 iterum
3368 2566 3380 2603 :
3419 2570 3446 2598 ι(
3505 2551 3807 2621 Numquid

300 2660 327 2690 α
361 2639 529 2694 fessio
558 2639 622 2693 ﬁt
649 2639 718 2694 ad
743 2640 984 2693 salutem
1012 2640 1181 2710 (Rom.
1203 2655 1255 2706 x,
1293 2640 1397 2709 10).
1433 2660 1460 2687 ››
1803 2703 1808 2710 ι
1872 2623 1880 2630 ’
2107 2659 2134 2686 ‹‹
2157 2637 2514 2692 manducabo
2554 2655 2749 2692 carnes
2772 2644 3095 2706 taurorum,
3127 2642 3225 2691 aut
3253 2637 3591 2708 sanguinem
3619 2638 3809 2692 hirco-

270 2717 275 2724 ’
369 2730 420 2781 9.
471 2727 542 2782 Ut
589 2733 782 2781 autem
839 2728 957 2782 haec
1014 2744 1210 2781 servus
1269 2728 1366 2782 Dei
1413 2727 1719 2799 perspexit,
1796 2727 1994 2799 hujus-
2106 2744 2134 2775 «
2176 2742 2304 2780 rum
2335 2725 2935 2797 potabo?(Ibi.,13)»
2968 2727 3066 2780 Ille
3097 2726 3331 2797 quippe,
3361 2726 3461 2796 qui
3508 2742 3575 2779 ex
3615 2727 3806 2781 nihilo

295 2815 519 2870 cemodi
548 2815 914 2870 correctionis
975 2816 1148 2870 verba
1201 2816 1388 2871 eidem
1429 2816 1629 2888 juveni
1685 2815 1776 2871 die
1827 2817 1995 2872 tertia
2103 2819 2307 2868 cuncta
2335 2815 2560 2882 creavit,
2587 2815 2647 2868 in
2697 2831 2876 2883 regno
2907 2814 3108 2885 gloriae
3158 2831 3276 2868 suae
3317 2831 3636 2885 numquam
3670 2831 3805 2869 esu-

292 2905 584 2974 rescripsit
623 2921 635 2933 '
2104 2901 2254 2968 rivit,
2287 2919 2582 2973 nunquam
2646 2904 2838 2971 sitivit,
2894 2920 2998 2958 nec
3054 2919 3332 2973 umquam
3399 2903 3693 2970 dormivit,
3739 2909 3808 2957 ut

365 3012 395 3043 ι(
420 2992 581 3058 Quod
632 3008 724 3046 me
756 2991 827 3045 de
882 2991 1364 3063 quadragesimali
1413 2992 1636 3063 jejunio
1714 2992 1889 3063 Moysi
1935 2998 1993 3048 et
2030 2978 2069 3028 (ἶ
2103 2990 2429 3062 Scriptura:
2465 2991 2594 3045 ait«
2634 2993 2769 3045 Ecce
2805 3008 2921 3045 non
2978 2991 3253 3045 dormitat
3301 3007 3488 3062 neque
3519 2991 3803 3046 dormita-

305 3082 482 3138 Heliw
514 3082 675 3152 quasi
707 3081 1021 3135 dubitando
1078 3081 1464 3152 interrogasti,
1512 3097 1577 3134 ex
1634 3083 1743 3135 hoc
1799 3086 1876 3150 te,
1908 3082 1990 3136 ﬁli
2101 3097 2131 3130 or
2159 3078 2243 3132 bit
2274 3079 2372 3149 qui
2392 3079 2824 3133 custoditlsrael
2848 3081 3018 3148 (Psal.
3048 3096 3171 3146 cxx,
3193 3080 3272 3148 4).
3299 3100 3326 3128 ››
3365 3079 3566 3150 Igitur,
3594 3079 3800 3146 ﬁliole,

299 3186 450 3235 care,
500 3168 714 3223 diutius
780 3169 1042 3223 dubitare
1102 3169 1253 3222 nolo.
1321 3168 1465 3232 Quia
1519 3169 1634 3222 Deo
1688 3169 1990 3240 adjuvante
2099 3166 2256 3220 verbi
2279 3167 2466 3237 gratia
2487 3183 2616 3221 mea
2648 3167 2800 3221 dicta
2845 3165 3125 3238 intellige.
3157 3167 3216 3221 Si
3247 3168 3374 3238 quis
3405 3173 3671 3222 nostrum
3698 3169 3802 3223 ali-

289 3256 626 3329 planissima
660 3257 939 3328 expositio
971 3262 1073 3323 est,
1100 3257 1204 3310 hac
1227 3261 1280 3310 te
1312 3258 1569 3311 instuere
1600 3258 1788 3328 cupio.
1824 3259 1985 3324 Nam,
2099 3254 2260 3323 cujus
2330 3255 2482 3324 regis
2549 3257 2636 3309 vel
2700 3257 3078 3326 praepotentis
3146 3255 3508 3326 imperatoris
3552 3259 3798 3313 consilio

293 3352 356 3399 ut
379 3347 499 3416 ipse
530 3345 820 3399 confessus
858 3362 935 3412 es,
969 3345 1016 3398 si
1067 3346 1195 3416 quis
1224 3345 1293 3400 de
1341 3347 1635 3400 sententiis
1664 3351 1987 3401 sanctarum
2096 3342 2468 3410 interfuisset,
2499 3361 2628 3398 cum
2659 3344 2908 3398 diversas
2955 3345 3043 3398 sui
3085 3344 3248 3415 regni
3279 3345 3506 3398 divitias
3543 3345 3795 3416 inspice-
3863 3408 3866 3412 ,

292 3432 714 3504 Scripturarum
787 3433 1148 3501 dubitaverit,
1224 3433 1334 3487 nisi
1385 3433 1768 3488 satisfactione
1843 3434 1985 3488 resi-
2098 3435 2203 3495 ret,
2235 3431 2398 3500 cujus
2423 3431 2533 3487 cibi
2560 3431 2646 3484 vel
2675 3438 2843 3502 potus
2901 3432 3130 3486 interim
3171 3432 3472 3486 dulcedine
3519 3435 3649 3504 capi
3691 3451 3801 3505 po-

289 3523 498 3590 puerit,
532 3521 718 3592 gravis
745 3523 970 3592 culpam
1019 3526 1209 3575 reatus
1263 3521 1546 3589 incurrit;
1595 3523 1860 3578 siautem
1893 3524 1988 3578 in-
2096 3519 2334 3573 tuisset?
2381 3519 2620 3574 Vidisset
2667 3537 2917 3591 namque
2966 3521 3256 3574 ministros
3298 3521 3506 3575 diversi
3567 3526 3803 3592 generis

289 3611 440 3681 genii
474 3610 736 3664 ariditate
780 3626 881 3664 seu
919 3611 1102 3664 {etatis
1133 3610 1452 3664 temeritate
1481 3611 1597 3664 sive
1645 3611 1985 3682 ignorantiae
2094 3608 2343 3662 vestibus
2375 3607 2624 3676 indutos,
2655 3609 2892 3663 domum
2924 3608 3180 3663 inclitam
3227 3609 3398 3663 variis
3439 3613 3802 3667 ornamentis

289 3698 634 3752 obscuritate
693 3701 791 3750 aut
857 3697 1187 3767 neligcntim
1265 3700 1691 3753 conculcatione
1761 3702 1980 3766 illusus,
2093 3696 2446 3766 insignitam,
2501 3713 2706 3750 aurum
2760 3696 3132 3767 purissimum
3175 3697 3350 3768 signis
3397 3714 3462 3752 ac
3493 3701 3798 3770 preciosis-

287 3785 646 3839 titubationis
674 3785 872 3838 incidit
903 3785 1240 3854 periculum,
1283 3791 1341 3839 et
1377 3785 1610 3857 corrigit
1653 3787 1781 3858 quis
1805 3804 1982 3842 cum:
2094 3787 2252 3840 simis
2277 3787 2565 3857 lapidibus
2619 3793 2906 3852 ornatum,
2954 3786 3259 3858 ipsumque
3309 3804 3521 3858 regem,
3585 3807 3798 3846 corona

289 3891 320 3924 (ι
348 3874 491 3927 scire
517 3873 704 3937 debet,
727 3873 1002 3944 quoniam
1031 3873 1130 3944 qui
1161 3875 1503 3928 converterit
1531 3882 1880 3946 peccatorem
1913 3877 1982 3931 ab
2092 3891 2157 3929 ac
2205 3875 2386 3945 regali
2424 3875 2744 3930 diademate
2815 3876 3181 3942 renitentem,
3213 3876 3439 3930 divitias
3489 3879 3652 3948 regni
3704 3881 3794 3934 sui

290 3982 314 4011 ι
350 3978 542 4016 errore
573 3961 678 4016 viae
728 3978 864 4028 suae,
909 3962 1147 4015 salvavit
1191 3962 1440 4016 animam
1465 3980 1626 4016 suam
1657 3970 1915 4032 amorte,
1953 3987 1979 4013 ››
2091 3968 2254 4017 caute
2300 3968 2637 4017 tractantem
2699 3979 2761 4016 ac
2813 3963 3080 4033 mysticas
3129 3964 3354 4017 consilii
3398 3965 3484 4018 sui
3533 3967 3795 4022 rationes

287 4054 350 4105 ut
392 4050 473 4104 ait
536 4050 772 4106 Jacobus
827 4051 1118 4120 apostolus
1180 4050 1312 4121 (Jac.
1366 4069 1417 4120 v,
1490 4055 1574 4116 l9,
1648 4055 1756 4122 ‘20).
1833 4053 1980 4122 Ergo
2091 4053 2508 4106 enucleantem.
2537 4053 2600 4106 Et
2631 4052 2678 4104 si
2706 4051 2998 4106 lubricaet
3031 4052 3356 4106 transitoria
3382 4053 3556 4123 hujus
3588 4056 3794 4111 mundi

283 4139 537 4194 animam
571 4146 726 4193 tuam
756 4156 789 4192 a
819 4143 1002 4192 morte
1033 4139 1396 4202 salvabimus,
1432 4139 1479 4192 si
1509 4141 1658 4193 dicta
1697 4157 1826 4210 quae
1883 4141 1978 4195 de-
2089 4141 2273 4211 gloria
2300 4141 2598 4195 hominem
2645 4141 2705 4194 in
2767 4147 2994 4195 tantum
3027 4142 3288 4210 delectet,
3337 4147 3398 4196 ut
3453 4145 3792 4212 praecedens

281 4233 667 4283 monstramus
710 4233 874 4281 caute
907 4230 1311 4296 perscrutanda
1356 4244 1501 4298 pura
1550 4233 1742 4282 mente
1785 4244 2045 4313 recon-D
2086 4234 2291 4283 natura
2322 4229 2607 4283 naturalia
2634 4245 2753 4283 non
2795 4232 3042 4300 reputet,
3087 4235 3300 4300 quanto
3337 4230 3517 4300 magis
3544 4233 3791 4286 caelestis

283 4317 388 4372 dis.
453 4317 738 4386 Scripsisti
789 4332 1040 4387 namque
1091 4317 1243 4371 hoc:
1291 4335 1319 4368 «
1382 4318 1445 4370 In
1491 4332 1652 4370 sacra
1684 4316 1977 4386 Scriptura
2085 4317 2486 4388 aeternalisque
2515 4317 2697 4388 gloria
2727 4317 2951 4372 Summi
2990 4318 3239 4388 Moysen,
3272 4319 3452 4372 Deum
3477 4320 3787 4376 timentem

283 4424 310 4456 α
337 4407 564 4476 Moysen
605 4412 661 4459 et
687 4405 905 4458 Heliam
948 4405 1328 4475 quadraginta
1373 4404 1493 4458 dies
1516 4405 1810 4475 jejunasse
1843 4406 1977 4476 legi-
2083 4406 2319 4476 ejusque
2365 4409 2654 4475 praecepta
2718 4411 3078 4476 sequentem,
3160 4406 3451 4460 mundana
3524 4407 3784 4462 oblivisci

282 4515 305 4542 ε
343 4510 491 4559 mus,
514 4493 610 4548 sed
636 4510 707 4547 an
729 4510 786 4548 se
809 4494 880 4548 ab
897 4494 1055 4548 omni
1081 4494 1356 4548 alimento
1383 4493 1783 4560 abstinuerint,
1808 4494 1973 4549 multi
2080 4493 2258 4566 fecit?
2302 4493 2566 4548 Interfuit
2616 4492 2773 4546 enim
2826 4498 3022 4546 sancto
3065 4493 3303 4547 consilio
3336 4495 3486 4564 regis
3545 4496 3780 4562 aeterni;

279 4601 306 4633 α
341 4581 687 4636 dubitamus.
743 4601 771 4633 η
821 4582 1042 4636 Nodum
1091 4582 1149 4634 in
1201 4582 1386 4651 scirpo
1444 4579 1689 4650 quaeris;
1747 4579 1972 4636 labores
2078 4582 2300 4637 viderat
2341 4587 2398 4637 et
2454 4581 2699 4653 gloriam
2756 4581 3006 4647 Domini,
3063 4581 3172 4634 hoc
3215 4585 3299 4635 est
3343 4582 3783 4640 tabernaculum

276 4670 492 4741 quippe
558 4669 768 4739 perdit,
811 4671 911 4741 qui
967 4671 1183 4724 nodum
1237 4669 1296 4722 in
1352 4669 1535 4739 scirpo
1594 4669 1815 4740 quaerit.
1878 4671 1972 4723 Est
2078 4687 2196 4725 non
2226 4686 2403 4724 manu
2428 4671 2665 4739 factum,
2699 4669 2757 4724 id
2789 4674 2874 4724 est
2915 4685 3032 4724 non
3073 4670 3244 4741 hujus
3291 4671 3629 4739 creationis;
3684 4691 3783 4728 au-

273 4759 431 4812 enim
463 4759 676 4812 nodum
708 4759 767 4812 in
815 4759 1002 4828 scirpo
1051 4774 1326 4829 quaarere,
1373 4773 1441 4811 ex
1496 4757 1855 4828 apertissima
1905 4774 1969 4812 ac
2076 4760 2264 4814 dierat
2305 4775 2500 4813 vocem
2552 4758 2780 4812 Domini
2836 4757 3117 4812 dicentem
3149 4759 3298 4812 sibi:
3344 4777 3372 4810 α
3405 4760 3528 4813 Prae
3555 4762 3780 4815 casteris

271 4847 567 4901 verissima
633 4847 850 4901 ratione
933 4846 1310 4902 dubitationis
1397 4846 1774 4901 nodositatem
1835 4863 1966 4902 con-
2077 4867 2103 4898 α
2136 4847 2311 4918 diligo
2345 4852 2416 4912 te,
2450 4851 2506 4900 et
2525 4862 2596 4901 ex
2634 4847 2865 4900 nomine
2893 4846 3024 4900 novi
3045 4851 3097 4899 te
3145 4846 3339 4916 (Exod.
3373 4863 3568 4914 χχχιιι,
3608 4851 3714 4916 t3).
3747 4870 3776 4902 ι»

269 4941 498 4990 nectere
528 4939 584 4989 et
626 4950 694 4988 ex
736 4933 1101 4989 serenissima
1156 4935 1279 4987 luce
1329 4933 1682 4989 densissima).
1739 4935 1965 4990 nebulas
2073 4937 2464 5008 Quadraginta
2491 4937 2643 4990 enim
2674 4952 2853 4990 annos
2884 4952 2988 5006 pro
3021 4935 3397 5006 quadraginta
3438 4936 3640 4991 diebus
3673 4955 3779 5008 per

268 5025 703 5079 crassitudinem
747 5024 1102 5078 contrahere.
1148 5023 1558 5078 SereuiSsiman
1607 5023 1732 5078 dico
1778 5025 1962 5078 lucem
2072 5040 2309 5079 manum
2338 5025 2511 5096 Moysi
2542 5023 2742 5078 eduxit
2787 5025 2932 5077 Deus
2976 5025 3253 5094 populum
3296 5040 3464 5078 suum
3511 5041 3615 5096 per
3677 5027 3774 5080 de-

263 5113 526 5168 videlicet
554 5117 805 5166 sanctam
837 5112 1210 5182 Scripturam,
1244 5111 1304 5164 in
1352 5127 1465 5182 qua
1510 5111 1674 5165 factis
1715 5116 1772 5166 et
1801 5111 1964 5166 dictis
2071 5117 2308 5180 sertum,
2341 5118 2397 5167 et
2426 5129 2556 5166 cum
2589 5129 2655 5165 eo
2695 5113 2915 5165 locutus
2975 5118 3060 5166 est
3089 5112 3231 5166 facie
3263 5113 3334 5166 ad
3364 5113 3588 5181 faciem,
3625 5113 3777 5170 sicut

262 5201 667 5272 unusquisque
716 5200 974 5254 fidelium
1009 5198 1342 5268 corrigitur;
1378 5215 1480 5270 per
1525 5199 1676 5270 quod
1736 5204 1791 5254 et
1835 5216 1962 5270 spe-
2069 5202 2226 5272 loqui
2265 5201 2409 5256 solet
2436 5201 2506 5254 ad
2532 5201 2780 5254 amicum
2811 5216 2982 5254 suum
3024 5200 3218 5267 homo,
3260 5206 3323 5255 ut
3361 5201 3656 5271 Scriptura
3695 5203 3776 5257 ait

262 5290 456 5345 culum
522 5291 650 5344 vitm
715 5288 923 5342 merito
987 5287 1340 5342 nominatur.
1406 5289 1501 5342 Est
1555 5288 1711 5343 enim
1767 5293 1960 5344 sancta
2069 5275 2269 5359 (Eneti.
2302 5305 2495 5355 χχχιιι,
2530 5289 2645 5357 lt);
2696 5288 2848 5342 diem
2896 5287 2956 5341 in
3023 5304 3238 5343 annum
3268 5288 3528 5356 mutavit,
3560 5291 3770 5361 pabulo

259 5378 557 5450 Scriptura
622 5383 1000 5449 utrarumque
1069 5377 1263 5448 legum
1312 5379 1370 5432 et
1425 5375 1565 5431 Novi
1627 5383 1683 5431 et
1745 5377 1958 5432 Veteris
2066 5378 2278 5432 caelesti
2308 5378 2588 5447 populum
2613 5391 2780 5431 suum
2801 5376 2970 5448 pavit,
2998 5393 3206 5448 panem
3237 5377 3558 5449 angelicum
3593 5378 3769 5435 homo

1667 5465 1904 5521 VARUE
1954 5465 2348 5522 LECTlONES.

332 5554 404 5588 “3
437 5554 853 5613 sucurrendum
887 5557 934 5608 ι.
