3956 6316
172 350 288 402 529

1371 346 1737 403 ΡΒΟΟΕΜΙΑ.
1779 377 1848 388 --
1888 350 2040 404 VITA
2081 348 2503 406 BUHCHARDI.

3584 351 3687 405 530

170 469 571 525 manducavit.
624 468 761 535 Quis
816 473 900 524 est
960 469 1119 525 cibus
1165 469 1425 536 ccelestis,
1485 471 1574 524 vel
1616 470 1744 540 quis
1794 474 1878 525 est
1908 474 1954 526 A
1992 470 2171 538 Igitur
2195 471 2331 543 quia
2350 472 2422 525 ab
2448 468 2615 525 initio
2647 469 2817 525 fallax
2849 486 2910 525 ac
2933 471 3205 527 dubiosus
3229 471 3358 540 fuit,
3390 472 3540 529 inter
3568 489 3687 527 sus-

173 558 346 613 cibus
393 558 730 628 angelicus?
772 558 918 623 Quid
962 574 1122 628 ergo,
1162 558 1269 626 fili,
1320 558 1471 612 dices
1514 557 1584 611 ad
1629 557 1795 612 bzec?
1826 559 1884 613 Si

174 647 408 701 nodum
450 645 722 717 quaesisti,
755 663 883 700 ecce
932 646 1216 700 invenisti.
1246 648 1371 701 Jam
1401 648 1616 700 resolve
1649 647 1880 713 nodum,

174 740 237 789 et
286 736 441 789 hunc
493 750 772 805 cognosce
820 735 1076 789 modum.
1131 737 1394 801 Putasne,
1434 736 1689 789 cmlestes
1737 735 1884 789 cives

172 823 352 877 sicuti
393 828 646 877 terrenos
686 827 867 877 rastro
901 824 989 877 vel
1024 828 1210 877 aratro
1257 824 1526 878 sudantes
1574 824 1883 878 laborando

174 927 447 982 quaerere
478 911 728 983 panem?
750 914 1143 983 Nequaquam.
1181 911 1288 967 Sed
1310 917 1393 966 est
1406 914 1692 982 justorum
1721 913 1886 984 panis

172 999 556 1055 indefectivus
611 1001 777 1061 Deus,
824 1000 925 1054 Dei
956 1000 1149 1067 Filius,
1193 1000 1529 1071 angelorum
1578 1007 1802 1055 creator
1831 1006 1886 1055 et

174 1088 477 1155 dominus,
514 1088 585 1142 de
630 1105 745 1159 quo
778 1088 1054 1158 scriptum
1091 1093 1215 1143 est:
1249 1108 1276 1141 ε(
1314 1090 1379 1143 ln
1424 1088 1711 1159 principio
1764 1094 1886 1142 erat

177 1194 211 1230 α
244 1177 496 1231 Verbum
546 1182 602 1230 et
635 1176 875 1231 Verbum
926 1181 1048 1230 erat
1079 1177 1231 1247 apud
1266 1178 1446 1231 Deum
1476 1183 1533 1231 et
1582 1178 1732 1231 Deus
1764 1180 1886 1231 erat

180 1285 206 1313 ι
237 1264 493 1318 Verbum
544 1264 731 1334 (Joan.
766 1281 805 1330 ι,
838 1264 905 1331 1).
940 1284 968 1315 ››
1006 1266 1143 1320 Ecce
1183 1265 1347 1336 panis
1391 1266 1719 1335 angelicas!
1758 1287 1784 1314 ‹‹
1817 1266 1886 1319 Et

179 1372 211 1402 (ι
242 1353 481 1407 verbum
517 1368 649 1406 caro
670 1352 883 1406 factum
913 1357 1000 1407 est
1021 1358 1077 1406 et
1106 1353 1382 1407 habitavit
1397 1353 1458 1407 in
1489 1353 1674 1408 nobis.
1706 1353 1879 1423 (Ibid.

179 1458 210 1491 α
244 1458 287 1507 ι,
342 1442 446 1510 14.)
476 1463 498 1490 ι
538 1443 671 1495 Ecce
720 1440 879 1495 cibus
929 1442 1172 1495 caelestis
1217 1442 1529 1511 descendit,
1576 1447 1633 1497 et
1675 1458 1884 1513 panem

177 1530 521 1600 angelorum
551 1530 722 1583 homo
774 1529 1154 1597 manducavit,
1189 1530 1421 1601 quando
1467 1531 1714 1584 Verbum
1752 1546 1883 1584 caro

175 1619 394 1673 factum
427 1619 487 1672 in
518 1618 681 1673 nobis
707 1617 1000 1672 habitavit.
1047 1620 1171 1689 Ipse
1210 1618 1364 1672 enim
1400 1617 1514 1672 ait:
1555 1642 1574 1667 α
1608 1620 1724 1689 Ego
1756 1635 1882 1672 sum

184 1728 207 1755 ι
245 1706 412 1777 panis
440 1706 622 1773 vivus,
657 1706 758 1777 qui
803 1705 873 1759 de
905 1707 1046 1760 cmlo
1078 1707 1347 1760 descendi
1388 1706 1561 1777 (Joan.
1591 1723 1664 1773 v1,
1698 1710 1754 1761 51
1792 1725 1806 1773 ',
1851 1732 1876 1753 ››

178 1812 287 1866 per
312 1812 485 1866 quem
524 1811 729 1866 panem
764 1795 1011 1849 mundus
1042 1795 1320 1861 consistit,
1355 1800 1411 1849 et
1449 1811 1551 1866 per
1579 1812 1751 1867 quem
1776 1812 1881 1866 po-

178 1884 355 1956 pulus
389 1883 621 1937 Domini
650 1883 1030 1954 quadraginta
1061 1900 1241 1937 annos
1276 1883 1448 1949 vixit;
1481 1884 1551 1938 de
1583 1901 1698 1955 quo
1730 1885 1881 1955 Moy-

178 1968 413 2037 sesjam
448 1974 581 2021 tunc
612 1967 882 2037 gustavit,
926 1969 1157 2038 quando
1190 1968 1333 2045 rubo
1382 1967 1647 2039 ﬂagranti
1678 1968 1882 2022 affatus

181 2056 264 2110 sic
288 2056 621 2126 respondit:
661 2078 680 2104 ε
717 2056 978 2124 Obsecro,
1015 2056 1279 2122 Domine,
1323 2057 1484 2111 mitte
1535 2073 1709 2127 quem
1742 2058 1883 2111 mis—

185 2167 213 2195 «
243 2162 409 2199 surus
437 2162 496 2198 es
518 2145 723 2215 (Exod.
759 2161 836 2215 Iv,
871 2148 958 2214 13)
993 2164 1060 2211 »ς
1094 2148 1151 2200 et
1190 2145 1329 2200 alibi
1359 2146 1429 2200 de
1457 2147 1657 2200 eodem
1691 2151 1882 2217 gusta-

178 2235 287 2303 vit,
322 2234 552 2306 quando
602 2234 752 2288 inter
794 2233 1044 2304 plurima
1076 2233 1351 2289 doctrinae
1391 2250 1509 2287 suae
1550 2234 1722 2288 verba
1751 2233 1881 2287 filiis

180 2324 360 2378 Israel
410 2323 541 2377 ait:
601 2344 622 2371 α
674 2322 1016 2393 Prophetam
1060 2321 1355 2376 suscitabit
1407 2322 1569 2376 vobis
1614 2323 1762 2376 Deus
1812 2322 1880 2376 de

181 2430 211 2463 α
243 2411 516 2467 fractibus
547 2410 769 2479 vestris,
797 2411 989 2481 ipsum
1020 2410 1264 2465 audietis
1297 2410 1483 2481 (Deut.
1521 2427 1674 2477 xvui,
1711 2414 1817 2477 15).
1855 2434 1877 2460 ι

182 2501 262 2554 De
295 2517 409 2571 quo
448 2515 596 2571 pane
627 2484 897 2569 gustavit,
938 2515 1069 2553 cum
1096 2499 1479 2570 quadraginta
1508 2498 1625 2552 dies
1644 2498 1883 2569 jejuna-

179 2588 296 2642 vit:
359 2588 493 2659 quia
549 2604 667 2641 non
719 2588 780 2642 in
836 2589 952 2641 solo
1004 2587 1284 2658 corporali
1332 2587 1458 2641 cibo
1507 2586 1645 2641 vivit
1689 2588 1880 2655 homo,

179 2676 281 2731 sed
314 2676 373 2730 in
396 2676 554 2729 omni
582 2676 753 2730 verbo
790 2676 891 2729 Dei
921 2677 1066 2739 (Luc.
1106 2692 1177 2742 IV,
1213 2676 1285 2744 4).
1322 2676 1427 2728 Per
1452 2675 1606 2745 quod
1635 2674 1881 2728 Verbum

182 2770 386 2820 cuncta
399 2769 587 2819 creata
608 2770 764 2831 sunt,
788 2769 845 2819 et
866 2764 1061 2817 omnia
1085 2763 1247 2834 quasi
1264 2779 1327 2817 ex
1348 2762 1529 2817 nihilo
1542 2762 1878 2830 consistunt,

180 2855 321 2925 quia
338 2854 459 2925 ipse
483 2854 631 2908 Deus
662 2853 909 2907 Verbum
932 2857 1032 2905 est.
1062 2872 1089 2901 «
1112 2851 1356 2906 Verbum
1385 2856 1507 2905 erat
1524 2852 1675 2922 apud
1704 2853 1883 2906 Deum

184 2948 291 3011 «.et
322 2944 468 2997 Deus
498 2947 619 2995 erat
642 2942 896 2997 Verbum
920 2941 1108 3006 (Joan.
1136 2958 1173 3006 1,
1211 2940 1282 3010 1.)
1307 2962 1334 2989 ››
1355 2941 1418 2994 In
1442 2940 1549 2993 hoc
1570 2941 1783 3011 quippe
1802 2940 1885 2994 in-

1988 560 2325 629 pensionem
2378 559 2754 613 dubitationis
2802 559 3003 613 incidit
3043 561 3364 630 periculum
3410 562 3684 632 despera-

1990 647 2181 715 tionis,
2205 653 2261 702 et
2290 664 2393 719 per
2422 648 2650 701 ruinam
2674 649 3091 718 desperationis
3123 649 3441 720 passionem
3473 651 3688 721 patitur

1993 741 2221 790 aeternas
2252 736 2662 806 damnationis,
2702 741 2873 807 atque
2912 738 3180 807 expulsus
3214 738 3272 792 in
3304 739 3568 793 tenebras
3600 755 3690 794 ex-

1990 824 2251 891 teriores,
2298 824 2605 879 infernales
2654 824 2857 879 merito
2899 827 3139 895 pertulit
3181 827 3494 897 passiones.
3528 826 3690 891 Quod

1994 917 2185 967 autem
2219 912 2588 983 interrogasti
2613 914 2683 967 de
2720 913 2947 984 jejunio
3000 914 3194 980 Heliae,
3246 916 3352 969 hac
3408 915 3691 970 sententia

1993 999 2270 1070 intellige.
2327 1000 2534 1070 Legisti
2579 1000 2772 1068 etiam,
2823 1006 2984 1071 puto,
3040 1006 3095 1055 et
3142 1002 3491 1071 intellexisti,
3544 1019 3690 1074 quo-

1992 1088 2162 1142 modo
2188 1093 2318 1158 post
2346 1087 2834 1158 imprecationem,
2868 1104 3041 1159 quam
3080 1088 3215 1143 fecit
3257 1107 3431 1160 super
3460 1090 3689 1145 habita-

1991 1182 2147 1231 tores
2193 1177 2450 1240 Galaath,
2501 1177 2688 1230 Helias
2750 1177 3060 1232 absconsus
3108 1179 3179 1232 ab
3226 1180 3418 1233 Achab
3456 1195 3592 1251 rege
3628 1180 3688 1234 in

1992 1269 2243 1319 torrente
2302 1265 2495 1319 Carith
2543 1266 2658 1319 Deo
2704 1265 2944 1335 jubente
2991 1283 3024 1318 a
3068 1266 3249 1320 corvis
3296 1272 3585 1322 recreatus
3634 1272 3690 1322 et

1990 1359 2185 1423 pastus
2233 1359 2317 1407 est
2367 1354 2458 1423 (ΙΙΙ
2504 1356 2628 1422 Reg.
2686 1353 2839 1424 xvu).
2899 1356 3032 1408 Post
3089 1358 3203 1408 tres
3258 1360 3452 1409 autem
3506 1372 3689 1411 annos

1992 1446 2279 1512 praecepto
2314 1442 2415 1496 Dei
2448 1442 2694 1497 ostendit
2741 1458 2800 1496 se
2832 1443 3045 1511 Achab,
3077 1443 3308 1513 quando
3352 1445 3543 1497 zelans
3590 1461 3687 1498 ze-

1994 1529 2112 1581 lum
2144 1529 2374 1582 Domini
2416 1528 2872 1600 quinquagintos
2903 1529 3325 1600 quinquaginta
3372 1531 3689 1586 sacerdotes

1997 1615 2126 1668 Baal
2167 1615 2487 1669 interficere
2525 1616 2733 1686 jussit;
2776 1616 2978 1670 eodem
3010 1616 3102 1670 die
3142 1633 3173 1670 a
3227 1618 3340 1670 Deo
3374 1618 3688 1688 impetrans

1992 1702 2266 1773 pluviam.
2301 1704 2515 1758 Deinde
2547 1705 2757 1757 timens
2782 1704 2964 1757 minas
2983 1705 3222 1769 Jesabel,
3256 1706 3585 1760 furibundae
3608 1723 3690 1761 re-

1991 1790 2164 1861 ginae,
2197 1807 2301 1861 per
2329 1791 2617 1845 desertum
2668 1791 2814 1862 fugit
2844 1798 2902 1846 et
2945 1792 3006 1846 in
3037 1793 3242 1846 umbra
3284 1793 3541 1864 juniperi
3584 1810 3690 1864 pro

1992 1879 2161 1933 taedio
2210 1880 2419 1933 anima:
2470 1880 2835 1934 obdormivit.
2877 1882 3035 1934 Tunc
3083 1897 3315 1953 quoque
3366 1882 3435 1936 ab
3483 1884 3688 1953 angelo

1989 1968 2078 2022 bis
2115 1968 2410 2037 excitatus,
2447 1972 2503 2022 et
2549 1969 2618 2022 de
2672 1968 3033 2038 longitudine
3087 1967 3191 2023 viae
3244 1970 3577 2037 instructus,
3626 1987 3691 2024 ac

1991 2056 2361 2111 subcineritio
2417 2072 2563 2127 pane
2613 2061 2669 2110 et
2715 2072 2864 2127 aqua
2918 2057 3181 2122 refectus,
3240 2057 3303 2111 in
3344 2058 3682 2114 fortitudine

1990 2144 2103 2199 cibi
2128 2144 2284 2198 illius
2316 2144 2632 2199 ambulavit
2665 2144 3044 2215 quadraginta
3073 2145 3190 2199 dies
3230 2151 3289 2200 et
3316 2147 3559 2201 totidem
3590 2164 3689 2201 no-

1990 2239 2125 2289 ctes.
2162 2234 2320 2288 Unde
2352 2240 2520 2304 putas
2550 2234 2711 2305 panis
2754 2233 2863 2288 iste
2891 2234 3064 2301 venit,
3112 2236 3201 2288 vel
3246 2252 3359 2307 quo
3407 2237 3477 2290 de
3528 2237 3687 2291 fonte

1989 2321 2111 2375 haec
2152 2337 2300 2392 aqua
2342 2321 2545 2375 hausta
2592 2320 2746 2376 fuit?
2792 2322 2954 2389 Nam,
3006 2327 3067 2376 ut
3112 2322 3375 2394 legimus,
3422 2325 3608 2379 Helias
3656 2342 3691 2378 a

1992 2410 2108 2464 Deo
2139 2414 2333 2476 raptus
2359 2426 2463 2479 per
2498 2410 2789 2464 turbinem
2829 2410 2889 2463 in
2921 2411 3126 2464 caelum
3160 2412 3347 2465 adhuc
3377 2413 3690 2483 corporalis

1989 2498 2144 2552 vivit.
2176 2498 2285 2552 Sed
2326 2497 2395 2551 de
2440 2514 2554 2568 quo
2604 2514 2751 2568 pane
2800 2497 3075 2564 reﬁcitur,
3122 2503 3221 2552 aut
3267 2500 3336 2554 de
3370 2517 3484 2570 quo
3532 2502 3690 2555 fonte

1990 2594 2160 2660 putas
2192 2589 2378 2660 potari
2401 2591 2430 2643 ?
2474 2589 2604 2643 Dico
2633 2589 2737 2643 tibi
2768 2605 2872 2658 pro
2910 2589 3168 2655 veritate,
3201 2591 3355 2660 quod
3391 2591 3532 2661 ipse,
3566 2591 3686 2662 qui,

1990 2681 2055 2730 ut
2087 2677 2225 2746 dixi,
2257 2677 2424 2747 panis
2446 2677 2736 2747 justorum
2785 2676 3058 2743 consistit,
3108 2678 3446 2733 alimentum
3478 2680 3691 2734 saturi-

1989 2763 2125 2818 tatis
2160 2764 2334 2818 Helias
2366 2764 2580 2834 absque
2620 2763 2793 2818 dubio
2823 2763 3044 2817 tribuit.
3077 2767 3241 2834 Aqua
3268 2781 3402 2819 vero
3440 2766 3690 2836 potatio—

1994 2852 2081 2905 nis
2120 2868 2188 2906 ex
2222 2851 2376 2906 illius
2406 2852 2561 2905 fonte
2588 2856 2834 2917 emanat,
2866 2852 2965 2923 qui
2995 2852 3171 2905 dixit:
3210 2872 3237 2904 α
3262 2856 3483 2924 Aquam
3516 2870 3690 2926 quam

1996 2958 2021 2993 α
2056 2955 2160 3009 ego
2210 2940 2419 2993 dedero
2466 2940 2564 3010 qui
2616 2938 2847 3006 biberit,
2892 2956 2957 2993 ex
2991 2956 3056 2993 ea
3092 2956 3206 2993 non
3240 2941 3391 2995 sitiet
3434 2958 3691 3012 unquam

181 3031 522 3101 telligimus,
557 3030 695 3100 quia
727 3031 875 3083 Deus
895 3031 1063 3083 Pater
1096 3028 1271 3083 Filius
1300 3029 1422 3100 ipse
1452 3033 1557 3095 est,
1601 3033 1658 3083 et
1689 3029 1880 3096 Filius,
1914 3031 1954 3085 C
1995 3028 2311 3099 «(Joan.1v,
2339 3031 2401 3083 13
2430 3027 2515 3098 ;››)
2530 3032 2588 3082 et
2608 3026 2847 3082 iterum:
2876 3028 3027 3092 «Qui
3050 3028 3262 3082 biberit
3283 3046 3493 3101 aquam
3516 3046 3690 3101 quam

181 3118 292 3173 hoc
327 3124 411 3172 est
433 3119 699 3181 Verbum,
722 3117 889 3188 panis
919 3116 1160 3171 ccelestis
1189 3122 1291 3183 est,
1334 3123 1389 3171 et
1421 3116 1587 3187 panis
1616 3116 1879 3185 caelestis,

182 3207 288 3261 hoc
321 3213 408 3260 est
439 3207 702 3273 Verbum,
735 3222 866 3259 caro
903 3206 1116 3259 factum
1147 3210 1250 3275 est,
1281 3205 1404 3276 ipso
1446 3206 1655 3260 fatente
1699 3210 1758 3260 et
1790 3205 1884 3259 di-

1996 3137 2024 3169 ‹‹
2056 3133 2163 3188 ego
2190 3116 2285 3181 do,
2318 3115 2503 3201 fietin
2526 3132 2594 3169 eo
2617 3116 2741 3169 fons
2774 3131 2943 3186 aquae
2966 3116 3221 3171 salientis
3250 3117 3309 3170 in
3328 3118 3502 3171 vitam
3532 3122 3691 3172 teter-

1999 3228 2018 3254 α
2056 3220 2189 3258 nam
2222 3204 2401 3273 (lbid.,
2434 3206 2515 3258 14.
2546 3224 2573 3255 »
2599 3204 2785 3258 Helias
2812 3205 2967 3258 enim
2989 3206 3295 3275 estjustus,
3329 3218 3384 3260 et
3412 3212 3536 3260 erat
3564 3206 3691 3260 ideo

184 3301 387 3350 cente:
428 3318 447 3344 ι
489 3295 654 3348 Panis
703 3310 872 3365 quem
910 3310 1015 3365 ego
1050 3294 1282 3362 dedero,
1333 3310 1462 3348 caro
1495 3310 1621 3347 mea
1653 3298 1736 3348 est
1777 3310 1881 3365 pro
1986 3293 2225 3364 justitiae
2282 3292 2492 3362 pabulo
2568 3293 2848 3358 refectus;
2910 3293 3045 3347 vivit
3111 3299 3168 3347 et
3223 3294 3469 3360 vivebat,
3548 3294 3693 3348 sicut

188 3404 212 3437 ι
249 3383 450 3438 mundi
496 3383 608 3436 vita
642 3383 823 3454 (Joan.
877 3399 947 3439 v1.
981 3383 1088 3453 52).
1127 3404 1154 3431 ››
1200 3384 1325 3452 lpse
1374 3383 1589 3453 quippe
1638 3382 1753 3436 vita
1800 3388 1884 3435 est

186 3478 241 3528 et
269 3473 606 3527 alimentum
640 3471 974 3542 angelorum
1005 3488 1070 3524 ac
1104 3471 1424 3537 hominum,
1453 3471 1552 3541 qui
1575 3470 1707 3524 facit
1735 3474 1886 3525 utra-

187 3578 298 3634 que
330 3577 511 3616 unum
535 3579 547 3628 ;
582 3560 704 3630 ipse
737 3575 967 3631 quoque
989 3560 1215 3631 Moysen
1243 3559 1616 3631 spiritualiter
1636 3558 1880 3627 satiavit,

188 3651 416 3723 quando
439 3649 818 3721 quadraginta
836 3649 959 3703 dies
985 3649 1360 3718 corporaliter
1377 3647 1679 3719 jejunavit.
1713 3648 1885 3719 Cujus

187 3740 466 3794 excelsam
513 3738 832 3809 potentiam
885 3752 1274 3807 magnamque
1336 3736 1783 3791 misericordiam
1830 3742 1887 3791 et

189 3828 494 3899 antiquum
525 3826 827 3881 consilium
854 3825 1113 3879 diabolus
1151 3840 1269 3878 non
1296 3824 1643 3894 recognovit,
1674 3841 1804 3879 cum
1833 3825 1887 3878 ei

190 3917 473 3987 triplicem
505 3920 561 3969 et
603 3914 1039 3984 temptationem
1087 3913 1404 3984 proposuit.
1444 3914 1574 3967 Erat
1616 3912 1769 3967 enim
1816 3913 1885 3967 ab

188 4004 354 4060 initio
401 4005 645 4059 fratrum
675 4007 967 4057 accusator
993 4018 1057 4054 ac
1086 4001 1360 4072 nequitiae
1390 4001 1602 4055 arbiter
1646 4002 1885 4056 menda-

192 4094 379 4165 ciique
426 4094 689 4147 inventor
720 4097 777 4146 et
816 4106 1104 4162 nugarum
1135 4090 1539 4160 canopicorum
1592 4089 1887 4161 sagacissi-

193 4199 320 4238 mus
350 4181 642 4253 magister.
681 4180 868 4235 Latuit
896 4180 1053 4233 enim
1092 4179 1151 4233 in
1181 4180 1353 4233 corde
1390 4179 1721 4241 Pharaonis,
1754 4194 1884 4233 exa-

194 4272 383 4343 gitans
411 4270 638 4340 Moysen
677 4284 781 4338 per
807 4272 1224 4337 temptamenta
1268 4266 1504 4321 diversae
1532 4266 1882 4338 quaestionis.

193 4361 340 4429 Ergo
368 4359 596 4428 Moysen
628 4356 922 4411 hominem
964 4355 1314 4426 recognovit,
1358 4356 1454 4408 sed
1487 4354 1699 4410 Christi
1742 4354 1887 4409 divi-

193 4448 431 4501 nitatem
470 4460 639 4499 carne
664 4445 909 4498 velatam
948 4459 1067 4498 non
1097 4442 1401 4509 intellexit,
1425 4442 1672 4513 ideoque
1704 4444 1885 4497 Deum

193 4534 483 4588 hominem
507 4534 823 4604 perfectum
854 4532 1153 4587 dubitavit.
1174 4532 1444 4596 Quamvis
1471 4532 1626 4585 enim
1648 4546 1885 4585 uxorem

194 4623 360 4679 Pilati
396 4637 501 4691 per
540 4621 723 4675 visum
769 4636 875 4691 pro
921 4620 1313 4690 redemptione
1348 4619 1472 4690 ejus
1511 4623 1761 4681 vexaret,
1795 4623 1888 4673 ta—

192 4727 324 4765 men
359 4711 536 4765 Deum
584 4709 880 4763 hominem
914 4724 1035 4763 esse
1082 4724 1398 4762 venenosus
1443 4706 1537 4762 ille
1571 4707 1883 4762 dubitabat.

194 4799 500 4855 Dubitabat
534 4814 784 4870 namque
816 4797 968 4868 apud
1010 4799 1189 4852 Deum
1238 4813 1359 4852 esse
1410 4796 1883 4864 misericordiam,

192 4894 256 4943 ut
297 4886 715 4943 humanitatem
755 4887 994 4941 induere
1045 4902 1291 4957 suosque
1339 4901 1531 4940 servos
1575 4884 1887 4939 divinitatis

194 4993 311 5033 sua:
368 4976 695 5031 admirabili
739 4975 1081 5029 commercio
1134 4989 1406 5029 renovare
1464 4974 1554 5029 vel
1602 4974 1887 5028 redimere

191 5065 481 5120 voluisset.
514 5065 571 5120 Si
602 5064 757 5119 enim
790 5081 907 5118 non
938 5064 1227 5119 dubitaret
1254 5080 1360 5117 nec
1383 5063 1537 5133 justo
1581 5063 1885 5130 invideret,

191 5155 415 5209 Judaaos
443 5153 699 5208 infelices
741 5154 811 5208 ad
843 5152 1291 5207 inobedientiam
1324 5167 1389 5205 ac
1419 5151 1720 5222 perfidiam
1751 5168 1885 5208 con-

193 5247 278 5297 tra
310 5242 489 5296 Deum
536 5258 654 5297 non
692 5242 772 5296 sic
800 5242 1069 5296 excitaret
1099 5257 1286 5313 neque
1336 5256 1437 5310 per
1483 5256 1586 5294 ora
1629 5241 1886 5308 illorum,

196 5330 585 5401 Cruciﬁgatur,
622 5332 912 5386 clamaret.
945 5331 1015 5384 Et
1050 5330 1185 5401 quia
1227 5329 1545 5393 dubitabat,
1581 5330 1886 5384 nesciebat.

1994 3381 2266 3451 scriptum
2307 3384 2430 3435 est:
2465 3402 2493 3431 «
2526 3382 2713 3435 Justus
2744 3397 2812 3434 ex
2836 3381 2969 3440 .iide
3002 3381 3138 3435 vivit
3181 3382 3330 3451 (Gal.
3383 3399 3461 3446 III,
3515 3382 3622 3453 11.)
3661 3402 3688 3433 ι)

1994 3469 2310 3535 Sufﬁciant,
2344 3469 2448 3535 ﬁli,
2482 3469 2585 3523 tibi
2620 3471 2739 3523 haec
2783 3485 2961 3541 pauca
2994 3470 3365 3524 correctionis
3403 3471 3595 3537 verba,
3632 3475 3693 3524 ut

1994 3575 2062 3614 ex
2102 3558 2190 3612 bis
2232 3556 2486 3612 minimis
2532 3558 2789 3612 imbutus
2837 3557 2990 3612 dicas
3036 3561 3254 3625 majora
3306 3559 3552 3629 perfecte
3601 3559 3691 3614 in-

1994 3646 2254 3718 telligere
2292 3650 2348 3699 et
2378 3646 2593 3700 nodum
2637 3645 2838 3700 similis
2870 3647 3199 3717 quaestionis
3247 3647 3445 3702 leviter
3486 3648 3692 3702 dissol-

1998 3750 2145 3801 vere,
2178 3733 2313 3806 quia
2340 3750 2719 3806 qua’cumque
2758 3734 2971 3806 scripta
3009 3741 3163 3803 sunt,
3205 3735 3275 3791 ad
3305 3741 3555 3790 nostram
3587 3736 3691 3790 do-

1994 3823 2237 3878 ctrinam
2291 3823 2498 3893 scripta
2529 3827 2681 3887 sunt,
2732 3827 2795 3877 ut
2836 3839 2942 3894 per
2990 3825 3323 3895 patientiam
3353 3830 3409 3879 et
3437 3826 3692 3879 consola-

1994 3912 2213 3967 tionem
2271 3911 2693 3981 Scripturarum
2760 3928 2918 3981 spem
2989 3913 3306 3967 habeamus
3358 3914 3413 3967 in
3475 3914 3693 3969 Christo

1994 4001 2124 4055 Jesu
2150 3999 2393 4055 Domino
2419 4006 2632 4063 nostro,
2668 4000 2768 4071 qui
2801 4000 2935 4055 vivit
2964 4006 3017 4054 et
3050 4007 3254 4072 regnat
3284 4003 3430 4056 Deus
3460 4002 3539 4057 im
3564 4018 3693 4056 om-
3782 4043 3788 4053 .

1997 4090 2090 4144 nia
2121 4092 2311 4143 secula
2339 4090 2682 4157 seculorum,
2710 4093 2911 4142 Amen.
2949 4108 2975 4139 ι)

2068 4178 2439 4234 Convenienti
2486 4192 2616 4230 vero
2666 4184 2920 4246 tempore
2963 4177 3439 4232 confabulationis
3486 4180 3694 4249 pradi-

1999 4272 2121 4321 ctus
2155 4266 2405 4336 juvenis,
2454 4265 2797 4335 quibusdam
2832 4265 3212 4320 familiaribus
3256 4266 3375 4319 suis
3413 4282 3694 4321 convoca-

1999 4355 2093 4421 tis,
2124 4359 2187 4408 ut
2214 4354 2338 4423 ipse
2376 4353 2684 4422 fatebatur,
2725 4370 2794 4408 ne
2829 4360 2942 4406 tam
2976 4353 3336 4407 delectabiles
3368 4356 3695 4411 animarum

1995 4442 2193 4512 epulas
2221 4438 2293 4477 ³⁸⁸
2334 4441 2488 4494 solus
2520 4440 2867 4494 ruminando
2899 4442 3293 4510 absconderet,
3331 4444 3488 4513 larga
3521 4460 3695 4500 manu

1996 4530 2109 4585 illis
2150 4530 2274 4584 hinc
2300 4526 2609 4584 distribuit.
2651 4530 2736 4583 llli
2776 4535 2965 4583 autem
2998 4537 3169 4599 caput
3195 4548 3324 4585 cum
3374 4534 3611 4603 pedibus
3640 4539 3697 4587 et

1996 4618 2303 4685 intestinis,
2336 4624 2401 4672 ut
2433 4618 2707 4689 scriptum
2741 4624 2845 4683 est,
2888 4619 3224 4673 devorantes
3256 4621 3462 4685 (Exod.
3499 4638 3590 4683 xu,
3617 4622 3694 4693 9),

1997 4725 2125 4780 quae
2182 4706 2589 4778 superfuerunt
2626 4723 2754 4761 cum
2801 4707 2927 4761 aliis
2973 4708 3243 4763 fratribus
3291 4710 3487 4780 partiti
3538 4716 3692 4777 sunt,

1998 4804 2054 4850 et
2086 4797 2165 4850 ita
2213 4795 2282 4849 ad
2329 4801 2581 4849 nostram
2632 4795 2891 4849 notitiam
2942 4806 3347 4866 pervenerunt.
3406 4800 3513 4854 Sed
3560 4799 3697 4871 quia

2000 4890 2229 4957 propter
2258 4884 2365 4937 hoc
2392 4883 2624 4955 longius
2647 4900 2681 4937 a
2708 4884 3047 4939 rectitudine
3080 4886 3184 4940 viae
3228 4894 3438 4941 nostras
3477 4888 3693 4959 digres-

1998 4990 2094 5027 sus
2124 4973 2414 5041 demoror,
2449 4972 2520 5027 ad
2565 4978 2815 5043 cmptum
2846 4973 2958 5028 iter
3002 4974 3189 5029 redire
3233 4976 3571 5046 quantocius
3599 4993 3694 5032 co-

1956 5086 1959 5089 λ
1998 5062 2198 5117 nabor.

2067 5154 2156 5205 20.
2198 5147 2271 5186 ⁸⁸⁸
2316 5149 2499 5221 Igitur
2537 5149 2613 5185 ⁸⁸⁵
2658 5151 2793 5223 quia
2841 5152 2990 5206 Deus
3039 5152 3109 5207 ad
3160 5168 3320 5206 suam
3365 5153 3696 5209 servitutem

1998 5246 2258 5295 nostrum
2307 5240 2467 5310 pium
2510 5237 2581 5277 δθτ
2630 5246 2913 5311 pastorem
2963 5240 3157 5312 elegit,
3202 5250 3473 5297 consueta
3518 5242 3698 5297 mise-

2000 5329 2244 5384 ricordia
2290 5345 2431 5384 eum
2485 5327 2556 5364 ³⁸⁸
2603 5330 2891 5401 tlagellare
2934 5329 3169 5396 curavit,
3222 5330 3367 5385 sicut
3416 5332 3694 5401 legimus:

1596 5435 1836 5490 VAHIIE
1878 5435 2279 5491 LECTlONES.

266 5523 336 5595 35‘
417 5524 688 5595 epistolas
756 5529 804 5579 1.
884 5522 958 5559 ³⁸⁵
1023 5528 1074 5577 2.

202 5593 271 5627 ³⁸⁷
345 5593 513 5649 suum
545 5612 610 5650 ac
640 5612 698 5650 η.
735 5599 876 5665 past.
909 5599 961 5649 2.
1043 5594 1112 5630 ³⁵⁸
1142 5596 1287 5649 deest
1324 5599 1367 5649 1.

1146 5524 1279 5579 add.
1354 5525 1607 5579 rubrum:
1678 5525 1756 5577 De
1828 5522 2162 5577 inﬁrmitate
2227 5522 2409 5577 sancti
2490 5523 2797 5578 Burchardi
2866 5523 3134 5595 episcOpi.
3214 5523 3288 5561 ³⁵⁸
3351 5516 3571 5595 Jugit'er
3639 5529 3692 5581 2.
