3956 6358
263 378 364 431 533

1442 378 1809 433 PROCEMIA.
1849 408 1921 421 —
1970 382 2123 437 VITA
2167 383 2590 438 BURCI’IARDI.

3660 390 3762 443 534

254 494 579 550 Triburiam
637 495 749 568 (23)
795 512 923 551 cum
975 512 1041 551 eo
1082 496 1203 564 ivit,
1253 496 1447 568 ibique
1478 503 1593 553 tres
1634 500 1755 555 dies
1800 505 2026 556 man-A
2068 503 2255 573 ducat,
2303 505 2403 559 ubi
2451 504 2643 559 anima
2690 522 2818 560 mea
2871 506 3155 561 terribiles
3204 524 3470 563 occursus
3525 526 3641 564 non
3684 510 3757 565 ti-

252 583 346 637 sit.
398 584 615 639 Deinde
662 590 892 655 accepta
933 585 1167 639 licentia
1217 601 1348 640 cum
1387 587 1590 653 abiret,
1647 604 1841 659 regem
1889 607 1949 643 se

254 671 430 744 [ultra
474 671 568 744 ωδ)
620 689 734 727 non
786 674 1063 737 visurum,
1120 674 1318 729 multis
1371 675 1738 731 audientibus
1786 678 1949 749 quasi

244 760 557 829 jocnlando
608 760 898 832 praedixit.
951 763 1208 832 Cumque
1256 764 1631 818 Wormaciam
1679 766 1944 832 venisset,

253 848 581 918 dysenteria
635 850 839 903 morbo
896 848 967 887 ⁴⁰⁶
1021 852 1172 905 ultra
1231 852 1470 906 modum
1528 855 1944 926 comprimeba-

250 939 363 991 tur.

320 1028 409 1079 22.
454 1026 711 1090 Quadam
767 1042 902 1081 vero
956 1026 1047 1081 die
1103 1043 1235 1081 cum
1295 1044 1502 1098 corpus
1556 1030 1624 1084 ad
1685 1047 1943 1085 occasum

246 1130 484 1184 vergere
543 1113 928 1183 intellexisset,
998 1117 1320 1169 convocatis
1382 1117 1694 1187 discipulis,
1755 1125 1944 1173 orato-

247 1201 403 1257 rium
467 1202 721 1269 intravit,
808 1203 1195 1275 omnibusque
1270 1202 1345 1239 ⁴³⁰⁷
1406 1205 1762 1261 debitoribus
1828 1208 1944 1262 suis

247 1291 551 1347 commissa
600 1293 898 1347 adversum
928 1310 986 1347 se
1012 1293 1237 1364 piacula
1276 1292 1348 1330 ι⁰⁸
1379 1294 1618 1361 dimisit,
1650 1302 1706 1350 et
1737 1297 1945 1350 banni-

247 1387 336 1435 tos
370 1398 473 1435 seu
516 1398 549 1435 a
578 1398 637 1436 se
668 1380 743 1416 ⁸⁰⁹
785 1383 1289 1437 anathematisatos
1337 1384 1649 1438 clementer
1678 1386 1939 1455 absolvit,

247 1470 447 1540 eisque
478 1470 744 1523 omnibus
792 1470 1001 1540 scripta
1046 1471 1419 1525 absolutionis
1457 1472 1824 1542 singulariter
1868 1474 1947 1528 di-

248 1558 414 1611 rexit.
477 1559 686 1612 Deinde
746 1574 893 1628 aqua
960 1559 1267 1628 purissima
1320 1566 1506 1614 totum
1554 1577 1613 1615 se
1672 1563 1827 1628 lavit,
1889 1569 1944 1617 et

245 1647 459 1700 collum
510 1662 575 1699 ac
612 1644 683 1683 δίο
724 1646 960 1701 barbam
992 1654 1161 1718 atque
1208 1664 1475 1702 coronam
1525 1650 1724 1704 radere
1748 1651 1938 1721 jussit,

245 1734 582 1806 indutisque
639 1735 887 1789 vestibus
944 1736 1125 1806 puris,
1186 1753 1319 1791 suos
1378 1738 1589 1792 milites
1647 1743 1820 1810 atque
1868 1740 1936 1777 "1

244 1823 482 1877 clientes
525 1839 749 1878 necnon
795 1829 849 1878 et
893 1824 1035 1877 alios
1085 1824 1183 1896 qui
1227 1825 1466 1880 aderant
1511 1827 1583 1881 ad
1621 1843 1679 1881 se
1726 1827 1941 1883 intrare

244 1911 538 1982 praecepit.
591 1912 749 1965 Tunc
806 1911 1086 1965 universis
1134 1929 1344 1983 magno
1395 1914 1530 1968 ﬂetu
1579 1915 1945 1986 singultanti-

243 1999 371 2065 bus,
422 1999 510 2052 vir
545 1999 647 2052 Dei
698 1998 788 2052 vix
854 1998 932 2033 ¹³¹²
974 2016 1087 2070 qua
1138 2006 1365 2070 poterat
1416 2018 1593 2057 manu
1648 2004 1941 2058 silentium

243 2087 525 2153 indicens,
573 2087 699 2141 ait:
737 2106 764 2139 ‹‹
814 2088 1006 2141 Patres
1053 2090 1381 2155 venerandi,
1435 2092 1640 2145 fratres
1688 2093 1938 2159 amandi,

243 2175 408 2230 ﬁlioli
465 2174 841 2241 dilectissimi,
895 2181 1080 2231 vestro
1129 2178 1341 2232 auxilio
1393 2180 1546 2249 apud
1598 2181 1780 2234 Deum
1820 2182 1943 2251 jam

243 2264 500 2335 indigeo.
549 2264 784 2318 Multum
820 2265 973 2318 enim
1007 2267 1193 2333 doleo,
1233 2267 1385 2338 quod
1417 2284 1511 2321 vos
1543 2285 1724 2340 usque
1771 2270 1942 2324 modo

245 2354 606 2426 negligenter
643 2353 1038 2423 praecedebam
1072 2371 1277 2426 meque
1326 2357 1471 2410 ultra
1502 2357 1736 2411 modum
1768 2374 1942 2429 supra

244 2439 314 2478 ηδ
360 2458 462 2496 vos
509 2442 756 2513 superbe
811 2443 1127 2497 exaltabam
1171 2442 1264 2511 ιω,
1317 2449 1375 2499 et
1423 2462 1561 2512 non,
1611 2450 1677 2500 ut
1717 2446 1941 2517 justum

244 2536 386 2598 erat,
441 2547 540 2584 vos
570 2530 1025 2585 honoriﬁcabam
1070 2549 1174 2586 nec
1221 2532 1551 2603 diligebam.
1594 2534 1704 2588 Sed
1734 2551 1941 2605 super-

240 2618 336 2674 bia
362 2620 479 2687 illa,
513 2618 649 2691 quid
693 2618 837 2673 mihi
868 2620 1039 2673 modo
1088 2620 1313 2689 proﬁcit
1343 2618 1435 2686 “5,
1469 2622 1556 2676 vel
1594 2623 1937 2692 arrogantia,

243 2708 382 2779 quid
438 2724 529 2762 me
580 2707 809 2777 adjuvat
867 2705 990 2762 “5?
1044 2709 1282 2763 Multum
1337 2709 1481 2763 mihi
1534 2725 1687 2764 nunc
1745 2710 1941 2765 obﬁcit

245 2794 314 2832 “7
366 2797 660 2866 multaque
713 2794 786 2832 ⁸1⁸
834 2796 979 2850 mihi
1037 2797 1377 2851 offendicula
1431 2799 1599 2868 parit.
1661 2799 1938 2854 Hesterno

241 2902 493 2956 namque
524 2884 595 2921 "9
624 2901 773 2939 unus
801 2885 883 2939 fui
907 2902 972 2939 ex
994 2886 1286 2939 ditissimis
1317 2884 1407 2954 δίο,
1441 2887 1539 2941 sed
1564 2888 1685 2956 jam
1706 2894 1939 2958 expecto

242 2974 400 3044 quod
453 2971 524 3007 ⁵²¹
576 2990 709 3027 mox
763 2973 991 3027 futurus
1040 2974 1145 3027 sim
1197 2974 1359 3044 quasi
1414 2979 1627 3029 stercus
1671 2980 1727 3030 et
1774 2976 1934 3030 cinis.

2060 593 2232 642 meat.
2276 608 2304 640 »
2359 589 2589 644 Talibus
2642 590 2805 644 dictis
2855 607 2955 644 nos
3002 592 3367 659 admonebat,
3414 597 3471 646 et
3514 595 3752 649 verbum

2060 678 2158 731 Dei
2199 695 2317 732 non
2369 679 2620 733 humane
2664 696 2872 733 sonans
2902 680 3172 747 docebat;
3226 683 3576 751 tandemque
3625 699 3752 737 cor-

2056 766 2215 836 poris
2267 766 2355 821 sui
2412 767 2847 821 dissolutionem
2901 774 3095 838 aperte
3152 770 3585 840 pronunciabat.
3650 771 3749 825 His

2056 854 2220 909 dictis
2252 855 2452 918 ﬁnitis,
2500 872 2628 909 cum
2681 857 2929 910 maxima
2970 857 3203 911 tristitia
3254 857 3402 911 foras
3451 858 3750 925 exivimus,

2057 947 2114 996 et
2142 943 2285 996 tanti
2334 944 2579 1013 pastoris
2628 943 2924 998 interitum
2974 961 3173 999 omnes
3216 946 3275 999 in
3307 962 3614 1000 commune
3664 948 3749 1000 la-

2056 1032 2368 1085 mentando
2428 1031 2705 1085 ﬂevimus.
2766 1033 2923 1086 Tunc
3002 1033 3290 1103 principes
3360 1034 3459 1105 qui
3518 1034 3749 1088 aderant

2054 1118 2353 1185 intrantes,
2404 1120 2823 1174 thesaurarium
2868 1126 2923 1175 et
2959 1138 3265 1189 cameram,
3322 1122 3420 1175 ubi
3447 1124 3749 1192 pecuniam

2054 1207 2333 1279 putabant
2381 1209 2734 1263 reconditam
2774 1207 2862 1275 ‘3‘,
2915 1210 3219 1279 diligenter
3266 1211 3509 1281 angulos
3547 1227 3749 1266 omnes

2054 1297 2389 1367 perscrutati
2420 1302 2573 1365 sunt,
2621 1302 2678 1351 et
2727 1299 2957 1352 tandem
3005 1298 3213 1352 scrinia
3252 1299 3531 1353 librorum
3578 1301 3748 1353 volu-

2054 1385 2304 1439 minibus
2350 1386 2521 1455 plena
2552 1402 2650 1455 spe
2693 1387 2953 1454 pecunias
3003 1387 3414 1456 subvertentes,
3457 1403 3604 1441 vano
3638 1388 3749 1441 for-

2052 1477 2208 1527 tunae
2240 1474 2431 1527 labore
2480 1474 2634 1527 illusi
2665 1472 2736 1507 ’⁸⁵⁵
2787 1481 2935 1527 sunt.
2989 1476 3128 1528 Nam
3178 1480 3382 1544 praeter
3410 1475 3748 1529 thesaurum

2053 1561 2495 1615 ecclesiasticum
2537 1578 2639 1614 nec
2673 1577 2880 1615 aurum
2909 1578 3012 1615 nec
3054 1566 3358 1632 argentum
3388 1562 3469 1616 ibi
3515 1562 3744 1617 invene-

2053 1654 2188 1704 runt
2235 1648 2323 1717 ⁸³⁸,
2376 1650 2621 1720 exceptis
2663 1650 2842 1703 tribus
2875 1655 3101 1703 tantum
3148 1650 3419 1716 denariis,
3473 1666 3616 1720 quos
3662 1652 3748 1704 vir

2053 1743 2279 1792 sanctus
2340 1738 2400 1791 in
2458 1743 2721 1791 wantone
2765 1736 2839 1772 ⁸³³⁷
2894 1739 3009 1809 (24)
3060 1754 3161 1790 suo
3209 1738 3463 1808 reliquit,
3517 1738 3745 1809 quando

2053 1827 2198 1881 alios
2246 1826 2597 1898 pauperibus
2666 1827 2939 1894 erogavit.
2992 1827 3171 1896 Igitur
3215 1842 3379 1880 soror
3425 1826 3626 1897 ipsius,
3675 1827 3745 1881 de

2052 1932 2166 1986 qua
2214 1931 2388 1985 supra
2453 1914 2703 1968 diximus
2749 1915 2876 1985 (25),
2942 1914 3224 1969 abbatissa
3276 1915 3635 1982 venerabilis,
3684 1915 3745 1969 in

2052 2002 2406 2057 orationibus
2454 1999 2527 2036 ’⁸³³
2581 2008 2637 2056 et
2684 2002 2892 2074 vigiliis
2942 2004 3331 2073 perdurando,
3387 2004 3459 2058 ab
3509 2020 3576 2058 eo
3627 2021 3745 2058 non

2051 2091 2309 2146 discessit
2339 2087 2429 2143 ‘39.

2120 2182 2205 2234 23.
2279 2180 2535 2249 Cumque
2612 2178 2732 2233 dies
2805 2196 3015 2250 paucos
3086 2179 3338 2233 maxima
3412 2178 3744 2234 inﬁrmitate

2050 2271 2374 2336 aegrotaret,
2431 2271 2599 2320 nocte
2650 2263 2726 2303 ⁸⁴⁰
2781 2267 3050 2337 quadam,
3104 2272 3411 2337 antequam
3469 2268 3746 2322 diesceret

2047 2352 2145 2421 ’⁸⁸¹,
2194 2354 2293 2408 Dei
2342 2370 2537 2408 servus
2581 2355 2650 2409 de
2698 2355 2843 2409 lecto
2886 2372 2944 2408 se
2976 2356 3174 2421 erexit,
3226 2359 3283 2409 et
3310 2355 3491 2409 oculis
3534 2371 3599 2409 ac
3631 2371 3723 2409 ma

2049 2443 2218 2496 nibus
2265 2442 2325 2496 in
2355 2443 2560 2497 coelum
2604 2443 2838 2497 intentis
2884 2440 2972 2510 3’“,
3005 2443 3220 2498 diutius
3265 2444 3465 2497 oravit.
3510 2442 3599 2497 llli
3643 2460 3742 2497 au-

2045 2536 2161 2585 tem
2210 2531 2311 2601 qui
2362 2531 2604 2585 aderant
2648 2531 2803 2585 labia
2850 2532 2972 2601 ejus
3019 2531 3235 2584 moveri
3285 2530 3588 2596 videbant;
3645 2531 3743 2585 sed

2046 2620 2186 2690 quid
2241 2625 2453 2687 oraret,
2512 2618 2774 2690 quamvis
2839 2623 3003 2672 caute
3061 2618 3449 2683 intenderent,
3508 2617 3740 2687 penitus

2046 2723 2161 2761 non
2214 2706 2632 2777 intelligebant.
2694 2706 2911 2760 Deinde
2955 2706 3014 2759 in
3071 2707 3283 2759 lectum
3338 2721 3398 2759 se
3450 2706 3741 2775 deponens

2046 2794 2139 2862 “3,
2190 2794 2402 2849 sororis
2445 2794 2737 2848 dexteram
2788 2792 2862 2828 ’³⁸³⁸
2905 2793 3091 2863 tetigit
3132 2792 3226 2860 m,
3273 2796 3328 2846 et
3375 2793 3516 2847 dixit
3556 2808 3570 2846 :
3607 2795 3741 2847 Ecce

2046 2884 2191 2954 quod
2239 2884 2521 2952 concupiui
2555 2899 2675 2952 1am
2719 2882 2895 2937 video.
2952 2881 3163 2935 Deinde
3214 2880 3357 2935 dixit
3400 2879 3472 2915 m
3507 2897 3520 2934 :
3557 2883 3735 2936 Domi-

2044 2988 2146 3026 nus
2192 2973 2483 3026 vobiscum.
2529 2972 2646 3026 Hoc
2691 2987 2821 3025 cum
2868 2970 3037 3024 tertio
3085 2970 3318 3035 diceret,
3368 2966 3739 3040 Redemptori

237 3063 390 3118 Talis
438 3062 594 3116 enim
626 3061 697 3097 ⁴²²
726 3067 811 3115 est
840 3062 1109 3131 gloriatio
1146 3060 1224 3096 ’³³⁸
1252 3067 1466 3129 nostra,
1500 3064 1629 3117 talis
1670 3070 1726 3118 et
1750 3064 1936 3119 domi-
1969 3063 2008 3117 C
2044 3066 2260 3126 nostro,
2313 3060 2405 3114 cui
2448 3059 2698 3124 servivit,
2747 3075 2921 3129 quem
2963 3058 3190 3123 amavit,
3236 3073 3407 3128 quem
3455 3056 3734 3128 quaesivit,

238 3150 397 3205 natio
444 3151 737 3204 mundana
764 3148 859 3205 "‘.
896 3150 1091 3204 Nudus
1125 3150 1339 3221 quippe
1384 3167 1643 3222 egressus
1693 3168 1819 3206 sum
1867 3153 1935 3206 de

239 3238 314 3274 “5
346 3245 511 3294 utero
549 3239 744 3293 matris
775 3255 938 3307 meae,
994 3240 1183 3293 nudus
1215 3237 1287 3274 ⁴²⁸
1316 3246 1570 3295 revertar
1600 3241 1757 3308 illuc,
1793 3241 1933 3294 nihil

237 3332 448 3401 praeter
476 3332 703 3399 peccata
735 3325 808 3361 “7
840 3343 1066 3382 mecum
1114 3332 1434 3398 reportans,
1466 3328 1577 3382 nisi
1615 3328 1716 3383 Dei
1764 3329 1937 3383 mise-

238 3417 487 3473 ricordia
542 3415 617 3451 ⁸²⁸
673 3416 1008 3470 exhortante
1066 3416 1284 3487 aliquid
1336 3416 1473 3471 boni
1527 3417 1781 3478 fecerim,
1838 3419 1936 3471 ali-

239 3506 473 3575 quando
502 3505 612 3559 hoc
638 3504 790 3574 apud
834 3506 1012 3558 Deum
1059 3520 1149 3558 me
1179 3505 1547 3559 inventurum
1595 3521 1714 3559 esse
1745 3522 1931 3576 spero.

239 3594 379 3648 Ecce
404 3608 556 3646 nunc
585 3607 715 3646 sum
756 3593 930 3659 lotus;
963 3607 1090 3645 ecce
1117 3592 1268 3645 viam
1299 3591 1697 3663 longissimam
1727 3593 1931 3661 iturus,

237 3681 589 3752 legationem
638 3680 1002 3735 durissimam
1034 3686 1270 3750 expecto
1302 3684 1554 3750 paratus.
1605 3681 1676 3734 Ex
1708 3680 1797 3734 his
1827 3680 1934 3734 mi-

238 3770 403 3824 seriis
450 3769 615 3823 facile
666 3784 1011 3838 coguoscere
1049 3770 1307 3839 potestis,
1355 3768 1591 3822 liventes
1647 3766 1718 3805 "9
1766 3785 1933 3823 mun-

236 3860 520 3913 danarum
571 3874 763 3912 rerum
795 3857 1162 3929 gloriationes
1202 3873 1376 3929 quam
1416 3857 1650 3928 fragiles
1679 3863 1736 3913 et
1763 3858 1936 3913 insta-

237 3947 382 4001 biles
412 3946 526 3999 sint
565 3943 662 4011 ⁸³0,
703 3961 877 4016 quam
921 3946 1105 4015 plenae
1136 3946 1294 4012 mali,
1342 3962 1517 4017 quam
1566 3963 1727 4001 cacas
1756 3947 1933 4002 futuri

238 4032 342 4101 m;
395 4049 536 4105 quas
590 4049 692 4104 per
747 4033 1044 4103 speculum
1107 4050 1259 4087 nunc
1311 4050 1595 4103 cognosco
1650 4035 1815 4105 quasi
1873 4036 1934 4089 in

238 4122 570 4191 mnigmate,
635 4120 897 4191 quamvis
963 4120 1179 4175 eisdem
1234 4121 1419 4176 adhuc
1484 4123 1806 4193 subjaceam
1867 4140 1932 4177 ex

238 4216 424 4281 parte.
473 4210 615 4279 Ergo
657 4209 749 4262 cui
791 4208 995 4262 servivi
1026 4210 1096 4263 ab
1127 4209 1292 4263 initio
1324 4208 1417 4277 ω,
1453 4211 1565 4263 Deo
1613 4226 1759 4275 meo,
1808 4211 1934 4282 regi

240 4296 616 4366 sempiterno,
668 4313 760 4351 me
810 4312 1051 4368 meaque
1097 4298 1290 4352 omnia
1339 4297 1730 4353 indubitanter
1775 4316 1930 4353 com-

238 4384 433 4450 mitto,
482 4389 539 4437 ut
570 4383 691 4454 ipse
736 4400 830 4438 me
881 4381 955 4419 ’⁸³³
1002 4384 1271 4439 defendat
1300 4391 1356 4440 et
1387 4402 1578 4440 secum
1624 4386 1759 4441 illuc
1802 4403 1929 4458 per-

2046 3164 2216 3219 quem
2251 3162 2476 3217 semper
2505 3147 2737 3218 optavit,
2783 3146 3049 3217 spiritum
3095 3147 3525 3200 immaculatum
3555 3144 3741 3199 reddi-

2044 3238 2129 3291 dit
2175 3236 2286 3306 (an.
2335 3237 2487 3297 1023.
2542 3239 2687 3304 Aug.
2730 3236 2846 3304 20.)
2898 3235 3107 3290 Habuit
3154 3241 3348 3289 autem
3394 3250 3589 3288 servus
3639 3232 3738 3287 Dei

2044 3325 2329 3396 quoddam
2366 3323 2653 3385 scrinium,
2698 3325 2853 3395 quod
2883 3325 3076 3377 nullus
3118 3328 3380 3376 nostrum
3425 3322 3735 3393 aliquando

2044 3418 2305 3483 apertum
2360 3412 2519 3466 vidit.
2573 3412 2751 3481 Hujus
2798 3412 3032 3482 quidem
3080 3412 3297 3464 clavem
3346 3410 3531 3464 sorori
3579 3426 3735 3463 com-

2044 3501 2217 3566 misit,
2266 3504 2331 3555 ut
2360 3500 2629 3572 quicquid
2684 3499 2948 3573 [interius
2986 3497 3081 3567 δατ]
3130 3498 3460 3563 invenisset,
3496 3498 3557 3552 in
3600 3498 3738 3552 dile-

2042 3589 2285 3643 ctionem
2338 3593 2394 3643 et
2426 3589 2764 3642 memoriam
2813 3588 2940 3641 vitae
2992 3603 3108 3640 sum
3153 3586 3462 3640 habuisset.
3498 3586 3632 3650 Quae
3664 3584 3737 3622 ⁸⁸⁸⁸

2042 3678 2231 3732 statim
2259 3682 2386 3748 post
2415 3677 2639 3731 obitum
2679 3676 2889 3742 fratris,
2940 3674 3286 3746 quibusdam
3317 3674 3635 3729 convocatis
3666 3690 3735 3729 ex

2042 3766 2271 3833 nostris,
2319 3766 2469 3820 dicta
2516 3765 2669 3819 illius
2713 3764 2966 3819 narravit
3013 3768 3070 3818 et
3098 3768 3232 3818 tunc
3277 3763 3551 3818 scrinium
3600 3779 3733 3834 ape-

2040 3856 2177 3910 ruit.
2230 3854 2560 3909 Invenimus
2608 3858 2801 3907 autem
2831 3853 2891 3906 in
2931 3849 3000 3889 “9
3030 3869 3097 3907 eo
3130 3852 3379 3906 cilicium
3422 3851 3733 3907 hirsutissi—

2041 3960 2202 3998 mum
2242 3948 2300 3999 et
2330 3948 2589 3998 catenam
2618 3943 2861 3997 ferream
2892 3958 2957 3996 ex
2986 3958 3103 3996 una
3131 3945 3293 4013 parte
3335 3941 3499 4012 quasi
3528 3958 3597 3995 ex
3630 3957 3733 3995 usu

2041 4033 2362 4088 contritam.
2418 4032 2581 4097 Quod
2630 4035 2694 4085 ut
2745 4031 3012 4096 vidimus,
3064 4030 3337 4100 primum,
3393 4034 3589 4084 contra
3635 4030 3734 4084 Dei

2040 4122 2320 4176 famulum
2371 4118 2442 4157 ⁴⁵⁰
2482 4136 2632 4190 saepe
2674 4136 2779 4173 nos
2827 4119 3186 4189 negligenter
3231 4118 3556 4189 deliquisse,
3598 4122 3732 4172 tun-

2041 4210 2117 4263 sis
2142 4208 2213 4244 ’³⁸³
2266 4208 2588 4281 pectoribus
2632 4207 3013 4262 communiter
3055 4205 3124 4243 ⁸⁵³
3173 4206 3481 4261 doluimus.
3518 4205 3734 4260 Deinde

2040 4298 2163 4368 ejus
2209 4298 2403 4352 felices
2454 4303 2613 4350 actus
2658 4295 2809 4367 apud
2863 4296 3041 4349 Deum
3082 4294 3164 4348 ita
3208 4298 3383 4348 tectos
3427 4296 3496 4330 ⁴⁸³
3525 4298 3582 4347 et
3610 4294 3733 4347 abs-

2041 4380 2244 4441 consos
2302 4385 2370 4421 ⁸⁵⁸
2425 4386 2598 4456 digne
2663 4384 3031 4449 admirantes,
3096 4383 3412 4452 gratiarum
3477 4382 3733 4437 actiones

1656 4547 1886 4601 VARlx‘E
1928 4546 2331 4603 LECTlONES.

310 4671 380 4709 ⁸0⁵
411 4672 629 4729 deestl.
710 4672 779 4710 ⁸⁰⁶
825 4674 970 4729 deest
1000 4677 1051 4728 2.
1133 4672 1204 4709 ³⁰⁷

1234 4691 1347 4747 que
1393 4674 1538 4731 deest
1583 4678 1635 4731 2.
1712 4674 1786 4711 ³0⁸

238 4742 312 4781 ⁸⁸³
387 4743 531 4799 deest
561 4747 611 4797 2.
688 4746 759 4781 ⁴¹³
803 4761 976 4814 super
1020 4748 1081 4801 2.

238 4815 311 4852 ⁸³⁸
386 4830 497 4885 que
539 4814 683 4869 ἀθεεὶ
724 4818 777 4869 2ο
853 4813 928 4850 “9
957 4833 1014 4870 n.
1067 4817 1159 4871 die
1208 4819 1259 4870 2.
1337 4815 1414 4851 ⁴³²⁰
1443 4818 1781 4872 doctissimis
1825 4813 1909 4873 2.'
1954 4818 2025 4853 ’πί
2060 4834 2234 4890 quam

239 4901 411 4939 mana
440 4889 494 4939 2.
571 4888 638 4922 ⁴²³
668 4903 731 4939 ex
773 4889 824 4940 2.
905 4885 980 4921 ⁹³²⁶
1024 4892 1081 4941 et
1127 4903 1185 4941 n.
1219 4892 1271 4942 2.
1350 4890 1419 4925 ατ
1467 4905 1523 4944 ι),
1576 4904 1702 4943 mea
1729 4894 1780 4944 2,
1864 4887 1938 4924 us
1985 4906 2076 4943 me
2106 4905 2183 4943 ω,
2215 4892 2247 4941 2

1514 4932 1523 4942 .
1576 4904 1702 4943 mea
1729 4904 1780 4943 2.
1864 4904 1938 4924 “°
1985 4906 2076 4943 me
2106 4904 2275 4943 [11.2.

239 4901 411 4939 mana
440 4889 494 4939 2.
571 4888 638 4922 ⁴²³
668 4903 731 4939 ex
773 4889 824 4940 2.
905 4885 980 4921 “’6
1024 4892 1081 4941 et
1127 4903 1185 4941 n.
1219 4892 1271 4942 2.
1350 4890 1419 4925 “7

236 4954 306 4993 ιδ’
346 4955 529 5010 abitro
585 4959 629 5011 l.

1163 4677 1204 4709 "7
1234 4691 1347 4747 que
1393 4677 1538 4731 deest
1583 4678 1635 4731 2.
1712 4677 1786 4711 ³0⁸
1833 4677 2077 4781 paucula
2118 4679 2175 4732 2.
2261 4677 2332 4713 “’9
2358 4677 2413 4731 b.
2459 4679 2531 4730 et.
2581 4692 2633 4730 a.
2685 4679 2739 4756 2_.
2817 4677 2893 4709 "0
2922 4678 2996 4729 et.
3050 4677 3107 4728 b.
3158 4689 3223 4727 ac
3250 4678 3305 4755 2.
3380 4677 3453 4710 ⁸η
3494 4690 3544 4729 e.
3578 4678 3634 4755 et
3675 4680 3728 4730 2.

1163 4746 1235 4782 ‘1‘
1263 4747 1605 4819 extollebam
1654 4751 1707 4819 2.
1786 4746 1829 4782 αί
1891 4749 2107 4819 profuit
2134 4751 2188 4801 2.
2265 4745 2339 4780 “5
2368 4751 2599 4819 arrogat
2644 4746 2873 4816 adjuvat
2922 4749 2976 4800 2.
3051 4743 3125 4819 "_"
3155 4744 3337 4819 obfuit
3372 4749 3418 4801 l.
3473 4744 3650 4819 ofﬁcit
3678 4750 3732 4800 2.

2817 4672 2893 4709 "0
2922 4678 2996 4729 et.
3050 4673 3107 4728 b.
3158 4689 3223 4727 ac
3250 4678 3304 4729 2.
3380 4674 3453 4710 ⁴¹¹
3494 4690 3544 4729 e.
3578 4678 3634 4728 et
3675 4680 3728 4730 2.

2261 4674 2332 4713 ‘09
2358 4676 2413 4731 b.
2459 4679 2531 4730 et.
2581 4692 2633 4730 a.
2685 4679 2739 4729 2.

2060 4834 2234 4890 quam
2264 4821 2317 4872 2.
2393 4816 2473 4890 “ff
2509 4815 2659 4872 deest
2704 4815 2764 4872 2.
2848 4816 3334 4890 “fcongloriatio
3372 4819 3446 4890 2.,
3506 4815 3583 4851 ’Ν
3624 4817 3731 4870 hu-

2360 4888 2431 4924 ι²⁰
2463 4888 2723 4958 lugentes
2766 4891 2818 4941 2.
2897 4884 3148 4958 ηψέιὶηῐ
3194 4891 3242 4942 1.
3320 4886 3388 4923 ⁸³¹
3424 4887 3633 4941 futurae
3684 4891 3724 4940 Ι.

708 4958 779 4993 ⁸³³
824 4958 970 5012 deest
1016 4961 1068 5012 2.
1146 4956 1218 4994 ’⁸³⁸
1252 4954 1637 5013 absconditam
1666 4964 1719 5015 2.
1798 4960 1867 4996 ⁸³⁷⁵
1897 4961 2040 5014 elusi
2082 4963 2134 5013 2.
2213 4958 2283 4996 "°
2314 4976 2366 5015 a.
2415 4954 2783 5013 inveniebant
2826 4962 2880 5011 2.
2959 4954 3031 4992 “7
3076 4959 3159 5011 vir
3201 4958 3303 5011 Dei
3346 4958 3405 5011 in
3448 4958 3670 5012 sacculo
3698 4962 3731 5012 2

237 5025 309 5100 {3‘}
384 5043 437 5100 ς).
494 5026 613 5080 suis
660 5029 711 5082 2.
788 5027 863 5100 fit”
914 5028 1145 5100 recessit
1190 5032 1244 5082 2.
1321 5028 1398 5063 δυο
1440 5046 1499 5085 n.
1558 5046 1614 5100 q.
1664 5030 1856 5086 desunt
1896 5034 1949 5085 2.
2029 5032 2092 5067 “1
2142 5030 2467 5085 descederet
2522 5034 2569 5084 1.
2645 5028 2719 5065 ⁸³⁸
2769 5029 3022 5083 intentus
3071 5032 3122 5081 2.
3201 5026 3273 5065 ⁸η
3335 5044 3624 5100 reponens
3676 5032 3730 5100 2.

236 5095 309 5132 ‘m
378 5097 607 5150 dextera
640 5102 687 5152 1.

238 5166 310 5202 "5
375 5167 567 5238 inquit
620 5172 673 5223 2.
750 5168 824 5203 "'7
888 5166 1032 5225 deest
1084 5174 1131 5225 1.

234 5246 285 5292 ‘2.
367 5236 435 5275 ⁸⁵³
459 5236 644 5293 rectos
679 5243 699 5295 1
784 5239 858 5275 ’⁸⁸η
888 5246 942 5295 et
974 5258 1024 5294 a.
1058 5241 1269 5296 desunt.
1303 5236 1353 5295 2.

767 5097 838 5173 tu}
895 5099 1086 5173 attigit
1126 5116 1229 5155 rec.
1258 5116 1440 5173 “manu
1468 5097 1624 5173 corr.
1681 5102 1872 5173 tetigit
1897 5106 1951 5156 2.
2002 5102 2118 5173 cod.
2148 5102 2426 5173 iFrancof.
2482 5106 2532 5173 et
2575 5102 2659 5173 ita
2704 5100 3000 5173 adnotatur
3054 5101 3112 5152 in
3154 5114 3332 5167 marg.
3365 5097 3729 5173 c6d_._‘Ha_mb.

1210 5169 1280 5208 “3
1330 5171 1487 5242 quod
1542 5175 1586 5225 1.
1644 5170 1713 5209 “9
1762 5169 1908 5227 dcest
1954 5176 2012 5228 2.

2094 5171 2169 5209 ³³0
2219 5166 2446 5225 servum
2497 5172 2591 5226 dei
2639 5187 2741 5225 nos
2786 5173 2837 5224 2.
2917 5170 2989 5206 ‘"
3038 5185 3184 5240 saepe
3234 5166 3293 5224 ι.
3326 5172 3378 5225 2.
3455 5166 3530 5204 ’δ’
3585 5169 3729 5223 deest

1897 5382 2115 5438 ΝΟΤᾹΞ.

314 5536 428 5596 (23)
458 5535 546 5589 lbi
570 5550 670 5591 rex
701 5536 812 5590 fuit
840 5537 897 5591 d.
928 5540 995 5591 26
1025 5538 1175 5592 Julii.

316 5536 403 5596 (23
458 5536 546 5589 lbi
570 5550 670 5591 rex
701 5536 812 5590 fuit
840 5537 897 5591 d.
928 5540 995 5591 26
1025 5538 1175 5592 Julii.

316 5536 428 5676 (24)
462 5607 518 5659 ld
549 5610 633 5659 est
656 5607 1002 5674 chirotheca,
1039 5608 1258 5662 Gallicas
1282 5614 1434 5675 gant.

2106 5539 2217 5609 (25)
2244 5556 2291 5592 c.
2333 5541 2412 5591 12.
