3956 6348
229 330 329 383 535
1300 328 1707 387 BUBCHARDI
1746 330 2277 388 WORMACIENSIS
2316 329 2650 385 EPISCOPI.

3629 333 3743 386 536

228 455 346 509 Deo
395 457 592 509 nostro
638 469 759 508 non
806 452 928 507 sine
974 453 1224 508 lacrimis
1254 470 1358 525 pro
1408 455 1531 526 ejus
1572 454 1686 509 vita
1728 453 1925 509 retuli-
1952 456 1999 509 A
2038 455 2395 524 salutemque
2449 450 2751 522 sepulchro
2798 453 3214 523 supponentes,
3269 449 3372 522 qui
3418 450 3569 505 servi
3632 450 3745 506 Dei

227 559 380 597 mus.
422 543 677 597 Aderant
728 542 788 596 in
831 541 1090 613 exequiis
1135 543 1259 613 ejus
1290 542 1377 596 sui
1407 542 1640 609 milites,
1686 542 1795 596 viri
1822 558 1924 596 ve-

229 630 515 686 nerabiles
558 633 615 685 et
642 629 913 696 illustres,
956 645 1279 701 corpusque
1320 627 1389 666 ⁴⁵⁶
1435 630 1557 699 ejus
1582 646 1685 702 per
1731 630 1926 684 omnia

228 718 576 773 monasteria
628 719 1114 783 circumferentes,
1176 718 1249 772 ad
1300 718 1488 771 sedem
1550 718 1925 791 principalem

228 806 464 860 tandem
527 807 874 861 detulerunt.
942 806 1139 877 Ibique
1205 806 1276 859 ab
1325 806 1605 860 universis
1654 807 1925 862 fratribus

229 894 629 948 venerabiliter
693 898 1007 965 acceptum,
1070 893 1251 947 solitis
1316 894 1742 949 custodiebatur
1798 896 1928 951 ofti-

230 982 350 1035 ciis.
406 984 636 1037 Postera
681 986 871 1036 autem
903 982 995 1035 die
1040 981 1102 1035 in
1130 982 1332 1037 eadem
1381 983 1618 1037 ecclesia
1662 983 1724 1037 in
1753 984 1926 1039 choro

230 1069 586 1136 occidentali,
648 1070 912 1124 videlicet
959 1075 1090 1124 ante
1140 1072 1315 1125 altare
1376 1071 1558 1126 sancti
1613 1072 1922 1139 Laurentii,

230 1158 541 1212 honoriﬁce
571 1158 858 1227 sepultum
891 1162 977 1211 est
1006 1156 1079 1192 "5
1112 1158 1239 1228 (26).

300 1247 384 1299 24.
426 1246 536 1300 Sed
578 1246 675 1300 ubi
705 1261 857 1298 nunc
905 1250 1039 1298 sunt
1069 1246 1154 1300 illi
1198 1247 1470 1317 pestiferi,
1520 1247 1621 1318 qui
1667 1247 1840 1303 vitam
1873 1253 1929 1304 et

230 1339 389 1388 actus
440 1333 542 1388 viri
593 1334 696 1388 Dei
741 1333 1040 1388 venenosis
1091 1334 1304 1404 linguis
1349 1341 1667 1407 carpentes,
1724 1337 1921 1403 multa,

230 1438 361 1493 quae
391 1438 496 1477 nec
527 1422 638 1477 dici
670 1421 888 1476 licitum
921 1427 1028 1487 est,
1062 1439 1234 1492 super
1259 1424 1425 1478 illum
1451 1440 1700 1495 suosque
1729 1425 1929 1480 fideles

231 1510 403 1564 variis
446 1509 962 1565 obtrectationibus
1011 1510 1238 1565 mentiti
1282 1514 1456 1565 sunt?
1502 1512 1544 1567 Ο
1589 1513 1831 1567 miseros
1875 1518 1927 1567 et

230 1598 524 1669 profanos,
573 1598 751 1652 totius
799 1598 1112 1653 honestatis
1160 1599 1400 1655 oblitos!
1446 1600 1489 1656 Ο
1527 1600 1703 1655 totius
1748 1601 1928 1655 virtu-

231 1686 307 1741 tis
343 1685 554 1740 inscios
598 1686 885 1756 totiusque
932 1686 1163 1757 pietatis
1211 1688 1390 1743 nudos
1440 1694 1497 1743 et
1544 1690 1663 1743 sola
1714 1690 1929 1744 ventris

232 1774 491 1845 ingluvie
574 1773 893 1844 saginatas!
982 1774 1025 1830 Ο
1103 1774 1279 1830 totius
1342 1776 1613 1831 bonitatis
1686 1777 1928 1845 steriles,

2030 543 2178 598 facta
2231 539 2543 596 mendaciis
2610 539 2961 608 lacerabunt,
3020 539 3123 593 sed
3187 537 3299 610 ipsi
3354 538 3492 594 talia
3545 539 3742 594 facere

2034 631 2392 697 nesciebant;
2448 627 2694 701 quorum
2752 629 2900 682 Deus
2947 633 3148 681 venter
3189 632 3361 683 estet
3408 627 3597 698 gloria
3643 643 3743 681 eo-

2032 737 2162 775 rum
2223 721 2283 774 in
2348 718 2702 785 confusione,
2770 716 2872 788 qui
2936 721 3167 770 terrena
3217 721 3443 770 tantum
3499 716 3743 787 sapiunt

2033 815 2092 864 et
2130 826 2260 881 quae
2311 809 2411 863 Dei
2456 812 2590 861 sunt
2637 806 2868 877 penitus
2910 806 3195 860 nesciunt.
3249 805 3349 860 Hic
3395 810 3593 859 autem
3640 821 3737 859 sa-

2033 899 2230 953 cerdos
2264 896 2472 953 Christi
2505 901 2619 950 toto
2652 895 2847 947 animo
2884 894 3130 963 totisque
3178 892 3395 947 viribus
3436 893 3506 947 ad
3551 894 3737 947 Deum

2033 1002 2358 1053 conversus,
2410 983 2682 1055 quicquid
2729 982 2867 1037 boni
2912 981 3065 1049 fecit,
3101 981 3326 1039 Christo
3378 981 3484 1035 soli
3520 997 3736 1052 cogno-

2034 1076 2308 1129 scendum
2362 1073 2668 1143 diligenter
2713 1070 3026 1138 abscondit,
3068 1074 3126 1124 et
3163 1069 3364 1123 inanes
3393 1069 3613 1123 favores
3656 1070 3735 1124 si-

2035 1162 2250 1216 militer
2295 1165 2352 1215 et
2408 1160 2707 1215 hominum
2760 1158 3202 1213 obtrectationes
3255 1158 3419 1228 parvi
3474 1159 3737 1228 pendens

2034 1250 2208 1304 surda
2255 1266 2393 1303 aure
2439 1247 2718 1313 transivit,
2769 1247 2871 1319 qui
2913 1250 3138 1301 tantum
3190 1248 3304 1301 Deo
3348 1247 3573 1316 placere
3614 1253 3736 1300 stu-

2037 1338 2179 1393 duit.
2217 1339 2361 1408 Ergo
2405 1337 2653 1392 fructum
2684 1343 2965 1390 mternum
2996 1340 3150 1405 apud
3180 1336 3359 1388 Deum
3390 1351 3494 1405 pro
3522 1334 3738 1389 talibus

2036 1427 2202 1481 illum
2255 1425 2565 1497 acquisisse
2611 1428 2667 1478 et
2695 1423 2936 1495 praemia
2982 1422 3335 1494 sempiterna
3380 1439 3485 1492 pro
3516 1423 3738 1477 secula-

2038 1515 2193 1569 ribus
2255 1530 2387 1569 eum
2444 1513 2745 1584 recepisse,
2798 1528 3093 1583 speramus
3143 1528 3206 1565 ac
3256 1510 3501 1564 ﬁrmiter
3556 1510 3742 1565 credi-

2038 1620 2186 1670 mus,
2219 1608 2274 1656 et
2302 1607 2367 1657 ut
2396 1617 2526 1656 cum
2556 1601 2777 1657 Christo
2808 1616 3048 1655 manens
3081 1599 3498 1669 sempiternum
3531 1599 3747 1653 habeat

2042 1691 2443 1758 sacerdotium,
2489 1694 2797 1760 praestante
2849 1689 3094 1744 Domino
3143 1692 3339 1742 nostro
3368 1688 3498 1741 Jesu
3544 1686 3745 1741 Chris-

2042 1784 2149 1848 sto,
2207 1779 2298 1834 cui
2337 1778 2410 1833 sit
2468 1780 2592 1834 laus
2631 1782 2687 1833 et
2752 1777 2937 1849 gloria
2990 1792 3096 1848 per
3132 1775 3362 1831 inﬁnita
3410 1775 3745 1830 seculorum

239 1863 387 1918 nihil
434 1862 569 1918 huic
621 1863 809 1918 simile
854 1862 1149 1930 facientes,
1203 1865 1300 1919 sed
1340 1881 1501 1936 spem
1533 1882 1696 1921 suam
1745 1868 1934 1921 seculo
2043 1868 2251 1921 secula.
2284 1870 2486 1921 Amen.

1656 2027 1891 2081 VARIJE
1922 2027 2319 2082 LBCTIONES.

311 2151 381 2190 ⁸⁵³
410 2169 541 2226 que
571 2154 716 2208 deest
757 2157 809 2226 2.
887 2150 957 2190 ‘55
997 2152 1415 2226 annoﬂDomini
1448 2170 1614 2210 xxxv.
1661 2157 1907 2211 secundo
1949 2172 2098 2211 anno
2148 2157 2392 2212 Conradi
2424 2155 2806 2226 imperatoris.
2859 2154 2965 2210 Ubi
3011 2159 3361 2226 nuncsunt,
3414 2154 3514 2225 qui
3545 2155 3745 2210 felices

238 2224 548 2299 actus_'viri
590 2224 769 2299 sancti
808 2230 1109 2279 venenosis
1155 2224 1383 2299 linguis
1416 2231 1715 2299 carpentes
1773 2244 1925 2298 saepe
1985 2228 2334 2299 operarejus
2362 2224 2543 2299 parvi
2588 2226 2919 2299 pendebant
2965 2229 3020 2279 et
3062 2224 3513 2299 annihilaban’t?
3570 2227 3745 2299 Nunc

240 2300 304 2369 ut
345 2294 459 2369 Apie
540 2295 823 2350 credimus
886 2300 1091 2366 regnat
1155 2311 1287 2350 cum
1353 2296 1467 2351 Deo
1516 2294 1815 2352 ’Abrabam
1854 2294 1931 2353 'in
1988 2294 2257 2355 eicelsis'
2288 2294 2401 2353 illis
2465 2303 2524 2353 et
2580 2294 2873 2369 perpetuis
2928 2296 3175 2368 gaudiis,

241 2367 397 2421 sinit.
432 2368 485 2420 2.

3252 2299 3455 2351 Amen.
3510 2299 3593 2351 ita
3650 2297 3747 2352 de-

1874 2483 2098 2539 ΝΟΤιΕ.

314 2584 421 2665 (26)
471 2585 808 2665 S_epulcrum
864 2587 1037 2657 paulo
1103 2603 1276 2659 supra
1335 2587 1730 2659 pavimentum
1787 2591 2057 2647 eductum
2120 2593 2422 2648 claudebat
2480 2592 2627 2665 lapis
2685 2591 3159 2664 hemisphaericus
3183 2631 3197 2657 ,
3256 2591 3446 2647 addita
3518 2591 3583 2647 in
3634 2592 3750 2647 hac

247 2656 561 2727 epigraphe
591 2673 605 2711 :

1172 2760 1267 2809 Hic
1290 2760 1431 2824 jacet
1455 2761 1635 2824 Buggo
1665 2762 1934 2824 quondam
1963 2763 2115 2813 istius
2144 2764 2244 2814 loci
2271 2766 2565 2828 episcopus.

318 2862 403 2915 Ita
432 2859 721 2915 Schannat
749 2857 885 2913 Hist.
914 2857 1142 2912 Worm.
1180 2862 1229 2926 l,
1258 2875 1315 2928 p.
1350 2858 1473 2914 334.

1406 3256 2604 3383 BURCHARDI

1574 3479 1904 3536 EPISTOLA
1941 3479 2036 3534 AD
2073 3478 2447 3533 ALPERTUM

1153 3641 1320 3712 (Vide
1355 3657 1528 3713 supra
1563 3643 1623 3696 in
1661 3642 1981 3708 ALrnaro,
2022 3641 2185 3711 hujus
2217 3641 2527 3709 voluminis,
2568 3640 2666 3695 col.
2710 3640 2862 3711 451.)
