3956 6296
140 338 243 390 537

1216 339 1687 397 DECRETORUM
1731 342 1915 397 LIBRI
1952 342 2061 396 XX.
2095 370 2163 380 ——-
2204 338 2590 395 PRzEFATIO.

3552 340 3654 392 538

1395 647 2395 772 BURCHARDI

1037 878 1745 949 WORMACIENSIS
1814 878 2274 947 ECCLESIIE
2340 881 2760 947 EPISCOPI

1225 1162 2576 1313 DECRETOBUM

1560 1449 1815 1521 LIBRI
1875 1449 2238 1522 VIGINTI

149 1684 257 1747 Ex
288 1680 584 1747 conciliis
618 1694 681 1748 et
719 1679 1237 1748 orthodoxorum
1276 1685 1559 1749 Patrum
1590 1680 1885 1762 decretis,
1927 1694 2080 1749 tunc
2118 1682 2318 1749 etiam
2366 1681 2777 1749 diversarum
2823 1680 3171 1747 nationum
3209 1676 3499 1768 synodis,
3539 1698 3655 1742 ceu

236 1786 371 1854 loci
397 1810 768 1853 communes
799 1787 1108 1876 congesti,
1145 1788 1215 1854 in
1244 1787 1482 1876 quibus
1522 1801 1733 1855 totum
1771 1787 2274 1856 ecclesiasticum
2310 1810 2554 1853 munus
2592 1785 2925 1853 luculenta
2974 1784 3290 1851 brevitate
3322 1794 3385 1849 et
3412 1793 3651 1848 veteres

236 1893 699 1959 Ecclesiarum
729 1892 1207 1960 observationes
1235 1893 1706 1982 complectitur.

260 2070 494 2124 Parisiis
523 2070 676 2141 apud
704 2070 987 2125 Joannem
1018 2071 1416 2137 Foucherinm,
1449 2073 1553 2127 sub
1582 2073 1750 2206 Scutso
1777 2073 2099 2223 Floreqtiai,
2132 2073 2224 2127 via
2248 2073 2318 2128 ad
2350 2074 2415 2128 D.
2446 2072 2744 2127 Jacobum.
2777 2101 2845 2111 --
2879 2072 3035 2126 1549.
3067 2068 3208 2124 Cum
3237 2067 3546 2140 privilegio

1739 2157 1938 2206 enatus
1987 2156 2050 2206 27
2083 2193 2096 2205 .

1739 2157 1938 2206 enatus
1965 2157 2096 2206 (27).

1496 2520 2315 2619 BURCHARDUS

1112 2709 1523 2765 ECCLESIA‘I
1578 2710 2202 2767 WORMACIENSIS
2254 2710 2701 2767 EPISCOPUS

1673 2858 2142 2934 BRUNIGHONI

684 3026 1023 3067 FIDELISSIMO
1063 3026 1165 3066 SUO
1204 3026 1269 3065 ET
1308 3026 1543 3067 EJUSDEM
1583 3026 1851 3066 ECCLESIE
1889 3025 2215 3077 PIUEPOSITO,
2258 3025 2312 3065 IN
2352 3024 2583 3065 CHRISTO
2621 3024 2826 3065 DOMINO
2868 3024 3135 3064 SALUTEM.

222 3328 271 3379 Α
296 3324 491 3379 multis
523 3340 657 3379 sane
704 3324 927 3390 diebus,
968 3329 1024 3379 et
1065 3340 1217 3395 saepe
1273 3323 1505 3395 quidem
1544 3339 1735 3377 coram
1774 3324 1857 3376 fa-
1896 3329 1943 3377 A
1972 3337 2123 3375 mem
2154 3326 2350 3375 tamen
2398 3320 2533 3390 quia
2575 3335 2693 3374 non
2749 3322 2961 3373 certam
3008 3316 3286 3388 temporis
3332 3330 3661 3371 mensuram

154 3412 455 3467 miliaritas
501 3417 619 3479 tua,
659 3412 991 3467 charissima
1026 3413 1222 3479 frater,
1279 3412 1561 3466 hortando
1610 3428 1642 3465 a
1689 3410 1854 3465 nobis

153 3500 472 3568 contendit,
500 3505 564 3556 ut
595 3501 733 3556 utile
777 3501 1013 3571 aliquod
1042 3517 1186 3573 opus
1228 3517 1343 3554 non
1377 3500 1567 3555 minus
1610 3516 1677 3554 ex
1724 3515 1849 3553 san-

153 3592 375 3644 ctorum
408 3590 643 3645 Patrum
667 3590 981 3655 sententiis,
1016 3604 1189 3660 quam
1219 3588 1507 3642 canonicis
1536 3586 1851 3658 scripturis,

153 3678 243 3732 vel
299 3679 371 3731 ab
400 3679 779 3749 comprobatis
828 3678 1230 3749 poenitentium
1270 3678 1567 3749 exemplis,
1625 3677 1695 3731 ad
1758 3692 1854 3730 ne-

158 3765 468 3820 cessarium
540 3766 797 3821 Ecclesiae
867 3770 1077 3820 nostrae
1150 3765 1599 3820 deservientium
1661 3781 1852 3833 usum,

158 3854 422 3924 vigilanti
451 3854 638 3909 studio
664 3854 1012 3925 colligerem.
1049 3856 1115 3909 Et
1142 3854 1199 3908 id
1230 3853 1486 3925 quidem,
1517 3855 1605 3908 vel
1654 3869 1720 3907 ea
1765 3870 1857 3908 ra—

161 3943 315 3996 tione
345 3942 592 3997 maxime
622 3943 880 4014 ﬂagitare
900 3941 1203 4012 videbaris,
1236 3943 1394 4014 quod
1414 3958 1699 3997 canonum
1727 3944 1858 4014 jura

162 4037 337 4101 atque
376 4030 781 4101 pcenitentium
826 4031 1047 4095 formae,
1089 4031 1149 4084 in
1195 4034 1388 4085 nostra
1435 4031 1667 4102 quidem
1717 4032 1857 4087 dios-

161 4118 274 4173 cesi
303 4119 445 4173 adeo
475 4119 707 4173 confusa
763 4119 896 4187 sint,
940 4124 1111 4190 atque
1154 4118 1303 4173 inter
1342 4134 1400 4173 se
1451 4120 1856 4190 discrepantia,

163 4212 225 4261 ut
257 4211 360 4261 aut
387 4222 457 4260 ex
505 4210 623 4260 toto
654 4207 929 4278 neglecta,
978 4212 1077 4260 aut
1131 4208 1288 4261 omni
1329 4223 1477 4278 pene
1527 4209 1859 4263 auctoritate

160 4294 454 4361 destituta,
513 4294 602 4348 vel
656 4294 874 4349 modice
950 4295 1011 4348 in
1095 4294 1476 4351 ecclesiastica
1559 4296 1861 4366 disciplina

155 4382 431 4438 institutis
456 4398 731 4454 apparere
761 4384 1001 4454 possint.
1047 4383 1170 4448 Qua
1198 4385 1268 4439 de
1311 4401 1481 4439 causa
1526 4401 1676 4456 saepe
1707 4385 1859 4440 acci-

155 4471 255 4537 dit,
290 4474 353 4524 ut
370 4471 443 4525 ad
472 4472 826 4542 paenitentia:
851 4472 1167 4527 remedium
1221 4473 1705 4544 confugientibus,
1728 4490 1859 4528 cum

158 4560 230 4614 ob
259 4574 547 4613 canonum
588 4560 1033 4631 descriptionem
1077 4560 1391 4629 confusam,
1442 4566 1566 4617 tum
1610 4562 1683 4615 ob
1722 4578 1858 4632 pre—

157 4648 514 4719 sbyterorum
548 4655 872 4704 nostrorum
902 4650 1311 4720 ignorantiam,
1352 4666 1466 4705 non
1506 4650 1672 4705 facile
1718 4651 1856 4705 sub-

157 4736 436 4791 veniatur.
491 4737 655 4802 Quod
688 4755 761 4792 an
791 4738 922 4793 ideo
965 4738 1333 4809 potissimum
1380 4739 1564 4807 ﬁeret,
1595 4754 1710 4794 non
1740 4739 1857 4795 im-

161 4826 443 4896 pudenter
474 4843 539 4882 ex
571 4843 662 4881 me
692 4829 928 4899 rogasti.
976 4831 1041 4884 Et
1089 4844 1419 4900 quanquam
1465 4828 1617 4884 idem
1661 4827 1859 4883 existi-

228 5018 340 5087 (27)
368 5018 633 5073 Emtraict
654 5019 746 5073 des
782 5021 1055 5088 Registres
1084 5020 1149 5074 de
1168 5021 1488 5075 Partement.

227 5090 307 5143 La
363 5094 532 5161 court,
596 5105 725 5143 veue
772 5090 825 5144 la
884 5092 1141 5159 Requeste
1197 5093 1230 5143 ἁ
1284 5092 1379 5145 elte
1425 5094 1702 5160 prcsentée
1754 5108 1863 5161 par

162 5161 336 5214 Iehan
358 5160 601 5214 Foucher
628 5161 878 5215 Libraire
914 5163 1035 5216 Iure'
1063 5178 1127 5216 en
1157 5163 1537 5231 Lhuniuersite
1580 5161 1646 5216 de
1678 5160 1855 5231 paris,

157 5247 263 5300 par
292 5231 349 5283 la
374 5232 548 5301 quelte
578 5232 621 5285 il
659 5235 962 5300 requeroict
1000 5234 1095 5302 luy
1133 5238 1270 5287 estre
1306 5230 1517 5301 parmis
1550 5230 1856 5302 Imprimer,

160 5318 225 5355 ou
250 5303 398 5367 faire
435 5302 754 5369 Imprimer,
814 5318 924 5369 ung
954 5304 1092 5357 (iure
1150 5305 1368 5357 intitulé
1404 5306 1468 5358 D.
1523 5305 1849 5371 Bura/tardi,

169 5374 596 5427 Vuormaciensis
664 5375 921 5429 eniscoui.
989 5375 1345 5428 Decretorum
1414 5374 1536 5427 Lib.
1604 5376 1715 5429 XX.
1790 5391 1849 5429 ea

214 5387 596 5427 uormaczenszs
664 5389 921 5439 episcopi,
989 5387 1345 5428 Uecretorum
1414 5387 1536 5427 Lw.
1604 5387 1715 5439 LI,
1790 5391 1860 5429 ea:

175 5389 596 5427 vuormaczenszs
664 5389 921 5443 episcopi,
989 5389 1345 5428 uecretorum
1414 5389 1536 5427 uo.
1604 5389 1715 5441 ᾸᾸ,
1790 5391 1858 5429 ea:

163 5443 412 5499 Conciliis
441 5447 491 5496 et
512 5443 938 5498 orthodoacorum
961 5450 1188 5515 patrum
1224 5447 1458 5500 Decretis
1498 5450 1594 5499 etc.
1648 5446 1697 5499 Α
1723 5461 1858 5514 per-

162 5516 260 5567 mis
290 5517 341 5567 et
392 5518 599 5585 permet
629 5515 789 5569 audit
809 5518 1095 5585 supptiant
1140 5517 1450 5585 Imprimer,
1480 5530 1550 5569 ou
1579 5517 1727 5581 faire
1751 5518 1855 5571 Im-
1918 5556 1921 5559 -

162 5586 365 5652 primer
394 5584 523 5639 ledit
546 5585 707 5655 (iure,
738 5590 790 5640 et
810 5584 1035 5656 emposer
1063 5602 1128 5640 en
1152 5584 1323 5653 vente,
1338 5590 1409 5641 Et
1426 5586 1658 5657 defence
1686 5588 1722 5641 ὰ
1740 5591 1857 5641 tous

1962 3425 2249 3464 canonum
2289 3425 2531 3463 censura
2559 3409 2838 3479 expressit
2867 3408 2939 3462 ad
2982 3406 3209 3477 singula
3250 3404 3660 3475 poenitentium

1962 3498 2168 3553 delicta
2235 3497 2642 3563 adhibendam,
2695 3497 2794 3550 sed
2863 3496 2923 3550 in
2988 3493 3403 3549 absolventium
3444 3491 3661 3564 judicio

1962 3587 2402 3657 relinquendam
2459 3585 2673 3651 statuit,
2720 3584 2929 3639 idcirco
2977 3582 3331 3654 poenitentia:
3391 3581 3665 3636 salutaria

1964 3674 2217 3729 remedia
2246 3675 2317 3729 ab
2348 3674 2633 3745 imperitis
2680 3672 2913 3744 quidem
2962 3671 3351 3727 sacerdotibus
3408 3687 3526 3724 non
3557 3686 3662 3740 pro

1965 3763 2305 3819 delictorum
2354 3762 2629 3833 qualitate
2672 3761 3067 3832 providentur,
3099 3776 3134 3813 a
3191 3758 3302 3831 piis
3333 3758 3568 3830 quidem
3609 3761 3666 3812 et

1965 3851 2252 3907 canonicis
2300 3850 2599 3922 scripturis
2655 3849 2949 3916 institutis,
3016 3848 3218 3904 eadem
3274 3847 3437 3902 facile
3492 3851 3669 3919 prout

1965 3939 2446 4011 uniuscujuslibet
2492 3939 2800 3994 inﬁrmitas
2860 3937 3125 4009 requirit,
3179 3937 3544 3992 adhibentur.
3602 3936 3667 3990 Et

1968 4030 2104 4102 quia
2141 4030 2248 4083 hoc
2277 4045 2367 4083 res
2409 4028 2487 4082 ita
2540 4028 2732 4095 habet,
2764 4043 2830 4081 eo
2860 4043 2952 4081 me
3000 4026 3231 4080 dilectio
3285 4030 3384 4079 tua
3424 4023 3661 4095 rogavit,

1966 4125 2030 4174 ut
2056 4119 2303 4188 opellam
2332 4119 2479 4172 hanc
2509 4122 2836 4186 congestam
2863 4115 3193 4185 junioribus
3223 4112 3435 4168 nostris
3476 4114 3667 4183 legen-

1967 4209 2100 4263 dam
2119 4222 2523 4277 proponerem,
2559 4221 2673 4275 quo
2704 4204 2815 4276 ipsi
2842 4205 2903 4259 in
2924 4204 3131 4258 idonea
3162 4202 3437 4256 nimirum
3477 4206 3662 4269 aetate,

1967 4312 2035 4350 ea
2090 4296 2330 4361 discant,
2405 4310 2534 4365 quas
2584 4294 2675 4347 vel
2725 4292 2906 4346 serior
2959 4290 3270 4363 aequalium
3336 4294 3668 4344 nostrorum

1934 4390 2105 4439 astas
2161 4383 2333 4438 modo
2379 4382 2604 4454 assequi
2662 4397 2780 4436 non
2832 4381 3034 4452 possit,
3086 4380 3173 4434 vel
3241 4384 3664 4434 antecessornm

1966 4471 2322 4543 negligentia
2363 4488 2478 4526 non
2526 4470 2733 4542 attigit.
2785 4471 2992 4540 Utpote
3028 4468 3497 4525 decentissimum
3543 4468 3666 4521 fore

1968 4556 2323 4630 existimans,
2355 4566 2416 4615 ut
2461 4560 2589 4631 quis
2617 4575 2747 4614 cum
2788 4559 2947 4613 omni
3010 4557 3297 4629 probitate
3325 4574 3386 4611 se
3427 4556 3671 4628 discipu-

1967 4652 2087 4705 lum
2130 4650 2292 4721 prius
2366 4648 2651 4718 exhibeat,
2700 4664 2875 4719 quam
2950 4646 3197 4703 doctoris
3270 4645 3667 4701 auctoritatem

1965 4739 2119 4809 apud
2157 4739 2391 4809 vulgum
2417 4744 2629 4793 temere
2656 4742 2986 4808 praesumat.
3030 4737 3097 4791 Et
3134 4737 3193 4790 in
3223 4734 3427 4789 scholis
3468 4734 3667 4800 discat,

1969 4828 2123 4899 quod
2171 4844 2289 4882 suae
2345 4826 2476 4882 ﬁdei
2544 4826 2877 4882 commissos
2932 4825 3149 4880 doceat.
3200 4824 3477 4895 Equidem
3524 4824 3671 4878 hanc

1969 5021 2439 5077 aultres'tibraires
2460 5025 2511 5076 et
2534 5021 2883 5089 Imprimeurs
2905 5020 2970 5074 de
2985 5035 3039 5075 ce
3061 5023 3283 5083 resscrt,
3305 5018 3509 5085 Icelluy
3534 5016 3673 5069 (iure

1967 5094 2271 5163 Imprimer,
2302 5092 2450 5159 faire
2469 5094 2748 5161 imprimer
2768 5108 2837 5146 ou
2863 5105 3092 5160 emposer
3144 5104 3209 5143 en
3228 5162 3233 5163 γ
3255 5094 3427 5163 vente,
3465 5089 3668 5163 auttres

1968 5160 2072 5234 que
2114 5166 2268 5218 cequ
2305 5179 2407 5232 que
2455 5160 2587 5218 ledit
2628 5164 2912 5232 supptiant
2958 5177 3098 5215 aura
3147 5162 3321 5227 faictz
3358 5160 3663 5234 Imprimer,

1967 5232 2095 5289 sans
2124 5250 2220 5289 son
2263 5235 2443 5289 adueu
2465 5240 2515 5289 et
2566 5238 2980 5297 consantement,
3030 5234 3263 5300 Iusques
3289 5234 3323 5283 ἁ
3370 5232 3495 5298 cinq
3545 5244 3665 5300 aus,

1968 5321 2063 5359 sur
2094 5307 2251 5374 peine
2298 5305 2364 5360 de
2411 5307 2756 5376 conﬁscation
2812 5304 2995 5359 desdis
3050 5299 3263 5376 tiufest
3284 5299 3665 5376 et_d’a_men_de

1968 5371 2282 5430 arbitraire.
2351 5371 2517 5431 Faict'
2558 5392 2623 5429 en
2683 5376 2986 5430 Partement
3042 5376 3074 5427 ὰ
3124 5374 3290 5427 Paris
3348 5372 3393 5424 le
3445 5371 3661 5425 dernier

1922 5465 1927 5471 ·
1967 5448 2104 5501 Iour
2126 5447 2191 5501 de
2224 5448 2507 5502 Decembre
2535 5447 2634 5502 Mil
2656 5450 2780 5515 cinq
2814 5461 2933 5500 cens
2960 5448 3231 5514 quarante
3258 5444 3412 5510 huyt.

2625 5519 2899 5572 Collation
2927 5520 3007 5570 est
3036 5517 3237 5570 Faicte.

2638 5589 2819 5659 Ainsy
2842 5589 2992 5656 signé
3026 5587 3105 5641 Du
3135 5586 3352 5640 Τιιιιςτ.
