3956 6302
295 381 395 432 539

1383 375 1789 431 BURCHARDI
1830 373 1984 429 WOB
1998 370 2361 427 MACIENSIS
2400 368 2719 426 EPISCOPI

3711 369 3818 421 541)

291 506 449 555 tuam
524 499 888 572 petitionem,
924 500 1313 568 dilectionem,
1363 499 1558 564 frater,
1613 498 1986 570 justissimam
2018 501 2064 552 A
2103 498 2267 569 sequi
2332 512 2518 566 posse.
2587 495 2895 550 Perutilem
2939 495 3176 566 quidem
3218 497 3279 549 in
3326 496 3583 550 docenda
3616 497 3813 567 plebe,

287 589 558 660 judicavi,
589 604 809 659 proque
849 588 955 642 isto
1000 593 1115 642 tam
1145 588 1239 658 pio
1271 588 1338 642 ad
1370 588 1619 641 divinam
1652 586 1993 655 religionem

292 678 519 745 affectu,
555 678 766 747 gratias
794 678 1070 730 maximas
1096 676 1301 743 habeo,
1350 691 1523 746 quem
1568 691 1669 746 pro
1731 675 1994 729 Ecclesia

295 771 503 821 nostra:
544 772 713 829 statu,
767 781 881 818 non
930 765 1093 833 segni
1150 763 1532 817 sollicitudine
1572 764 1790 834 jugiter
1832 764 1994 817 desu-

296 857 432 910 dare
464 854 876 908 animadverto.
914 854 1119 906 Verum
1161 852 1314 923 quod
1347 857 1505 905 tuam
1534 851 1994 905 exhortationem

298 943 438 997 mihi
465 942 672 1013 saepius
702 942 1041 995 inculcatam
1071 940 1273 993 tandiu
1301 940 1515 1006 distuli,
1568 939 1833 1009 ignaviae,
1874 945 1996 993 tor—

298 1032 539 1103 porique
578 1046 706 1084 meo
738 1028 976 1083 minime
1018 1029 1459 1083 adscribendum
1491 1028 1717 1097 putabis
1748 1044 1759 1081 :
1816 1026 1996 1097 siqui-

298 1120 427 1174 dem
462 1119 586 1174 dum
618 1119 1043 1187 impediverunt
1065 1134 1153 1170 me
1174 1132 1381 1182 causze,
1418 1117 1728 1187 quominus
1759 1115 1863 1168 tibi
1893 1130 1995 1186 pro

298 1215 397 1262 tuo
437 1207 716 1262 desiderio
740 1212 1005 1275 prompte
1039 1222 1258 1258 morem
1290 1205 1458 1276 gessi.
1482 1204 1737 1267 Quarum
1760 1205 1997 1257 alteram

290 1296 643 1350 inevitabiles
676 1294 933 1349 Ecclesiae
975 1300 1182 1347 nostra:
1245 1293 1605 1347 necessitates
1660 1292 1995 1358 attulerunt,

296 1402 425 1457 quae
449 1384 703 1455 quotidie
724 1384 1005 1438 ﬂuctuum
1038 1399 1197 1437 more
1220 1381 1279 1435 in
1315 1399 1420 1434 nos
1448 1385 1774 1450 emergunt.
1808 1381 1999 1433 Altera

301 1489 369 1527 ex
411 1474 680 1544 gravibus
747 1472 1109 1526 saecularium
1162 1487 1352 1524 rerum
1404 1471 1555 1524 curis
1604 1470 1881 1535 oboritur,
1928 1468 1996 1522 ad

303 1578 444 1633 quas
505 1561 694 1629 inviti,
744 1560 1047 1630 imperiam
1095 1560 1497 1613 mandatorum
1554 1574 1727 1612 onere
1778 1563 1997 1628 pertra-

303 1651 519 1716 himur,
560 1668 689 1721 quae
719 1651 832 1704 duo
884 1665 1019 1703 sane
1061 1650 1320 1703 animum
1384 1664 1575 1701 mcum
1622 1648 1692 1702 ad
1749 1647 2001 1701 coelestia

2103 586 2338 640 ﬁrmum
2396 590 2588 639 autem
2631 590 2869 655 propter
2924 584 3349 654 Scripturarum
3382 586 3811 649 auctoritatem,

2103 675 2412 729 honestum
2463 679 2738 743 tanquam
2786 673 2971 727 studio
3020 680 3076 727 et
3106 674 3407 743 diligentia
3436 674 3806 744 acquisitum.

2106 765 2301 833 Neque
2332 762 2483 815 enim
2532 762 2840 815 sacerdotis
2883 777 3096 815 nomen
3152 768 3422 828 meretur,
3468 762 3588 833 qui,
3639 778 3818 832 quam

2104 852 2343 905 sollicite
2390 850 2781 920 Evangelicam
2824 849 3041 903 minam
3071 850 3317 920 expendi
3361 856 3589 920 oportet
3638 851 3816 919 igno-

2103 945 2212 1007 rat,
2272 943 2333 992 ut
2379 955 2558 992 caecus
2614 955 2762 993 casco
2840 939 2955 993 dux
3004 955 3125 993 esse
3173 955 3288 992 non
3335 945 3540 1009 potest.
3599 939 3818 1003 Quam-

2105 1028 2303 1081 obrem
2338 1027 2489 1080 hunc
2520 1042 2714 1079 meum
2762 1026 3018 1080 laborem
3070 1043 3261 1093 nemo,
3320 1032 3383 1079 ut
3423 1026 3811 1080 collecticium

2103 1120 2460 1185 aspernetur.
2519 1114 2679 1168 Certe
2737 1114 2921 1185 coegit
2987 1130 3274 1168 sacrarum
3329 1114 3387 1168 in
3459 1115 3816 1168 immensum

2103 1203 2528 1274 Scripturarum
2578 1201 2786 1256 diffusa
2834 1202 3173 1270 amplitudo,
3222 1219 3447 1257 necnon
3480 1208 3817 1256 nostrorum

2105 1291 2478 1362 negligentia,
2518 1295 2570 1345 et
2618 1290 2841 1344 inscitia
2889 1290 3270 1357 sacerdotum,
3325 1290 3388 1344 in
3452 1290 3561 1345 hoc
3602 1306 3818 1361 genere

2107 1380 2407 1448 desudare,
2468 1379 2529 1432 in
2595 1395 2708 1449 quo
2767 1367 3054 1449 colligere.
3099 1379 3331 1449 quidem
3392 1380 3611 1433 licitum
3679 1378 3814 1443 fuit,

2105 1484 2354 1522 canones
2405 1483 2536 1520 vero
2589 1467 2697 1521 soli
2756 1467 2894 1521 mihi
2956 1467 3179 1521 sanxire
3238 1467 3522 1521 illicitum.
3572 1467 3819 1531 Quantis

2108 1563 2299 1610 autem
2359 1557 2464 1609 hoc
2514 1555 2828 1621 laboribus,
2912 1561 3084 1626 atque
3136 1555 3346 1625 vigiliis
3421 1556 3815 1625 prastiterim,

2111 1647 2257 1700 Deus
2290 1646 2413 1715 Opt.
2439 1645 2741 1714 judicabit,
2776 1660 2973 1714 quem,
3006 1644 3159 1714 quod
3212 1660 3316 1712 pro
3369 1649 3579 1697 nostrae
3629 1645 3821 1697 Eccle-

303 1740 615 1793 enitentem
648 1739 943 1792 altiuscule
972 1753 1269 1808 assurgere
1300 1754 1414 1791 non
1451 1735 1814 1807 permittunt.
1857 1737 1997 1789 Nam
2030 1778 2068 1830 Β
2107 1736 2205 1789 sia;
2261 1734 2597 1788 necessitate
2654 1733 2906 1799 fecerim,
2960 1749 3073 1786 non
3122 1733 3274 1786 latet.
3324 1732 3510 1796 Quare
3560 1732 3738 1785 etiam
3774 1731 3826 1785 si

304 1829 441 1882 dum
498 1827 759 1897 pluribus
816 1828 984 1881 rebus
1041 1826 1399 1897 inquietatur
1430 1825 1677 1893 animus,
1712 1824 1998 1878 intirmior

304 1921 406 1983 est,
439 1933 610 1988 quam
646 1922 706 1970 ut
762 1916 1101 1971 unicuilibet
1147 1932 1250 1986 par
1295 1932 1416 1970 esse
1450 1916 1640 1981 possit.
1697 1914 2000 1969 Nihilomi-

303 2022 413 2059 nus
437 2010 628 2059 tamen
662 2005 871 2059 sanctis
918 2006 1031 2059 tuis
1084 2005 1458 2074 petitionibus
1499 2004 1801 2057 obsecutus
1828 2020 1999 2074 syno-

305 2092 453 2147 dalia
481 2098 784 2164 pra'cepta,
823 2098 1127 2163 sanctaque
1171 2092 1448 2157 instituta,
1500 2097 1613 2145 tam
1661 2108 1728 2145 ex
1777 2097 1999 2145 sancto-

306 2197 432 2236 rum
481 2183 710 2235 Patrum
760 2182 1075 2248 sententiis,
1116 2198 1288 2251 quam
1322 2197 1386 2234 ex
1436 2180 1723 2234 canonicis
1752 2179 1998 2249 scriptis,

304 2270 563 2341 adjutore
594 2270 727 2335 Deo,
780 2270 839 2324 in
867 2286 1042 2323 unum
1084 2270 1290 2323 fascem
1339 2285 1407 2322 ex
1467 2268 1821 2339 amplissimo
1866 2269 2002 2322 orbe

306 2359 528 2429 collegi.
562 2360 749 2429 anue
780 2364 843 2412 ut
880 2358 1061 2429 potui,
1095 2374 1210 2411 uno
1258 2357 1433 2411 veluti
1461 2372 1699 2425 corpore
1725 2371 1999 2419 connexa,

311 2446 513 2517 viginti
544 2446 704 2500 libris
752 2446 1002 2514 distinxi,
1035 2446 1114 2501 ita
1146 2451 1210 2500 ut
1246 2444 1507 2516 quisquis
1566 2460 1660 2497 eos
1699 2443 2005 2514 diligenter

306 2536 531 2607 legerit,
564 2536 813 2590 fructum
844 2552 961 2588 non
999 2536 1293 2606 vulgarem
1322 2534 1531 2587 sentiet
1576 2548 1635 2586 se
1657 2532 1815 2586 brevi
1862 2549 2004 2585 con-

2106 1826 2317 1877 nostrae
2358 1821 2665 1893 provinciae
2696 1821 2906 1874 limites
2939 1837 3055 1873 non
3101 1820 3320 1885 exierit,
3384 1821 3527 1874 nihil
3577 1821 3825 1874 omnino

2108 1927 2260 1981 aegre
2296 1912 2563 1976 feremus,
2608 1911 2779 1965 modo
2826 1915 3150 1963 nostrorum
3197 1910 3594 1963 ministrorum
3628 1910 3825 1963 mani-

2107 2001 2212 2055 bus
2241 2005 2477 2053 teratur.
2534 2001 2708 2053 Porro
2757 1999 3101 2068 legentibus,
3153 1999 3325 2052 etiam
3371 1999 3429 2052 id
3474 2014 3825 2068 persuasum

2110 2106 2231 2143 esse
2274 2089 2560 2159 cupimus,
2608 2088 2754 2141 nihil
2801 2088 2870 2141 de
2918 2103 3047 2142 meo
3095 2086 3156 2141 in
3187 2088 3297 2141 hoc
3344 2102 3516 2156 opere
3556 2086 3825 2140 additum

2111 2193 2252 2242 esse,
2288 2177 2382 2230 sed
2416 2192 2484 2230 ex
2517 2175 2725 2229 divinis
2753 2175 3096 2230 testimoniis
3124 2176 3545 2245 Scripturarum
3589 2174 3829 2245 singula

2112 2282 2234 2321 esse
2291 2265 2580 2334 decerpta,
2625 2279 2692 2317 ea
2740 2281 2873 2317 sane
2904 2264 3036 2328 ﬁde,
3072 2269 3136 2318 ut
3182 2270 3518 2335 perpetuam
3572 2263 3829 2317 auctori-

2111 2360 2286 2409 tatem
2320 2354 2588 2408 habitura
2617 2370 2731 2406 non
2771 2353 3048 2407 dubitem.
3086 2354 3161 2407 Ex
3187 2352 3395 2424 quibus
3443 2356 3635 2407 autem
3680 2351 3827 2405 scri-

2113 2444 2226 2514 ptis
2252 2443 2554 2513 selegerim
2614 2442 2752 2496 ordo
2793 2458 3038 2513 sequens
3092 2441 3310 2496 indicat
3366 2442 3515 2495 Bene
3562 2441 3710 2505 vale,
3767 2446 3830 2494 et

2116 2530 2471 2585 orationibus
2503 2546 2594 2584 me
2624 2530 2711 2597 adj
2720 2545 2846 2584 uva.

570 2750 652 2804 EX
690 2749 944 2814 QUIBUS
986 2751 1184 2807 LOCIS
1220 2751 1603 2806 AUCTORUM
1642 2751 1954 2805 SCRIPTIS
1995 2750 2527 2806 ECCLESIAS'I‘ICA
2566 2750 2721 2804 H/EC
2762 2751 3075 2805 DECRETA
3114 2750 3564 2805 COLLEGERIT.

390 2881 461 2934 Ex
493 2879 821 2942 canonibus,
858 2879 958 2950 qui
990 2880 1210 2950 Corpus
1242 2896 1526 2934 canonum
1566 2886 1863 2935 vocantur.

389 2970 465 3022 Ex
495 2970 879 3039 apostolorum
920 2985 1157 3022 canone.

384 3058 464 3112 Ex
487 3057 883 3112 transmarinis
918 3057 1193 3111 conciliis.

386 3148 464 3201 Ex
502 3146 757 3200 conciliis
806 3147 867 3199 in
928 3145 1249 3212 Germania,
1301 3146 1500 3213 Gallia,
1542 3146 1831 3217 Hispania,
1863 3148 2011 3201 cele-

317 3235 510 3290 bratis.

388 3325 462 3378 Ex
501 3324 893 3378 Romanorum
923 3323 1261 3393 pontificum
1291 3322 1551 3378 decretis.

390 3413 465 3467 Ex
496 3411 837 3482 evangelicis
856 3411 1297 3483 apostolicisque
1329 3411 1653 3482 Scripturis.

2189 2883 2266 2935 Ex
2300 2881 2487 2934 Veteri
2508 2882 2894 2935 Testamento.

2190 2970 2269 3023 Ex
2300 2968 2462 3023 libris
2486 2968 2664 3023 sancti
2692 2970 2971 3039 Gregorii.

2193 3060 2267 3112 Ex
2298 3058 2660 3127 Hieronymo,
2702 3058 3048 3129 Augustino,
3104 3056 3427 3124 Ambrosio,
3487 3056 3828 3123 Benedicto,

2121 3146 2329 3200 Basilio
2364 3147 2580 3217 Magno,
2616 3145 2858 3200 Isidoro.

2194 3237 2270 3288 Ex
2306 3234 2683 3289 Posuitentiali
2712 3236 2989 3289 Romano.

2191 3324 2266 3377 Ex
2303 3322 2689 3377 Pcenitentiali
2725 3322 3031 3379 Theodori.

2190 3413 2267 3466 Ex
2297 3410 2680 3466 Poenitentiali
2714 3412 2899 3466 Bedaa.

1041 3669 1440 3754 INDEX
1520 3669 2355 3758 SINGULORUM
2438 3670 3105 3759 LIBRORUM

1493 3841 1837 3886 BURCHARDI
1881 3842 2346 3888 WORMACIENSIS
2392 3842 2658 3888 EPISCOPI

1277 3948 1520 4001 Breviter
1567 3948 1703 4017 quid
1759 3964 1969 4017 quoquo
2013 3949 2150 4003 libro
2206 3952 2509 4004 continetur
2566 3949 2867 4005 ostendens.

395 4192 619 4246 Primus
649 4191 791 4247 liber
812 4193 1063 4248 continet
1096 4194 1166 4249 de
1192 4199 1472 4265 potestate
1510 4202 1566 4251 et
1597 4196 1844 4267 primatu
1877 4212 2015 4268 apo-
2050 4200 2091 4254 C
2198 4198 2443 4261 Quartus
2481 4198 2627 4253 liber
2675 4196 2930 4252 continet
2986 4200 3408 4251 sacramentum
3440 4196 3837 4267 baptismatis,

327 4280 541 4335 stolicaa
584 4280 751 4349 sedis,
784 4282 1261 4353 patriarcharum,
1307 4291 1763 4356 caaterorumque
1811 4285 2020 4356 prima-

327 4375 452 4424 tum
507 4370 1104 4441 metropolitanorum,
1164 4378 1221 4427 et
1270 4374 1338 4428 de
1387 4375 1603 4445 synodo
1657 4374 2019 4441 celebranda,

326 4462 384 4513 et
414 4458 708 4513 vocatione
732 4460 805 4514 ad
834 4462 1132 4531 synodum.
1172 4463 1248 4517 De
1288 4463 1579 4526 accusatis,
1633 4469 1689 4517 et
1735 4468 2025 4517 accusato-

327 4546 505 4612 ribus,
538 4549 594 4599 et
639 4548 895 4602 testibus.
935 4550 1009 4603 De
1059 4551 1388 4621 exspoliatis
1431 4551 1660 4621 injuste.
1705 4552 1782 4606 De
1806 4551 2023 4621 judici-

327 4635 453 4700 bus,
489 4650 552 4687 ac
581 4633 652 4689 de
679 4636 836 4689 omni
856 4636 1075 4691 honore
1115 4638 1482 4709 competenti,
1532 4655 1597 4692 ac
1635 4638 1932 4710 dignitate,
1970 4644 2026 4693 et

328 4721 552 4775 diverso
586 4725 818 4794 negotio
849 4729 906 4780 et
935 4727 1250 4781 ministerio
1277 4730 1702 4797 episcoporum.

397 4810 688 4866 Secundus
718 4813 865 4867 liber
917 4815 1173 4869 continet
1225 4816 1293 4869 de
1338 4816 1682 4885 congruenti
1721 4815 2021 4884 dignitate,

328 4902 385 4953 et
415 4898 633 4953 diversa
680 4901 1054 4968 institutione,
1091 4919 1154 4957 ac
1196 4903 1568 4969 nutrimento,
1618 4904 1702 4957 vel
1753 4905 2027 4976 qualitate

329 4988 483 5054 vitas,
524 4993 582 5043 et
629 4990 850 5045 diverso
896 4991 1149 5061 negotio,
1215 4996 1271 5046 et
1307 4991 1628 5046 ministerio
1665 4993 2027 5064 presbytero-

330 5094 460 5131 rum
491 5082 547 5157 e't
572 5080 967 5145 diaconorum,
996 5097 1096 5135 seu
1143 5080 1499 5151 reliquorum
1543 5080 1811 5136 ordinum
1858 5080 2029 5135 eccle-

332 5166 711 5222 siasticorum.

401 5253 619 5307 Tertius
665 5253 810 5309 liber
848 5254 1103 5308 continet
1150 5255 1218 5309 de
1250 5254 1572 5309 divinarum
1613 5255 1908 5309 domorum
1940 5254 2027 5308 in-

332 5340 648 5409 stitutione,
678 5347 734 5397 et
771 5343 950 5412 cultu,
982 5348 1039 5397 et
1078 5344 1313 5397 honore.
1350 5344 1427 5397 De
1457 5343 1692 5397 decimis
1721 5347 1777 5396 et
1794 5343 2032 5397 oblatio-

333 5429 501 5483 nibus
548 5435 603 5485 et
638 5431 878 5501 justitiis
933 5431 1312 5502 singulorum,
1364 5435 1420 5485 et
1471 5432 1570 5503 qui
1613 5431 1749 5487 libri
1779 5431 1840 5485 in
1871 5447 2029 5485 sacro

334 5519 591 5588 catalogo
623 5520 992 5590 recipiantur,
1049 5521 1147 5591 qui
1178 5537 1309 5575 vero
1359 5520 1694 5591 apocryphi,
1721 5524 1777 5576 et
1806 5521 2034 5592 quando

337 5608 663 5676 apponendi
696 5609 827 5663 sint.

2129 4292 2185 4343 et
2225 4287 2610 4342 ministerium
2668 4285 3145 4358 baptizaudorum
3193 4290 3251 4340 et
3307 4285 3751 4355 baptizatornm,
3780 4292 3839 4341 et

2128 4375 2648 4446 consignandorum
2680 4381 2736 4430 et
2768 4374 3256 4447 consignatorum.

2200 4482 2441 4547 Quintus
2472 4482 2616 4537 liber
2660 4482 2915 4537 continet
2961 4482 3031 4537 de
3079 4483 3433 4534 sacramento
3477 4480 3732 4551 corporis
3777 4486 3834 4535 et

2131 4570 2424 4641 sanguinis
2456 4570 2706 4637 Domini,
2741 4575 2797 4624 et
2827 4570 2897 4624 de
2943 4569 3313 4642 perceptione
3340 4573 3397 4623 et
3432 4568 3830 4624 observatione

2131 4674 2354 4714 eorum.

2203 4766 2405 4819 Sextus
2436 4764 2581 4818 liber
2610 4765 2858 4819 continet
2898 4765 2968 4819 de
3015 4763 3339 4818 homicidiis
3367 4768 3589 4833 sponte,
3629 4767 3683 4817 et
3714 4779 3831 4818 non

2132 4858 2332 4923 sponte
2370 4853 2688 4907 commissis
2719 4859 2775 4906 et
2814 4854 2882 4907 de
2923 4852 3264 4923 parricidiis,
3299 4856 3353 4905 et
3383 4852 3451 4906 de
3484 4851 3837 4917 fratricidiis,

2134 4947 2192 4996 et
2227 4943 2295 4996 de
2326 4941 2439 4995 illis
2487 4941 2587 5012 qui
2623 4957 2829 4995 uxores
2860 4941 3145 5013 legitimas
3185 4945 3241 4994 et
3297 4940 3549 4994 seniores
3588 4956 3719 4994 suos
3750 4940 3840 4995 in-

2135 5031 2420 5086 terﬁciunt
2455 5073 2469 5097 ,
2530 5036 2587 5084 et
2616 5031 2685 5085 de
2729 5031 3011 5084 occisione
3064 5029 3599 5093 ecclesiasticorum,
3657 5034 3713 5083 et
3769 5030 3840 5084 de

2137 5120 2556 5185 observatione,
2589 5125 2644 5173 et
2673 5122 2741 5174 de
2769 5119 3106 5190 poenitentia
3133 5119 3513 5189 singulorum.

2206 5235 2492 5307 Septimus
2544 5234 2688 5289 liber
2747 5235 3003 5289 continet
3063 5233 3132 5286 de
3197 5234 3414 5287 incesta
3476 5232 3842 5303 copulatione

2138 5323 2667 5395 consanguinitatis,
2699 5328 2755 5378 et
2784 5323 2840 5377 in
2883 5340 2996 5394 quo
3054 5322 3320 5392 geniculo
3363 5321 3558 5375 ﬁdeles
3598 5327 3656 5375 et
3708 5338 3841 5375 con-

2132 5414 2302 5485 jungi
2340 5418 2396 5466 et
2421 5412 2673 5484 separari
2728 5412 3019 5467 debeant:
3053 5416 3109 5465 et
3156 5410 3225 5465 de
3254 5410 3630 5478 revocatione,
3672 5414 3728 5465 et
3774 5411 3842 5465 de

2144 5501 2483 5573 poenitentia
2512 5501 2893 5571 singulorum.

2215 5609 2453 5663 Octavus
2492 5606 2638 5661 liber
2668 5606 2919 5660 continet
2950 5605 3020 5658 de
3050 5604 3185 5658 viris
3215 5620 3279 5657 ac
3328 5602 3556 5658 feminis
3604 5604 3716 5657 Deo
3757 5604 3837 5655 di-
