3956 6316
160 383 259 436 ὅΗ

1158 380 1636 436 DECRETORUM
1682 382 1860 437 LIBRI
1904 381 2007 435 XX.
2052 411 2117 418 ——
2163 382 2372 436 LIBER
2414 383 2689 437 PRIMUS.

3564 381 3669 433 542

151 506 323 571 catis,
358 508 415 559 et
446 519 670 558 sacrum
708 503 1073 574 propositum
1103 503 1675 572 transgredientibus,
1704 507 1762 557 et
1790 502 1860 556 de
1891 504 1935 556 A
1974 502 2043 556 de
2085 502 2461 573 principibus,
2512 506 2570 556 et
2615 502 2685 556 de
2715 500 2950 572 reliquis
3002 500 3181 568 laicis,
3216 505 3271 555 et
3302 501 3371 556 de
3417 501 3668 556 ministe-

152 593 545 659 revocatione,
572 598 629 646 et
658 592 727 645 de
758 590 1099 661 pmnitentia
1130 607 1351 645 eorum.

233 683 434 735 Nonus
486 681 628 735 liber
675 680 934 734 continet
978 679 1048 733 de
1081 678 1401 749 virginibus
1432 684 1488 733 et
1517 680 1702 733 viduis
1750 695 1863 733 non

1973 590 2057 643 rio
2088 607 2303 645 eorum.

2044 680 2245 733 Sextus
2302 678 2558 733 decimus
2616 679 2761 732 liber
2808 678 3062 732 continet
3113 678 3182 732 de
3226 677 3663 743 accusatoribus,

158 770 388 835 velatis,
440 770 511 823 de
542 768 867 839 raptoribus
916 783 1136 832 earum,
1178 773 1235 821 et
1282 768 1352 821 de
1383 767 1744 838 separatione
1778 784 1867 821 eo—
1973 767 2042 821 de
2068 767 2379 837 judicibus,
2428 767 2497 821 de
2529 766 2947 832 defensoribus,
2982 768 3053 821 de
3101 766 3256 821 falsis
3300 765 3555 831 testibus,
3613 770 3669 818 et

159 875 317 925 rum,
354 859 424 912 de
455 857 856 927 conjunctione
888 855 1275 925 legitimorum
1320 855 1766 920 connubiorum,
1799 856 1867 910 de

162 946 522 1008 concubinis,
570 950 626 998 et
656 945 725 998 de
767 944 1241 1014 transgressione,
1276 949 1332 998 et
1375 945 1714 1015 poenitentia
1752 944 1868 999 sin-

163 1036 458 1105 gulorum.

243 1123 510 1177 Decimus
560 1122 707 1175 liber
755 1122 1009 1174 continet
1059 1121 1127 1175 de
1177 1121 1649 1189 incantatoribus,
1700 1126 1757 1175 et
1801 1122 1869 1176 de

166 1210 510 1280 auguribus,
542 1210 612 1263 de
657 1209 888 1269 divinis,
915 1209 984 1263 de
1014 1210 1318 1278 sortilegis,
1358 1214 1414 1262 et
1442 1210 1510 1263 de
1541 1209 1710 1262 variis
1736 1208 1868 1262 illu-

168 1298 432 1353 sionibus
464 1297 696 1361 diaboli,
733 1304 791 1350 et
819 1298 887 1352 de
933 1297 1243 1363 maledicis,
1275 1302 1331 1350 et
1360 1297 1428 1351 de
1477 1297 1869 1362 contentiosis,

170 1392 229 1440 et
276 1387 349 1441 de
378 1385 888 1455 conspiratoribus,
934 1390 990 1439 et
1020 1385 1089 1439 de
1123 1385 1456 1455 poenitentia
1488 1385 1869 1456 singulorum.

1976 855 2045 909 de
2076 856 2411 925 pcenitentia
2444 855 2828 925 singulorum.

2047 945 2336 1014 Septimus
2385 944 2637 998 decimus
2667 945 2812 998 liber
2859 943 3109 998 continet
3150 945 3219 998 de
3266 942 3667 1008 fornicatione,

1978 1036 2036 1086 et
2076 1033 2292 1087 incestu
2328 1031 2533 1086 diversi
2585 1032 2829 1103 generis,
2879 1038 2936 1086 et
2979 1032 3047 1087 de
3077 1031 3417 1102 paenitentia
3461 1029 3669 1102 utrius-

1978 1138 2090 1191 que
2121 1137 2309 1188 sexus,
2353 1126 2408 1174 et
2438 1121 2675 1175 diversas
2703 1120 2903 1174 aetatis.
3044 1110 3047 1115 ί

2050 1210 2290 1264 Octavus
2339 1209 2592 1263 decimus
2638 1210 2781 1263 liber
2826 1210 3076 1262 continet
3116 1208 3183 1262 de
3237 1206 3573 1271 visitatione,
3618 1210 3675 1259 et

1982 1297 2339 1368 poenitentia,
2373 1303 2430 1351 et
2460 1297 2916 1352 reconciliatione
2942 1297 3324 1350 inﬁrmorum.

2055 1387 2247 1440 Nonus
2278 1386 2532 1439 decimus
2578 1387 2740 1452 liber,
2775 1386 2875 1456 qui
2919 1387 3212 1441 Corrector
3256 1387 3510 1451 vocatur,
3539 1398 3674 1437 con—

250 1475 597 1528 Undecimus
641 1474 787 1527 liber
827 1473 1085 1527 continet
1122 1474 1190 1527 de
1226 1474 1785 1527 excommunicandis
1820 1478 1876 1528 et
1982 1475 2128 1528 tinet
2175 1475 2555 1528 correctiones
2606 1490 2914 1543 corporum
2963 1479 3018 1527 et
3064 1474 3387 1527 animarum
3440 1470 3672 1525 medici-

173 1561 708 1621 excommunicatis,
763 1562 831 1615 de
864 1560 1102 1628 furibus,
1139 1566 1197 1614 et
1227 1561 1296 1615 de
1340 1562 1773 1631 praedatoribus,
1819 1566 1877 1615 et

172 1650 244 1704 de
296 1650 768 1719 praasumptione,
806 1656 862 1702 et
905 1655 1261 1718 contemptu,
1296 1654 1352 1703 et
1389 1650 1766 1720 negligentia,
1820 1656 1879 1704 et

173 1736 662 1804 reconciliatione,
700 1743 757 1790 et
788 1735 1126 1806 poenitentia
1157 1752 1376 1789 eorum.

249 1824 632 1880 Duodecimus
662 1823 807 1878 liber
830 1822 1087 1877 continet
1112 1823 1182 1877 de
1210 1822 1490 1895 perjurio,
1523 1828 1579 1877 et
1609 1822 1678 1876 de
1707 1825 1879 1895 poeni-

174 1912 362 1967 tentia
390 1913 533 1982 ejus.

248 2001 474 2055 Tertius
521 2000 775 2055 decimus
822 1999 969 2055 liber
1014 1998 1271 2054 continet
1300 1999 1370 2054 de
1405 1998 1790 2063 veneratione,
1824 2004 1880 2053 et

181 2089 584 2144 observatione
612 2089 755 2142 sacri
776 2088 1001 2159 jejunii.

254 2177 500 2241 Quartus
525 2177 780 2230 decimus
810 2177 954 2229 liber
976 2175 1232 2230 continet
1261 2175 1331 2230 de
1348 2176 1601 2246 crapula,
1626 2182 1682 2230 et
1705 2175 1882 2230 ebrie-

182 2270 321 2331 tate,
355 2271 413 2319 et
439 2266 508 2319 de
538 2266 876 2336 paenitentia
909 2279 1134 2319 eorum.

256 2354 504 2418 Quintus
534 2355 790 2408 decimus
818 2354 964 2409 liber
1005 2352 1263 2407 continet
1293 2353 1362 2407 de
1417 2351 1878 2423 imperatoribus,

1987 1578 2107 1623 nas,
2142 1567 2197 1614 et
2227 1562 2393 1616 docet
2438 1578 2907 1633 unumquemque
2939 1562 3312 1625 sacerdotem,
3346 1559 3519 1613 etiam
3549 1558 3678 1611 sim-

1988 1650 2212 1721 plicem,
2247 1667 2359 1719 quo
2394 1652 2580 1715 modo,
2615 1651 2699 1704 vel
2735 1650 2981 1719 qualiter
3012 1649 3321 1718 unicuique
3353 1661 3679 1699 succurrere

1988 1738 2192 1803 valeat,
2254 1737 2535 1803 ordinato,
2599 1738 2686 1792 vel
2743 1739 2865 1791 sine
2918 1736 3139 1804 ordine,
3192 1734 3452 1806 pauperi,
3499 1730 3677 1794 diviti,

1988 1842 2187 1896 puero,
2264 1826 2481 1897 juveni,
2552 1827 2695 1885 seni.
2753 1825 3060 1898 decrepito,
3118 1840 3278 1892 sano,
3327 1822 3579 1887 inlirmo,
3621 1818 3680 1872 in

1988 1914 2147 1967 omni
2180 1920 2369 1980 aetate,
2404 1916 2461 1968 in
2496 1920 2741 1985 utroque
2767 1930 2925 1968 sexu.

2060 2002 2380 2072 Vigesimus
2428 2004 2575 2057 liber
2622 2002 3089 2073 Speculationum
3147 2003 3421 2053 vocatur:
3476 2010 3681 2065 specu-

1993 2092 2142 2144 latur
2184 2090 2338 2144 enim
2367 2091 2435 2144 de
2472 2090 2852 2160 providentia,
2887 2096 2942 2142 et
2971 2089 3041 2142 de
3071 2082 3574 2158 praedestinatione
3602 2079 3683 2132 di-

1990 2177 2145 2246 vina,
2176 2184 2232 2231 et
2260 2179 2329 2232 de
2357 2178 2601 2231 adventu
2646 2176 2994 2243 Antichristi,
3025 2176 3094 2229 de
3134 2174 3254 2244 ejus
3287 2169 3578 2241 operibus,
3612 2167 3681 2221 de

1990 2266 2428 2331 resurrectione,
2480 2267 2549 2320 de
2581 2266 2672 2320 die
2698 2265 2922 2336 judicii,
2955 2265 3025 2318 de
3072 2259 3447 2317 infernalibus
3476 2254 3679 2327 poenis,

1998 2355 2068 2409 de
2096 2354 2364 2409 felicitate
2396 2360 2692 2426 perpetuae
2717 2355 2865 2411 vitae.

1322 2492 1531 2547 INDEX
1571 2492 2065 2549 CAPITULOBUM
2105 2495 2290 2549 LIBRI
2333 2496 2551 2549 PRIMI.

187 2616 319 2670 CAP.
370 2617 410 2671 Ι.
469 2617 629 2680 Quod
686 2616 747 2670 in
803 2617 956 2672 Novo
1002 2618 1361 2671 Testamento
1416 2621 1557 2687 post_
1595 2616 1887 2671 Christum
1992 2618 2176 2672 XVIII.
2211 2618 2375 2682 Quod
2418 2632 2520 2684 per
2545 2616 2759 2687 gradus
2808 2614 3236 2679 ecclesiasticos,
3269 2610 3340 2666 ad
3382 2606 3683 2679 episcopa-

262 2703 575 2758 Dominum
629 2708 890 2758 nostrum
947 2720 981 2757 a
1030 2705 1199 2757 Petro
1248 2676 1614 2757 sacerdotaIis
1652 2703 1888 2773 cmperit

262 2792 424 2845 ordo.

188 2880 261 2933 II.
299 2880 376 2934 De
404 2879 706 2951 privilegio
737 2880 902 2934 beato
941 2881 1108 2934 Petro
1142 2878 1369 2933 Domini
1414 2878 1534 2933 vice
1564 2880 1887 2934 solummo-

264 2968 337 3021 do
372 2970 695 3035 commisso,
729 2973 786 3022 et
809 2970 877 3022 de
924 2968 1263 3023 discretione
1290 2968 1603 3039 potestatis,
1634 2985 1761 3039 qua:
1791 2969 1885 3023 in-

265 3061 353 3109 ter
378 3056 660 3127 apostolos
690 3056 814 3110 fuit.

2064 2712 2156 2759 tus
2189 2706 2394 2760 debeat
2424 2706 2678 2759 ofﬁcium
2705 2704 3007 2775 perveniri.

1991 2796 2121 2849 XIX.
2161 2796 2229 2849 Ut
2263 2795 2461 2848 laicam
2492 2793 2958 2847 communionem
2992 2807 3107 2845 non
3148 2787 3403 2858 accipiat,
3453 2782 3554 2855 qui
3583 2795 3686 2852 per

2064 2884 2437 2937 ambitionem
2468 2883 2857 2953 episcopatum
2888 2878 3188 2951 acceperit.

1993 2972 2094 3025 XX.
2125 2971 2288 3035 Quod
2338 2971 2636 3042 episcopus
2686 2978 2807 3023 esse
2854 2986 2966 3023 non
3018 2966 3219 3039 possit,
3266 2962 3367 3035 qui
3397 2959 3686 3015 nesciente

2070 3059 2513 3129 metropolitano
2541 3064 2901 3113 consecratus
2927 3056 3117 3111 fuerit.

195 3145 294 3198 Ill.
331 3146 394 3199 Ul
423 3161 684 3199 summus
725 3144 986 3198 sacerdos
1014 3160 1134 3198 non
1159 3148 1392 3198 vocetur
1424 3145 1714 3199 Romanus
1748 3160 1892 3215 pon-
1923 3111 1963 3166 Ο
2000 3148 2131 3202 XXI.
2162 3149 2239 3201 Ne
2271 3147 2521 3218 episcopi
2554 3163 2655 3219 per
2688 3146 3071 3202 Simoniacam
3098 3140 3361 3198 haeresim
3392 3133 3689 3208 regiminis

268 3233 431 3298 tifex,
464 3233 563 3287 sed
592 3235 793 3304 prima:
825 3233 972 3288 sedis
1002 3233 1323 3304 episcopus.

198 3322 287 3375 IV.
320 3322 477 3385 Quod
510 3322 816 3393 bipartitus
846 3322 921 3376 sit
951 3323 1090 3376 ordo
1121 3322 1501 3376 sacerdotum.

199 3411 262 3464 V.
299 3411 368 3464 Ut
399 3426 514 3464 non
556 3411 703 3477 laici,
740 3427 841 3464 nec
879 3410 1116 3482 bigami,
1168 3426 1284 3464 non
1332 3409 1632 3464 viduarum
1681 3409 1890 3478 mariti,

273 3500 370 3553 sed
402 3499 936 3567 irreprehensibiles
968 3499 1307 3553 ordinentur
1332 3498 1607 3568 episcopi.

200 3588 287 3641 VI.
324 3587 394 3641 Ut
422 3586 560 3641 dum
607 3586 907 3657 episcopus
937 3586 1187 3658 eligitur,
1222 3586 1269 3639 si
1317 3585 1758 3640 contradictores
1788 3585 1892 3639 ha-

273 3675 427 3745 beat,
457 3676 712 3747 quinque
744 3674 997 3745 episcopi
1028 3674 1387 3728 conveniant.

204 3766 318 3820 VII.
353 3766 533 3832 Quod,
568 3765 896 3819 nolentibus
932 3764 1152 3819 clericis
1181 3765 1271 3818 vel
1299 3762 1548 3835 populis,
1597 3778 1766 3817 nemo
1796 3762 1894 3817 de-

272 3854 403 3908 beat
427 3853 730 3924 episcopus
756 3852 1033 3908 ordinari.

206 3944 345 3998 VIII.
402 3943 510 4007 Qui
566 3942 818 4014 episcopi
876 3947 1010 3997 sunt
1065 3940 1390 4007 ordinandi,
1444 3940 1600 4012 quod
1655 3940 1901 3995 debeant

272 4031 437 4102 prius
466 4031 800 4087 examinari.

206 4122 292 4175 IX.
337 4122 406 4176 Ut
449 4120 705 4191 episcopi
753 4118 1185 4190 diligentissime
1233 4118 1552 4189 probentur
1591 4122 1898 4188 antequam

278 4210 634 4265 ordinentur.

207 4301 267 4354 X.
302 4299 462 4364 Quod
494 4299 706 4370 populo
754 4315 871 4353 non
916 4298 1085 4353 liceat
1113 4312 1216 4367 per
1244 4313 1302 4351 se
1332 4297 1688 4351 sacerdotum
1716 4297 1901 4351 facere

281 4389 572 4443 lectiones.

211 4478 297 4533 XI.
330 4477 494 4541 Quod
539 4493 657 4531 non
699 4477 1020 4531 habeantur
1066 4474 1340 4546 episcopi,
1388 4490 1529 4546 quos
1576 4490 1683 4529 nec
1721 4475 1905 4529 clerus

282 4581 388 4619 nec
438 4566 684 4637 populus
727 4565 918 4636 elegit,
970 4579 1072 4620 nec
1118 4562 1624 4634 comprovinciales
1656 4563 1905 4634 episcopi

283 4659 708 4707 consecrarunt.

214 4742 326 4795 XII.
360 4740 522 4803 Quod
576 4741 762 4793 nullus
803 4738 1057 4794 ordinari
1089 4738 1389 4809 episcopus
1437 4739 1661 4805 debeat,
1695 4738 1806 4793 nisi
1839 4754 1905 4792 ex

285 4829 685 4884 conventione.

212 4918 355 4973 XIII.
391 4919 467 4972 De
498 4917 609 4973 illis
655 4917 753 4988 qui
784 4916 1073 4986 accipiunt
1101 4915 1382 4986 regimina
1425 4916 1816 4984 Ecclesiarum,
1850 4922 1906 4972 et

281 5013 516 5060 cunctos
544 5008 696 5060 fastu
726 5007 1009 5077 superbire
1038 5006 1476 5076 parvipendunt.

210 5098 339 5151 XIV.
375 5097 453 5150 De
481 5097 591 5150 illis
618 5094 900 5167 episcopis
930 5095 1030 5165 qui
1061 5093 1356 5165 superbire
1385 5092 1688 5163 incipiunt.

209 5186 312 5239 XV.
348 5185 509 5249 Quod
558 5184 951 5239 ordinationes
1001 5184 1400 5254 episcoporum
1448 5182 1759 5251 apostolica
1802 5199 1904 5236 au-

279 5273 536 5327 ctoritate
608 5290 640 5328 a
704 5273 922 5328 cunctis
981 5270 1554 5344 comprovincialibus
1613 5270 1739 5324 ﬁeri
1804 5270 1903 5325 de-

277 5361 470 5415 beant.

210 5451 338 5507 XVI.
374 5452 452 5506 Ne
500 5450 680 5505 laicus
709 5450 809 5506 ﬂat
837 5450 1136 5522 episcopus
1182 5454 1311 5504 ante
1347 5446 1580 5519 triginta
1614 5464 1815 5514 annos,
1848 5454 1906 5502 et

280 5544 408 5594 ante
439 5539 574 5594 anni
604 5538 1052 5594 conversionem.
1666 5536 1669 5539 ’

212 5629 365 5682 XVII.
402 5630 477 5682 De
504 5628 660 5683 laicis
689 5645 805 5683 non
838 5633 1054 5683 temere
1084 5626 1373 5682 faciendos
1406 5625 1720 5696 episcopos.

2075 3236 2259 3289 locum
2294 3236 2608 3290 obtineant.

2001 3324 2155 3378 XXII.
2192 3324 2269 3377 De
2302 3324 2392 3377 his
2440 3324 2540 3394 qui
2572 3321 2755 3393 pretio
2804 3337 3021 3375 sacram
3053 3314 3287 3373 mercati
3337 3318 3470 3369 sunt
3503 3308 3691 3382 digni-

2071 3417 2267 3465 tatem.

2001 3501 2181 3554 XXIII.
2214 3501 2290 3553 De
2320 3499 2519 3553 eadem
2553 3515 2632 3552 re.

2002 3587 2179 3644 XXIV.
2221 3588 2384 3653 Quod
2415 3603 2533 3641 non
2566 3590 2827 3657 oporteat
2855 3582 3246 3639 ordinationes
3293 3579 3693 3651 episcoporum

2076 3678 2173 3731 diu
2201 3676 2438 3731 differri.

2003 3767 2152 3822 XXV.
2188 3768 2265 3821 De
2311 3764 2766 3820 ordinationibus
2797 3763 3197 3834 episcOporum
3239 3757 3340 3813 diu
3368 3753 3698 3811 differendis

2077 3855 2336 3909 minime.

2006 3945 2181 3999 XXVI.
2234 3943 2470 4009 Quando
2515 3942 2645 4013 quis
2690 3941 2893 3997 debeat
2921 3958 2955 3994 a
2983 3937 3183 3993 vicinis
3226 3933 3535 4008 provincias
3577 3930 3699 4001 epi-

2079 4033 2266 4103 scopis
2294 4031 2569 4087 ordinari.

2007 4121 2211 4175 XXVII.
2277 4121 2342 4174 Ut
2408 4118 2705 4189 episcopus
2770 4132 2887 4170 non
2927 4117 3290 4169 consecretur
3341 4111 3463 4164 sine
3518 4109 3700 4163 tribus

2081 4208 2384 4277 episcopis.

2008 4298 2234 4352 XXVIII.
2275 4297 2342 4350 Ut
2382 4293 2682 4365 episcopus
2714 4308 2831 4346 non
2879 4290 3071 4345 minus
3118 4304 3292 4359 quam
3326 4304 3358 4341 a
3386 4285 3568 4341 tribus
3603 4300 3702 4339 or-

2090 4385 2339 4450 dinetur,
2369 4389 2439 4447 et,
2473 4383 2520 4436 si
2548 4383 2671 4437 fieri
2702 4381 2895 4453 possit,
2928 4378 3389 4449 archiepiscopus
3422 4375 3491 4429 ab
3525 4372 3705 4428 omni-

2086 4474 2194 4528 bus
2221 4470 2813 4543 comprovincialibus.

2016 4563 2189 4617 XXIX.
2248 4563 2325 4615 De
2376 4560 2642 4630 episcopo
2697 4558 2798 4629 qui
2849 4557 3028 4612 alium
3081 4554 3202 4609 sine
3258 4570 3361 4609 sua
3416 4553 3705 4607 voluntate

2087 4649 2417 4720 episcopum
2452 4647 2834 4702 ordinaverat.

2015 4758 2142 4811 XXX
2194 4757 2271 4810 De
2318 4754 2633 4825 abjectione
2665 4753 2807 4824 ejus,
2854 4768 3027 4823 quem
3077 4752 3188 4806 duo
3236 4746 3706 4822 praesumpserint

2087 4844 2352 4898 ordinare
2381 4842 2653 4913 episcopi.

2013 4952 2182 5006 XXXI.
2221 4951 2296 5004 De
2325 4966 2435 5003 non
2481 4946 2816 5002 ordinaudis
2847 4946 3128 5017 episcopis
3175 4962 3279 5017 per
3310 4946 3459 4999 vicos
3491 4946 3546 4998 et
3592 4957 3706 4994 mo-

2088 5039 2237 5094 dicas
2262 5039 2535 5093 civitates.

2015 5144 2215 5199 XXXII.
2253 5144 2327 5196 De
2359 5142 2557 5197 eadem
2584 5157 2666 5195 re.

2018 5251 2242 5306 XXXIII.
2281 5251 2359 5304 De
2407 5249 2647 5303 Waniba
2690 5264 2825 5320 rege
2866 5248 3179 5313 Gallorum,
3224 5244 3325 5315 qui
3372 5244 3571 5297 contra
3602 5241 3705 5295 Ca-

2088 5356 2267 5394 nones
2326 5338 2387 5392 in
2450 5339 2698 5409 quadam
2765 5337 2961 5391 villula
3020 5335 3413 5406 episcopatum
3474 5333 3707 5397 fecerat,

2087 5428 2379 5500 quomodo
2410 5428 2771 5482 annullatum
2797 5431 2898 5481 est.

2017 5535 2230 5589 XXXIV.
2280 5536 2349 5589 Iit
2379 5535 2540 5605 plebs
2584 5550 2713 5603 quae
2760 5548 3059 5603 nunquam
3108 5530 3309 5586 habuit
3346 5529 3699 5601 episcopum,

2087 5623 2194 5676 nisi
2228 5640 2289 5677 ex
2325 5639 2605 5676 consensu
2646 5638 2761 5675 non
2794 5622 3017 5675 habeat.
