3956 6302
278 337 380 390 543
1358 333 1760 388 BURCHARDI
1802 332 2334 389 WORMACIENSIS
2371 331 2705 387 EPISCOI’I.
3679 332 3789 386 544

278 456 470 511 XXXV.
508 456 576 511 Ut
616 470 984 527 nequaquam
1027 453 1089 509 in
1129 453 1273 509 duos
1319 454 1795 526 metropolitanos
1834 470 1971 525 pro-
2002 458 2048 511 A
2155 453 2721 526 comprovincialium
2763 451 3164 525 episcoporum
3210 452 3520 525 presentia
3557 453 3788 526 aliquo-

351 545 535 598 vincia
566 544 876 599 dividatur.
2156 560 2283 597 rum
2320 544 2515 596 audiat
2542 559 2756 596 causas.

280 634 502 689 XXXVI.
558 635 635 687 De
681 633 794 687 illis
841 631 1122 703 episcopis
1164 631 1264 702 qui
1308 647 1422 685 non
1469 635 1601 685 sunt
1646 629 1860 702 recepti
1905 629 1977 684 ab
2087 632 2258 687 LXVI.
2297 632 2365 686 Ut
2412 632 2605 685 nullus
2653 632 2870 701 primas
2901 631 2989 684 vel
3037 630 3514 701 metropolitanus
3564 630 3788 701 aliquid

351 722 484 786 illis,
516 721 587 775 ad
618 738 759 793 quos
790 726 925 775 sunt
955 721 1227 787 ordinati,
1259 720 1346 774 vel
1376 718 1748 774 denominati.
2158 724 2288 792 agat
2316 721 2384 773 de
2428 719 2710 785 Ecclesiis,
2744 721 2829 773 vel
2871 719 3159 789 parochiis
3209 719 3790 790 comprovincialium

279 810 525 865 XXXVII.
565 810 642 863 De
671 810 939 879 episcopo
970 809 1069 880 qui
1117 808 1443 877 Ecclesiam,
1476 808 1544 862 ad
1593 824 1766 879 quam
1819 807 1976 861 ordi-
2158 809 2560 879 episcoporum
2609 813 2666 861 et
2715 808 2784 861 de
2837 807 3093 879 ipsorum
3152 806 3357 873 causis,
3409 808 3532 861 sine
3581 823 3789 861 eorum

353 904 520 951 natus
551 903 657 964 est,
693 898 852 952 adire
885 897 1227 968 neglexerit.
2158 896 2394 951 consilio
2435 897 2717 959 omnium.
2770 900 2826 950 et
2871 912 2976 950 nec
3024 895 3133 967 ipsi
3178 896 3391 967 aliquid
3446 901 3619 966 agant
3663 896 3790 948 sine

279 987 549 1040 XXXVIII.
605 986 681 1039 De
727 986 993 1057 episcopo
1049 985 1149 1056 qui
1197 1001 1315 1040 non
1362 985 1678 1056 susceperit
1723 984 1977 1039 ofﬁcium
2158 986 2279 1056 ejus
2324 985 2584 1046 consilio,
2631 982 2741 1037 nisi
2786 989 3068 1055 quantum
3112 983 3185 1038 ad
3232 984 3494 1054 proprias
3537 982 3793 1055 pertinet

354 1074 461 1127 sibi
495 1074 887 1127 commissum.
2156 1072 2475 1144 parochias.

281 1161 497 1215 XXXIX.
540 1161 619 1213 De
646 1159 931 1231 episcopo
974 1164 1231 1227 vacante,
1274 1159 1373 1231 qui
1408 1159 1714 1214 Ecclesiam
1774 1175 1977 1213 vacan-
2088 1162 2287 1217 LXVII.
2322 1164 2397 1217 De
2428 1162 2794 1217 contentione
2825 1162 3130 1233 parochias.

353 1253 470 1301 tem
500 1248 791 1302 invaserit.
2093 1252 2317 1306 LXVIII.
2354 1253 2422 1305 Ut
2452 1251 2705 1321 episcopi
2733 1251 2832 1322 qui
2879 1252 3184 1322 negligant
3213 1251 3338 1304 loca
3365 1267 3488 1313 sua,
3522 1267 3555 1304 a
3588 1249 3792 1304 vicinis

282 1336 388 1391 XL.
438 1336 517 1390 De
571 1336 838 1407 episcopo
899 1337 1000 1408 qui
1044 1346 1131 1392 est
1179 1336 1476 1391 ordinatus
1530 1336 1603 1390 ad
1650 1335 1980 1402 Ecclesiam,
2162 1340 2445 1410 episcopis
2473 1345 2538 1393 ut
2565 1356 2625 1393 se
2645 1339 2955 1410 corrigant,
2989 1340 3426 1394 admoneantur.

357 1429 558 1477 etnon
590 1430 673 1478 est
701 1430 983 1495 receptus.
2092 1429 2260 1483 LXIX.
2318 1430 2395 1482 De
2445 1428 2668 1482 duobus
2714 1427 2996 1499 episcopis
3048 1428 3458 1483 altercantibus
3501 1428 3572 1482 de
3620 1442 3791 1498 paro-

284 1515 415 1568 XLI.
454 1516 528 1568 De
560 1514 649 1567 his
700 1515 801 1586 qui
848 1520 1262 1586 promoventur
1302 1516 1374 1570 ad
1417 1515 1831 1587 episcopatum,
1882 1532 1986 1569 nec
2163 1516 2288 1570 chia
2314 1515 2607 1586 cujusdam
2639 1516 2907 1571 basilicae.

355 1601 736 1672 recipiuntur.
2094 1608 2246 1662 LXX.
2306 1608 2383 1661 De
2444 1605 2726 1678 episcopis
2789 1606 2889 1677 qui
2953 1605 3306 1660 contendunt
3368 1605 3435 1659 de
3500 1603 3796 1675 parochiis

286 1692 446 1745 XLII.
501 1691 658 1755 Quod
709 1691 1019 1745 auctoritas
1059 1693 1592 1764 congregandarum
1632 1692 1982 1763 synodorum
2016 1733 2056 1786 Β
2164 1695 2303 1749 suis.

359 1780 688 1849 apostolicae
715 1779 833 1833 sedi
865 1780 1168 1833 commissa
1199 1780 1290 1835 sit.
2016 1779 2052 1786 ⁷
2095 1784 2265 1838 LXXI.
2304 1784 2371 1837 Ut
2397 1782 2458 1836 in
2489 1783 2666 1835 altera
2716 1780 2987 1851 parochia
3032 1780 3268 1835 clericos
3298 1782 3533 1836 alterius
3580 1781 3794 1837 dicace-

287 1869 473 1923 XLIII.
508 1867 669 1931 Quod
702 1867 821 1921 bini
860 1873 1176 1922 conventus
1218 1868 1567 1941 episcopales
1612 1867 1853 1939 singulis
1881 1884 1981 1923 an-
2165 1872 2240 1924 sis
2271 1872 2571 1942 episcopus
2604 1871 2929 1923 nullatenus
2955 1869 3199 1923 ordinet.

361 1956 451 2009 nis
480 1956 605 2009 ﬁeri
634 1956 898 2011 debeant.
2095 1961 2290 2015 LXXII.
2342 1962 2411 2015 Ut
2464 1959 2623 2013 nullo
2682 1959 2852 2013 modo
2899 1958 2969 2012 de
3012 1975 3128 2012 una
3174 1956 3441 2029 parochia
3489 1958 3563 2012 ad
3619 1956 3800 2012 aliam

286 2044 465 2099 XLIV.
502 2045 579 2097 De
610 2043 863 2114 synodis,
894 2059 1009 2114 quo
1041 2048 1300 2115 tempore
1331 2044 1442 2099 sint
1469 2044 1767 2099 habendas.
2167 2049 2445 2119 episcopis
2472 2051 2744 2101 transeat.

288 2133 441 2187 XLV.
481 2133 556 2186 De
590 2132 805 2203 synodo
835 2132 1260 2202 congreganda.
1900 2136 1910 2147 '
2099 2138 2324 2192 LXXIII.
2358 2138 2433 2190 De
2462 2134 2913 2206 prsesumptione
2945 2134 3147 2189 alienae
3178 2133 3436 2189 dimcesis

290 2222 465 2275 XLVI.
518 2222 595 2275 De
655 2220 1085 2291 archiepiscopo
1139 2221 1239 2291 qui
1303 2224 1565 2292 tempore
1632 2221 1783 2292 pacis
1836 2221 1986 2276 ultra
2097 2227 2313 2281 LXXIV.
2348 2226 2427 2281 Ne
2459 2225 2780 2295 episcopus,
2823 2240 2927 2277 sua
2967 2223 3190 2277 civitate
3220 2223 3503 2294 despecta,
3541 2221 3801 2276 ambitus

363 2309 664 2363 biennium
694 2309 977 2380 synodum
1008 2308 1350 2364 annuntiare
1382 2311 1716 2381 neglexerit.
2168 2330 2339 2368 causa
2362 2314 2431 2368 ad
2464 2312 2635 2367 aliam
2666 2316 2936 2366 transeat.

292 2397 495 2453 XLVII.
528 2398 607 2451 De
656 2396 939 2467 episcopis
969 2396 1041 2450 ad
1087 2397 1370 2466 synodum
1418 2399 1650 2466 vocatis,
1684 2403 1748 2452 ut
1791 2398 1985 2452 venire
2100 2403 2289 2457 LXXV.
2358 2402 2426 2455 Ut
2492 2400 2561 2453 ab
2627 2400 2910 2470 episcopis
2956 2398 3161 2465 {aliena
3217 2397 3491 2469 parochia
3548 2396 3799 2452 minime

362 2502 479 2539 non
504 2490 897 2539 contemnant.
2168 2490 2532 2561 pervadatur.

254 2574 522 2647 _XLVIII.
573 2573 778 2636 Quales
817 2572 1069 2644 epistolas
1096 2588 1129 2626 a
1163 2572 1600 2644 metropolitano
1646 2572 1761 2627 sint
1799 2571 1986 2629 fratri-
2099 2580 2318 2635 LXXVI,
2358 2580 2431 2633 De
2462 2578 2665 2632 eadem
2697 2593 2782 2632 re.

360 2662 468 2715 bus
498 2660 835 2731 dirigendae.
2101 2668 2342 2723 LXXVII.
2372 2658 2445 2721 Ue
2472 2666 2791 2720 mutatione
2822 2664 3242 2736 episcoporum.

295 2751 470 2805 XLIX.
501 2750 579 2803 De
609 2749 808 2803 eadem
839 2764 920 2802 re.
2098 2757 2370 2811 LXXVIII.
2405 2757 2481 2809 De
2514 2755 2713 2809 eadem
2738 2770 2817 2807 re.

294 2839 349 2892 L.
386 2839 463 2891 De
495 2837 760 2907 episcopo
792 2835 892 2907 qui
921 2836 1137 2906 synodo
1168 2836 1363 2891 adesse
1394 2836 1723 2906 neglexerit.
2100 2846 2317 2900 LXXIX.
2353 2847 2430 2900 De
2460 2844 2656 2898 eadem
2689 2859 2768 2897 re.

298 2929 382 2983 LI.
418 2928 495 2981 De
539 2926 805 2996 episcopo
854 2925 955 2996 qui
993 2942 1098 2996 per
1145 2926 1548 2996 aegritudinem
1596 2926 1664 2980 ad
1702 2925 1989 2996 synodum
2100 2934 2288 2988 LXXX.
2326 2935 2405 2989 De
2436 2932 2704 3002 episcopo
2755 2929 2855 3001 qui
2885 2929 2942 2984 in
2975 2944 3077 2983 sua
3119 2928 3293 2983 fuerit
3323 2932 3649 3000 persecutus
3696 2929 3802 2982 Ec-

366 3030 483 3069 non
511 3013 750 3067 venerit.
2023 3006 2063 3061 Ο
2172 3020 2360 3088 clesia,
2395 3022 2552 3091 quod
2587 3019 2656 3073 ad
2680 3018 2852 3072 aliam
2883 3018 2937 3072 ei
2968 3018 3038 3070 sit
3064 3017 3426 3087 fugiendum.

296 3104 411 3158 LII.
451 3104 527 3156 De
559 3101 839 3172 episcopis
879 3100 949 3155 ad
984 3101 1269 3172 synodum
1299 3102 1529 3170 vocatis,
1576 3107 1634 3157 et
1673 3103 1889 3172 venire,
1933 3109 1991 3158 et
2102 3109 2316 3164 LXXXI.
2388 3110 2463 3163 De
2527 3107 2794 3177 episcopo
2872 3106 2972 3178 qui
3034 3106 3408 3177 principalem
3467 3104 3800 3159 cathedram

366 3191 570 3245 missos
600 3206 729 3243 suos
754 3189 981 3244 mittere
1015 3190 1482 3261 dedignantibus.
2171 3214 2289 3251 sua:
2322 3197 2580 3252 Ecclesiae
2609 3195 2870 3265 negligit.

298 3280 437 3334 LIII.
490 3278 807 3333 Concilium
853 3277 1169 3333 universale
1203 3295 1323 3334 non
1377 3278 1489 3333 nisi
1537 3278 1868 3333 necessitate
1914 3280 1992 3333 fa-
2104 3287 2344 3342 LXXXII.
2388 3287 2468 3339 De
2519 3284 2799 3355 episcopis
2846 3283 2947 3354 qui
2993 3283 3152 3337 sedes
3200 3298 3329 3337 suas
3380 3282 3702 3353 negligunt,
3745 3285 3805 3335 et

370 3367 657 3422 Ciendum-
2175 3376 2234 3429 in
2265 3374 2723 3447 possessionibus
2752 3372 2871 3427 suis
2899 3373 3069 3442 longe
3099 3370 3301 3442 positis
3345 3372 3446 3425 diu
3478 3375 3800 3425 morantur.

299 3457 431 3511 LIV.
468 3458 537 3512 Ut
576 3455 829 3527 episcopi
878 3455 1221 3526 posteriores
1269 3472 1328 3511 se
1373 3456 1661 3527 prioribus
1712 3456 1831 3511 suis
1876 3473 1993 3512 non
2106 3465 2373 3520 LXXXIII.
2428 3465 2505 3518 De
2537 3462 2835 3534 episcopis,
2868 3466 2934 3516 ut
2981 3460 3223 3530 singulis
3268 3460 3435 3513 annis
3469 3458 3806 3529 parochiam

370 3546 695 3617 praeferant.
2176 3570 2340 3607 suam
2369 3553 2678 3607 circueant.

301 3638 404 3691 LV.
440 3637 510 3691 Ut
542 3634 792 3705 episcopi
838 3634 926 3687 sui
957 3632 1177 3688 ordinis
1222 3637 1448 3705 tempus
1481 3634 1803 3701 observent,
1851 3635 1995 3690 alter
2108 3643 2369 3698 LXXXIV.
2427 3642 2503 3695 De
2545 3639 2829 3712 episcopis
2885 3638 2985 3709 qui
3037 3653 3165 3692 raro
3215 3641 3312 3691 aut
3358 3651 3658 3708 nunquam
3697 3652 3809 3707 per

373 3724 538 3780 alteri
566 3724 849 3777 honora!!!
880 3723 1159 3794 praebens.
2176 3730 2392 3801 seipsos
2414 3728 2608 3801 plebes
2636 3728 2745 3782 sibi
2774 3726 3106 3783 commissas
3134 3725 3381 3780 visitant.

303 3831 433 3885 LVI.
469 3830 544 3883 De
575 3828 975 3898 episcoporum
1023 3826 1244 3897 ordine,
1283 3829 1349 3881 ut
1378 3826 1477 3898 qui
1522 3827 1810 3898 posterius
1840 3829 1992 3885 ordi-
2106 3820 2338 3875 LXXXV.
2389 3820 2458 3874 Ut
2487 3816 2741 3889 episcopi
2774 3816 3133 3887 presbyteros
3183 3830 3315 3869 suos
3345 3814 3415 3870 de
3464 3813 3808 3869 ministeriis

370 3918 490 3973 nati
522 3922 674 3982 sunt,
698 3917 989 3988 prioribus
1014 3914 1073 3971 se
1096 3933 1211 3971 non
1238 3917 1486 3973 audeant
1512 3918 1814 3973 anteferre.
2176 3907 2747 3999 illorumgdilige‘nter
2778 3904 3105 3960 discutiant.
3188 3992 3199 3999 .
3643 3990 3656 3999 .
3688 3989 3698 3999 .

305 4019 462 4074 LVII.
516 4019 593 4072 De
642 4016 812 4070 rebus
877 4016 1064 4071 dubiis
1143 4015 1203 4069 in
1269 4015 1525 4070 conciliis
1590 4015 1996 4088 episcoporum
2110 3998 2368 4088 LXXXVI-
2422 3997 2492 4051 Ut
2530 3995 2832 4066 episcopus
2871 4010 3001 4048 cum
3035 3992 3230 4065 Palmis
3261 4007 3422 4046 suam
3469 3990 3807 4062 Ρθιτοεδίδω

373 4102 815 4174 emergentibus.
1788 4086 1806 4088 —

2180 4086 2505 4139 circumeat.

309 4200 485 4253 LVIII.
534 4168 612 4255 Ut
658 4199 910 4271 episcopi
956 4198 1015 4253 in
1076 4199 1293 4271 synodo
1351 4200 1687 4268 residentes,
1748 4218 1879 4274 quas
1926 4204 1998 4258 ad
2108 4173 2489 4274 LXX¥V1';_Si
2518 4170 3200 4274 ΫρίδθοΡιξδὶῐξῇτοοξξίθω
3231 4185 3393 4224 suam
3438 4168 3669 4274 Ῠξξίξπθ
3701 4184 3808 4222 Πθ·

376 4258 869 4344 θωθῐιίιειῖᾀείιιθιι]⁵
900 4294 1029 4343 vita:
1093 4258 1420 4362 pertineant
1483 4258 1737 4363 primum
1764 4258 1995 4348 ‘emen-
2024 4293 2068 4348 Ι)
2110 4353 2131 4363 _
2151 4262 2445 4363 Ξίν
2478 4260 2630 4363 tiro?
2663 4259 2975 4363 P'Obai’ili’f
3008 4260 3136 4314 vim
3166 4275 3271 4357 pr?
3301 4274 3360 4312 5°
3390 4258 3599 4355 mittit"

374 4378 531 4433 dem,
1093 4350 1113 4362 ’
1484 4350 1504 4363 ⁵
2110 4351 2423 4408 LXXXVIII.
2488 4350 2725 4414 Qualem
2786 4350 3113 4403 ministrum
3179 4350 3481 4418 episcopus
3526 4350 3693 4416 juxta
3748 4361 3810 4399 se

2178 4440 2389 4495 habere
2420 4439 2641 4494 debeat.

2111 4529 2368 4584 LXXXIX.
2421 4529 2498 4582 De
2548 4527 2834 4599 episcopo,
2884 4542 2957 4581 ne
3002 4525 3212 4581 laicum
3272 4528 3450 4596 ponat
3511 4523 3620 4578 sibi
3664 4522 3812 4577 vica-

2179 4618 2352 4672 rium.

2109 4707 2210 4763 XC.
2255 4706 2326 4760 Ut
2371 4704 2434 4759 in
2481 4704 2814 4760 circuitione
2868 4703 3145 4774 episcopi,
3196 4717 3397 4756 omnes
3437 4700 3537 4772 qui
3576 4704 3709 4754 sunt
3746 4699 3810 4753 in

2180 4792 2450 4864 parochia
2495 4792 2856 4864 singularum
2905 4791 3282 4846 Ecclesiarum
3339 4789 3666 4856 matricum,
3717 4804 3812 4842 ex-

2181 4883 2360 4953 ceptis
2381 4880 2650 4948 inﬁrmis,
2679 4881 2746 4935 ad
2779 4881 3058 4950 synodum
3089 4880 3212 4950 ejus
3242 4879 3437 4932 venire
3472 4877 3733 4932 debeant.

308 4476 431 4530 LIX.
482 4478 558 4532 De
604 4476 1049 4547 metropolitano
1098 4476 1144 4530 si
1193 4476 1731 4546 comprovincialem
1780 4477 2001 4551 episco-

374 4580 516 4635 pum
548 4564 606 4617 in
640 4581 741 4618 sua
768 4580 936 4619 causa
965 4564 1164 4619 audire
1197 4564 1502 4619 distulerit.

309 4662 409 4716 LX.
445 4662 512 4716 Ut
542 4660 792 4733 episcopi
817 4662 969 4732 justa
988 4661 1205 4731 judicia
1233 4676 1458 4733 semper
1487 4662 1821 4734 dijudicent.

310 4761 437 4815 LXI.
486 4760 553 4815 Ut
604 4776 887 4815 canonum
946 4764 1153 4814 statuta
1204 4760 1272 4813 ab
1319 4759 1585 4815 omnibus
1643 4763 1751 4815 rite
1806 4766 2000 4816 custo-

376 4847 628 4915 diantur,
669 4853 725 4902 et
755 4849 945 4903 nullus
976 4865 1041 4901 ea
1089 4864 1191 4901 suo
1224 4864 1394 4902 sensu
1424 4849 1736 4918 dijudicare
1785 4866 2003 4921 praesu-

378 4942 531 5038 Ἦδῐζ
637 5034 670 5038 ,,
743 5034 791 5038 __
905 5033 937 5038 __
1128 5032 1138 5038 _
1290 5033 1301 5038 _
2110 4942 2605 5026 XCI..Decretalis
2638 4942 2989 5023 constitutio
3046 4942 3385 5038 Eu'tychiani
3430 4983 3618 5036 papae,
3669 4965 3807 5036 quid

310 5035 465 5091 an'
505 5036 583 5090 De
617 5033 1025 5089 diSSidemibus
1051 5032 1355 5103 episcopis'
2184 5058 2440 5130 episcopi
2467 5058 2527 5111 in
2555 5058 2774 5127 synodo
2808 5057 3099 5127 inquirere
3132 5032 3394 5109 debeant.

310 5133 481 5186 LXIII.
522 5133 600 5187 De
639 5131 937 5186 inﬂatione
968 5130 1548 5198 metropolitanorum
1573 5136 1629 5186 et
1652 5133 1820 5198 fastu,
1853 5137 1909 5187 et
1934 5133 2003 5187 de
2109 5149 2266 5203 xc”,
2298 5146 2705 5217 Jusjurandum
2739 5146 3032 5216 synodale,

377 5220 657 5291 episcopis
707 5236 769 5273 ac
818 5219 1055 5289 reliquis
1102 5218 1322 5272 clericis
1374 5219 1474 5290 qui
1504 5220 1793 5275 laeduntur
1823 5238 1855 5274 a
1881 5236 2003 5277 me-
2112 5234 2307 5292 xcul,
2335 5236 2732 5288 Juramentum
2766 5240 3124 5288 camerarum,

378 5309 747 5380 tropolitano.

2180 5321 2285 5375 11V.
2329 5322 2463 5375 Post
2504 5320 2706 5373 datum
2754 5324 3177 5373 sacramentum
3224 5316 3478 5388 episcopi
3528 5315 3659 5370 illos
3709 5316 3809 5386 qui

311 5407 483 5460 LXIV.
520 5408 589 5461 Ut
636 5406 830 5477 plebes
880 5404 1093 5459 alienas
1134 5404 1278 5459 alius
1327 5403 1630 5476 episcopus
1670 5422 1787 5460 non
1833 5422 2002 5461 usur-
2177 5408 2500 5479 juraverint
2530 5424 2634 5478 per
2659 5407 2949 5477 octoginta
2978 5413 3105 5462 octo
3146 5405 3645 5473 interrogationes,
3678 5419 3809 5474 quin

381 5498 493 5560 ρει-
2182 5496 2243 5551 in
2269 5502 2533 5551 contextu
2583 5497 2898 5550 secundum
2930 5496 3191 5551 ordinem
3241 5493 3632 5560 inveniuntur,
3684 5492 3807 5546 dili-

314 5582 457 5635 LXV.
525 5583 591 5636 Ut
657 5582 850 5636 nullus
917 5581 1399 5653 metropolitanus
1464 5583 1680 5655 absque
1741 5585 2000 5639 omnium
2182 5584 2510 5655 gentissime
2540 5583 2915 5655 interrogent.
