3956 6300
156 311 258 364 545
1147 312 1621 369 DECRETORUM
1665 312 1847 369 LIBRI
1884 313 1992 370 XX.
2030 344 2097 353 -—-
2142 316 2351 370 LIBER
2392 316 2673 373 PRIMUS.
3559 325 3660 379 546

154 433 305 489 XCV.
342 433 413 489 Ut
442 432 695 504 episcopi
721 433 897 489 libros
928 434 1233 505 gentilium
1261 453 1375 491 non
1406 436 1619 507 legant.

155 523 333 577 XCVI.
386 523 456 577 Ut
501 523 773 594 episcopi,
823 526 997 593 prout
1034 523 1240 595 vulgus
1283 524 1605 595 intelligere
1655 523 1855 594 possit,

225 612 543 665 secundum
582 611 993 682 proprietatem
1022 614 1341 666 communis
1369 614 1580 684 linguas
1622 614 1855 667 illorum

225 699 697 769 praedicationem
731 707 1074 770 temperent.

155 788 361 842 XCVII.
423 788 812 858 Reprehensio
842 789 1097 859 episcopi
1147 790 1203 843 in
1235 790 1457 861 pulpito
1508 807 1760 862 paganos
1788 790 1857 844 li-

225 876 361 930 bros
420 878 781 946 exponentis,
847 895 914 931 eo
972 879 1125 949 quod
1180 894 1309 933 cum
1372 880 1526 934 Iovis
1593 879 1859 935 laudibus

228 964 436 1019 Christi
460 965 657 1019 laudes
687 980 799 1019 non
829 966 1187 1021 conveniant.

155 1052 389 1107 XCVIII.
448 1053 734 1117 Quantum
792 1054 1100 1108 discrimen
1150 1055 1453 1110 immineat
1508 1057 1856 1127 pastoribus,

226 1140 329 1211 qui
360 1142 656 1195 veritatem
688 1142 896 1196 Christi
922 1143 1231 1213 praedicare
1262 1144 1579 1215 negligunt.

154 1228 331 1283 XCIX.
368 1229 530 1291 Quod
579 1229 913 1301 episcopum
966 1236 1228 1301 oporteat
1273 1232 1397 1287 sine
1435 1232 1858 1288 intermissione

230 1317 535 1371 Ecclesium
565 1334 728 1373 suam
750 1319 970 1386 docere,
1006 1324 1062 1373 et
1092 1336 1304 1375 amare.

155 1405 214 1460 C.
268 1405 347 1459 De
376 1406 698 1475 ignorantia
740 1408 1009 1462 omnibus
1056 1408 1301 1463 maxime
1352 1409 1739 1465 sacerdotibus
1769 1410 1859 1463 vi-

226 1494 424 1548 tanda.
1544 1500 1551 1505 ’

155 1582 243 1637 CI.
301 1582 370 1637 Ut
416 1582 714 1653 episcopus
766 1583 1103 1638 dissidentes
1140 1585 1484 1640 concordare
1530 1587 1852 1657 compellat.

156 1670 270 1724 CII.
316 1671 388 1725 Ut
432 1670 492 1724 in
532 1672 625 1727 die
676 1671 972 1726 Dominica
1018 1689 1214 1728 rerum
1259 1675 1701 1745 dijudicationes
1740 1692 1855 1730 non

226 1759 394 1813 ﬁant.

157 1848 299 1903 CIII.
336 1849 415 1902 De
444 1847 756 1903 domestica
786 1852 844 1902 et
872 1848 1134 1904 interiori
1163 1851 1607 1906 conversatione.

157 1934 288 1990 CIV.
345 1938 415 1991 Ut
465 1936 765 2007 episcopus
815 1939 979 2010 quasi
1032 1938 1241 2009 hospes
1297 1956 1356 1995 se
1412 1940 1705 1996 continere
1762 1940 1858 1996 de-

226 2026 379 2079 beat.

158 2113 265 2167 CV.
306 2114 376 2167 Ut
407 2112 658 2185 episcopi
683 2114 1012 2185 frequenter
1040 2116 1240 2170 missas
1268 2116 1573 2172 celebrent.

158 2202 292 2255 CVI.
332 2202 414 2256 Ne
466 2202 767 2273 episcopus
809 2203 994 2273 pretio
1049 2210 1351 2275 corruptus
1405 2205 1641 2260 alterius
1687 2206 1859 2260 cleri-

228 2306 361 2344 cum
389 2290 656 2345 ordinare
685 2307 872 2360 prassu
884 2297 1019 2348 mat.

156 2378 318 2434 CVII.
357 2380 425 2433 Ut
474 2381 779 2450 episcopus
827 2381 1062 2435 clericos
1092 2381 1327 2436 alterius
1358 2383 1648 2453 parochias
1672 2384 1859 2439 nulla-

227 2472 397 2521 tenus
427 2468 674 2524 ordinet.

158 2554 345 2609 CVIII.
394 2556 465 2610 Ut
500 2557 696 2610 nullus
735 2556 1054 2628 episcopus,
1098 2557 1157 2611 in
1193 2557 1428 2613 alterius
1462 2559 1716 2632 episcopi
1759 2578 1859 2632 pa-

228 2644 451 2711 rochia,
484 2644 556 2699 ad
597 2646 1019 2715 promotionem
1048 2646 1351 2701 ministerii
1395 2649 1664 2704 accedere
1709 2666 1858 2719 prae-

226 2739 438 2786 sumat.

156 2820 288 2876 CIX.
328 2822 410 2875 Ne
440 2821 744 2892 episcopus
789 2821 1021 2876 alterius
1056 2822 1312 2877 Ecclesiae
1363 2824 1631 2879 clericum
1681 2825 1856 2880 auda-

227 2912 348 2962 cter
375 2907 640 2963 invadere
672 2914 923 2965 attentet.

156 2995 259 3050 CX.
298 2996 375 3050 De
407 3012 519 3050 non
551 2997 969 3067 praesumendis
999 2996 1210 3052 illicitis
1238 2998 1718 3054 ordinationibus.

169 3084 300 3138 CXI.
337 3086 415 3138 De
448 3086 713 3155 episeopo
744 3102 913 3152 casco,
948 3087 1065 3157 qui,
1103 3102 1206 3156 per
1232 3088 1633 3159 presbyterum
1666 3104 1854 3155 suum,

228 3175 628 3243 presbyterum
660 3181 716 3228 et
746 3175 1014 3229 diaconos
1045 3176 1187 3230 duos
1227 3177 1607 3234 ordinaverat.

156 3261 311 3315 CXII.
358 3260 518 3325 Quod
558 3279 672 3317 non
716 3267 977 3333 oporteat
1026 3264 1357 3336 episcopum
1405 3282 1510 3337 per
1554 3268 1856 3338 pecuniam

226 3352 561 3421 quempiam
593 3351 883 3407 ordinare.

154 3437 339 3492 CXIII.
376 3440 539 3503 Quod
567 3456 777 3494 munus
806 3441 978 3496 etiam
1010 3442 1083 3496 sit
1111 3460 1144 3497 a
1168 3443 1364 3513 lingua
1396 3443 1713 3498 vitandum.

154 3526 331 3580 CXIV.
373 3529 443 3582 Ut
485 3544 600 3582 non
650 3529 840 3584 valeat
887 3531 1171 3585 sententia
1211 3531 1486 3602 episcopi,
1538 3531 1648 3585 nisi
1687 3533 1853 3586 cleri-

226 3631 427 3669 corum
459 3632 693 3670 suorum
729 3618 1035 3687 praesentia
1062 3618 1343 3672 firmetur.

153 3702 302 3757 CXV.
341 3704 410 3757 Ut
450 3704 754 3775 episcopus
804 3706 1118 3760 secundum
1168 3708 1418 3762 reditum
1448 3707 1853 3774 Ecclesiarum,

228 3807 536 3845 numerum
566 3792 903 3847 clericorum
936 3793 1122 3848 faciat.

157 3880 333 3935 CXVI.
364 3881 438 3934 De
465 3881 744 3953 episcopis
775 3883 1117 3953 peregrinis.

158 3968 359 4023 CXVII.
396 3969 465 4023 Ut
493 3970 720 4024 levitate
751 3977 1021 4041 vagantes
1057 3972 1335 4043 episcopi,
1380 3973 1450 4027 ad
1480 3972 1715 4043 propria
1760 3988 1852 4026 re-

229 4058 351 4111 dire
379 4060 815 4128 compellantur.

158 4145 384 4201 CXVIII.
441 4147 697 4211 Quandiu
733 4149 1034 4221 episcopus
1059 4149 1121 4205 in
1173 4150 1361 4205 aliena
1403 4150 1630 4205 civitate
1659 4166 1854 4206 remo-

229 4241 407 4289 retur.

153 4323 333 4380 CXIX.
370 4325 448 4378 De
487 4324 865 4396 suscipiendis
911 4326 1194 4399 episcopis
1245 4327 1345 4399 qui
1395 4327 1851 4400 persecutionem

226 4411 546 4481 patiuntur.

155 4499 300 4554 CXX.
332 4500 408 4553 De
441 4499 552 4553 illis
581 4499 679 4570 qui
711 4516 770 4555 se
801 4500 1000 4556 dicunt
1028 4501 1324 4575 episcopos
1355 4520 1495 4559 esse.

153 4588 322 4642 CXXI.
345 4588 599 4652 Qualiter
627 4590 922 4659 peregrini
962 4592 1213 4663 episcopi
1240 4592 1610 4663 recipiantur.

151 4676 353 4731 CXXII.
393 4678 471 4730 De
501 4677 780 4748 episcopis
820 4678 904 4733 vel
954 4680 1298 4751 presbyteris
1338 4682 1565 4751 ignotis,
1608 4684 1671 4735 ut
1718 4684 1853 4735 ante

220 4764 618 4835 probationem
671 4767 1001 4837 synodalem
1067 4769 1394 4824 ministrare
1445 4786 1565 4824 non
1609 4768 1853 4840 permit-

226 4857 442 4907 tantur.

153 4942 377 4998 CXXIII.
423 4942 494 4996 Ut
542 4941 845 5013 episcopus
876 4944 1186 5000 hostilitate
1238 4946 1507 5016 expulsus
1559 4946 1626 5002 ad
1678 4946 1853 5001 aliam

222 5035 519 5083 vacantem
548 5037 801 5085 transeat
833 5034 1162 5088 Ecclesiam.

150 5117 369 5175 CXXIV.
436 5120 511 5172 De
584 5120 871 5190 episcopis
946 5124 1102 5194 quod
1179 5138 1379 5178 omnes
1447 5122 1711 5178 homines
1768 5124 1850 5178 eis

217 5209 348 5277 jure
370 5206 599 5261 obedire
642 5208 908 5263 debeant.

151 5295 342 5351 CXXV.
395 5295 555 5359 Quod
605 5296 856 5369 episcopi
914 5298 1096 5353 claves
1134 5299 1249 5354 sint
1304 5299 1586 5368 Ecclesim,
1638 5304 1695 5354 et
1749 5299 1851 5355 ha-

219 5386 396 5440 beant
428 5390 771 5456 potestatem
802 5387 1068 5444 claudere
1106 5392 1333 5457 ccelum,
1377 5394 1434 5444 et
1463 5390 1684 5461 aperire
1711 5406 1849 5460 por-

222 5479 307 5526 tas
337 5474 481 5543 ejus.

152 5561 369 5618 CXXVI.
422 5562 580 5627 Quod
630 5563 924 5636 episcopos
975 5564 1252 5620 Dominus
1296 5564 1368 5621 ad
1411 5564 1850 5637 gloriﬁcandum

1877 437 1926 493 A
2035 454 2093 491 se
2144 438 2401 509 elegerit,
2460 442 2517 493 et
2567 440 2723 510 quod
2774 456 2975 496 omnes
3023 442 3309 514 principes
3356 448 3523 500 terrae
3585 447 3667 501 eis

2038 526 2271 580 obedire
2298 532 2581 598 oporteat,
2614 532 2671 581 et
2700 528 2885 599 capita
2916 546 3017 583 sua
3043 531 3409 587 submittere.

1966 616 2203 671 CXXVII.
2248 616 2327 670 De
2371 616 2671 688 episcopis,
2706 618 2864 688 quod
2910 634 2968 671 se
3004 618 3249 674 invicem
3299 620 3539 691 diligere
3570 623 3666 676 de-

2037 702 2232 759 beant.
2600 754 2603 755 ,

1970 791 2237 846 CXXVIII.
2279 792 2346 846 Ut
2388 792 2691 864 episcopus
2744 794 3077 866 episcopum
3130 794 3306 849 alium
3363 813 3482 851 non
3530 814 3665 853 con-

2038 879 2239 933 culcet.

1968 966 2177 1021 CXXIX.
2218 966 2295 1019 De
2327 966 2608 1038 episcopis
2637 969 2735 1041 qui
2771 986 2804 1023 a
2832 986 2890 1024 se
2921 971 3163 1026 fratrum
3204 972 3485 1043 adjutorio
3525 974 3666 1029 sub-

2038 1056 2336 1110 traxerint.

1969 1143 2158 1199 CXXX.
2193 1145 2272 1198 De
2313 1145 2595 1216 episcopis
2627 1146 2727 1218 qui
2767 1162 2849 1214 se,
2882 1147 3047 1219 quasi
3090 1147 3296 1202 canino
3344 1148 3536 1217 dente,
3571 1149 3666 1204 in-

2038 1233 2217 1287 vicem
2248 1234 2615 1289 corroserint.

1968 1321 2184 1377 CXXXI.
2250 1323 2328 1376 De
2400 1322 2679 1394 episcopis
2747 1324 2846 1396 qui
2912 1325 3182 1380 fratribus
3245 1342 3451 1381 nocere
3518 1326 3667 1381 desi-

2039 1410 2263 1465 derant.

1969 1498 2206 1553 CXXXII.
2245 1499 2316 1553 Ut
2358 1498 2429 1553 de
2459 1499 2722 1570 episcopo
2761 1517 2862 1554 suo
2912 1502 3105 1556 nullus
3150 1503 3444 1573 querelam
3474 1502 3663 1568 faciat,

2041 1584 2149 1638 nisi
2180 1586 2339 1653 prius
2370 1602 2502 1639 eum
2527 1587 2595 1640 de
2626 1588 2827 1641 eadem
2857 1604 3009 1658 saepe
3039 1588 3385 1658 interpellet.

1969 1673 2235 1728 CXXXIII.
2290 1675 2360 1727 Ut
2409 1674 2663 1745 episcopi
2711 1692 2745 1729 a
2794 1676 2915 1730 solo
2973 1676 3219 1731 Domino
3275 1677 3390 1731 sint
3451 1676 3665 1747 dijudi~

2041 1760 2225 1814 candi.

1971 1848 2231 1903 CXXXIV.
2289 1849 2467 1903 Nimis
2521 1849 2841 1906 timendum
2891 1855 2947 1905 et
2991 1852 3423 1923 praevidendum
3470 1868 3543 1907 ne
3592 1852 3668 1907 of-

2039 1936 2350 1990 fendantur
2370 1936 2646 2007 episcopi.

1970 2023 2202 2077 CXXXV.
2254 2025 2332 2077 De
2363 2023 2645 2094 episcopis
2687 2025 2786 2095 qui
2839 2027 2909 2080 ab
2962 2027 3164 2081 ovibus
3203 2028 3318 2082 suis
3365 2027 3668 2082 criminan-

2038 2117 2150 2177 tur,
2198 2116 2257 2164 ut
2285 2127 2484 2165 eorum
2516 2111 2841 2166 criminatio
2867 2129 2980 2167 non
3012 2115 3343 2184 recipiatur.

1970 2198 2228 2253 CXXXVI.
2300 2198 2607 2270 Episcopos
2666 2216 2700 2254 a
2755 2201 2872 2254 suis
2924 2203 3124 2257 avibus
3181 2220 3295 2257 non
3348 2204 3665 2275 reprehen-

2038 2287 2273 2354 dendos,
2310 2288 2460 2357 quod
2500 2287 2670 2354 absit,
2702 2289 2814 2343 nisi
2843 2289 2902 2344 in
2940 2291 3052 2346 tide
3092 2291 3426 2347 erraverint.

1970 2374 2262 2430 CXXXVII.
2294 2376 2374 2429 De
2406 2376 2606 2429 eadem
2636 2392 2718 2430 re.

1969 2462 2288 2517 CXXXVIII.
2324 2463 2403 2516 De
2433 2463 2632 2517 eadem
2664 2480 2744 2517 re.

1969 2550 2227 2607 CXXXIX.
2272 2552 2350 2605 De
2381 2551 2583 2605 eadem
2611 2568 2689 2606 re.

1969 2639 2114 2693 CXL.
2148 2640 2223 2692 De
2251 2638 2542 2693 infamatis
2573 2644 2629 2694 et
2669 2640 2990 2695 dilaceratis
3033 2641 3336 2713 episcopis,
3383 2646 3441 2696 et
3468 2658 3502 2696 a
3528 2642 3660 2696 civi-

2039 2727 2251 2781 tatibus
2281 2727 2526 2798 propriis
2556 2727 2758 2797 pulsis.

1967 2816 2141 2871 CXLI.
2194 2816 2265 2869 Ut
2294 2816 2595 2887 episcopus
2639 2831 2759 2870 non
2803 2816 3169 2887 dijudicetur,
3201 2816 3301 2888 qui
3348 2817 3465 2870 suis
3496 2817 3665 2871 rebus

2038 2910 2121 2959 est
2151 2906 2516 2975 exspoliatus.

1886 3003 1928 3057 c
1966 2992 2165 3047 CXLII.
2200 2994 2275 3046 De
2301 2993 2496 3047 eadem
2530 3009 2609 3048 re.

1968 3083 2198 3138 CXLIII.
2236 3083 2313 3137 De
2346 3083 2547 3136 eadem
2574 3100 2653 3137 re.

1967 3172 2184 3225 CXLIV.
2257 3172 2326 3225 Ut
2389 3171 2642 3242 episcopi
2688 3170 2980 3225 criminati
3046 3170 3223 3225 libere
3292 3172 3664 3241 apostolicam

2039 3259 2335 3329 appellent
2380 3259 2596 3327 sedem,
2629 3264 2685 3313 et
2732 3262 3004 3330 pleraque
3043 3260 3154 3312 alia
3184 3259 3332 3313 circa
3374 3259 3661 3329 judicium

2038 3348 2409 3401 observanda.

1966 3438 2152 3493 CXLV.
2216 3437 2524 3507 Episcopus
2583 3436 2629 3489 si
2679 3435 2747 3490 ah
2801 3436 2995 3506 aliquo
3047 3435 3330 3505 pulsatur,
3383 3451 3490 3506 per
3540 3438 3661 3508 epi-

2035 3542 2233 3597 scopos
2257 3525 2479 3595 judices
2500 3540 2669 3578 causa
2698 3523 2951 3578 ﬁniatur.

1965 3614 2181 3669 CXLVI.
2269 3615 2347 3667 De
2418 3613 2697 3684 episcopis
2760 3611 3050 3683 judicibus
3122 3628 3265 3683 quos
3340 3614 3662 3667 communis

2035 3720 2236 3757 sensus
2270 3703 2529 3773 elegerit.

1965 3792 2208 3847 CXLVII.
2297 3792 2367 3846 Ut
2440 3789 2694 3862 episcopi
2767 3788 3278 3861 comprovinciales
3358 3790 3665 3861 peregrina

2028 3881 2247 3952 judicia
2272 3897 2387 3935 non
2418 3880 2737 3951 patiuntur.

1964 3970 2230 4025 CXLVIII.
2283 3970 2361 4023 De
2411 3969 2681 4040 episcopo
2719 3967 3042 4035 criminato,
3075 3968 3121 4021 si
3164 3968 3411 4040 iudicem
3461 3984 3663 4040 suspe-

2035 4062 2188 4111 ctum
2222 4057 2503 4111 habuerit.

1964 4145 2179 4201 CXLIX.
2214 4145 2273 4199 Si
2319 4145 2448 4216 quis
2487 4143 2788 4215 episcopus
2819 4143 2878 4198 in
2932 4142 3171 4197 crimine
3225 4143 3490 4197 detentus
3534 4144 3663 4198 fue—

2035 4236 2129 4303 rit,
2183 4239 2239 4288 et
2286 4250 2401 4287 non
2443 4238 2630 4303 potest
2678 4232 2960 4302 plurimos
3008 4246 3380 4301 congregare,
3432 4248 3466 4284 a
3518 4231 3659 4285 duo-

2034 4322 2216 4378 decim
2248 4320 2531 4391 episcopis
2563 4320 2853 4374 audiatur.

1962 4411 2065 4466 CL.
2099 4411 2177 4464 De
2224 4410 2494 4479 episcopo
2540 4408 2862 4472 criminato,
2899 4406 2945 4461 si
2989 4405 3243 4477 episcopi
3295 4407 3663 4477 comprovin-

2032 4499 2202 4554 ciales
2232 4499 2292 4552 in
2319 4499 2443 4568 ejus
2471 4496 2875 4552 criminatione
2901 4495 3293 4550 dissenserint.

1962 4588 2092 4643 CLI.
2146 4587 2216 4641 Ut
2275 4585 2557 4657 episcopis
2609 4585 2799 4639 nullus
2857 4585 3035 4639 laicus
3092 4583 3311 4637 crimen
3363 4583 3661 4655 imponere

2031 4676 2230 4747 possit.

1961 4766 2115 4821 CLII.
2146 4764 2309 4830 Quod
2338 4761 2559 4817 inimici
2588 4766 2944 4816 accusatores
2983 4778 3101 4816 esse
3137 4778 3253 4816 non
3282 4762 3525 4834 possint.

1961 4856 2145 4909 CLIII.
2182 4854 2252 4908 Ut
2297 4852 2549 4923 episcopi
2590 4855 2985 4905 accusatorum
3014 4851 3415 4923 episcoporum
3444 4851 3662 4922 judices

2031 4958 2152 4997 esse
2175 4941 2436 4996 debeant.

1961 5032 2133 5087 CLIV.
2186 5018 2441 5096 Qualiter
2483 5032 2777 5083 accusatus
2816 5028 3121 5098 episcopus
3166 5028 3559 5083 discutiendus
3590 5029 3664 5083 sit

2032 5121 2183 5193 apud
2242 5118 2590 5190 patriarchas
2646 5116 2735 5172 vel
2776 5117 3071 5188 primates,
3124 5123 3180 5171 et
3233 5124 3373 5188 quot
3421 5118 3660 5173 testibus

2031 5209 2292 5264 convinci
2322 5208 2547 5262 debeat.

1960 5300 2111 5355 CLV.
2150 5300 2224 5352 De
2252 5295 2587 5369 patriarchis
2626 5300 2683 5349 et
2702 5294 3060 5367 primatibus.

1962 5388 2141 5443 CLVI.
2176 5389 2253 5441 De
2290 5386 2584 5440 vocatione
2612 5383 2858 5438 accusati
2890 5383 3168 5455 episcopi.

1960 5477 2163 5532 CLVII.
2202 5476 2274 5530 Ut
2317 5474 2590 5543 primates
2622 5474 2691 5527 de
2734 5477 2995 5527 accusata
3044 5470 3314 5542 episcopo
3359 5486 3476 5525 non
3526 5477 3657 5526 ante

2030 5563 2376 5619 sententiam
2404 5561 2700 5634 proferant
2726 5560 3129 5628 damnationis,
3162 5575 3333 5632 quam
3366 5563 3463 5615 aut
3490 5576 3653 5616 reum
