3956 6302
295 283 396 334 547
1373 277 1698 332 BURCHAR
1713 277 1782 332 l)l
1824 277 2354 333 WORMACIENSIS
2394 275 2728 332 EPISCOPI.
3697 275 3797 327 538

362 402 612 473 seipsum
653 399 1012 467 conﬁteatur,
1054 405 1162 464 aut
1197 399 1469 454 canonice
1508 416 1614 470 per
1658 401 1988 455 innocentes
2016 403 2062 455 Α
2102 399 2376 454 CLXXXV.
2418 400 2494 453 De
2523 397 2808 469 episcOpis
2850 396 2972 468 qui,
3025 414 3084 451 se
3117 396 3462 464 viventibus,
3511 413 3805 453 successo-

363 496 535 545 testes
560 489 949 543 convincatur.

291 580 524 634 CLVIII.
561 577 757 642 Qualis
788 578 1002 647 primas
1033 593 1173 638 esse,
1204 577 1292 630 vel
1319 576 1455 648 quid
1490 591 1659 646 agere
1689 577 1914 631 debeat.

292 668 462 722 CLIX.
507 667 576 720 Ut
624 665 875 736 episcopi
926 665 1286 735 singularum
1336 664 1595 733 gentium
1636 666 1818 719 sciant
1862 664 1990 736 quis

362 755 513 809 inter
543 770 640 808 eos
670 753 743 808 sit
772 753 1015 823 primus.
1351 747 1356 750 ’

294 844 441 899 CLX.
478 844 546 897 Ut
575 842 878 912 episcopus
919 845 1209 894 accusatus
1247 857 1364 894 non
1414 841 1824 896 communione
1872 840 1986 913 pri-

363 937 546 996 vetur,
576 929 687 983 nisi
719 930 810 982 die
840 932 1051 982 statuta
1081 927 1273 981 venire
1308 929 1579 983 noluerit.

291 1021 462 1075 CLXI.
499 1021 577 1073 De
618 1018 858 1072 Maximo
907 1017 1195 1087 episcopo,
1250 1018 1420 1070 variis
1451 1017 1790 1071 criminibus
1837 1017 1990 1071 infa-

365 1113 543 1171 mato,
585 1111 642 1159 et
682 1105 752 1159 ad
784 1105 1066 1176 synodum
1124 1105 1338 1174 smpius
1387 1111 1604 1173 vocato,
1653 1105 1754 1176 qui
1800 1105 1992 1160 venire

363 1201 419 1250 et
449 1211 506 1249 se
538 1209 804 1248 excusare
835 1195 1189 1263 neglexerat.

292 1284 493 1339 CLXII.
539 1283 614 1336 De
647 1281 916 1351 episcopo
947 1281 1242 1351 inculpato
1274 1282 1374 1352 qui
1404 1281 1474 1336 ad
1508 1282 1788 1352 synodum
1825 1297 1988 1336 voca-

358 1378 450 1426 tus
475 1370 668 1424 venire
703 1375 1148 1439 contempserat.

289 1459 520 1514 CLXIII.
553 1457 658 1521 Qui
694 1459 964 1527 primates
995 1457 1128 1522 sint,
1163 1456 1261 1527 qui
1293 1458 1740 1528 metropolitani.

291 1547 486 1601 CIXIV.
537 1545 696 1609 Quod
755 1545 1015 1615 neganda
1066 1546 1140 1598 sit
1188 1545 1463 1598 accusatis
1519 1546 1748 1600 licentia
1798 1545 1990 1600 crimi-

360 1633 558 1698 nandi,
592 1633 928 1703 priusquam
959 1649 1016 1686 se
1048 1633 1288 1686 crimine
1338 1634 1618 1699 exuerint,
1652 1643 1708 1688 et
1737 1635 1990 1689 familia-

363 1722 522 1775 ribus
554 1727 727 1791 atque
759 1727 962 1789 sponte
1008 1720 1298 1783 confessis,
1349 1726 1407 1772 et
1435 1720 1525 1772 bis
1577 1719 1676 1790 qui
1727 1721 1990 1774 hesterno

359 1815 459 1863 aut
491 1809 779 1880 perendie,
813 1812 1060 1861 autante
1090 1807 1588 1862 fueruntinimici.

291 1898 484 1953 CLXV.
547 1898 622 1950 De
673 1895 1169 1949 criminationibus
1229 1896 1501 1950 adversus
1564 1896 1825 1951 doctores
1871 1911 1990 1950 non

360 1983 756 2055 suscipiendis,
791 1990 844 2036 et
867 1984 935 2036 de
963 1984 1284 2054 peregrinis
1307 1983 1558 2054 judiciis.

290 2074 504 2128 CLXVI.
568 2073 636 2125 Ut
688 2071 960 2126 adversus
1015 2070 1306 2126 doctorem
1373 2070 1762 2125 accusationes
1818 2086 1988 2127 nemo

362 2159 654 2230 suscipiat.

287 2249 534 2303 CLXVII.
595 2247 662 2301 Ut
711 2263 883 2302 nemo
934 2246 1268 2318 episcopum
1328 2247 1481 2318 apud
1539 2248 1836 2302 saeculares
1891 2265 1988 2302 ac-

361 2342 538 2391 cuset.

290 2426 566 2482 CLXVIII.
623 2426 700 2480 De
753 2423 1037 2494 episcopis
1092 2423 1154 2477 in
1199 2422 1483 2492 judicium
1543 2424 1813 2478 steculare
1873 2441 1989 2478 non

361 2513 648 2568 vocandis.

289 2601 504 2656 CLXIX.
541 2601 612 2655 Ut
643 2615 760 2654 non
787 2602 1085 2658 accusetur
1114 2598 1418 2670 episcopus
1448 2615 1481 2653 a
1510 2598 1847 2654 criminosis.

291 2691 480 2746 CLXX.
560 2688 724 2753 Quod
793 2688 987 2743 nullus
1063 2687 1364 2758 episcopus
1415 2693 1575 2742 extra
1629 2704 1792 2743 suam
1855 2705 1990 2761 pro-

359 2779 606 2832 vinciam
637 2776 707 2831 ad
732 2776 1017 2846 judicium
1051 2776 1343 2829 invitetur.

288 2867 509 2921 CLXXI.
579 2867 659 2919 De
725 2865 1171 2930 accusatoribus,
1249 2869 1306 2919 et
1377 2864 1620 2920 testibus
1693 2864 1991 2937 episcopo-

362 2971 512 3007 rum.

290 3043 534 3097 CLXXII.
569 3041 648 3095 De
679 3041 878 3096 eadem
911 3057 992 3096 re.

290 3132 556 3186 CLXXIII.
593 3130 730 3194 Quae
757 3130 873 3184 sint
899 3129 1143 3183 infames
1170 3145 1453 3200 personae.

291 3219 551 3274 CLXXIV.
606 3219 682 3272 De
730 3219 996 3289 episcopo
1045 3223 1330 3286 accusato,
1365 3224 1418 3273 et
1449 3219 1519 3273 ab
1563 3219 1987 3274 accusatoribus

363 3307 720 3378 recipiendis,
750 3312 806 3361 et
834 3307 1153 3361 vocatione.

290 3396 522 3451 CLXXV.
577 3396 656 3450 De
703 3397 1076 3450 damnatione
1121 3395 1544 3467 episcoporum,
1595 3397 1986 3452 accusantium

362 3485 694 3554 episcopum
735 3485 950 3555 absque
982 3484 1321 3538 auctoritate
1352 3485 1678 3554 apostolicae
1710 3485 1876 3539 sedis.

293 3573 554 3628 CLXXVI.
619 3574 689 3626 Ut
745 3577 1038 3626 accusatus
1100 3572 1190 3626 vel
1241 3571 1531 3642 judicatus
1582 3573 1652 3626 ab
1709 3574 1987 3644 episcopis

361 3660 954 3730 comprovincialibus,
1005 3661 1246 3715 licenter
1277 3662 1547 3731 appellet,
1579 3667 1636 3716 et
1679 3663 1845 3717 adeat
1875 3663 1986 3717 Ro-

361 3765 596 3802 manum
629 3748 981 3818 pontiﬁcem.

292 3837 578 3891 CLXXVII.
624 3837 692 3890 Ut
730 3852 833 3905 per
868 3836 1077 3906 scripta
1125 3837 1341 3891 nullius
1387 3837 1668 3892 accusatio
1715 3838 1986 3910 suscipia-

364 3932 458 3976 tur
486 3940 553 3977 eo
587 3923 817 3977 absente
850 3926 947 3993 qui
980 3929 1292 3978 accusatur.

292 4011 606 4067 CLXXVIII.
662 4011 730 4065 Ut
773 4011 1124 4065 difficiliores
1144 4027 1329 4065 causae
1363 4013 1431 4066 ad
1465 4013 1682 4083 apicem
1715 4014 1986 4068 Romana).

361 4102 509 4155 sedis
541 4101 886 4167 referantur,
917 4105 980 4155 ut
1008 4102 1323 4171 apostolico
1345 4101 1728 4157 terminentur
1741 4104 1984 4174 judicio,

360 4193 522 4260 cujus
579 4191 729 4245 sedis
796 4190 1133 4246 auctoritate
1187 4208 1386 4247 omnes
1451 4192 1713 4247 Ecclesiae
1771 4209 1980 4265 regun-

359 4283 470 4332 tur.

290 4369 550 4422 CLXXIX.
611 4367 774 4432 Quod
843 4383 1043 4422 omnes
1106 4368 1360 4440 episcopi
1419 4369 1643 4440 possint
1695 4370 1987 4440 appellare

361 4457 680 4509 Romanam
710 4455 901 4510 sedem
932 4455 991 4509 in
1030 4457 1464 4511 necessitatibus
1495 4456 1686 4528 positi.

291 4545 522 4600 CLXXX.
591 4545 667 4598 De
738 4544 1018 4599 induciis'
1055 4545 1492 4600 criminatorum
1563 4545 1982 4616 episcoporum,

363 4634 561 4703 quales
591 4649 712 4686 esse
738 4633 966 4688 debent.

288 4719 547 4772 CLXXXI.
585 4721 662 4773 De
690 4720 960 4791 episcopo
1001 4720 1385 4789 Centuriensi,
1434 4721 1534 4792 qui
1565 4737 1794 4776 causam
1824 4737 1984 4777 suam

359 4807 418 4860 in
449 4808 661 4877 synodo
691 4825 859 4879 agere
892 4813 1180 4863 renuerat.

289 4895 575 4950 CLXXXII.
610 4897 895 4951 Iudicium
927 4896 1181 4967 episcopi
1212 4897 1311 4966 qui
1343 4913 1448 4966 pro
1501 4895 1741 4951 crimine
1775 4897 1987 4968 ejectus

359 4984 429 5036 ab
483 4984 692 5052 officio,
753 4990 952 5056 postea
1017 4984 1410 5055 episcopatum
1477 5003 1637 5040 more
1703 4988 1988 5058 praedonis

359 5072 587 5126 invasit.

289 5161 596 5216 CLXXXIII.
639 5161 754 5216 Cur
801 5161 981 5215 sancti
1012 5161 1256 5231 apostoli
1285 5178 1601 5234 eorumque
1635 5179 1987 5218 successores

357 5249 647 5304 voluerint
712 5248 1004 5304 difﬁcilem
1067 5264 1188 5304 esse
1244 5250 1664 5305 accusationem
1729 5251 1987 5305 sacerdo-

359 5341 502 5392 tum.

287 5425 593 5480 CLXXXIV.
657 5425 716 5481 Si
773 5425 1075 5497 episcopus
1130 5425 1397 5497 expulsus
1457 5442 1627 5482 ausus
1677 5426 1849 5483 fuerit
1897 5428 1984 5483 in-

359 5511 521 5582 gredi
551 5514 867 5570 civitatem.

2173 505 2262 542 res
2288 489 2502 559 eligere
2525 487 2870 543 desiderant.

2101 578 2406 632 CLXXXVI.
2460 579 2529 631 Ut
2557 578 2826 646 episcopo
2877 574 3102 629 vivente
3154 574 3348 630 nullus
3397 575 3809 647 superordine-

2199 682 2286 718 UI‘.

2199 682 2286 718 ur.

2103 670 2430 808 CLtXXXVII.
2480 751 2642 817 Quod
2699 767 2818 807 non
2877 751 3046 807 liceat
3093 751 3360 822 episcopo
3419 767 3806 806 successorem

2101 844 2460 987 Οἰὲἒξὶῧῖίῐ.
2511 929 2672 994 Quod
2711 945 2999 1000 nusquam
3048 944 3300 983 canones
3349 929 3710 1000 praecipiant,
3747 935 3811 983 ut

2171 1035 2274 1091 pro
2303 1018 2647 1089 aegritudine
2687 1018 2961 1088 episcopi,
3007 1018 3152 1071 alius
3183 1019 3466 1082 succedat,
3498 1023 3554 1071 et
3587 1019 3634 1072 si
3680 1018 3806 1089 ipse

2171 1123 2274 1177 pro
2305 1124 2408 1160 sua
2441 1107 2702 1161 molestia
2732 1106 2982 1177 petierit,
3015 1107 3266 1176 qualiter
3295 1106 3420 1160 ﬁeri
3451 1107 3650 1176 possit.

2101 1197 2403 1252 CLXXXIX.
2463 1197 2539 1250 De
2591 1194 2934 1250 Ariminensi
3007 1195 3299 1266 episcopo,
3353 1195 3549 1249 dolore
3599 1194 3807 1264 capitis

2172 1284 2490 1350 laborante,
2523 1289 2580 1338 et
2617 1283 2677 1336 in
2711 1284 2834 1354 ejus
2860 1283 2987 1337 loco
3018 1283 3197 1337 altero
3219 1283 3551 1353 subrogato.

2103 1390 2247 1446 CXC.
2284 1391 2360 1444 De
2386 1389 2657 1460 episcopo
2689 1389 2790 1460 qui
2832 1405 2939 1459 per
2966 1388 3363 1443 infirmitatem
3408 1389 3468 1442 in
3496 1388 3808 1443 hebetudi-

2173 1495 2304 1533 nem
2339 1478 2546 1532 mentis
2576 1477 2868 1531 inciderit.

2103 1567 2274 1624 CXCI.
2312 1568 2387 1621 De
2414 1566 2685 1636 episcopo
2724 1566 2826 1636 qui
2856 1569 3092 1637 propter
3122 1565 3382 1618 dolorem
3414 1565 3618 1634 capitis
3650 1581 3808 1635 saepe

2175 1657 2234 1710 in
2266 1657 2576 1710 amentiam
2603 1655 2927 1710 devenerat.

2104 1745 2299 1799 CXCII.
2347 1745 2424 1798 De
2463 1743 2740 1798 restitutis
2785 1743 3066 1814 episcopis
3111 1759 3214 1812 per
3254 1744 3575 1797 Romanum
3607 1742 3808 1812 ponti-

2169 1833 2353 1886 licem.

2097 1921 2318 1976 CXCIII.
2379 1921 2450 1975 Ut
2494 1919 2816 1972 sacerdotes
2868 1919 3114 1985 Domini,
3161 1919 3310 1973 sicut
3349 1919 3555 1988 vulgus
3604 1919 3798 1973 facere

2170 2009 2333 2074 solet,
2360 2009 2554 2078 jurare
2591 2025 2703 2061 non
2736 2012 3108 2078 praesumant,
3139 2007 3226 2060 vel
3265 2007 3706 2076 compellantur.

2099 2097 2322 2152 CXCIV.
2385 2098 2461 2150 De
2512 2096 2780 2166 episcopo
2834 2095 3066 2149 sinistro
3095 2111 3328 2149 rumore
3385 2111 3638 2165 asperso,
3697 2111 3806 2166 per

2169 2189 2588 2239 sacramentum
2619 2190 2814 2238 autem
2849 2189 2907 2237 et
2935 2188 3179 2254 purgato
3212 2188 3269 2237 et
3301 2183 3583 2237 absoluto.

2099 2291 2290 2346 CXCV.
2372 2289 2661 2345 Correctio
2731 2287 2987 2360 episcopi
3065 2288 3165 2359 qui
3239 2288 3622 2342 concubinam
3697 2288 3810 2342 ha-

2169 2379 2313 2432 buit.

2101 2467 2316 2523 CXCVI.
2370 2467 2446 2521 De
2491 2466 2762 2537 episcopo
2813 2482 2918 2536 per
2966 2470 3390 2520 sacramentum
3445 2469 3692 2536 purgato
3750 2470 3814 2519 et

2171 2555 2454 2609 absoluto.

2101 2643 2341 2698 CXCVII.
2381 2641 2640 2707 Qualiter
2688 2657 2857 2696 senex
2906 2641 3208 2712 episcopus
3254 2641 3653 2711 corripiendus
3709 2641 3807 2706 sit,

2172 2736 2231 2787 et
2313 2731 2604 2802 quomodo
2661 2730 2799 2785 mali
2867 2731 2994 2801 ejus
3053 2729 3345 2784 consiliari
3407 2729 3810 2784 excommuni-

2171 2820 2338 2874 candi
2352 2861 2366 2875 .

2101 2909 2372 2962 CXCVIII.
2407 2909 2484 2962 De
2515 2907 2857 2978 purgatione
2883 2907 3082 2962 Leonis
3110 2922 3294 2977 papae.

2097 2996 2316 3051 CXCIX.
2367 2996 2424 3051 Si
2474 2997 2602 3068 quis
2654 3012 2720 3050 ex
2779 2996 3160 3050 ecclesiastico
3217 2995 3421 3049 ordine
3495 2995 3806 3048 damnatus

2165 3085 2338 3140 fuerit
2364 3101 2396 3140 a
2424 3084 2661 3156 synodo,
2709 3089 2766 3138 et
2796 3100 2967 3138 ausus
3015 3083 3189 3139 fuerit
3221 3083 3289 3138 de
3323 3099 3481 3139 sacro
3535 3083 3793 3138 ministe-

2165 3173 2250 3224 rio
2284 3172 2502 3243 aliquid
2531 3173 2884 3244 contingere.

2096 3279 2198 3334 CC.
2251 3278 2307 3333 Si
2355 3278 2563 3350 aliquis
2609 3295 2680 3333 ex
2725 3277 3102 3333 ecclesiastico
3149 3279 3352 3332 ordine
3397 3277 3795 3332 excommuni-

2165 3371 2324 3421 catus
2340 3367 2530 3434 fuerit,
2552 3372 2610 3422 et
2625 3368 3053 3422 communicare
3069 3367 3520 3438 praesumpserit,
3537 3367 3797 3437 seipsum

2164 3455 2420 3509 damnat.

2095 3543 2222 3598 CCI.
2258 3544 2334 3598 De
2363 3542 2642 3598 ordinatis
2683 3543 2732 3597 si
2763 3543 2971 3614 aliquis
3018 3542 3250 3598 illorum
3283 3559 3583 3615 percussor
3622 3543 3802 3597 exsti-

2163 3631 2316 3685 terit.

2095 3720 2246 3775 CCII.
2283 3721 2360 3773 De
2391 3719 2674 3791 episcopis
2700 3736 2803 3774 sua
2832 3735 3005 3773 manu
3038 3719 3406 3774 credentibus.

2095 3809 2268 3864 CCIII.
2305 3809 2382 3862 De
2431 3809 2528 3862 illo
2558 3809 2658 3880 qui
2705 3809 2960 3880 seipsum
2987 3813 3044 3864 et
3088 3809 3198 3864 sibi
3238 3808 3567 3864 commissos
3616 3810 3799 3864 corri-

2166 3913 2300 3967 gere
2332 3897 2670 3967 neglexerit.

2098 3985 2269 4042 CCIV.
2302 3985 2379 4039 De
2411 3985 2610 4040 eadem
2644 4001 2724 4040 re.

2095 4093 2244 4147 CCV.
2277 4093 2356 4146 De
2383 4093 2534 4146 malo
2559 4097 2788 4162 pastore
2821 4108 2995 4163 quem
3023 4108 3139 4146 sua1
3167 4109 3299 4146 oves
3328 4092 3576 4162 fugiunt.

2099 4180 2268 4235 CCVI.
2305 4179 2384 4234 De
2414 4180 2512 4234 illo
2539 4179 2639 4250 qui
2670 4179 3029 4233 nobilitatem
3056 4180 3156 4234 Dei
3190 4197 3223 4234 a
3261 4197 3318 4234 se
3351 4181 3524 4250 ejicit.

2015 4243 2059 4296 θ
2100 4268 2297 4323 CCVII.
2351 4268 2514 4332 Quod
2555 4243 2680 4321 non
2726 4273 2862 4322 sunt
2910 4285 3108 4322 omnes
3151 4268 3255 4323 filii
3303 4243 3656 4338 sanctorum,
3701 4271 3802 4342 qui

2167 4361 2364 4410 tenent
2392 4357 2514 4410 loca
2542 4361 2893 4411 sanctorum.

2098 4446 2318 4501 CCVIII.
2346 4445 2506 4510 Quod
2537 4446 2729 4499 nullus
2774 4461 2842 4499 ex
2875 4461 3107 4516 genere,
3140 4461 3245 4500 nec
3287 4462 3351 4500 ex
3397 4446 3519 4501 loco
3563 4446 3802 4518 gloriari

2314 4539 2391 4586 at.

2097 4534 2391 4676 CCCIXt.)eI::
2406 4620 2794 4675 sacerdotibus
2825 4621 2924 4693 qui
2953 4620 3153 4676 ovibus
3182 4621 3301 4676 suis
3342 4623 3491 4676 mala
3535 4623 3801 4694 exempla

2168 4708 2443 4780 praebent.

2097 4815 2242 4871 CCX.
2293 4816 2362 4869 Ut
2409 4819 2631 4870 tantum
2675 4831 2872 4870 curam
2910 4831 3104 4870 rerum
3135 4816 3644 4872 ecclesiasticarum
3673 4818 3798 4889 epi-

2170 4919 2374 4973 scopus
2404 4903 2629 4958 habeat.

2097 4991 2269 5046 CCXI.
2323 4991 2400 5045 De
2451 5008 2558 5046 usu
2609 4991 2789 5063 pallii,
2820 5008 2893 5047 ne
2937 5008 2970 5046 a
3019 4993 3479 5064 metropolitanis
3525 5009 3801 5064 praesum-

2166 5079 2324 5150 ptive
2355 5083 2569 5134 utatur.

2099 5163 2291 5218 CCXII.
2337 5163 2500 5227 Quod
2548 5164 2848 5236 episcopus
2893 5181 2983 5220 res
3013 5183 3131 5220 suae
3175 5167 3459 5234 Ecclesia,
3507 5166 3619 5221 nisi
3661 5182 3796 5222 cum

2167 5269 2269 5306 suo
2297 5253 2458 5323 prius
2489 5259 2823 5320 commutet,
2863 5259 3274 5310 testamentare
3307 5272 3424 5310 non
3451 5256 3653 5325 possit.

2097 5339 2320 5396 CCXIII.
2359 5340 2438 5395 De
2487 5341 2758 5413 episcopo
2789 5342 2888 5414 qui
2937 5359 3028 5398 res
3083 5359 3199 5399 sua:
3241 5343 3503 5399 Ecclesiae
3548 5345 3802 5414 parenti~

2171 5429 2276 5483 bus
2305 5428 2424 5482 suis
2463 5428 2768 5485 indiscrete
2799 5430 3021 5487 tribuit.

2101 5516 2318 5571 CCXIV.
2355 5517 2432 5570 De
2461 5519 2659 5572 eadem
2689 5534 2771 5576 re.
