3956 6302
143 272 246 324 549

1151 270 1623 327 DECRETORUM
1669 270 1849 325 LIBRI
1890 270 1999 325 XX.
2036 300 2101 309 —
2147 270 2351 324 LIBER
2385 271 2657 326 PRIMUS.
3552 282 3654 332 3350

142 394 335 449 CCXV.
375 394 453 449 Ne
484 391 786 464 episcopus
824 392 894 447 de
916 392 1088 447 rebus
1112 392 1360 448 viduatae
1392 392 1651 447 Ecclesia:
1683 392 1850 463 quid-
1878 397 1924 450 A
1963 392 2198 447 CCXXV.
2229 392 2370 447 Item
2390 392 2459 447 de
2491 392 2850 449 ordinatione
2881 395 3156 467 episcopi.

217 498 395 552 quam
429 482 678 535 alienare
708 487 1039 551 prmsumat.

142 571 364 627 CCXVI.
403 571 477 623 De
508 570 618 623 illis
649 569 748 641 qui
808 570 876 623 ad
928 571 1287 626 sacerdotum
1318 569 1616 642 exsequias
1647 569 1840 625 venire

212 659 592 713 contendunt.

142 748 392 803 CCXVII.
432 748 498 803 Ut
552 747 829 818 quidquid
874 747 1139 819 episcopo
1184 749 1553 820 relinquitur,
1584 749 1641 803 id
1672 748 1841 802 emis-

210 854 341 891 sum
376 839 436 891 in
465 837 760 891 facultates
800 837 1061 891 Ecclesiae
1099 842 1486 908 computetur.

142 926 413 983 CCXVIII.
478 926 546 979 Ut
601 927 793 979 nullus
840 926 1164 997 episcopus,
1242 927 1353 981 nisi
1420 944 1550 981 cum
1604 927 1842 981 consilio

212 1021 550 1070 casterorum
598 1015 1002 1085 episcoporum
1060 1020 1116 1070 et
1157 1015 1453 1086 principis,
1504 1016 1564 1069 in
1620 1016 1843 1070 hostem

213 1105 298 1157 ire
327 1104 553 1157 debeat.

142 1193 361 1248 CCXIX.
402 1192 475 1245 De
503 1192 703 1245 eadem
731 1208 811 1246 re.

141 1280 331 1335 CCXX.
362 1280 447 1333 De
480 1296 547 1333 eo
577 1279 625 1332 si
663 1279 791 1350 quis
829 1279 900 1333 ab
944 1280 1259 1350 apostolico
1308 1279 1510 1335 falsam
1544 1280 1844 1353 epistolam

212 1368 502 1423 detulerit.

141 1457 356 1512 CCXXI.
395 1458 473 1510 De
502 1455 773 1510 accusatis
794 1455 1094 1526 episcopis.

141 1546 389 1601 CCXXII.
422 1545 585 1608 Quod
616 1560 728 1597 non
771 1544 845 1597 ita
889 1543 947 1596 iu
999 1541 1393 1597 ecclesiasticis
1448 1541 1738 1612 agendum
1772 1538 1845 1593 sit

210 1634 478 1703 negotiis,
508 1633 653 1685 sicut
681 1633 738 1685 in
775 1632 1164 1685 saecularibus.

140 1721 411 1775 CCXXIII.
468 1720 627 1784 Quod
675 1721 842 1787 nulli,
898 1737 1044 1791 papa
1098 1720 1342 1788 vivente,
1400 1719 1576 1772 alium
1634 1716 1846 1787 eligere

209 1808 401 1861 liceat.

140 1895 405 1951 CCXXIV.
440 1896 517 1950 De
558 1897 808 1951 sessione
831 1896 1103 1967 episcopi.

1951 482 2213 536 CCXXVI.
2246 481 2381 546 Quae
2421 482 2741 535 sacerdotes
2764 483 2862 536 Dei
2889 484 3175 539 declinare
3209 486 3470 544 debeant.

1952 571 2237 625 CCXXVII.
2304 572 2381 625 De
2433 571 2771 625 hiereditate
2844 573 3098 645 episcopi
3159 582 3500 632 caaterorum
3556 597 3653 634 ec-

2026 659 2491 714 clesiasticorum.

1952 748 2263 802 CCXXVIII.
2317 750 2397 803 Ne
2434 748 2685 820 episcopi
2732 755 2968 821 propter
3015 768 3178 807 suam
3218 753 3492 824 quietem,
3532 757 3653 827 ple-

2025 837 2153 889 bem
2185 836 2293 889 sibi
2332 838 2694 892 commissam
2739 839 3030 910 negligere
3068 848 3440 911 praesumant.

1954 925 2207 979 CCXXIX.
2266 926 2341 979 De
2399 926 2676 997 episcopis
2724 928 2843 998 qui,
2894 945 3006 982 non
3063 930 3304 985 visitatis
3343 933 3651 1002 parocbiis,

2022 1014 2274 1082 pretium
2304 1013 2595 1068 servitutis
2629 1017 2951 1087 requirunt.

1956 1101 2182 1156 CCXXX.
2218 1103 2297 1156 De
2344 1103 2687 1173 purgatione
2728 1104 3149 1176 episcoporum.

1955 1190 2212 1244 CCXXXI.
2252 1192 2330 1244 De
2370 1207 2438 1245 eo
2492 1192 2591 1263 qui
2622 1209 2691 1246 ex
2753 1195 3036 1249 monacho
3094 1196 3275 1251 factus
3304 1196 3479 1252 fuerit
3540 1199 3656 1269 epi-

2026 1294 2250 1348 scopus.

1955 1367 2232 1422 CCXXXII.
2282 1368 2361 1421 De
2414 1368 2511 1423 illo
2562 1370 2659 1441 qui
2716 1372 2784 1425 de
2831 1371 3022 1442 aliqua
3069 1371 3275 1426 haeresi
3316 1372 3647 1439 infamatur,

2025 1456 2177 1526 quod
2215 1456 2273 1508 in
2307 1472 2464 1509 sacro
2486 1463 2769 1512 conventu
2800 1458 3110 1513 formulam
3140 1460 3303 1514 istius
3340 1460 3647 1531 professio-

2024 1544 2112 1596 nis
2136 1543 2373 1598 recitare
2399 1544 2622 1599 debeat.

1878 1669 1916 1721 B
1956 1632 2287 1721 CCXXXIII.
2341 1632 2415 1685 De
2463 1632 2748 1687 damnatis
2795 1634 3100 1705 episcopis,
3149 1641 3206 1690 et
3262 1641 3391 1708 post
3447 1654 3644 1692 recon-

2026 1719 2250 1771 ciliatis.

1956 1807 2260 1861 CCXXXIV.
2300 1808 2377 1860 De
2412 1807 2805 1879 episcoporum
2853 1811 3347 1866 transmutatione.

2378 1896 2583 1952 Indicis
2614 1899 2974 1967 capitulorum
3003 1898 3153 1970 finis.

1480 2252 2322 2357 BUBCHARDI

1259 2469 1606 2524 ECCLESI/E
1646 2468 2181 2523 WORMACIENSIS
2222 2470 2534 2524 EPISCOPI

463 2665 1815 2814 DECRETORUM
1916 2669 2507 2815 LIBER
2608 2672 3344 2820 PRIMUS

1400 2944 1501 3009 DE
1548 2944 1917 3011 PRIMATU
1964 2945 2391 3013 ECCLESUE.

140 3303 269 3356 CAP.
303 3301 344 3353 I.
379 3300 622 3367 -—0uod
667 3303 726 3354 in
782 3301 926 3356 Νουο
990 3302 1321 3356 Testamento
1381 3308 1503 3369 post
1559 3303 1833 3360 Christum
1868 3306 1907 3359 C
1944 3303 2275 3359 ordinatum
2304 3317 2423 3356 esse
2471 3301 2779 3367 credimus,
2833 3318 2905 3355 ne
2953 3318 3157 3356 omnes
3197 3304 3410 3373 posteri
3441 3322 3644 3360 eorum

214 3374 501 3444 Dominum
571 3376 815 3425 nostrum
863 3387 897 3423 a
974 3374 1129 3426 Petro
1199 3373 1551 3428 sacerdotalis
1626 3379 1842 3444 coeperit

211 3443 611 3581 gitimepislola
663 3511 915 3566 Anacleti
936 3526 1094 3581 papae
1150 3512 1224 3566 ad
1253 3515 1525 3583 episcopos
1559 3515 1731 3570 Italiae
1760 3516 1843 3570 di-

138 3602 331 3665 recta.)
368 3601 429 3653 In
468 3600 621 3653 Novo
652 3604 841 3653 autem
872 3600 1233 3653 Testamento
1261 3608 1387 3670 post
1419 3602 1707 3657 Christum
1738 3605 1837 3659 do-

140 3687 366 3741 minum
398 3692 677 3754 nostrum,
741 3704 774 3740 a
830 3689 994 3741 Petro
1057 3688 1421 3742 sacerdotalis
1472 3692 1647 3759 cmpit
1677 3693 1836 3759 ordo,

140 3778 278 3845 quia
307 3776 415 3845 ipsi
444 3775 633 3845 primo
664 3776 1028 3844 pontiﬁcatus
1080 3776 1142 3829 in
1197 3777 1439 3831 Ecclesia
1492 3780 1699 3833 Christi
1738 3780 1838 3834 da-

139 3868 231 3916 tus
262 3868 366 3929 est,
400 3863 623 3917 dicente
681 3863 923 3917 Domino
972 3863 1038 3917 ad
1074 3880 1205 3918 eum
1240 3881 1253 3918 :
1294 3865 1377 3918 Tu
1413 3882 1471 3918 es
1501 3868 1719 3935 Petrus,
1783 3875 1840 3923 et

140 3967 314 4021 super
368 3952 515 4005 hanc
568 3957 788 4022 petram
845 3952 1138 4006 aediﬁcabo
1182 3953 1482 4007 Ecclesiam
1541 3972 1750 4023 meam,
1783 3963 1840 4012 et

138 4046 322 4110 porta:
380 4040 547 4094 inferi
578 4057 694 4095 non
743 4042 1135 4110 praevalebunt
1163 4042 1430 4095 adversos
1461 4059 1609 4109 eam,
1645 4046 1713 4098 iet
1732 4046 1839 4099 tibi

141 4127 288 4182 dabo
319 4128 503 4182 claves
533 4128 696 4198 regni
729 4130 1018 4182 caelorum.
1063 4129 1163 4182 Hic
1192 4145 1328 4199 ergo
1374 4130 1593 4200 ligandi
1620 4133 1840 4186 solven-

137 4215 312 4286 dique
343 4221 681 4285 potestatem
708 4216 930 4286 primns
956 4217 1175 4286 accepit
1214 4233 1248 4270 a
1280 4219 1552 4284 Domino,
1579 4220 1837 4289 primus-

140 4321 254 4377 que
282 4306 351 4359 ad
399 4304 573 4359 ﬁdem
611 4306 891 4375 populum
941 4306 1039 4360 Dei
1079 4305 1263 4376 gratia
1291 4347 1306 4375 ,
1355 4312 1411 4362 et
1460 4308 1669 4363 virtute
1717 4326 1834 4364 sua:

138 4393 563 4464 praedicationis
590 4393 842 4447 adduxit.

138 4482 266 4535 CAP.
303 4482 444 4534 ll.—
476 4483 548 4535 De
597 4482 883 4549 privilegio
910 4480 1060 4536 beato
1101 4483 1257 4536 Petro
1296 4485 1513 4537 Domini
1568 4487 1685 4538 vice
1742 4499 1836 4539 so-

210 4552 477 4625 lummodo
523 4554 817 4625 commisso,
879 4558 931 4606 et
990 4552 1315 4607 discretione
1356 4560 1665 4625 potestatis,
1717 4573 1835 4625 qua

209 4624 355 4675 inter
387 4624 654 4691 apostolos
682 4625 816 4688 fuit.

207 4710 321 4781 (Ea:
384 4712 610 4779 epistola
656 4710 978 4765 Melchiadis
1021 4727 1200 4780 papae,
1257 4714 1518 4781 Hispanis
1572 4716 1835 4783 episcopis

134 4798 391 4869 directa.)
424 4802 606 4869 Atque
653 4798 759 4851 hoc
812 4798 1178 4869 privilegium
1207 4800 1371 4854 beato
1400 4800 1685 4872 clavigero
1742 4803 1837 4856 Pe-

133 4894 243 4951 tro,
274 4903 375 4940 sua
400 4887 520 4941 vice
550 4887 912 4940 solummodo
968 4887 1274 4955 commisit,
1306 4889 1462 4959 quod
1511 4889 1634 4959 ejus
1680 4891 1834 4960 juste

132 4976 575 5046 praerogativam
609 4975 879 5030 successit
905 4975 1045 5041 sedi,
1090 4977 1296 5030 futuris
1353 4977 1832 5047 bzereditandum,

134 5070 307 5135 atque
340 5064 651 5118 tenendum
706 5066 1083 5133 temporibus,
1117 5067 1403 5135 quomodo
1435 5072 1491 5120 et
1519 5067 1670 5121 inter
1711 5069 1836 5123 bea-

131 5153 383 5207 tissimos
414 5154 705 5222 apostolos
760 5152 869 5207 fuit
898 5153 1160 5223 quaedam
1191 5154 1454 5209 discretio
1511 5157 1830 5225 potestatis.

136 5243 199 5296 Et
246 5242 379 5295 licet
434 5247 768 5295 cunctorum
809 5257 912 5311 par
978 5243 1179 5297 electio
1232 5243 1396 5309 foret,
1438 5242 1605 5297 beato
1640 5250 1834 5300 tamen

133 5332 302 5385 Petro
333 5345 666 5383 concessum
716 5333 801 5383 est
832 5334 892 5383 ut
920 5330 1047 5384 aliis
1077 5330 1498 5401 praemineret,
1530 5337 1588 5387 et
1637 5349 1835 5387 eorum

133 5434 259 5491 quae
285 5418 355 5473 ad
387 5418 682 5488 querelam
720 5418 983 5473 venirent
1003 5434 1220 5487 causas,
1255 5423 1312 5473 et
1356 5420 1835 5490 interrogationes

132 5508 448 5578 prudenter
476 5506 826 5577 disponeret.
868 5505 1025 5573 Quod
1080 5506 1179 5562 Dei
1230 5508 1590 5563 ordinatione
1643 5509 1835 5564 taliter

1949 3396 2150 3447 cuncta
2179 3389 2289 3443 sibi
2318 3389 2687 3444 vendicarent
2712 3406 2725 3442 :
2757 3390 2854 3443 sed
2887 3406 3115 3459 semper
3144 3392 3389 3461 majores
3439 3409 3644 3460 causae,

1950 3481 2095 3533 sicut
2132 3483 2262 3532 sunt
2293 3478 2714 3548 episcoporum,
2766 3482 2820 3531 et
2867 3478 3159 3548 potiorum
3207 3496 3359 3533 cura:
3393 3483 3645 3551 negotio-

1952 3585 2078 3623 rum
2110 3568 2181 3621 ad
2226 3583 2396 3619 unam
2452 3567 2603 3620 beati
2633 3565 2908 3636 principis
2942 3568 3332 3637 apostolorum
3376 3571 3525 3624 Petri
3558 3588 3650 3625 se-

1951 3657 2082 3711 dem
2114 3654 2487 3721 confluerent,
2528 3659 2593 3708 ut
2638 3654 2771 3708 inde
2820 3656 3134 3726 suscipiant
3182 3657 3358 3712 tinem
3401 3659 3645 3728 judicio-

1951 3761 2077 3799 rum
2131 3745 2284 3798 unde
2349 3750 2691 3813 acceperunt
2745 3743 2974 3798 initium
3046 3744 3498 3813 institutionum,
3572 3764 3646 3802 ne

1948 3833 2295 3905 quandoque
2327 3848 2359 3885 a
2380 3849 2481 3885 suo
2512 3831 2904 3902 discreparent
2936 3832 3140 3903 capite.

1948 3942 2077 3996 CAP.
2112 3940 2207 3994 Ill.
2238 3970 2301 3979 —
2336 3941 2403 3993 Ut
2453 3954 2694 3994 summus
2733 3939 2981 3993 sacerdos
3030 3956 3134 3994 non
3177 3947 3393 3996 vocetur
3446 3944 3646 3998 Roma-

2019 4027 2120 4065 nus
2148 4012 2419 4079 pontifem,
2444 4010 2538 4063 sed
2563 4014 2758 4079 prima:
2778 4011 2921 4064 sedis
2951 4014 3253 4079 episcopus.

2018 4101 2168 4170 (Can.
2239 4100 2421 4164 Afric.
2474 4113 2593 4151 can.
2654 4099 2727 4165 6.)
2776 4100 2844 4152 Ut
2887 4099 3089 4168 primae
3140 4099 3291 4153 sedis
3347 4101 3648 4171 episcopus

1947 4203 2062 4241 non
2120 4186 2441 4257 appelletur
2487 4185 2749 4255 princeps
2792 4188 3168 4253 sacerdotum,
3229 4193 3328 4240 aut
3389 4202 3650 4241 summus

1947 4275 2231 4340 sacerdos,
2261 4278 2357 4327 aut
2382 4273 2599 4343 aliquid
2631 4274 2981 4344 hujusmodi,
3028 4276 3122 4328 sed
3176 4279 3401 4329 tantum
3444 4275 3645 4346 prima!

1947 4362 2095 4416 sedis
2126 4361 2448 4433 episcopus.

2039 4450 2168 4504 CAP.
2200 4450 2286 4503 IV.
2322 4480 2391 4487 ——
2418 4448 2573 4513 Quod
2603 4449 2897 4518 bipartitus
2928 4452 3002 4504 sit
3024 4450 3156 4505 ordo
3188 4452 3545 4506 sacerdotum.

2017 4539 2126 4604 (Em
2154 4539 2381 4607 epistola
2419 4538 2670 4590 Anacleti
2710 4553 2871 4607 papa
2919 4543 3087 4592 missa
3141 4541 3385 4593 omnibus
3443 4544 3645 4611 episco-

1944 4627 2036 4695 pis
2066 4629 2115 4678 et
2174 4626 2408 4693 reliquis
2456 4625 2843 4691 sacerdotibus,
2897 4641 3019 4695 cap.
3082 4627 3198 4698 18.)
3255 4628 3645 4695 Sacerdotum,

1946 4714 2166 4776 fratres,
2200 4713 2339 4766 ordo
2372 4712 2677 4782 bipartitus
2716 4719 2802 4766 est
2854 4718 2910 4767 et
2960 4716 3103 4771 sicut
3152 4717 3425 4772 Dominus
3482 4719 3648 4773 illum

1944 4800 2257 4865 constituit,
2315 4817 2349 4853 a
2402 4801 2559 4853 nullo
2611 4800 2779 4854 debet
2834 4802 3177 4871 perturbari.
3240 4805 3403 4859 Scitis
3455 4811 3647 4862 autem

1945 4890 2231 4960 apostolos
2273 4904 2306 4942 a
2363 4888 2605 4942 Domino
2658 4905 2780 4942 esse
2832 4891 3062 4957 electos,
3096 4898 3150 4945 et
3204 4893 3559 4961 constitutos,
3592 4899 3649 4948 et

1943 4984 2142 5050 postea
2172 4993 2274 5048 per
2302 4976 2551 5031 diversas
2586 4977 2911 5047 provincias
2960 4979 3030 5032 ad
3055 4980 3485 5048 praedicandum
3537 4981 3649 5035 dis-

1944 5082 2157 5136 persos.
2219 5067 2360 5121 Cum
2416 5082 2548 5120 vero
2607 5067 2805 5121 messis
2856 5069 3026 5140 coepit
3097 5085 3370 5132 crescere,
3450 5070 3648 5124 videns

1943 5170 2154 5225 paucos
2174 5171 2295 5209 esse
2330 5155 2640 5225 operarios,
2666 5155 2737 5210 ad
2771 5172 2968 5211 eorum
2995 5157 3393 5227 adjumentum
3423 5163 3648 5228 septua-

1946 5244 2104 5313 ginta
2130 5243 2265 5315 eligi
2302 5244 2577 5315 praacepit
2623 5244 2951 5316 discipulos.
3018 5245 3279 5316 Episcopi
3326 5262 3461 5300 vero
3509 5262 3648 5316 apo-

1944 5334 2244 5398 stolorum,
2291 5331 2610 5404 presbyteri
2654 5350 2884 5404 quoque
2941 5334 3308 5405 septuaginta
3339 5333 3643 5405 discipulo-

1942 5434 2074 5474 rum
2105 5421 2292 5475 locum
2338 5426 2557 5477 tenent.
2610 5422 2870 5493 Episcopi
2899 5428 3091 5477 autem
3125 5438 3241 5477 non
3289 5422 3351 5477 in
3402 5422 3646 5478 castellis

1942 5512 2041 5563 aut
2072 5507 2130 5563 in
2162 5509 2401 5565 modicis
2441 5510 2762 5565 civitatibus
2807 5511 3018 5566 debent
3063 5511 3354 5577 constitui,
3388 5511 3485 5566 sed
3515 5527 3644 5582 pre-
