3956 6306
289 319 384 372 551

1350 297 1753 356 BURCHARDI
1792 292 2323 353 WORMACIENSIS
2362 291 2672 349 EPISCOPI
2687 333 2702 347 .

3691 292 3802 343 552

288 437 500 511 sbyteri
522 451 625 509 per
651 433 884 489 castella
908 434 964 485 et
993 429 1244 484 modicas
1291 425 1546 480 civitates
1594 427 1764 492 atque
1794 420 1973 484 villas,
2005 423 2053 478 Α
2089 417 2300 485 omnia,
2335 417 2382 471 si
2413 416 2546 472 ﬁdei
2579 413 3134 476 documentavverbis
3171 410 3528 484 simplicibus
3558 415 3801 478 asserat,

290 510 502 582 debent
531 524 599 577 ab
639 521 918 594 episcopis
964 519 1216 573 ordinari
1248 520 1306 572 et
1347 513 1482 586 poni
1528 510 1741 582 singuli
1789 514 1983 562 tamen

289 632 395 688 per
442 613 696 684 singulos
752 609 945 665 titulos
994 624 1143 661 suos.
1205 605 1464 676 Amplius
1525 615 1695 673 quam
1730 597 1823 651 isti
1869 595 1982 651 duo

292 704 522 760 ordines
553 699 931 760 sacerdotum,
964 712 1068 752 nec
1103 693 1266 750 nobis
1304 690 1491 746 collati
1529 694 1681 755 sunt,
1715 702 1821 742 nec
1849 701 1984 756 apo-

291 793 424 849 stoli
454 793 786 846 docuerunt.

288 884 416 938 CAP.
448 881 511 935 V.
548 909 612 920 -
638 881 705 934 Ut
747 893 854 931 non
901 877 1050 940 laici,
1105 888 1197 926 nec
1256 870 1483 937 biqami,
1534 883 1626 922 nec
1665 865 1986 940 quiduarum

357 954 562 1011 mariti,
593 950 687 1004 sed
716 938 1205 1016 irreprehensibiles
1235 943 1556 996 ordinentur
1586 938 1839 1007 episcopi.

360 1041 468 1112 (Ea:
517 1039 659 1093 decr.
717 1038 908 1091 Leonis
959 1048 1140 1103 papae,
1199 1031 1354 1085 titulo
1389 1030 1496 1094 33.)
1557 1026 1621 1080 In
1661 1021 1987 1112 civitatibus

289 1111 536 1203 quarum
561 1130 808 1182 rectores
865 1122 1133 1188 obierint,
1173 1120 1243 1174 de
1300 1113 1708 1172 substituendis
1761 1111 1988 1182 episco-

288 1199 378 1290 pis
407 1218 529 1270 bmc
567 1215 752 1270 forma
805 1215 1081 1276 servetur,
1139 1212 1202 1261 ut
1225 1207 1272 1260 is
1321 1204 1422 1276 qui
1471 1199 1824 1257 ordinandus
1881 1201 1984 1264 est,

289 1286 460 1362 etiam
491 1304 539 1358 si
568 1304 734 1357 bonae
763 1301 891 1354 vitae
930 1295 1257 1352 testimonio
1296 1292 1584 1356 fulciatur,
1640 1305 1758 1344 non
1789 1286 1986 1352 laicus,

287 1412 393 1450 nec
416 1392 742 1464 neophitus,
773 1404 877 1442 nec
901 1385 1163 1441 secunda:
1193 1381 1452 1453 conjugis
1481 1379 1555 1433 sit
1582 1377 1842 1442 maritus,
1890 1377 1990 1428 aut

290 1485 390 1555 qui
421 1462 597 1537 unam
631 1479 863 1551 quidem
893 1476 1101 1530 habeat
1129 1473 1214 1526 vel
1245 1469 1531 1535 habuerit,
1574 1471 1631 1522 et
1675 1481 1849 1537 quam
1881 1462 1990 1516 sibi

293 1553 516 1626 viduam
570 1566 870 1640 copularit.
913 1563 1283 1618 Sacerdotum
1323 1558 1477 1613 enim
1523 1563 1643 1610 tam
1707 1553 1988 1607 excellens

289 1666 369 1716 est
403 1659 623 1726 electio,
665 1661 730 1710 ut
778 1670 904 1726 quae
965 1652 1027 1706 in
1072 1651 1199 1704 aliis
1254 1646 1528 1702 membris
1583 1641 1842 1698 Ecclesiae
1872 1655 1989 1694 non

290 1753 564 1803 vocantur
584 1746 657 1800 ad
693 1744 941 1812 culpam,
1001 1740 1062 1794 in
1111 1738 1226 1792 illis
1284 1741 1479 1791 tamen
1537 1733 1824 1787 habentur
1882 1728 1991 1782 illi-

292 1839 423 1892 cita.

294 1929 428 1983 CAP.
477 1924 564 1976 VI.
615 1951 684 1961 ——
732 1922 799 1974 Ut
848 1918 977 1972 dum
1020 1912 1588 1986 episcopuseligitur,
1628 1909 1681 1986 si
1713 1904 1988 1961 contradi-

361 2001 528 2051 ctores
577 1992 790 2058 habeat,
821 1982 1062 2058 quinque
1090 1982 1327 2055 episcopi
1364 1982 1702 2036 conveniant.

365 2083 473 2154 (Ea:
502 2081 688 2137 concil.
727 2081 1016 2144 Africano,
1057 2090 1178 2143 cap.
1215 2071 1323 2140 t7.)
1366 2070 1472 2124 Sed
1508 2072 1564 2122 et
1592 2065 1733 2120 illud
1762 2067 1846 2118 est
1877 2067 1994 2116 sta-

291 2171 596 2235 tuendum,
620 2174 683 2222 ut
708 2166 939 2238 quando
971 2165 1038 2219 ad
1061 2161 1388 2232 eligendum
1419 2158 1751 2228 episcopum
1792 2168 1991 2206 conve-

294 2260 570 2324 nerimus,
602 2257 648 2310 si
681 2273 792 2326 qua
824 2252 1196 2308 contradictio
1247 2248 1419 2303 fuerit
1473 2247 1696 2312 oborta,
1745 2241 1880 2313 quia
1909 2246 1991 2294 ta-

293 2349 372 2402 lia
400 2347 545 2401 facta
570 2349 702 2398 sunt
728 2342 880 2413 apud
919 2357 1042 2405 nos,
1085 2354 1197 2392 non
1225 2337 1597 2408 prmsumant,
1647 2331 1716 2384 ad
1747 2344 1997 2401 purgan-

296 2436 435 2490 dum
475 2449 628 2500 eum,
686 2430 787 2502 qui
845 2426 1201 2483 ordinandus
1254 2427 1359 2488 est,
1422 2426 1538 2474 tres
1569 2416 1823 2487 episcopi
1848 2416 1994 2484 jam,

293 2523 391 2578 sed
419 2522 779 2594 postulentur
827 2516 900 2570 ad
944 2527 1251 2569 numerum
1303 2508 1764 2579 supradictorum
1797 2504 1844 2557 si
1893 2503 1994 2556 ha-

293 2590 438 2667 beri-
463 2611 702 2680 possunt
753 2605 886 2671 duo,
941 2603 1000 2656 in
1031 2600 1232 2656 eadem
1277 2598 1445 2669 plebe
1492 2595 1585 2649 cui
1644 2590 1997 2647 ordinandus

293 2706 397 2764 est,
425 2705 480 2753 et
509 2695 892 2752 discutiantur
923 2691 1109 2762 primo
1157 2703 1419 2760 personae
1453 2680 1992 2738 contradicentium.

293 2791 584 2842 Postremo
616 2784 789 2838 etiam
819 2782 918 2835 illa
959 2794 1087 2851 qute
1132 2775 1506 2845 objiciuntur,
1552 2773 1993 2842 pertractantur.

298 2877 363 2931 Et
404 2891 534 2929 cum
575 2879 852 2944 purgatus
897 2868 1074 2922 fuerit
1123 2865 1228 2918 sub
1280 2865 1582 2932 conspectu
1631 2858 1882 2930 publico,
1919 2855 1999 2908 ita

2091 507 2150 561 id
2175 511 2279 574 est,
2307 507 2552 570 Patrem,
2579 509 2634 558 et
2661 503 2891 571 Filium,
2925 501 3270 572 etSpiritum
3303 506 3583 567 sanctum,
3610 517 3804 556 unum

2094 595 2400 650 Dominum
2427 609 2548 647 esse
2575 592 2944 660 conﬁrmans,
2963 596 3260 661 totamque
3281 590 3340 643 in
3366 590 3642 644 Trinitate
3675 589 3807 644 Dei-

2092 689 2290 749 tatem,
2348 682 2798 746 coessentialem,
2851 685 2906 734 et
2957 679 3495 746 consubtantialem,
3541 683 3598 732 et
3646 693 3803 731 coae-

2095 771 2392 836 ternalem,
2427 775 2482 824 et
2512 769 3034 839 coomnipotentem
3087 767 3429 838 praedicans,
3470 766 3802 837 singulam-

2095 877 2206 932 que
2231 860 2291 914 in
2347 858 2624 914 Trinitate
2663 873 2969 928 personam
3012 857 3250 926 plenum
3299 856 3504 924 Deum,
3553 861 3609 909 et
3650 859 3805 908 totas

2093 955 2207 1004 tres
2263 963 2551 1020 personas,
2613 962 2794 1001 unum
2845 947 3046 1000 Deum.
3107 945 3160 1000 Si
3206 945 3665 998 incarnationem
3706 944 3803 999 di-

2093 1037 2284 1091 vinam
2315 1052 2435 1090 non
2467 1037 2522 1089 in
2545 1037 2709 1090 Patre
2732 1050 2918 1106 neque
2946 1035 3005 1088 in
3020 1033 3230 1104 Spiritu
3262 1039 3458 1088 sancto
3488 1033 3656 1100 facta,
3701 1033 3805 1087 sed

2095 1127 2153 1180 in
2189 1125 2327 1180 Filio
2358 1130 2581 1179 tantum
2607 1124 2822 1189 credat,
2852 1128 2917 1177 ut
2964 1122 3066 1194 qui
3117 1127 3240 1176 erat
3284 1122 3342 1175 in
3374 1121 3671 1176 divinitate
3701 1121 3809 1176 Dei

2097 1216 2280 1270 Patris
2313 1214 2504 1276 Filius,
2539 1214 2660 1283 ipse
2690 1213 2854 1266 ﬁeret
2908 1211 2967 1266 in
2999 1211 3234 1266 homine
3289 1209 3545 1265 hominis
3599 1211 3808 1264 matris

2095 1303 2248 1358 ﬁlius
2281 1319 2293 1358 :
2331 1305 2476 1356 Deus
2505 1317 2673 1355 verus
2705 1316 2774 1355 ex
2805 1302 2988 1366 Patre,
3041 1299 3216 1354 homo
3272 1315 3439 1353 verus
3470 1315 3533 1353 ex
3565 1304 3753 1352 matre
3789 1315 3803 1351 :

2097 1407 2326 1447 carnem
2358 1407 2421 1444 ex
2454 1389 2652 1443 matris
2679 1388 2987 1442 visceribus
3019 1387 3255 1451 habens,
3305 1391 3363 1440 et
3403 1387 3660 1441 animam
3693 1387 3805 1441 hu-

2099 1497 2329 1536 manam
2361 1479 2696 1532 rationalem
2733 1493 2744 1531 :
2778 1477 2948 1530 simul
2979 1476 3036 1530 in
3073 1493 3138 1530 eo
3169 1482 3475 1548 utramque
3507 1480 3804 1542 naturam,

2099 1569 2157 1626 id
2179 1575 2284 1638 est,
2301 1567 2549 1622 hominis
2569 1565 2742 1621 etDei
2766 1581 3082 1636 :personna
3105 1581 3237 1634 una,
3259 1581 3408 1618 unus
3432 1565 3630 1630 Filius,
3649 1579 3808 1617 unus

2101 1660 2376 1726 Christus,
2415 1673 2566 1711 unus
2613 1655 2888 1709 Dominus
2926 1658 3316 1707 creaturarum
3367 1653 3630 1707 omnium
3673 1641 3827 1723 quae-

2101 1751 2252 1814 sunt,
2279 1750 2335 1800 et
2357 1749 2682 1810 Auctorem,
2723 1748 2779 1797 et
2829 1742 3159 1809 Dominum,
3213 1747 3271 1796 et
3308 1742 3630 1796 Creatorem
3673 1756 3808 1793 cum

2099 1837 2265 1890 Patre
2308 1837 2365 1887 et
2403 1832 2623 1902 Spiritu
2668 1834 2860 1884 sancto
2914 1829 3177 1882 omnium
3225 1831 3641 1880 creaturarum.
3695 1825 3808 1890 Qui

2098 1939 2298 1994 passus
2342 1921 2416 1976 sit
2444 1937 2576 1974 vera
2632 1919 2819 1974 carnis
2846 1917 3128 1988 passione,
3188 1919 3449 1970 mortuus
3477 1930 3613 1968 vera
3679 1930 3813 1968 cor-

2100 2010 2257 2081 poris
2285 2009 2373 2063 sui
2425 2011 2627 2076 morte,
2684 2006 3022 2060 ressurrexit
3060 2020 3192 2058 vera
3224 2003 3409 2057 carnis
3461 2019 3580 2057 suae
3618 2017 3814 2058 resur-

2101 2098 2375 2164 rectione,
2409 2103 2464 2150 et
2483 2112 2615 2150 vera
2656 2095 2864 2149 anima:
2895 2093 3307 2163 resumptione,
3347 2092 3406 2145 in
3451 2107 3565 2161 qua
3615 2091 3815 2145 veniet

2095 2187 2353 2257 judicare
2380 2186 2538 2240 vivos
2568 2189 2624 2238 et
2650 2188 2927 2238 mortuos.
2956 2181 3341 2246 Quaerendum
3379 2179 3551 2234 etiam
3608 2179 3681 2234 ab
3715 2195 3811 2246 eo,

2103 2275 2150 2329 si
2173 2275 2312 2330 Novi
2341 2279 2397 2328 et
2431 2273 2646 2328 Veteris
2675 2271 3038 2334 Testamenti,
3069 2269 3126 2324 id
3158 2273 3260 2335 est,
3290 2266 3434 2338 legis
3463 2271 3519 2320 et
3551 2267 3814 2336 prophe-

2101 2370 2314 2430 tarum,
2371 2367 2428 2417 et
2472 2362 2885 2432 apostolorum,
2951 2373 3132 2413 unum
3182 2357 3565 2425 eumdemque
3615 2355 3818 2409 credat

2103 2455 2410 2507 Auctorem
2443 2455 2499 2505 et
2531 2450 2858 2504 Dominum.
2909 2448 2966 2503 Si
3014 2447 3276 2502 diabolus
3319 2460 3437 2499 non
3466 2459 3570 2514 per
3608 2443 3815 2497 condi-

2103 2541 2344 2606 tionem,
2377 2539 2475 2593 sed
2513 2555 2620 2610 per
2667 2538 2968 2593 arbitrium
3023 2551 3191 2589 suum
3240 2534 3422 2588 factus
3467 2533 3542 2588 sit
3595 2533 3810 2586 malus.

2105 2628 2491 2695 Quaerendum
2523 2627 2696 2681 etiam
2733 2627 2804 2680 ab
2835 2642 2924 2692 eo,
2957 2625 3005 2678 si
3036 2624 3227 2678 credat
3269 2622 3458 2692 hujus,
3491 2637 3667 2692 quam
3709 2637 3813 2691 ge-

2106 2723 2342 2786 stamus,
2391 2723 2449 2770 et
2487 2732 2604 2770 non
2654 2714 2887 2769 alterius
2943 2712 3130 2768 carnis
3190 2710 3694 2766 resurrectionem.
3753 2709 3816 2764 Si

2105 2805 2297 2860 credat
2345 2803 2626 2874 judicium
2683 2801 2967 2865 futurum,
3020 2804 3350 2870 recepturos
3390 2797 3650 2868 singulos
3704 2812 3813 2867 pro

2107 2893 2195 2948 his
2251 2909 2382 2964 quae
2430 2892 2489 2946 in
2549 2891 2654 2946 hac
2709 2905 2879 2944 carne
2935 2892 3254 2960 gesserunt,
3311 2885 3400 2940 vel
3457 2901 3678 2955 penes,
3721 2883 3812 2938 vel

295 2964 528 3018 demum
581 2962 900 3052 “d‘nel‘tr'
951 2955 1010 3052 Si
1069 2953 1178 3052 ho."
1236 2967 1379 3052 ωσι,
1417 2949 1996 3052 ηειδωῗθηῗξξιῗξιδ
2035 2984 2074 3038 C
2109 2981 2369 3052 praemia.
2402 2980 2458 3034 Si
2491 2979 2721 3049 nuptias
2753 2995 2867 3032 non
2923 2977 3232 3047 improbet.
3265 2975 3322 3030 Si
3371 2973 3618 3028 secunda
3676 2989 3813 3027 ma-

297 3052 490 3106 animo
547 3046 876 3112 concordat,
922 3043 1224 3097 roboratur
1267 3044 1468 3093 vestrae
1520 3033 1867 3106 dignationis
1901 3047 1996 3085 re-

296 3139 624 3209 sponsione.
656 3134 740 3190 Ab
775 3130 1054 3187 universis
1086 3125 1369 3200 episcopis
1415 3125 1630 3178 dictum
1687 3124 1772 3176 est
1801 3135 1814 3174 :
1847 3111 1996 3172 Satis

296 3227 504 3297 placet.

295 3316 422 3370 CAP.
457 3315 571 3369 VII.
605 3341 674 3353 -—
697 3309 873 3377 Quod,
902 3306 1206 3362 nolentibus
1235 3303 1444 3377 clericis
1471 3301 1553 3377 vel
1570 3298 1809 3368 populis,
1841 3310 1994 3350 nemo

761 3373 951 3436 debeat
977 3380 1256 3449 episcopus
1287 3373 1555 3429 ordinari.

365 3467 486 3536 (Ea:
515 3464 659 3520 decr.
695 3461 964 3519 Calestini
988 3445 1167 3527 papae,
1210 3469 1329 3523 cap.
1389 3451 1492 3521 t8.)
1555 3449 1754 3504 Nullus
1807 3445 1998 3499 invitis

297 3555 465 3610 detur
495 3552 824 3623 episcopus;
867 3546 1024 3614 cleri,
1077 3543 1262 3615 plebis
1316 3546 1373 3595 et
1400 3538 1618 3594 ordinis
1666 3550 1994 3602 consensus,

297 3650 356 3699 et
384 3640 733 3698 desiderium
764 3635 1112 3706 requiratur.
1139 3632 1294 3686 Tunc
1342 3631 1484 3684 alter
1514 3627 1584 3681 de
1610 3627 1788 3680 altera
1815 3623 1998 3694 eliga-

297 3739 390 3788 tur
423 3729 685 3796 Ecclesia,
741 3727 787 3779 si
845 3725 914 3779 de
945 3721 1190 3777 civitatis
1235 3719 1416 3791 ipsius
1461 3714 1702 3781 clericis,
1765 3713 1857 3766 cui
1915 3716 2000 3766 est

296 3821 597 3892 episcopus
635 3813 1007 3878 ordinandus,
1043 3809 1236 3864 nullus
1283 3807 1510 3877 dignus,
1569 3803 1721 3874 quod
1769 3799 1997 3856 evenire

297 3887 414 3965 non
452 3887 760 3969 credimus,
801 3899 1056 3972 potuerit
1103 3895 1370 3950 inveniri.
1424 3893 1683 3948 Primum
1730 3890 1885 3943 enim
1917 3887 1999 3941 illi

295 3993 650 4068 reprobandi
678 3997 831 4054 sunt,
867 3994 928 4043 ut
957 3985 1136 4058 aliqui
1167 3986 1235 4039 de
1267 3983 1468 4038 alienis
1503 3979 1761 4036 Ecclesiis
1792 3977 1997 4032 merito

296 4065 694 4156 prefer-antur.
749 4077 963 4133 Habeat
1003 4073 1399 4145 unusquisque
1453 4086 1567 4124 suae
1609 4068 1856 4121 fructum
1899 4065 2002 4118 mi-

296 4155 435 4228 litia
464 4172 524 4225 in
547 4167 812 4233 Ecclesia,
834 4165 895 4219 in
916 4180 1028 4235 qua
1059 4179 1219 4216 suam
1252 4177 1353 4232 per
1383 4159 1578 4214 omnia
1608 4155 1796 4210 officia
1821 4158 2002 4206 trans-

298 4261 416 4332 egit
445 4263 690 4315 aetatem.
726 4257 791 4310 In
813 4254 1000 4308 aliena
1047 4250 1328 4321 stipendia
1380 4247 1619 4302 minime
1646 4244 1791 4297 alter
1834 4241 1997 4295 obre-
2031 4258 2074 4312 ι)

295 4328 566 4422 ρξιὶμιθα
599 4345 698 4400 alii
750 4341 1003 4397 debitam
1061 4341 1204 4394 alter
1260 4336 1370 4391 sibi
1435 4334 1641 4388 audeat
1706 4328 2006 4385 vendicare

298 4416 646 4494 mercedem.
695 4432 782 4487 Sit
829 4430 1067 4484 facultas
1114 4426 1333 4481 clericis
1376 4419 1678 4484 renitendi,
1731 4418 1778 4472 si
1817 4433 1878 4472 se
1914 4416 2002 4470 vi-

300 4526 490 4592 derint
518 4519 887 4595 praegravari.
921 4519 990 4572 Et
1015 4532 1158 4588 quos
1189 4515 1298 4569 sibi
1355 4510 1540 4582 ingeri
1571 4525 1638 4563 ex
1678 4513 2001 4563 transverso

299 4594 692 4687 cognoverint,
736 4625 852 4664 non
883 4609 1126 4661 timeant
1180 4602 1452 4667 refutare,
1509 4596 1686 4669 quisi
1718 4611 1855 4658 non,
1897 4594 2001 4648 de-

297 4686 486 4760 bitum
517 4702 842 4773 praemium,
876 4696 962 4750 vel
987 4696 1235 4749 liberum
1263 4690 1332 4745 de
1377 4705 1444 4743 eo
1490 4686 1590 4758 qui
1621 4701 1716 4740 eos
1741 4688 2003 4738 recturus

301 4799 405 4859 est,
440 4791 650 4847 debent
687 4788 898 4843 habere
920 4782 1222 4854 judicium.

372 4883 501 4943 CAP,
550 4880 690 4934 VIII.
739 4907 809 4918 —
862 4875 969 4940 Qui
1015 4869 1256 4940 episcopi
1298 4869 1426 4943 sunt
1485 4861 1801 4943 ordinandi,
1861 4859 2006 4929 quod

766 4937 994 5000 debeant
1022 4937 1180 5009 prius
1211 4937 1539 4992 ercaminari.

371 5034 479 5104 (Ea:
517 5028 705 5084 concil.
760 5020 1198 5089 Curthaginensi,
1259 5032 1380 5084 cap.
1435 5013 1508 5084 l.)
1557 5011 1662 5076 Qui
1704 5009 2006 5081 episcopus

302 5097 658 5176 ordinandus
686 5117 792 5179 est,
820 5116 989 5164 antea
1019 5104 1402 5167 examinetnr,
1435 5101 1481 5154 si
1513 5106 1721 5153 natura
1755 5097 2006 5167 prudens

302 5216 408 5276 est,
448 5206 496 5260 si
549 5201 829 5265 docibilis,
890 5195 1147 5252 moribus
1201 5193 1569 5260 temperatus,
1623 5187 1736 5240 vita
1793 5189 2004 5252 castus,

302 5298 351 5352 si
376 5295 620 5360 sobrius,
652 5291 699 5344 si
726 5302 953 5358 semper
997 5283 1082 5336 sui
1114 5277 1340 5350 negocii
1393 5292 1616 5342 cavens,
1674 5274 1721 5328 si
1751 5272 2006 5341 humilis,

303 5387 351 5440 si
377 5382 641 5448 alfabilis,
675 5379 720 5433 si
753 5375 1099 5435 misericors,
1133 5371 1178 5423 si
1217 5369 1519 5431 litteratus,
1553 5363 1600 5416 si
1641 5362 1702 5417 in
1744 5363 1872 5432 lege
1906 5361 2008 5415 Do-

303 5472 448 5527 mini
479 5471 806 5530 instructus,
837 5465 884 5518 si
934 5463 997 5516 in
1027 5459 1452 5529 Scripturarum
1484 5451 1744 5506 sensibus
1787 5453 2005 5516 cautus,

305 5562 353 5615 si
409 5560 466 5614 in
531 5554 893 5628 dogmatibus
934 5544 1324 5606 ecclesiasticis
1374 5541 1728 5600 exercitatus.
1761 5538 1828 5594 Et
1876 5544 2007 5594 ante

2106 3070 2380 3124 trimonia
2412 3085 2529 3122 non
2559 3067 2924 3122 condemnet.
2961 3066 3018 3120 Si
3063 3064 3322 3119 carnium
3369 3061 3809 3133 perceptionem

2106 3170 2224 3210 non
2279 3155 2490 3223 culpet.
2549 3152 2607 3207 Si
2661 3151 3072 3223 paenitentibus
3115 3148 3501 3204 reconciliatis
3547 3163 3809 3203 commu-

2109 3244 2279 3298 nicet.
2341 3243 2399 3297 Si
2457 3241 2518 3295 in
2572 3241 2860 3311 baptismo
2918 3239 3112 3294 omnia
3170 3242 3390 3308 pecata,
3449 3236 3508 3291 id
3557 3241 3644 3291 est
3689 3241 3812 3291 tarn

2107 3331 2248 3386 illud
2280 3330 2558 3400 originale
2579 3333 2936 3382 contractum
2968 3343 3140 3398 quam
3188 3327 3287 3380 illa
3316 3341 3443 3396 quae
3488 3325 3813 3379 voluntarie

2108 3419 2356 3474 admissa
2385 3423 2535 3485 sunt,
2573 3417 2960 3481 dimittantur;
2998 3415 3045 3468 si
3093 3420 3248 3468 extra
3277 3413 3581 3467 Ecclesiam
3611 3413 3812 3468 catho-

2107 3509 2275 3564 licam
2321 3509 2469 3562 ullus
2514 3508 2779 3560 salvetur.
2839 3505 2980 3560 Cum
3025 3504 3086 3557 in
3131 3504 3221 3558 his
3287 3503 3556 3556 omnibus
3597 3502 3815 3556 exami-

2107 3603 2296 3664 natus,
2345 3595 2705 3666 pleniterque
2753 3593 3062 3647 instructus
3125 3597 3389 3662 repertus
3430 3589 3626 3658 fuerit,
3674 3595 3816 3644 tunc

2108 3685 2407 3739 ordinetur
2438 3683 2760 3753 episcopus.

2214 3791 2344 3846 CAP.
2377 3790 2462 3844 IX.
2495 3819 2564 3829 —
2598 3790 2665 3843 Ut
2693 3787 2932 3857 episcopi
2960 3787 3380 3855 diligentissime
3402 3785 3704 3855 probentur

2631 3865 2920 3929 antequam
2945 3857 3282 3912 ordinentur.

2182 3949 2294 4019 (Ea:
2334 3950 2502 4003 concil
2548 3949 2856 4009 Aureliam,
2887 3962 3009 4015 cap.
3055 3945 3163 4016 1'2.)
3214 3946 3284 3999 Ut
3302 3942 3558 4014 episcopi
3583 3941 3808 4013 judicio

2110 4036 2707 4106 metropolitanorum,
2763 4039 2820 4088 et
2858 4050 3057 4088 eorum
3104 4034 3506 4104 episcoporum
3553 4031 3655 4102 qui
3701 4031 3813 4084 cir-

2109 4126 2361 4180 cumcisa
2400 4130 2552 4189 sunt,
2598 4125 2990 4194 provehantur
3039 4125 3108 4178 ad
3166 4121 3605 4178 ecclesiasticam
3657 4125 3817 4190 pote-

2115 4215 2337 4278 statem,
2363 4211 2422 4264 hi
2455 4209 2738 4276 videlicet,
2769 4207 2870 4279 qui
2897 4207 3151 4278 plurimo
3176 4212 3437 4278 tempore
3467 4206 3810 4276 probantur,

2115 4307 2231 4356 tam
2254 4300 2427 4354 verbo
2459 4298 2614 4364 ﬁdei,
2647 4313 2822 4369 quam
2853 4303 3024 4350 rectas
3052 4294 3495 4351 conversationis
3525 4295 3809 4363 exemplo.

2110 4407 2238 4462 CAP.
2273 4407 2332 4460 X.
2358 4436 2426 4445 —
2477 4404 2630 4472 Quod
2671 4403 2868 4473 populo
2909 4418 3016 4456 non
3063 4403 3220 4456 liceat
3265 4416 3362 4471 per
3393 4415 3449 4456 se
3477 4399 3816 4456 sacerdotum

2701 4479 2880 4542 facere
2920 4475 3214 4527 electiones.

2182 4565 2289 4636 (Ea:
2339 4565 2526 4619 concil.
2568 4563 2826 4629 Bracar.,
2885 4577 3006 4630 cap.
3063 4561 3136 4626 t.)
3189 4560 3311 4614 Non
3369 4559 3535 4613 liceat
3599 4560 3815 4630 populo

2112 4654 2447 4709 electionem
2479 4653 2661 4706 facere
2708 4667 2811 4722 per
2842 4667 2922 4716 se,
2954 4665 3153 4704 eorum
3182 4649 3282 4719 qui
3331 4647 3405 4702 ad
3431 4648 3814 4702 sacerdotium

2111 4747 2511 4813 provocantur,
2539 4740 2634 4794 sed
2666 4741 2726 4793 in
2755 4737 2974 4810 judicio
3021 4739 3420 4808 episcoporum
3470 4752 3593 4790 esse
3623 4735 3813 4802 debet,

2111 4837 2175 4886 ut
2201 4830 2309 4902 ipsi
2342 4846 2494 4895 eum,
2529 4829 2628 4900 qui
2669 4827 3019 4882 ordinandus
3049 4830 3152 4894 est,
3191 4826 3455 4897 probent,
3499 4824 3546 4878 si
3598 4825 3658 4878 in
3695 4840 3815 4878 ser-

2114 4935 2305 4988 mone,
2337 4923 2392 4972 et
2421 4917 2554 4985 tide,
2586 4923 2643 4971 et
2666 4916 2908 4988 spiritali
2939 4915 3055 4969 vita
3088 4915 3325 4969 edoctus
3362 4913 3452 4967 sit.

2115 5027 2243 5081 CAP.
2299 5024 2386 5078 XI.
2441 5054 2509 5061 —
2542 5021 2698 5088 Quod
2754 5036 2860 5074 non
2907 5019 3211 5073 habeantur
3271 5019 3526 5087 episcopi,
3560 5031 3692 5085 quos
3717 5031 3812 5070 nec

2177 5097 2369 5160 clerus,
2431 5109 2525 5147 nec
2570 5093 2805 5162 populus
2847 5091 3024 5159 elegit,
3073 5105 3167 5144 nec
3190 5089 3662 5158 comprovinciales
3705 5089 3813 5156 cpi-

2185 5168 2334 5234 scopi
2358 5168 2763 5219 consecrarunt.

2189 5271 2341 5340 (Can.
2365 5270 2554 5325 Leonis
2601 5284 2761 5338 papae
2814 5271 2924 5335 15.)
2973 5267 3140 5321 Nulla
3195 5265 3344 5320 ratio
3398 5264 3534 5318 sinit
3564 5271 3628 5318 ut
3666 5263 3814 5319 inter

2116 5360 2410 5431 episcopos
2463 5359 2783 5412 habeantur
2838 5355 2937 5427 qui
2980 5372 3085 5410 nec
3129 5372 3160 5409 a
3208 5353 3428 5408 clericis
3463 5358 3599 5407 sunt
3629 5353 3809 5421 electi,

2117 5465 2223 5503 nec
2277 5464 2311 5501 a
2365 5446 2628 5518 plebibus
2680 5444 2933 5517 expetiti,
2988 5460 3094 5498 nec
3148 5459 3182 5497 a
3243 5441 3812 5513 comprovincialibus

2118 5535 2400 5608 episcopis
2429 5550 2560 5590 cum
2591 5532 3019 5604 metropolitani
3040 5531 3258 5602 judicio
3289 5530 3622 5585 consecrati.
3656 5531 3809 5584 Unde
