3956 6352
309 366 410 418 55ἰ5

1377 353 1786 410 BURCHARDI
1822 350 2358 406 WORMACIENSIS
2397 349 2735 406 EPISCOPI.

3708 351 3812 402 556

312 488 439 543 CAP.
496 486 625 540 XXI.
679 513 744 523 -
783 483 873 537 Ne
920 482 1161 549 episcopi
1203 495 1305 549 per
1354 479 1712 533 Simoniacam
1761 476 2006 530 haeresim
2045 478 2090 528 Α
2119 474 2252 528 bere
2284 490 2399 528 non
2426 473 2668 528 differat.
2701 472 2865 535 Quod
2899 470 2947 524 si
2984 470 3136 524 ultra
3165 468 3423 540 quinque
3453 485 3679 523 menses
3708 483 3814 538 per

758 555 1040 619 regiminis
1073 553 1242 605 locum
1263 551 1556 603 obtineant.

385 645 494 714 (Ea:
546 644 735 697 concil.
780 641 1050 703 Mode-nsi,
1083 654 1204 706 cap.
1252 637 1365 705 43.)
1414 635 1737 689 Cavendum
1775 637 1832 687 et
1861 649 2012 686 sum-

313 748 549 802 mopere
598 730 1038 801 praecavendum
1087 742 1151 779 ac
1191 741 1292 795 per
1323 725 1589 778 virtutem
1623 723 1832 777 Christi
1882 737 2010 774 san-

315 821 506 890 guinis
535 818 994 872 interdicendum
1043 814 1324 884 episcopis
1358 818 1414 866 et
1443 811 1694 882 regibus,
1733 816 1790 864 et
1834 809 2013 862 omni-

315 910 422 964 bus
454 905 882 962 sublimioribus
921 903 1315 978 potestatibus,
1349 905 1519 971 atque
1565 899 1782 953 cunctis
1825 897 2009 952 fauto-

315 997 473 1050 ribus
501 1002 558 1049 et
585 993 946 1056 electoribus,
971 1005 1488 1060 quorumcumque,
1510 993 1680 1058 atque
1706 1001 2012 1039 consenso-

315 1085 491 1149 ribus,
541 1099 640 1136 seu
685 1078 1106 1134 ordinatoribus
1157 1078 1215 1130 in
1263 1078 1442 1146 gradu
1506 1073 1902 1139 ecclesiastico,
1949 1078 2016 1126 ut

315 1188 485 1225 nemo
547 1185 652 1240 per
686 1166 1060 1223 Simoniacam
1112 1166 1400 1229 haeresim,
1469 1162 1768 1232 regiminis
1823 1162 2012 1214 locum

316 1260 571 1313 obtineat
613 1271 971 1327 quacumque
1011 1254 1281 1319 factione,
1327 1252 1654 1316 calliditate,
1687 1248 2012 1320 promissio-

317 1364 409 1411 ne,
442 1363 541 1399 seu
574 1344 983 1398 commoditate
1017 1363 1028 1406 ;
1066 1347 1164 1394 aut
1201 1342 1488 1394 dationem
1531 1355 1636 1408 per
1673 1354 1752 1403 se,
1787 1343 1886 1391 aut
1914 1353 2015 1406 per

317 1435 581 1488 emissam
606 1448 926 1503 personam,
952 1447 1081 1483 cum
1115 1429 1359 1497 Spiritus
1380 1433 1607 1480 sanctus
1636 1427 1785 1479 inter
1809 1430 2015 1478 caetera

316 1523 659 1576 documenta
687 1536 790 1590 per
821 1536 881 1571 os
931 1519 1082 1572 dicat
1109 1517 1364 1586 Gregorii
1400 1532 1414 1568 :
1459 1517 1571 1568 Cur
1612 1530 1723 1568 non
1774 1528 2016 1582 perpen-

315 1611 401 1664 dit
435 1610 570 1679 quia
617 1607 939 1662 benedictio
982 1606 1064 1659 illi
1114 1606 1173 1658 in
1228 1603 1685 1658 maledictionem
1741 1600 2016 1654 converti-

314 1697 453 1752 tur?
487 1699 550 1751 Et
578 1696 713 1750 alibi
746 1712 758 1748 :
796 1696 1020 1759 Dolens,
1069 1694 1276 1763 inquit,
1320 1693 1466 1757 dico,
1523 1707 1758 1761 gemens
1789 1691 2008 1744 denun-

314 1785 586 1855 tio,.quia
633 1783 1011 1837 sacerdotium
1063 1782 1212 1851 quod
1248 1781 1401 1850 apud
1451 1796 1549 1832 vos
1593 1779 1746 1832 intus
1783 1776 2004 1844 cecidit,

312 1872 451 1926 foris
477 1873 571 1925 diu
598 1876 744 1924 stare
777 1887 887 1923 non
921 1869 1152 1936 poterit.

315 1961 442 2015 Car.
476 1960 637 2012 XXII.
682 1987 751 1997 —
791 1958 874 2010 De
917 1959 1001 2010 his
1049 1958 1146 2023 qui
1170 1957 1342 2022 pretio
1378 1969 1591 2008 sacram
1631 1955 1856 2006 mercati
1884 1955 2009 2005 sunt

1009 2027 1348 2091 dignitatem.

387 2101 490 2166 (Ea:
513 2099 743 2168 epistola
773 2099 985 2151 Gelasii
1029 2111 1209 2164 papae,
1268 2111 1383 2162 cap.
1431 2094 1502 2158 5.)
1537 2093 1690 2156 Quos
1738 2091 2005 2145 constite-

314 2189 390 2240 rit
445 2187 710 2256 indignos
769 2184 1007 2247 meritis,
1068 2199 1283 2235 sacram
1343 2187 1620 2234 mercatus
1667 2196 1788 2234 esse
1825 2179 2009 2249 pretio

312 2274 671 2343 dignitatem,
725 2272 1012 2324 convictos
1070 2274 1292 2340 oportet
1341 2269 1540 2332 arceri,
1590 2268 1726 2338 quia
1778 2268 2009 2322 dantem

312 2361 528 2432 pariter
582 2359 1071 2429 accipientemque
1139 2356 1427 2410 damnatio
1500 2356 1767 2412 Simonis.
1836 2371 2008 2426 quam

315 2465 475 2503 sacra
507 2447 672 2500 lectio
698 2451 954 2508 testatur,
975 2444 1227 2497 involvit.

724 2534 853 2588 CAP.
889 2534 1070 2587 XXIII.
1107 2563 1168 2572 —
1205 2533 1282 2585 De
1311 2531 1494 2586 eadem
1525 2546 1598 2585 re.

389 2625 499 2691 (Ea:
529 2625 688 2692 epist.
741 2621 1060 2676 Hormisdz
1103 2636 1281 2689 papa,
1333 2636 1451 2689 cap.
1508 2619 1612 2686 10.)
1647 2620 1761 2672 Hoc
1816 2617 2009 2687 itaque

317 2712 386 2767 ad
417 2711 610 2781 priora
639 2709 1065 2779 conjungimus,
1098 2724 1168 2761 ne
1197 2707 1519 2762 benedictio
1552 2723 1656 2776 per
1683 2705 2012 2776 impositio-

315 2815 446 2855 nem
484 2815 705 2864 manus,
740 2813 866 2866 quas
907 2813 941 2849 a
975 2798 1089 2849 Deo
1122 2812 1241 2848 esse
1273 2795 1544 2862 creditur,
1573 2793 1757 2864 pretio
1787 2809 2013 2863 compa-

313 2893 510 2952 retur;
545 2886 680 2956 quia
719 2885 912 2940 Simon
956 2883 1228 2952 Spiritum
1280 2887 1535 2936 sanctum
1588 2882 1782 2935 volens
1823 2881 2010 2952 pretio

314 2973 577 3037 mercari,
611 2972 854 3040 apostoli
885 2970 989 3024 fuit
1016 2970 1391 3023 detestatione
1422 2984 1742 3038 percussus.

317 3062 450 3117 CAP.
535 3060 718 3115 XXIV.
793 3089 862 3098 -—-
939 3057 1094 3122 Quod
1161 3073 1268 3110 non
1339 3061 1581 3116 oporteat
1646 3055 2011 3110 ordinationes

785 3131 1153 3197 episcoporum
1179 3127 1277 3180 diu
1306 3127 1540 3194 differri.

392 3216 556 3286 (Cap.
593 3218 680 3271 25.
735 3215 1008 3285 Chalced.)
1041 3214 1321 3279 Quoniam
1382 3213 1619 3284 quidam
1677 3212 2012 3283 metropoli-

317 3309 609 3366 tanorum,
639 3308 916 3374 quantum
945 3302 1354 3372 comperimus,
1406 3302 1710 3370 negligunt
1746 3300 2010 3354 commis-

317 3409 409 3446 sos
439 3391 547 3446 sibi
577 3407 799 3462 greges,
840 3395 897 3444 et
927 3389 1320 3445 ordinationes
1376 3390 1772 3459 episcoporum
1829 3389 2012 3442 facere

316 3479 611 3546 differunt,
655 3479 871 3550 placuit
923 3483 1130 3532 sancta:
1181 3477 1396 3548 synodo
1437 3477 1588 3532 intra
1620 3483 1734 3530 tres
1789 3493 2012 3531 menses

315 3568 712 3622 ordinationes
764 3566 1166 3635 episcoporum
1215 3565 1506 3633 celebrari,
1559 3565 1668 3618 nisi
1716 3565 1858 3619 forte
1908 3582 2011 3618 ne-

320 3656 552 3707 cessitas
607 3654 1010 3708 inexcusabilis
1064 3658 1348 3724 praeparet
1415 3657 1642 3721 tempus
1721 3652 2010 3706 dilationis

289 3742 585 3795 extendi:
639 3742 792 3811 quod
849 3742 895 3794 si
943 3742 1052 3796 hoc
1103 3742 1342 3795 minime
1394 3739 1607 3805 fecerit,
1661 3739 2010 3809 correptioni

316 3828 721 3882 Ecclesiasticte
775 3828 1108 3898 subjacebit.
1171 3829 1574 3881 Verumtamen
1623 3827 1841 3880 reditus
1910 3828 2008 3880 Ec-

322 3915 512 3970 clesia
544 3915 790 3969 viduata:
822 3931 998 3986 penes
1051 3930 1412 3969 ceconomum
1459 3913 1716 3983 ejusdem
1756 3913 2010 3968 Ecclesiae

313 4003 526 4073 integri
562 4009 944 4057 reserventur.

314 4091 442 4146 CAP.
503 4091 660 4146 XXV.
733 4121 799 4132 —
856 4093 931 4146 De
997 4090 1432 4145 ordinationibus
1485 4092 1854 4160 episcoporum
1910 4090 2008 4145 diu

862 4165 1084 4216 minime
1121 4161 1459 4230 differendis.

2120 578 2282 616 suam
2323 560 2732 632 negligentiam
2793 558 3094 612 retinuerit
3137 557 3429 611 viduatam
3478 557 3812 622 Ecclesiam,

2120 668 2308 722 neque
2338 651 2417 704 ibi
2449 665 2636 720 neque
2668 647 2806 700 alibi
2827 645 3269 699 consecrationis
3291 646 3505 699 donum
3537 644 3818 715 percipiat

2119 740 2238 792 imo
2270 737 2692 809 metropolitani
2719 736 2806 788 sui
2828 735 3049 805 judicio
3083 735 3267 790 cedat.

2121 829 2247 882 CAP.
2279 828 2455 882 XXVI.
2489 857 2555 865 —
2588 825 2816 892 Quando
2847 827 2968 893 quis
2997 824 3188 876 debeat
3222 839 3255 876 a
3284 824 3478 877 vicinis
3517 819 3818 891 provincia

2683 899 2946 964 episCOpis
2973 894 3244 948 ordinari.

2191 987 2383 1057 (Can.
2430 986 2689 1050 Sardic.,
2758 987 2857 1049 5.)
2919 982 3082 1038 Osius
3135 982 3435 1051 episcopus
3493 980 3635 1036 dixit
3686 996 3700 1034 :
3760 980 3817 1034 Si

2119 1075 2422 1146 contigerit
2454 1077 2514 1128 in
2563 1089 2677 1127 una
2723 1071 3036 1142 provincia,
3091 1071 3150 1123 in
3196 1086 3308 1140 qua
3337 1069 3570 1138 plurimi
3601 1070 3819 1122 fuerint

2121 1163 2393 1235 episcopi,
2427 1179 2608 1216 unum
2641 1163 2782 1215 forte
2821 1175 3120 1214 remanere
3150 1159 3500 1228 episcopum,
3533 1163 3589 1212 et
3619 1158 3818 1228 populi

2121 1253 2511 1317 convenerint,
2544 1249 2795 1320 episcopi
2826 1249 3029 1302 vicina:
3060 1247 3366 1318 provincite
3396 1247 3606 1300 debent
3652 1247 3817 1301 illum

2119 1340 2280 1411 prius
2309 1339 2614 1393 convenire
2645 1339 2977 1409 episcopum
3025 1336 3124 1400 qui
3153 1335 3214 1389 in
3259 1351 3326 1388 ea
3353 1335 3646 1404 provincia
3697 1351 3816 1388 mo-

2120 1433 2298 1494 ratur,
2334 1432 2388 1480 et
2408 1427 2702 1480 ostendere
2734 1425 2886 1496 quod
2927 1423 3123 1494 populi
3159 1427 3358 1493 petant
3397 1423 3503 1477 sibi
3537 1429 3814 1476 rectorem

2121 1521 2178 1570 et
2208 1515 2317 1569 hoc
2362 1515 2580 1585 justum
2613 1531 2756 1581 esse,
2809 1517 2872 1566 ut
2907 1518 2965 1565 et
3010 1512 3119 1581 ipsi
3149 1511 3377 1564 veniant
3428 1517 3484 1564 et
3523 1527 3654 1564 cum
3689 1511 3816 1580 ipso

2123 1604 2388 1658 ordinent
2436 1603 2788 1673 episcopum.
2823 1601 2986 1665 Quod
3039 1600 3087 1653 si
3117 1606 3428 1654 conventus
3469 1600 3680 1654 litteris
3725 1607 3816 1652 ta-

2123 1691 2323 1758 cuerit,
2359 1695 2415 1744 et
2443 1691 2902 1755 dissimulaverit,
2936 1689 3194 1758 nihilque
3227 1688 3599 1758 rescripserit,
3646 1689 3818 1742 satis-

2121 1779 2446 1832 faciendum
2498 1795 2617 1832 esse
2661 1777 2912 1848 populis,
2968 1781 3032 1829 ut
3085 1777 3317 1830 veniant
3343 1793 3410 1830 ex
3448 1777 3633 1830 vicina
3678 1793 3820 1847 pro-

2116 1867 2302 1920 vincia
2329 1866 2605 1936 episcopi,
2635 1872 2691 1920 et
2720 1865 2988 1919 ordinent
3017 1865 3376 1935 episcopum.

2119 1955 2243 2008 CAP.
2300 1955 2502 2009 XXVII.
2562 1984 2632 1993 —
2687 1956 2752 2008 Ut
2807 1955 3086 2020 episcopus
3142 1968 3250 2007 non
3305 1959 3641 2008 consecretur
3704 1956 3822 2008 sine

2720 2025 2894 2078 tribus
2927 2027 3209 2092 episcopis.

2192 2099 2297 2160 (Em
2345 2096 2565 2148 consilio
2607 2093 2938 2160 Arelatensi,
2972 2109 3092 2164 cap.
3144 2095 3222 2159 5.)
3269 2094 3466 2147 Nullus
3515 2094 3820 2165 episcopus

2121 2182 2244 2236 sine
2284 2181 2713 2250 metropolitani
2748 2181 3051 2251 permissu,
3101 2197 3205 2235 nec
3254 2182 3554 2252 episcopus
3619 2191 3824 2237 metro-

2122 2271 2411 2342 politanus
2465 2271 2584 2324 sine
2643 2270 2827 2324 tribus
2893 2270 3174 2340 episcopis
3221 2272 3821 2340 comprovincialibus,

2119 2364 2434 2430 presumat
2479 2359 2815 2428 episcopum
2863 2359 3147 2425 ordinare,
3199 2358 3278 2411 ita
3309 2366 3368 2412 ut
3415 2358 3511 2412 alii
3556 2375 3822 2429 Compro-

2118 2447 2390 2500 vinciales
2435 2446 2689 2518 epistolis
2739 2446 3176 2513 admoneantur,
3211 2451 3271 2498 ut
3313 2463 3369 2499 se
3413 2463 3515 2500 suo
3547 2463 3823 2517 responso

2119 2535 2470 2589 consensisse
2514 2535 2863 2605 signiﬁcent.
2903 2534 3060 2599 Quod
3111 2534 3156 2587 si
3200 2534 3349 2587 inter
3394 2542 3585 2605 partes
3625 2536 3824 2606 aliqua

2118 2623 2293 2676 fuerit
2330 2622 2636 2691 dubitatio,
2677 2623 2882 2692 majori
2926 2623 3405 2692 metropolitanus
3448 2623 3509 2676 in
3539 2623 3822 2678 electione

2118 2711 2452 2764 consentiat.

2121 2798 2247 2851 CAP.
2300 2796 2530 2851 XXVIII.
2589 2826 2658 2836 —
2711 2799 2777 2852 Ut
2823 2799 3101 2865 episcopus
3153 2813 3260 2850 non
3310 2798 3590 2851 ordinetur
3638 2801 3824 2854 minus

2191 2883 2355 2935 quam
2387 2883 2420 2920 a
2469 2867 2662 2932 tribus,
2714 2872 2766 2922 et
2808 2870 2858 2920 si
2903 2871 3025 2935 ﬁeri
3060 2871 3235 2937 possit
3263 2869 3703 2938 archiepiscopus
3753 2874 3822 2925 ab

2189 2938 2435 2991 omnibus
2459 2939 3020 3006 comprovincialibus.

2191 3028 2300 3090 (Ea:
2327 3027 2484 3094 epist.
2522 3027 2709 3080 Anicii
2734 3041 2893 3095 papa:
2926 3025 3172 3080 Ecclesiis
3194 3040 3295 3094 per
3348 3027 3591 3080 Galliam
3619 3032 3822 3083 consti-

2121 3116 2254 3166 tutis
2287 3113 2542 3182 directa.)
2587 3115 2665 3167 De
2709 3113 3167 3166 ordinationibus
3199 3114 3595 3182 episcoporum
3647 3133 3823 3187 super

2119 3200 2327 3271 quibus
2373 3218 2477 3254 nos
2526 3202 2819 3255 consulere
2849 3201 3101 3267 voluisti,
3151 3202 3288 3254 olim
3341 3202 3400 3255 in
3432 3203 3638 3272 spiritu
3668 3221 3819 3274 prai-

2119 3288 2356 3342 cessoris
2392 3288 2573 3342 nostri
2603 3289 2858 3344 Anacleti
2900 3290 3177 3358 {quasdam
3220 3290 3340 3359 jam
3386 3290 3612 3345 decreta
3656 3309 3820 3364 repe-

2119 3376 2326 3430 rimus.
2372 3375 2591 3430 Scimus
2625 3377 2780 3430 enim
2821 3377 3213 3431 beatissimum
3260 3379 3546 3439 Jacobum,
3589 3382 3692 3451 qui
3737 3383 3820 3436 di-

2120 3464 2352 3517 cabatur
2377 3463 2592 3531 Justus,
2625 3465 2726 3535 qui
2773 3466 3084 3519 secundum
3141 3466 3310 3519 etiam
3363 3483 3590 3521 carnem
3639 3469 3821 3524 frater

2121 3552 2349 3606 Domini
2392 3558 2755 3620 nuncupatus
2785 3559 2888 3619 est,
2936 3569 2967 3606 a
3016 3555 3204 3618 Petro,
3239 3555 3447 3608 Jacobo
3495 3562 3551 3609 et
3592 3557 3817 3612 Joanne

2119 3639 2410 3709 apostolis,
2462 3639 2871 3710 Hierosolymis
2923 3639 3257 3711 episcopum
3307 3658 3426 3695 esse
3458 3643 3813 3701 ordinatum.

2117 3728 2174 3782 Si
2199 3733 2389 3782 autem
2438 3744 2555 3782 non
2597 3727 2786 3782 minus
2816 3745 2988 3796 quam
3020 3746 3052 3782 a
3081 3728 3263 3782 tribus
3295 3729 3568 3800 apostolis
3620 3736 3818 3784 tantus

2116 3816 2202 3870 vir
2231 3817 2341 3871 fuit
2371 3816 2690 3882 ordinatus,
2722 3822 2880 3886 patet
2938 3817 3193 3887 profecto
3238 3833 3334 3871 eos
3370 3819 3615 3872 formam
3655 3819 3819 3874 insti-

2118 3908 2315 3958 tuente
2341 3905 2588 3958 Domino
2629 3905 2951 3971 tradidisse,
2985 3921 3098 3959 non
3134 3907 3323 3959 minus
3363 3923 3534 3978 quam
3569 3925 3598 3961 a
3629 3909 3815 3962 tribus

2117 3991 2400 4062 episcopis
2430 3993 2765 4062 episcopum
2795 3993 3047 4047 ordinari
3079 3994 3284 4048 debere
3328 4010 3340 4061 ;
3389 3995 3486 4048 sed
3519 4002 3814 4050 crescente

2114 4095 2358 4133 numero
2413 4080 2834 4149 episcoporum,
2887 4079 2998 4132 nisi
3055 4081 3358 4134 necessitas
3413 4080 3813 4149 intervenerit,

2115 4167 2324 4221 debent
2348 4168 2520 4220 etiam
2553 4169 2744 4236 plures
2773 4168 2992 4238 augeri.
3024 4167 3081 4222 Si
3113 4173 3304 4221 autem
3347 4168 3815 4240 archiepiscopus

382 4249 489 4319 (Ea:
511 4249 652 4344 decr.
695 4251 1128 4344 Damasipapae,
1163 4263 1283 4318 cap.
1335 4252 1414 4317 2.)
1453 4248 1731 4312 Quoniam
1773 4249 2003 4319 quidam
2047 4291 2089 4344 Β
2117 4253 2341 4319 abierit,
2400 4259 2455 4307 et
2502 4255 2646 4308 alter
2697 4254 3049 4308 ordinandus
3105 4255 3564 4326 archiepiscopus
3613 4257 3811 4324 fuerit,

310 4337 882 4407 metropolitanorum
906 4336 1077 4392 ﬁdem
1101 4353 1260 4390 suam
1282 4338 1593 4391 secundum
1619 4338 1860 4408 priscam
1883 4354 2004 4392 con-

309 4425 672 4479 suetudinem
728 4431 935 4479 sancte
980 4425 1102 4479 sedi
1128 4425 1456 4494 apostolica:
1501 4441 1786 4495 exponere
1815 4426 2000 4479 detre-

308 4516 544 4579 ctantes,
591 4527 759 4566 nsum
807 4513 966 4582 pallii
1018 4529 1205 4582 neque
1248 4518 1536 4582 expetunt,
1587 4529 1775 4582 neque
1812 4512 2001 4581 perci-

308 4599 494 4668 piunt,
545 4615 607 4653 ac
654 4615 756 4670 per
782 4601 889 4654 hoc
917 4601 1314 4670 episcoporum
1360 4600 1710 4654 consecratio
1757 4599 2000 4654 viduatis

306 4686 566 4741 Ecclesiis
589 4703 704 4741 non
730 4687 849 4742 sine
877 4688 1130 4758 periculo
1156 4688 1494 4758 protelatur,
1525 4688 1738 4756 placuit
1762 4692 1824 4741 ut
1850 4688 1999 4757 quis-

306 4774 435 4845 quis
467 4777 943 4838 metropolitanus
976 4778 1122 4829 ultra
1152 4782 1269 4829 tres
1302 4791 1525 4829 menses
1554 4775 1997 4829 consecrationis

303 4878 423 4917 sum
455 4864 523 4917 ad
553 4865 728 4918 ﬁdem
767 4880 926 4918 suam
959 4863 1377 4934 exponendam,
1419 4863 1774 4934 palliumque
1814 4864 1995 4918 susci-

302 4951 601 5021 piendum,
633 4951 703 5005 ad
754 4951 1122 5021 apostolicam
1155 4951 1347 5004 sedem
1378 4967 1494 5004 non
1547 4951 1788 5016 miserit,
1837 4967 1993 5005 com-

304 5038 479 5092 missa
508 5039 615 5092 sibi
644 5045 834 5093 careat
860 5039 1156 5107 dignitate,
1190 5038 1374 5108 sitque
1402 5037 1653 5092 licientia
1702 5045 1992 5108 metropo-

298 5124 494 5179 litanis
524 5125 649 5179 aliis
675 5132 804 5195 post
833 5125 1140 5178 secundam
1163 5130 1216 5177 et
1235 5125 1460 5179 tertiam
1487 5125 1990 5180 commonitionem

298 5213 545 5267 viduatis
594 5213 854 5268 Ecclesiis
904 5229 1033 5266 cum
1099 5212 1334 5266 consilio
1393 5213 1635 5267 Romani
1706 5214 1991 5283 pontificis

297 5301 617 5355 ordinando
647 5302 979 5371 episcopum
1019 5301 1338 5354 subvenire.
1374 5301 1431 5356 Si
1457 5317 1588 5355 vero
1618 5303 1988 5356 consecrandi

297 5389 551 5459 episcopi
579 5390 932 5460 negligentia
962 5389 1310 5460 provenerit,
1353 5395 1416 5442 ut
1442 5391 1593 5443 ultra
1620 5394 1733 5444 tres
1764 5405 1987 5445 menses

297 5477 541 5531 Ecclesia
595 5478 826 5532 viduata
893 5477 1184 5542 consistat,
1242 5477 1648 5532 communione
1707 5479 1982 5548 privetur,

295 5579 596 5636 quousque
627 5571 725 5620 aut
751 5567 873 5620 loco
921 5567 1102 5633 cedat,
1137 5570 1237 5619 aut
1273 5581 1332 5621 se
1366 5568 1814 5622 consecrandum
1835 5583 1982 5638 prae-

2115 4357 2312 4395 omnes
2347 4342 2603 4412 ejusdem
2643 4342 2947 4411 provincias
2989 4343 3244 4414 episcopi
3275 4345 3343 4397 ad
3377 4343 3567 4397 sedem
3603 4351 3814 4398 metro-

2075 4502 2078 4504 γ
2114 4431 2426 4498 politanam
2485 4429 2845 4497 conveniant,
2901 4435 2965 4484 ut
2997 4431 3067 4483 ab
3112 4431 3378 4485 omnibus
3405 4431 3526 4500 ipse
3558 4432 3812 4500 eligatur

2112 4519 2168 4566 et
2195 4516 2512 4571 ordinetur.
2537 4518 2773 4586 Oportet
2801 4523 2991 4572 autem
3022 4518 3226 4588 utipse
3258 4522 3354 4590 qui
3394 4520 3506 4574 illis
3537 4521 3809 4574 omnibus

2111 4619 2353 4672 praeesse
2387 4605 2574 4672 debet,
2627 4607 2696 4659 ab
2741 4607 3009 4661 omnibus
3052 4607 3163 4660 illis
3208 4609 3454 4678 eligatur
3492 4615 3550 4663 et
3584 4612 3809 4664 ordine-

2107 4696 2216 4744 tur.
2273 4692 2500 4764 Reliqui
2537 4709 2670 4747 vero
2719 4695 3220 4765 comprovinciales
3276 4696 3550 4766 episcopi,
3606 4697 3655 4749 si
3712 4714 3809 4752 ne-

2108 4794 2258 4833 cesse
2304 4780 2498 4847 fuerit,
2546 4783 2764 4835 caeteris
2810 4783 3317 4848 consentientibus,
3350 4801 3383 4838 a
3412 4785 3594 4838 tribus
3635 4785 3805 4855 jussu

2107 4868 2518 4939 archiepiscopi
2547 4870 2867 4924 consecrari
2901 4876 3138 4941 possunt
3168 4872 3440 4942 episcopi,
3471 4873 3566 4926 sed
3593 4874 3806 4928 melius

2105 4959 2191 5008 est
2219 4955 2266 5008 si
2295 4955 2415 5026 ipse
2446 4973 2576 5010 cum
2605 4958 2871 5012 omnibus
2901 4974 3034 5012 eum
3084 4959 3181 5028 qui
3212 4960 3422 5030 dignus
3470 4966 3556 5014 est
3609 4962 3801 5032 elege—

2104 5041 2198 5108 rit,
2247 5047 2303 5097 et
2332 5045 2522 5098 cuncti
2576 5046 2792 5115 pariter
2841 5048 3299 5102 consecraverint
3348 5048 3703 5118 pontiﬁcem.
3738 5051 3804 5104 Et

2103 5129 2232 5185 licet
2277 5131 2429 5186 istud
2481 5134 2814 5188 necessitate
2846 5141 3085 5205 cogente
3124 5152 3456 5190 concessum
3512 5137 3605 5202 sit,
3655 5137 3801 5192 illud

2100 5223 2291 5272 autem
2321 5221 2472 5290 quod
2521 5220 2590 5275 de
2643 5223 3058 5293 archiepiscopi
3106 5223 3531 5278 consecratione
3578 5240 3799 5295 prame-

2097 5313 2261 5377 ptum
2303 5314 2471 5378 atque
2504 5310 2836 5378 praedictum
2887 5315 2990 5377 est,
3027 5312 3084 5365 id
3116 5316 3218 5378 est,
3255 5317 3318 5365 ut
3349 5328 3548 5365 omnes
3601 5313 3798 5368 suifra-

2097 5395 2266 5464 ganei
2291 5412 2418 5449 eum
2443 5397 2726 5464 ordinent,
2763 5399 3092 5452 nullatenus
3141 5401 3432 5453 immutari
3467 5400 3616 5467 licet,
3660 5403 3798 5472 quia

2095 5482 2194 5552 qui
2224 5482 2336 5535 illis
2391 5489 2622 5552 praeest,
2653 5485 2723 5538 ab
2753 5485 3021 5539 omnibus
3060 5485 3340 5557 episcopis
3386 5487 3596 5556 quibus
3646 5504 3794 5557 prae-

2095 5574 2196 5636 est,
2231 5570 2396 5624 debet
2427 5572 2713 5626 constitui.
2772 5573 2869 5627 Sin
2917 5575 3084 5628 aliter
3129 5580 3548 5645 praesumptum
3599 5576 3791 5648 fuerit,
