3956 6308
138 414 244 463 557

1124 408 1601 464 DECRETORUM
1643 408 1827 463 LIBRI
1865 406 1972 462 XX.
2015 436 2082 444 —
2128 406 2343 462 LIBER
2387 407 2667 462 PRIMUS.

3540 412 3642 463 558

137 532 354 587 viribus
375 548 565 586 carere
597 547 713 586 non
759 530 999 586 dubium
1053 535 1157 598 est,
1189 532 1326 603 quia
1353 532 1516 586 irrita
1546 531 1653 585 erit
1697 530 1819 600 ejus
1850 533 1894 583 A
1934 528 2064 583 CAP.
2096 528 2321 583 XXXIII.
2354 557 2423 603 -_—
2467 528 2546 581 De
2574 528 2999 603 Wamba,__rege
3050 530 3353 603 Gallorum,
3386 535 3482 599 qui
3511 548 3629 585 con-

134 638 302 677 secus
337 627 459 676 acta
480 621 787 676 ordinatio.

133 729 271 783 CAP.
304 729 473 784 XXIX.
504 757 571 768 —
609 730 685 783 De
722 729 967 795 episcopo
1003 729 1100 794 qui
1138 727 1307 780 alium
1344 730 1460 781 sine
1500 742 1602 782 sua
1647 726 1832 780 volun-

558 804 668 853 tate
696 803 1002 867 episcopum
1031 797 1402 852 ordinaverat.

203 904 327 974 (Ea:
354 906 509 973 epist.
566 904 837 972 Simplicii
868 918 1027 972 papa
1080 907 1248 957 missa
1290 905 1488 957 Joanni
1526 904 1833 958 Ravennati

124 996 367 1061 episcop.
400 1007 500 1061 cap
558 995 632 1057 l.)
662 992 719 1046 Si
776 992 903 1062 quis
961 995 1109 1045 esset
1167 991 1410 1044 intuitus
1464 991 1530 1044 ad
1566 1006 1826 1044 normam

123 1080 524 1135 ecclesiasticae
579 1080 915 1150 disciplinae,
939 1080 1028 1133 vel
1059 1079 1108 1132 si
1165 1080 1304 1149 quid
1356 1079 1503 1149 apud
1552 1084 1607 1132 te
1648 1094 1828 1132 sacer-

124 1169 334 1223 dotalis
365 1168 659 1223 modestiae
687 1173 998 1235 teneretur,
1032 1183 1326 1237 nunquam
1359 1168 1673 1238 plectibiles
1702 1183 1827 1236 per-

124 1261 497 1325 petrarentur
529 1271 807 1309 excessus.
867 1258 913 1309 A
942 1255 1148 1326 quibus
1197 1255 1247 1308 si
1294 1255 1451 1308 nullo
1480 1259 1534 1308 te
1565 1260 1827 1324 paterna-

124 1359 259 1397 rum
290 1346 615 1413 regularum
664 1349 894 1413 poteras
943 1343 1238 1396 continere
1281 1347 1590 1412 prlecepto,
1623 1342 1821 1395 saltem

124 1436 340 1485 sancte
373 1432 659 1485 memoria:
710 1432 1143 1501 prmdecessoris
1187 1430 1271 1484 tui
1308 1430 1496 1484 fueras
1551 1446 1823 1483 revocan-

124 1516 235 1570 dus
268 1519 546 1587 exemplo,
582 1516 683 1587 qui
713 1532 843 1570 cum
897 1516 1156 1570 faciendo
1190 1516 1586 1585 presbyterum
1635 1515 1821 1568 minus

121 1605 464 1675 deliquisset
492 1605 757 1671 invitum,
797 1610 1051 1658 senserat
1090 1610 1283 1658 tamen
1313 1604 1551 1674 dignum
1594 1620 1694 1674 pro
1721 1604 1820 1656 tali

122 1694 497 1763 usurpatione
555 1693 861 1762 judicium.
922 1692 1028 1747 Ubi
1086 1692 1196 1746 ista
1253 1692 1520 1758 didicisti,
1575 1707 1704 1761 qua:
1760 1691 1821 1744 in

117 1781 361 1835 fratrem
408 1786 464 1835 et
519 1781 921 1851 coepiscopum
975 1785 1235 1833 nostrum
1279 1779 1639 1849 Gregorium,
1701 1795 1814 1832 non
1851 1808 1890 1860 Β

118 1869 428 1937 electione,
471 1870 566 1923 sed
608 1868 825 1922 invidia
853 1868 1212 1938 perpetrasti,
1247 1883 1418 1937 quem
1447 1866 1821 1920 inexcusabili

116 1956 393 2010 violentia
417 1956 669 2026 pertrahi
728 1956 800 2009 ad
857 1961 909 2008 te
964 1970 1160 2025 passus
1193 1970 1271 2018 es,
1315 1959 1485 2024 atque
1516 1954 1726 2018 vexari,
1759 1957 1823 2005 ut

116 2044 172 2097 ei
202 2045 481 2098 honorem
512 2050 752 2105 tantum,
795 2060 913 2097 non
952 2060 1055 2113 per
1111 2042 1290 2096 animi
1326 2041 1815 2112 tranquillitatem,

116 2132 219 2185 sed
276 2148 382 2202 per
433 2133 767 2198 amentiam,
826 2132 971 2185 sicut
1023 2131 1327 2185 dicendum
1383 2136 1467 2183 est
1496 2129 1819 2199 irrogares?

121 2221 321 2290 Neque
377 2221 529 2274 enim
569 2220 705 2274 talia
754 2220 1071 2290 potuissent
1100 2219 1246 2286 ﬁeri,
1307 2218 1544 2272 sanitate
1574 2217 1812 2271 consilii.

120 2309 400 2362 Nolumus
430 2324 771 2378 exaggerare
822 2309 978 2379 quod
1026 2312 1251 2378 gestum
1289 2311 1391 2373 est,
1427 2322 1497 2361 ne
1545 2321 1819 2376 cogamur

111 2395 376 2465 judicare
407 2396 558 2466 quod
592 2396 830 2465 dignum
865 2399 963 2449 est.
988 2395 1127 2448 Nam
1157 2393 1521 2465 privilegium
1566 2397 1819 2448 meretur

119 2484 406 2550 amittere,
440 2484 540 2555 qui
569 2484 845 2554 permissa
874 2484 983 2537 sibi
1011 2484 1265 2537 abutitur
1303 2487 1600 2554 potestate.

120 2590 251 2644 Car.
307 2592 454 2645 XXX.
516 2620 584 2630 —
620 2593 695 2644 De
742 2590 1033 2659 abjectione
1062 2590 1178 2658 ejus
1219 2604 1374 2656 quem
1415 2588 1521 2642 duo
1556 2603 1817 2658 praesum-

579 2662 789 2729 pserint
810 2661 1069 2715 ordinare
1097 2661 1352 2728 episcopi.

194 2768 306 2833 (Er
336 2767 522 2821 concil.
566 2769 851 2832 Arausic.,
891 2781 1012 2834 cap.
1061 2767 1176 2834 20.)
1219 2766 1297 2818 De
1346 2763 1661 2833 abjectione
1692 2764 1814 2833 ejus

116 2870 293 2924 quem
326 2854 440 2907 duo
486 2853 951 2924 preesumpserint
997 2852 1285 2906 ordinaire
1318 2851 1591 2922 episcopi,
1623 2851 1683 2905 in
1707 2867 1811 2904 no-

116 2941 251 2995 stris
282 2941 588 3010 provinciis
615 2941 824 3010 placuit
852 2941 921 2994 de
955 2940 1493 3011 prassumptoribus,
1536 2946 1600 2993 ut
1629 2939 1810 2993 sicubi

115 3028 424 3101 contigerit
470 3028 612 3082 duos
688 3029 981 3099 episcopos
1038 3028 1273 3082 tertium
1322 3043 1682 3096 consecrare,
1755 3033 1810 3081 et

117 3116 240 3186 ipse
273 3120 330 3168 et
361 3120 618 3169 auctores
647 3116 1093 3180 damnabantur,
1145 3131 1259 3185 quo
1299 3114 1519 3168 cautius
1567 3130 1634 3167 ea
1681 3130 1810 3184 quae

116 3209 251 3258 sunt
270 3203 585 3273 antiquitus
616 3208 825 3257 statuta
853 3208 1168 3257 serventur.

117 3312 250 3365 CAP.
292 3310 464 3364 XXXI.
507 3341 575 3350 —
602 3310 684 3364 De
726 3325 832 3362 non
873 3308 1197 3362 ordinandis
1237 3311 1501 3378 episcopis
1543 3324 1640 3378 per
1668 3311 1811 3363 vicos

662 3384 713 3434 et
740 3379 977 3435 modicas
1001 3382 1268 3434 civitates.

193 3488 301 3555 (Em
364 3487 552 3541 concil.
625 3486 964 3551 Sardicensi,
1043 3500 1164 3555 cap.
1232 3486 1307 3554 6.)
1368 3483 1619 3539 Licentia
1681 3499 1813 3539 vero

120 3574 313 3631 danda
359 3591 477 3629 non
526 3579 611 3628 est
663 3573 969 3628 ordinandi
1012 3574 1362 3644 episcopnm,
1424 3578 1519 3627 aut
1576 3573 1635 3626 in
1690 3573 1814 3626 vico

120 3663 335 3733 aliquo,
367 3666 465 3715 aut
492 3660 551 3713 in
577 3660 801 3715 modica
839 3659 1087 3729 civitate,
1117 3660 1209 3714 cui
1252 3660 1462 3713 sufﬁcit
1501 3676 1649 3713 unus
1679 3676 1812 3729 pre-

120 3751 315 3819 sbyter
342 3765 355 3803 :
389 3748 525 3818 quia
553 3764 671 3802 non
716 3753 799 3801 est
829 3764 1056 3802 necesse
1091 3748 1170 3802 ibi
1206 3748 1534 3819 episcopum
1566 3747 1715 3814 ﬁeri,
1742 3763 1814 3801 ne

120 3837 351 3890 vilescat
398 3852 609 3890 nomen
670 3836 925 3906 episcopi
973 3842 1030 3891 et
1071 3835 1395 3890 auctoritas.
1433 3837 1555 3891 Non
1605 3836 1817 3890 debent

119 3925 202 3977 illi
230 3941 299 3978 ex
329 3926 440 3978 alia
482 3925 777 3995 provincia
824 3924 1047 3979 invitati
1105 3925 1289 3980 facere
1319 3925 1672 3996 episcopum,
1706 3924 1815 3978 nisi

120 4014 303 4066 autin
345 4013 433 4065 his
462 4013 784 4067 civitatibus
813 4029 943 4083 quas
997 4012 1297 4083 episcopos
1339 4012 1685 4080 habuerunt,
1717 4017 1817 4066 aut

121 4102 307 4171 siqua
337 4101 466 4154 talis
504 4106 601 4156 aut
654 4104 774 4155 tam
829 4102 1112 4172 populosa
1146 4106 1230 4155 est
1281 4101 1498 4165 civitas,
1543 4116 1673 4171 quae
1702 4114 1816 4153 me-

120 4193 316 4243 reatur
372 4188 581 4243 habere
648 4188 998 4259 episcopum.
1055 4189 1112 4243 Si
1141 4190 1248 4244 hoc
1301 4189 1569 4243 omnibus
1605 4189 1811 4259 placet.

120 4277 381 4348 Synodus
427 4277 724 4347 respondit
755 4294 766 4330 :
798 4279 1001 4331 Placet.

512 4373 641 4428 CAP.
674 4375 874 4428 XXXII.
911 4404 974 4414 —
1018 4377 1090 4428 De
1129 4375 1315 4428 eadem
1343 4390 1417 4428 re.

192 4482 297 4549 (Ea:
318 4478 512 4533 decret.
547 4481 737 4534 Leonis
767 4495 944 4548 papae,
980 4495 1102 4548 cap.
1144 4481 1259 4548 49.)
1293 4479 1439 4534 Illud
1484 4495 1619 4533 sane
1650 4480 1806 4551 quod

121 4569 193 4622 ad
246 4568 656 4621 sacerdotalem
702 4568 953 4637 pertinet
999 4568 1360 4638 dignitatem,
1420 4569 1571 4623 inter
1621 4569 1816 4622 omnia

121 4656 389 4710 volumus
410 4671 695 4709 canonum
728 4660 938 4709 statuta
968 4654 1203 4718 servari,
1243 4661 1428 4709 utnon
1460 4656 1518 4709 in
1578 4656 1817 4726 quibus-

122 4745 260 4797 libet
281 4742 421 4797 locis
452 4758 641 4812 neque
673 4741 1109 4813 quibuscunque
1139 4743 1402 4811 castellis,
1435 4748 1491 4797 et
1520 4743 1618 4797 ubi
1648 4749 1816 4797 antea

123 4848 239 4885 non
263 4830 501 4885 fuerunt
528 4830 805 4901 episcopi,
837 4837 1261 4899 consecrantur,
1295 4847 1425 4885 cum
1484 4831 1579 4884 ubi
1628 4831 1813 4884 mino-

122 4935 210 4972 res
243 4924 379 4972 sunt
406 4919 600 4989 plebes
632 4919 1000 4989 minoresque
1058 4924 1392 4987 conventus,
1453 4919 1815 4988 presbytero-

125 5022 250 5061 rum
281 5022 416 5059 cura
445 5005 715 5072 sufﬁciat,
769 5007 1118 5077 episcopalia
1184 5011 1376 5060 autem
1408 5006 1816 5076 gubernacula,

125 5094 352 5149 nonnisi
384 5094 698 5165 majoribus
732 5095 958 5165 populis
990 5100 1044 5148 et
1091 5094 1576 5165 frequentioribus
1621 5094 1818 5149 civita-

122 5182 270 5236 tibus
313 5187 575 5251 oporteat
628 5183 960 5252 praasidere,
1023 5199 1095 5237 ne
1148 5183 1301 5254 quod
1351 5187 1679 5238 sanctorum
1708 5184 1816 5237 Pa-

124 5276 272 5323 trum
302 5269 576 5324 divinitus
612 5270 891 5341 inspirata
922 5271 1151 5325 decreta
1180 5276 1504 5338 vetuerunt,
1534 5271 1733 5325 viculis
1764 5278 1820 5325 et

122 5357 593 5429 possessionibus,
626 5359 713 5412 vel
758 5359 1015 5415 obscuris
1065 5364 1122 5413 et
1165 5360 1437 5414 solitariis
1492 5359 1820 5430 municipiis

124 5447 405 5501 tribuatur
426 5446 772 5501 sacerdotale
809 5448 1127 5518 fastigium,
1160 5453 1217 5502 et
1248 5448 1430 5503 honor
1481 5448 1571 5502 cui
1612 5448 1823 5502 debent

128 5535 526 5590 excellentiora
589 5536 890 5605 committi,
948 5536 1070 5607 ipse
1117 5536 1206 5591 sui
1259 5538 1675 5593 numerositate
1746 5536 1823 5589 vi-

128 5624 316 5678 lescat.

2012 606 2100 653 ira
2121 614 2346 652 canones
2376 601 2432 651 in
2473 599 2714 668 quadam
2767 600 2960 653 villula
2997 601 3359 669 episcopatum
3412 604 3633 667 fecerat,

2012 670 2272 739 quomodo
2306 671 2647 723 annullatum
2668 674 2765 724 est.

2012 795 2117 857 (Ea:
2142 795 2328 849 concil.
2383 795 2636 849 Toletano
2683 810 2801 856 xm,
2835 810 2954 847 can.
2990 793 3065 864 4.)
3121 794 3425 864 Majoribus
3472 795 3633 848 insti-

1936 880 2254 935 tutionibus
2305 882 2608 946 contraire,
2642 886 2699 935 et
2752 887 3075 936 sanctorum
3130 884 3362 937 Patrum
3409 883 3635 937 decreta

1934 969 2276 1034 convellere,
2304 968 2441 1038 quid
2468 969 2626 1023 aliud
2673 974 2756 1023 est
2806 985 2980 1040 quam
3011 969 3303 1024 vinculum
3343 970 3630 1024 societatis

1934 1054 2140 1108 Christi
2172 1056 2536 1126 abrumpere,
2568 1062 2623 1110 et
2655 1062 2940 1128 usurpate
2988 1058 3387 1128 praeceptionis
3445 1059 3630 1113 licen-

1932 1142 2032 1208 tia,
2066 1148 2276 1197 statum
2336 1145 2593 1199 Ecclesiae
2642 1145 2954 1216 dissipare?
3015 1147 3402 1216 Prosequente
3454 1146 3634 1216 igitur

1930 1231 2246 1285 venerabili
2309 1235 2364 1285 et
2422 1232 2781 1286 sanctissimo
2837 1232 2964 1286 viro
3015 1234 3189 1287 fratre
3246 1238 3442 1287 nostro
3517 1236 3632 1288 Ste-

1928 1317 2122 1386 phano
2157 1318 2533 1372 Emeretensis
2568 1319 2717 1373 sedis
2746 1319 3027 1391 episcopo,
3075 1336 3167 1374 res
3192 1320 3355 1374 nobis
3386 1321 3626 1374 novellae

1930 1405 2395 1476 praesumptionis
2426 1408 2797 1477 usurpatione
2816 1424 2936 1461 sese
2967 1408 3163 1461 intulit
3208 1409 3628 1479 pertractanda,

1930 1497 2087 1545 tanto
2170 1494 2589 1547 communionis
2659 1500 2866 1548 nostra:
2930 1495 3145 1565 judicio
3233 1496 3626 1562 convellenda,

1931 1586 2146 1650 quanto
2179 1586 2234 1633 et
2263 1581 2555 1651 pravitatis
2597 1586 2801 1634 nostra!
2828 1582 3079 1635 noscitur
3107 1597 3249 1634 ausu
3272 1587 3621 1651 perpetrata.

1931 1668 2081 1721 Dixit
2110 1668 2264 1722 enim
2314 1668 2582 1722 violentia
2625 1668 2928 1739 principali
2956 1685 3016 1723 se
3063 1669 3379 1736 impulsum
3429 1668 3622 1732 fuisse,

1928 1761 1993 1809 ut
2020 1756 2079 1808 in
2128 1757 2475 1809 monasterio
2506 1756 2742 1824 villulas,
2775 1756 2833 1809 in
2891 1772 3005 1826 qua
3069 1756 3392 1810 venerabile
3423 1772 3628 1826 corpus

1930 1843 2273 1898 sanctissimi
2318 1843 2563 1898 Punenii
2616 1843 2957 1897 confessoris
3008 1843 3197 1897 debito
3254 1843 3495 1913 quiescit
3529 1844 3627 1897 ho-

1928 1948 2090 2000 nore,
2144 1947 2349 1985 novam
2384 1931 2725 2001 episcopalis
2782 1930 3018 1985 honoris
3050 1930 3470 1984 ordinationem
3512 1931 3627 1984 efﬁ-

1928 2024 2101 2084 ceret,
2143 2025 2200 2072 et
2220 2019 2347 2072 ideo
2386 2035 2453 2071 ex
2506 2018 2813 2072 indiscreto
2843 2022 2900 2071 et
2937 2016 3209 2071 facillimo
3237 2033 3490 2085 assensu,
3534 2017 3621 2071 in-

1920 2106 2090 2176 justis
2136 2106 2395 2161 Wambae
2442 2105 2715 2177 principis
2760 2105 3117 2176 jussionibus
3150 2121 3377 2175 parens,
3414 2121 3616 2158 novam

1926 2200 1982 2249 et
2029 2194 2299 2263 injustam
2350 2193 2467 2247 illic
2515 2194 2857 2264 pontiﬁcalis
2877 2193 3025 2247 sedis
3066 2192 3475 2263 perlectionem
3529 2193 3620 2246 in-

1924 2282 2107 2351 duxit,
2153 2282 2251 2336 ubi
2317 2282 2589 2336 canonica
2640 2281 2971 2335 constitutio
3010 2280 3067 2334 id
3116 2280 3241 2334 ﬁeri
3283 2282 3618 2335 omnimoda

1925 2371 2149 2425 ratione
2188 2370 2417 2424 refellit.
2469 2370 2777 2424 Praedictus
2827 2369 2922 2423 ille
2967 2369 3053 2422 vir
3080 2375 3399 2440 prostratus
3435 2369 3612 2423 humo

1924 2458 2302 2513 medicamine
2333 2458 2513 2511 nostri
2548 2456 2838 2527 praecepti,
2868 2462 2920 2511 et
2950 2457 3055 2511 sibi
3096 2456 3219 2511 dari
3257 2456 3482 2511 veniam
3512 2474 3618 2528 pe-

1922 2546 2009 2610 tit,
2072 2550 2127 2599 et
2187 2545 2323 2615 quid
2377 2544 2739 2615 potissimum
2798 2544 2924 2598 ﬁeri
2952 2550 3215 2614 oporteat
3269 2544 3337 2599 de
3367 2560 3614 2614 persona

1922 2633 2047 2704 ejus
2077 2633 2177 2703 qui
2206 2633 2322 2686 illic
2362 2632 2657 2687 ordinatus
2704 2633 2908 2698 fuerat,
2956 2633 3136 2686 nostri
3194 2632 3308 2686 oris
3335 2632 3615 2686 sententia

1921 2721 2147 2777 decerni
2178 2721 2456 2791 poposcit.
2492 2721 2598 2775 Sed
2664 2721 2800 2791 quia
2857 2721 3150 2787 veraciter,
3205 2720 3321 2774 imo
3354 2736 3615 2774 commu-

1923 2809 2070 2863 niter
2094 2825 2437 2862 noveramus
2476 2808 2815 2878 praedictum
2854 2808 3173 2879 principem
3204 2808 3444 2862 consilio
3478 2809 3615 2862 levi-

1920 2896 2051 2952 tatis
2070 2905 2357 2967 agentem,
2383 2913 2501 2949 non
2536 2896 2720 2948 solum
2763 2896 3098 2966 pracepisse
3135 2900 3199 2949 ut
3238 2896 3298 2949 in
3333 2897 3608 2966 praedicto

1920 2986 2044 3039 loco
2106 2984 2311 3055 aliquis
2368 2984 2666 3055 episcopus
2723 2984 2905 3052 ﬁeret,
2961 2984 3059 3038 sed
3116 2984 3288 3038 etiam
3345 2984 3425 3038 ita
3482 3001 3612 3038 com

1852 3075 1891 3130 C
1920 3073 2404 3127 obstinationibus
2458 3072 2746 3139 deﬁnisse,
2798 3078 2861 3127 ut
2898 3074 2957 3126 in
3006 3072 3282 3127 suburbio
3340 3074 3616 3128 Toletano

1920 3161 1982 3215 in
2034 3160 2269 3214 ecclesia
2318 3160 2682 3214 Prtetoriensi
2740 3166 3066 3215 sanctorum
3139 3161 3290 3215 Petri
3346 3167 3401 3216 et
3456 3163 3617 3217 Pauli

1921 3249 2252 3320 episcopum
2298 3248 2606 3316 ordinaret,
2667 3264 2891 3302 necnon
2954 3254 3013 3302 et
3062 3249 3120 3301 in
3170 3249 3308 3302 vicis
3364 3250 3452 3303 vel
3510 3251 3611 3303 vil-

1918 3338 2046 3391 lulis
2068 3336 2330 3390 similiter
2356 3337 2563 3389 faceret
2589 3353 2602 3389 :
2626 3336 2755 3389 ideo
2781 3353 2885 3406 pro
2912 3341 3026 3389 tam
3054 3337 3323 3390 insolenti
3355 3336 3615 3406 hujusce-

1922 3424 2079 3478 modi
2134 3424 2560 3493 exstirpationis
2619 3423 2867 3489 licentia,
2928 3422 3213 3492 quidquid
3265 3423 3335 3477 de
3390 3423 3494 3476 hac
3555 3440 3615 3477 re

1920 3512 2195 3566 haberent
2248 3526 2535 3564 canonum
2589 3509 2867 3577 instituta,
2940 3510 2998 3563 in
3058 3510 3311 3564 medium
3370 3511 3615 3581 proferri

1921 3600 2318 3672 praecepimus.
2376 3600 2534 3653 Tunc
2587 3599 2709 3652 haec
2731 3598 2789 3652 in
2822 3599 3085 3653 ordinem
3114 3598 3441 3664 constituta,
3474 3616 3619 3669 pra:-

1922 3691 2065 3744 lecta
2089 3694 2239 3742 sunt.
2267 3688 2331 3741 In
2384 3687 2586 3757 primis
2639 3687 2900 3756 exempla
2942 3687 3101 3740 Pauli
3147 3686 3246 3741 ubi
3295 3688 3420 3741 Tito
3451 3688 3619 3742 disci-

1924 3777 2079 3849 pulo,
2106 3779 2171 3829 ut
2195 3776 2487 3846 episcopos
2530 3791 2635 3844 per
2665 3775 2920 3829 civitates
2976 3776 3323 3829 constituere
3364 3776 3617 3842 deberet,

1921 3865 2213 3938 praecepit.
2250 3867 2395 3917 Item
2425 3880 2491 3917 ex
2524 3863 2765 3917 concilio
2787 3864 3036 3931 Nicazno,
3070 3863 3236 3918 titulo
3258 3867 3310 3931 8,
3346 3864 3441 3920 ubi
3472 3865 3621 3920 inter

1923 3959 2128 4008 caetera
2170 3953 2498 4024 praecipitur
2539 3957 2602 4006 ut
2648 3953 2709 4006 in
2751 3952 2974 4005 civitate
3024 3969 3139 4006 non
3182 3952 3486 4007 videantur
3506 3954 3620 4007 duo

1924 4040 2176 4111 episcopi
2206 4056 2344 4094 esse.
2379 4040 2519 4093 Item
2572 4056 2636 4093 ex
2690 4040 2928 4093 concilio
2961 4040 3317 4106 Laodicensi,
3356 4041 3525 4093 titulo
3568 4046 3619 4105 '7,

1923 4130 2023 4183 ubi
2054 4128 2189 4183 dicit
2220 4145 2232 4181 :
2267 4129 2386 4181 Non
2417 4131 2641 4198 Oportet
2674 4128 2733 4180 in
2768 4127 2903 4180 vicis
2934 4133 2990 4193 et
3031 4127 3091 4180 in
3133 4127 3346 4181 villulis
3396 4128 3622 4197 episco—

1924 4234 2029 4289 pos
2059 4216 2333 4270 ordinari.
2384 4217 2523 4270 Item
2572 4232 2637 4267 ex
2668 4214 2908 4268 concilio
2955 4214 3180 4278 Africae,
3231 4215 3398 4269 titulo
3439 4219 3491 4281 2,
3525 4215 3620 4268 ubi

1927 4305 2078 4360 Felix
2131 4303 2435 4373 episcopus
2482 4302 2894 4357 Solemsitanus
2960 4303 3149 4357 dixit:
3194 4303 3372 4357 Etiam
3423 4304 3470 4358 si
3517 4305 3623 4357 hoc

1925 4395 2110 4465 placet
2152 4390 2438 4444 sanctitati
2489 4394 2712 4456 vestrae,
2770 4390 2999 4443 insinuo
3052 4396 3114 4443 ut
3169 4390 3436 4446 diceeeses
3495 4409 3623 4463 quas

1922 4496 2219 4551 nunquam
2248 4479 2573 4533 habuerunt
2595 4478 2911 4548 episcopos,
2943 4495 3060 4532 non
3100 4478 3368 4533 habeant.
3415 4481 3625 4535 Dioece-

1923 4569 1999 4623 sis
2038 4584 2168 4639 qua:
2199 4566 2503 4637 aliquando
2535 4566 2752 4632 habuit,
2797 4566 3006 4620 habeat
3044 4567 3365 4637 proprium.
3412 4569 3622 4623 Secun-

1923 4657 2059 4711 dum
2115 4660 2306 4709 autem
2356 4655 2463 4708 hoc
2515 4654 2967 4724 prosecutionem
3030 4655 3346 4709 sanctitatis
3418 4662 3621 4710 vestrm

1924 4749 2009 4799 est
2033 4744 2319 4799 aestimare
2350 4742 2484 4813 quid
2516 4741 2642 4795 fieri
2691 4742 2912 4797 debeat.
2946 4744 3283 4798 Genecletus
3328 4744 3626 4816 episcopus

1924 4833 2108 4887 dixit:
2144 4832 2203 4886 Si
2260 4832 2443 4902 placet
2495 4830 2807 4884 insinuatio
2850 4832 3029 4901 patris
3073 4832 3398 4904 coepiscopi
3445 4833 3626 4886 nostri

1929 4920 2149 4986 Felicis,
2174 4920 2245 4972 ab
2267 4918 2536 4972 omnibus
2565 4919 2957 4972 conﬁrmetur.
2982 4920 3065 4974 Ab
3101 4920 3383 4975 universis
3414 4920 3625 4991 episco-

1926 5009 2016 5080 pis
2038 5008 2251 5062 diclum
2279 5012 2382 5060 est.
2415 5008 2603 5060 Placet
2620 5008 2761 5059 Item
2783 5022 2846 5060 ex
2869 5008 3111 5061 concilio
3136 5008 3335 5063 Africae
3360 5026 3438 5075 ιιι,
3459 5008 3626 5062 titulo

1928 5100 1980 5164 2,
2005 5097 2106 5151 ubi
2138 5095 2273 5150 dicit
2304 5101 2369 5148 ut
2398 5111 2516 5148 non
2546 5094 2784 5165 accipiat
2804 5096 3050 5149 alterum
3090 5096 3423 5166 episcopum
3469 5097 3628 5166 plebs

1930 5200 2059 5257 qum
2081 5183 2141 5237 in
2172 5182 2400 5237 dioecesi
2421 5199 2648 5253 semper
2668 5182 2971 5253 subjacuit.
3001 5184 3307 5254 Epigenius
3339 5185 3492 5239 enim
3514 5185 3631 5255 epi-

1929 5288 2129 5343 scopus
2186 5270 2245 5324 in
2301 5276 2505 5325 caetera
2554 5271 2633 5323 sic
2692 5271 2876 5325 dixit:
2913 5272 3036 5325 Non
3085 5271 3290 5326 debere
3350 5276 3628 5327 rectorem

1933 5361 2188 5430 accipere
2211 5375 2336 5413 eam
2376 5360 2607 5430 plebem
2638 5375 2767 5430 quas
2797 5359 2856 5412 in
2882 5359 3109 5413 dimcesi
3166 5376 3397 5431 semper
3435 5361 3625 5430 subja-

1931 5448 2048 5501 cuit
2081 5463 2186 5500 nec
2226 5464 2481 5517 unquam
2533 5448 2833 5517 proprium
2862 5447 3190 5518 episcopum
3228 5444 3629 5513 habuit.Qua-

1933 5541 2166 5606 propter
2204 5536 2251 5588 si
2306 5536 2573 5590 universo
2618 5536 2972 5590 sanctissimo
3037 5535 3208 5591 coetui
3275 5538 3461 5608 placet
3525 5539 3632 5593 hoc

1936 5624 2092 5694 quod
2123 5624 2397 5695 praefatus
2440 5640 2587 5691 sum,
2616 5626 2991 5680 conﬁrmetur
3036 5625 3300 5681 Aurelius
3331 5626 3631 5699 episcopus
