3956 6318
357 345 459 398 559

1436 338 1841 395 BURCHARDI
1885 335 2417 394 WORMACIENSIS
2458 337 2792 394 EPISCOPI.

3758 344 3861 396 560

352 466 495 521 dixit
529 482 542 521 :
574 464 782 520 Fratris
838 467 896 518 et
954 461 1371 517 consacerdotis
1436 461 1617 516 nostri
1655 460 2043 533 prosecutioni
2070 462 2117 515 A
2155 461 2289 516 CAP.
2323 461 2514 515 XXXV.
2544 492 2612 501 —
2659 463 2725 515 Ut
2772 476 3119 535 nequaquam
3148 464 3207 535 in
3254 461 3388 518 duos
3417 467 3868 535 metropolitanos

352 571 471 609 non
501 555 733 620 obsisto,
770 552 865 607 sed
896 553 1003 607 hoc
1042 568 1132 606 me
1163 555 1219 605 et
1272 552 1490 617 fecisse,
1522 556 1577 604 et
1602 550 1889 605 facturum
1929 566 2049 604 esse

352 642 650 714 proﬁteor.
680 643 822 695 Item
846 657 913 694 ex
949 640 1186 694 concilio
1220 634 1560 705 Sardicensi,
1608 638 1705 693 ubi
1750 639 1902 693 inter
1941 654 2046 692 cae.-

352 734 475 783 tera
496 729 828 799 praecipitur
860 745 872 783 :
899 729 1147 783 Licentia
1176 727 1362 781 danda
1422 727 1634 797 passim
1691 742 1808 780 non
1837 730 1941 780 est.
1990 725 2049 780 Si

358 817 513 871 enim
545 817 731 871 subito
777 821 875 870 aut
924 817 1077 869 vicus
1128 815 1358 885 aliquis,
1406 821 1503 869 aut
1549 816 1776 869 modica
1830 815 2047 880 civitas,

355 906 447 959 cui
501 906 635 959 satis
663 911 747 959 est
776 921 926 959 unus
956 904 1272 975 presbyter,
1296 904 1544 957 voluerit
1579 904 1687 957 sibi
1718 904 2051 973 episcopum

355 993 631 1059 ordinari,
660 993 729 1047 ad
752 994 859 1047 hoc
890 999 954 1046 ut
984 994 1214 1046 vilescat
1244 1008 1454 1046 nomen
1498 992 1747 1063 episcopi
1772 998 1829 1046 et
1857 995 2049 1045 aucto-

352 1081 507 1149 ritas,
542 1097 657 1135 non
678 1081 884 1135 debent
932 1080 1018 1134 illi
1058 1097 1126 1135 ex
1182 1080 1294 1134 alia
1344 1080 1639 1152 provincia
1683 1080 1929 1146 invitati,
1974 1080 2053 1133 fa-

353 1185 480 1224 cere
505 1171 857 1240 episcopum,
893 1169 951 1223 in
982 1170 1192 1241 quibus
1219 1169 1355 1223 locis
1407 1174 1575 1223 antea
1606 1184 1724 1223 non
1753 1169 1877 1223 fuit.
1910 1169 2049 1222 Item

352 1258 422 1312 de
450 1258 737 1312 sententia
762 1273 963 1312 eorum
998 1258 1097 1328 qui
1151 1257 1484 1327 hujusmodi
1530 1256 1915 1311 ordinationes
1967 1256 2051 1310 fa-

352 1347 530 1413 ciunt,
562 1347 651 1399 vel
681 1347 749 1400 de
786 1346 876 1400 his
920 1346 1018 1418 qui
1064 1350 1261 1399 contra
1290 1345 1413 1399 haec
1475 1344 1736 1399 instituta
1767 1361 2051 1399 canonum

352 1436 717 1500 ordinantur,
776 1450 845 1488 ex
878 1434 1116 1488 concilio
1152 1433 1481 1500 Tauritano,
1532 1432 1699 1486 titulo
1729 1433 1827 1486 ubi
1866 1432 2003 1486 dicit
2035 1449 2049 1486 :

353 1524 654 1577 Gestorum
685 1538 915 1593 quoque
944 1522 1149 1576 seriem
1176 1521 1453 1576 conscribi
1486 1521 1696 1591 placuit
1725 1520 1795 1574 ad
1845 1536 2054 1591 perpe-

351 1617 470 1664 tem
503 1610 895 1681 disciplinam,
973 1610 1127 1680 quod
1186 1610 1335 1663 circa
1384 1610 1680 1663 Octabium
1732 1610 2048 1675 Ursionem,

355 1699 703 1792 Remigium,
737 1699 807 1752 ad
832 1699 995 1752 Trefe
1036 1698 1389 1768 episcopum,
1439 1698 1688 1792 synodus
1718 1702 1910 1792 sancta
1948 1698 2052 1751 de-
2085 1738 2124 1792 Β

352 1786 547 1838 crevit.
582 1785 688 1846 Oui
717 1786 777 1839 in
808 1787 1245 1855 usurpationem
1300 1786 1607 1856 quamdam
1641 1786 1709 1839 de
1740 1784 1939 1839 ordine
1962 1802 2052 1838 sa-

352 1873 669 1937 cerdotum,
724 1874 790 1927 ad
860 1873 1133 1927 invidiam
1181 1874 1548 1927 vocabantur.
1617 1872 1777 1937 Quod
1834 1873 1911 1927 ita
1967 1874 2055 1927 his

350 1960 578 2014 videtur
607 1960 919 2027 indultum,
952 1966 1014 2015 ut
1044 1962 1111 2014 de
1157 1966 1363 2014 caetero
1394 1960 1500 2013 hac
1532 1961 1866 2014 auctoritate
1896 1977 2051 2014 com-

351 2048 558 2102 moniti
580 2049 743 2116 nihil,
774 2065 1053 2118 usurpare
1086 2055 1385 2102 conentur.
1417 2048 1711 2119 Siquidem
1743 2065 1801 2102 se
1847 2048 1917 2102 ab
1949 2050 2054 2103 hac

351 2152 519 2189 causa
572 2136 673 2191 tali
724 2138 1085 2190 excusatione
1143 2137 1542 2202 defenderunt,
1602 2153 1717 2206 qua
1800 2137 2055 2192 dicerent

351 2223 514 2292 prius
596 2240 655 2276 se
727 2240 839 2277 non
895 2240 1016 2277 esse
1091 2228 1414 2287 conventos,
1480 2222 1721 2293 proinde
1780 2224 2055 2294 judicavit

352 2311 604 2379 synodus
654 2316 885 2365 sancta:
934 2316 998 2365 ut
1051 2312 1098 2364 si
1153 2311 1280 2382 quis
1338 2312 1446 2365 hoc
1494 2311 1691 2364 fecerit
1729 2316 1926 2366 contra
1958 2314 2053 2367 in-

355 2398 553 2451 stituta
588 2398 897 2468 majorum,
943 2398 1083 2451 sciat
1120 2399 1167 2451 is
1199 2398 1298 2469 qui
1351 2398 1647 2452 ordinatus
1673 2399 1843 2453 fuerit
1870 2416 2050 2454 sacer-

352 2486 501 2540 dotis
523 2502 581 2540 se
623 2487 845 2540 honore
875 2486 1239 2556 privandum,
1294 2491 1350 2539 et
1391 2486 1486 2539 ille
1544 2486 1642 2556 qui
1681 2486 2050 2557 ordinaverit,

354 2576 752 2629 auctoritatem
800 2591 858 2627 se
924 2574 983 2628 in
1037 2574 1471 2627 ordinatioribus
1536 2574 1623 2627 vel
1678 2574 1737 2628 in
1801 2575 2052 2629 conciliis

351 2663 589 2716 minime
620 2667 998 2716 retenturum.
1030 2663 1153 2716 Non
1187 2664 1370 2715 solum
1411 2667 1603 2716 autem
1632 2662 1781 2715 circa
1827 2679 2051 2716 memo-

346 2755 536 2804 ratum
564 2752 896 2820 episcopum
937 2751 1057 2804 hasc
1103 2750 1389 2804 sententia
1444 2751 1794 2821 praevalebit,
1855 2752 1952 2805 sed
1998 2755 2053 2805 et

347 2838 496 2892 circa
526 2855 746 2904 omnes,
779 2838 952 2892 simili
988 2854 1181 2893 errore
1212 2839 1498 2909 deceptos,
1533 2839 1633 2908 qui
1661 2839 2049 2893 ordinationes

345 2925 679 2995 hujusmodi
723 2931 1149 2995 perpetrarunt.
1201 2927 1295 2980 His
1353 2927 1533 2996 igitur
1588 2926 1912 2980 fortissimis
1959 2944 2050 2981 re-

346 3015 520 3083 gulis,
552 3014 818 3068 effectum
874 3014 957 3084 pii
1006 3014 1195 3084 Operis
1248 3019 1622 3085 apponentes,
1655 3014 1712 3068 in
1754 3016 2049 3069 communi
2081 3022 2121 3078 C

349 3102 683 3157 deﬁnitione
735 3102 1036 3173 elegimus,
1081 3106 1142 3157 ut
1170 3102 1231 3156 in
1283 3104 1409 3157 loco
1448 3104 1659 3157 villula:
1708 3104 2049 3173 supradictas

350 3192 551 3261 Aquis,
593 3191 861 3262 deinceps
888 3192 1047 3246 sedes
1084 3192 1421 3262 episcopalis
1448 3208 1566 3246 non
1597 3198 1910 3261 remaneat,
1948 3210 2046 3247 ne-

348 3296 460 3350 que
493 3281 794 3351 episcopus
848 3280 983 3334 illuc
1024 3281 1177 3335 ultra
1206 3280 1636 3335 constituendus
1663 3281 1883 3335 existat.
1947 3282 2047 3336 Hic

343 3374 535 3423 tamen
576 3370 907 3440 Conjuldus,
960 3369 1056 3441 qui
1087 3374 1285 3424 contra
1336 3370 1617 3439 majorum
1670 3369 1896 3424 decreta
1927 3370 2044 3424 illic

342 3457 567 3512 videtur
596 3458 891 3512 institutus
922 3458 1095 3512 fuisse
1155 3458 1476 3530 episcopus,
1532 3458 1704 3512 nullis
1757 3474 2042 3513 canonum

342 3545 448 3599 erit
471 3547 543 3601 ad
594 3547 1137 3601 condemnationem
1194 3547 1283 3601 sui
1323 3546 1609 3601 sententia
1658 3547 2041 3615 ulciscendas,

342 3634 477 3703 quia
505 3649 623 3687 non
675 3634 1007 3698 ambitione,
1050 3635 1147 3689 sed
1204 3634 1481 3705 principis
1538 3635 1885 3705 impulsione
1915 3652 2045 3691 con-

342 3722 485 3776 stitit
512 3722 825 3775 ordinalus.
862 3724 926 3776 Et
953 3722 1083 3776 ideo
1142 3723 1244 3777 hoc
1282 3723 1367 3776 illi
1410 3723 1730 3778 remedium
1772 3725 2041 3779 humani-

340 3810 475 3864 tatis
521 3810 903 3877 concedimus,
944 3815 1005 3863 ut
1052 3810 1112 3863 in
1160 3811 1357 3864 sedem
1386 3810 1556 3865 aliam
1606 3812 1917 3866 decidentis
1951 3829 2039 3867 cu-

334 3897 572 3967 juslibet
599 3897 855 3968 episcopi
905 3898 1254 3963 traducatur,
1317 3903 1373 3952 et
1400 3898 1706 3968 praedictus
1748 3899 1915 3969 Llocus
1937 3901 2040 3956 sub

343 3985 657 4040 monastica
687 3985 957 4055 deinceps
986 3985 1343 4039 institutione
1371 4002 1698 4052 mansurus,
1745 4003 1861 4041 non
1918 3988 2038 4058 epi-

341 4074 555 4144 scopali
591 4075 742 4128 ultra
772 4074 1067 4145 privilegio
1107 4074 1305 4138 fretus,
1348 4075 1446 4129 sed
1505 4075 1608 4129 sub
1642 4075 1859 4129 abbatis
1887 4078 2037 4146 regi-

338 4163 517 4229 mine,
587 4163 731 4217 sicut
785 4163 896 4216 huc
945 4179 1129 4233 usque
1184 4162 1311 4229 fuit,
1369 4163 1478 4217 erit
1528 4164 1713 4218 modis
1771 4165 2035 4219 omnibus

338 4253 770 4321 mancipandus.
802 4253 926 4305 Jam
952 4268 1085 4305 vero
1118 4251 1186 4305 de
1218 4257 1425 4307 caetero
1456 4254 1720 4323 generale
1754 4259 2036 4323 ponentes

337 4340 608 4400 edictum,
644 4338 689 4391 si
721 4338 849 4409 quis
880 4343 1079 4392 contra
1101 4338 1220 4393 haec
1250 4356 1536 4394 canonum
1580 4340 1881 4394 interdicta
1934 4358 2031 4395 ve-

336 4427 460 4480 nire
490 4432 727 4480 conatus
756 4426 945 4493 fuerit,
979 4432 1043 4481 ut
1081 4427 1142 4480 in
1172 4428 1309 4481 locis
1344 4428 1457 4482 illis
1488 4428 1824 4498 episcopum
1864 4430 2037 4499 eligat

335 4513 483 4583 fieri,
536 4514 634 4569 ubi
691 4514 992 4585 episcopus
1056 4531 1353 4587 nunquam
1417 4515 1545 4583 fuit,
1615 4516 1919 4571 anathema
1974 4518 2034 4572 in

334 4606 647 4672 conspectu
670 4602 1079 4672 omnipotentis
1111 4605 1209 4657 Die
1255 4605 1529 4665 incurrat,
1561 4608 1617 4657 et
1645 4604 1880 4674 insuper
1916 4610 2033 4660 tam

332 4689 631 4744 ordinator
661 4705 830 4760 quam
885 4690 1179 4745 ordinatus
1207 4691 1447 4762 gradum
1510 4690 1597 4744 sui
1640 4691 1856 4746 ordinis
1900 4709 2033 4763 per-

332 4778 473 4832 dat:
508 4778 643 4849 quia
686 4794 803 4831 non
861 4780 1048 4833 solum
1096 4780 1465 4849 antiquorum
1510 4779 1745 4833 Patrum
1785 4780 2027 4849 decreta,

332 4866 428 4921 sed
452 4865 760 4937 apostolica
797 4883 968 4921 ausus
996 4871 1081 4920 est
1106 4868 1423 4920 convellere
1470 4866 1747 4922 instituta.

457 4972 583 5027 CAP.
608 4971 827 5026 XXXIV.
856 5000 925 5011 —
976 4974 1041 5026 Ut
1067 4972 1217 5041 plebs
1248 4987 1366 5039 quae
1405 4987 1685 5041 nunquam
1715 4974 1906 5029 habuit

540 5044 866 5111 episcopum,
911 5045 1023 5096 nisi
1057 5058 1125 5095 ea:
1157 5057 1431 5110 consensu,
1468 5058 1575 5097 non
1598 5044 1812 5098 habeat.

402 5130 518 5200 (Ea:
550 5132 736 5184 concil.
793 5132 1083 5196 Africano,
1124 5144 1244 5198 cap.
1286 5131 1400 5200 6t.)
1444 5130 1659 5185 Placuit
1683 5136 1740 5186 et
1771 5131 1934 5198 illud,
1966 5140 2029 5189 ut

324 5218 521 5289 plebes
551 5234 680 5290 quas
708 5234 1005 5288 nunquam
1045 5217 1371 5271 habuerunt
1399 5219 1664 5289 proprios
1712 5220 2025 5291 episcOpos,

325 5307 437 5360 nisi
462 5323 527 5361 ex
554 5307 796 5361 concilio
840 5306 1100 5377 plenario
1134 5305 1583 5378 uniuscujusque
1632 5308 1940 5377 provincias
1970 5314 2027 5364 et

323 5394 608 5463 primatis,
668 5400 839 5466 atque
895 5410 1178 5449 consensu
1235 5394 1356 5465 ejus
1400 5395 1471 5449 ad
1535 5395 1699 5467 cujus
1735 5396 2023 5453 dioecesim

324 5481 527 5536 eadem
561 5483 803 5538 Ecclesia
843 5482 1187 5555 pertinebat,
1221 5483 1513 5541 decretum
1550 5484 1741 5553 fuerit,
1784 5486 2022 5542 minime

322 5568 630 5640 accipiant.

2690 536 2979 602 provincia
3026 533 3333 588 dividatur.

2230 620 2447 689 (Concil.
2508 621 2782 688 Chalced.,
2834 638 2954 691 cap.
3004 625 3109 688 I2.)
3141 623 3408 677 Pervenit
3460 624 3531 678 ad
3576 640 3681 679 nos
3710 624 3871 695 quod

2160 708 2396 778 quidam
2445 716 2652 779 preter
2710 710 3090 764 ecclesiastica
3124 715 3337 765 statuta
3387 712 3682 779 facientes,
3729 730 3864 767 con-

2159 797 2421 851 volarunt
2447 798 2515 851 ad
2556 803 2885 868 potestates,
2916 803 2971 852 et
3000 814 3103 868 per
3157 801 3570 870 pragmaticam
3614 802 3867 856 formam

2160 886 2221 939 in
2265 887 2377 940 duo
2408 903 2581 941 unam
2638 887 2993 957 provinciam
3015 888 3354 955 diviserunt,
3400 890 3481 943 ita
3529 896 3593 944 ut
3642 906 3709 945 ex
3756 892 3866 945 hoc

2160 973 2309 1028 facto
2339 975 2452 1029 duo
2503 976 2929 1046 metropolitani
2973 991 3095 1030 esse
3150 977 3449 1031 videantur
3475 978 3532 1030 in
3584 994 3697 1032 una
3727 995 3867 1048 pro-

2159 1058 2360 1113 vincia.
2400 1060 2603 1113 Statuit
2632 1074 2768 1130 ergo
2796 1064 2988 1114 sancta
3048 1063 3298 1131 synodus
3345 1063 3415 1116 de
3460 1062 3684 1133 reliquo
3718 1062 3867 1116 nihil

2160 1145 2231 1199 ab
2263 1145 2541 1216 episcopis
2574 1147 2685 1200 tale
2709 1148 2939 1201 tentari.
2971 1147 3269 1218 Alioquin,
3301 1149 3402 1218 qui
3435 1149 3540 1202 hoc
3576 1149 3869 1203 admissus

2160 1233 2350 1297 fuerit,
2408 1234 2702 1288 amissioni
2758 1235 2967 1304 gradus
3013 1235 3235 1306 proprii
3294 1236 3627 1307 subjacebit.
3694 1239 3869 1301 Quas-

2162 1336 2387 1392 cunque
2415 1338 2549 1376 vero
2578 1323 2832 1377 civitates
2861 1322 3066 1378 litteris
3096 1324 3491 1395 imperialibus
3524 1327 3869 1396 metropoli-

2161 1410 2281 1463 tani
2312 1411 2558 1465 nominis
2590 1412 2809 1466 honore
2854 1413 3112 1466 subnixae
3153 1418 3309 1482 sunt,
3338 1414 3557 1468 honore
3600 1419 3865 1469 tantum-

2162 1499 2333 1553 modo
2364 1500 2753 1569 perfruantur,
2810 1506 2866 1555 et
2905 1501 3005 1572 qui
3052 1502 3355 1555 Ecclesiam
3407 1504 3530 1573 ejus
3574 1505 3867 1573 gubernat

2162 1588 2483 1659 episcopus,
2524 1590 2693 1643 salvis
2714 1589 2927 1644 scilicet
2980 1590 3130 1645 veris
3169 1591 3506 1661 metropolis
3537 1592 3868 1662 privilegiis

2162 1693 2297 1730 81113.

2163 1766 2290 1819 CAP.
2350 1766 2570 1821 XXXVI.
2611 1795 2683 1806 —
2735 1767 2815 1819 De
2865 1768 2979 1821 illis
3023 1769 3285 1836 episcopis
3342 1771 3439 1836 qui
3471 1784 3577 1823 non
3614 1774 3743 1823 sunt
3775 1786 3869 1824 re-

2233 1840 2372 1905 cepti
2401 1838 2468 1890 ab
2489 1838 2599 1891 illis
2622 1837 2696 1890 ad
2727 1854 2857 1905 quos
2887 1843 3012 1892 sunt
3040 1840 3284 1893 ordinati
3310 1842 3392 1893 vel
3432 1840 3787 1895 denominati.

2231 1926 2341 1996 (Ea:
2370 1927 2556 1979 concil.
2612 1926 2839 1993 Ancyra,
2868 1942 2989 1995 cap.
3036 1926 3143 1996 I7.)
3177 1927 3234 1982 Si
3277 1929 3377 1998 qui
3415 1929 3674 1999 episcopi
3713 1930 3861 1985 ordi-

2161 2014 2283 2068 nati
2308 2019 2458 2075 sunt,
2500 2029 2603 2066 nec
2635 2013 2846 2083 recepti
2870 2015 2941 2068 ab
2975 2015 3073 2068 illa
3100 2015 3371 2086 parochia
3404 2017 3461 2069 in
3493 2033 3608 2088 qua
3633 2018 3865 2071 fuerant

2161 2102 2534 2167 denominati,
2566 2104 2983 2172 volueruntque
3024 2103 3163 2157 alias
3208 2118 3485 2173 occupare
3533 2105 3861 2174 parochias,

2161 2194 2217 2245 et
2242 2191 2357 2244 vim
2414 2191 2754 2261 praesulibus
2803 2207 3000 2245 earum
3041 2192 3271 2259 inferre,
3313 2193 3617 2247 seditiones
3655 2194 3864 2247 adver-

2161 2296 2256 2333 sus
2276 2296 2373 2333 eos
2416 2281 2734 2346 excitando,
2766 2281 2867 2334 hos
2899 2280 3067 2350 abjici
3118 2281 3349 2351 placuit.
3384 2281 3547 2345 Quod
3579 2281 3627 2335 si
3669 2283 3866 2337 volue-

2160 2367 2277 2420 rint
2301 2366 2360 2420 in
2389 2368 2731 2439 presbyterii
2762 2368 2963 2423 ordine
3012 2368 3110 2423 ubi
3140 2369 3300 2439 prius
3330 2369 3578 2435 fuerant,
3640 2375 3709 2424 ut
3735 2386 3869 2440 pre-

2160 2454 2371 2524 sbyteri
2416 2456 2687 2523 residere,
2722 2473 2839 2511 non
2882 2456 3223 2527 abjiciantur
3273 2457 3507 2528 propria
3555 2458 3862 2528 dignitate.

2160 2543 2219 2597 Si
2269 2548 2463 2597 autem
2517 2544 2824 2598 seditiones
2871 2548 3232 2599 commovent
3263 2545 3478 2600 ibidem
3530 2547 3865 2600 constitutis

2160 2631 2458 2702 episcopis,
2506 2632 2845 2703 presbyterii
2877 2649 3107 2703 quoque
3138 2633 3325 2687 honor
3374 2634 3586 2688 talibus
3627 2634 3862 2689 aufera-

2158 2723 2275 2788 tur,
2292 2720 2543 2790 fiantque
2564 2720 2931 2774 damnatione
2954 2721 3250 2775 notabiles.

2160 2807 2287 2861 Cap.
2317 2808 2566 2862 XXXVII.
2597 2837 2666 2848 —
2696 2811 2770 2863 De
2821 2811 3066 2877 episcopo
3094 2811 3189 2877 qui
3235 2809 3529 2863 Ecclesiam
3566 2810 3645 2866 ad
3688 2826 3860 2879 quam

2532 2879 2820 2933 ordinatus
2848 2885 2946 2943 est,
2982 2880 3136 2933 adire
3167 2882 3483 2945 negle'cerit.

2231 2967 2336 3032 (Ea:
2366 2968 2553 3021 concil.
2585 2969 2869 3033 Antioch.,
2903 2984 3025 3037 cap.
3062 2968 3166 3037 17.)
3188 2967 3244 3022 Si
3272 2968 3399 3039 quis
3419 2967 3721 3039 episcopus
3758 2986 3865 3040 per

2159 3069 2362 3108 manus
2416 3055 2843 3126 impositionem
2886 3055 3276 3125 episcopatum
3316 3057 3597 3126 acceperit
3642 3062 3699 3110 et
3751 3058 3863 3111 sibi

2157 3142 2527 3196 commissum
2584 3143 2967 3197 ministerium
3024 3144 3214 3197 subire
3258 3144 3580 3215 neglexerit
3610 3160 3717 3199 nec
3766 3162 3859 3199 ac-

2155 3229 2436 3299 quieverit
2486 3230 2569 3284 ire
2623 3230 2693 3285 ad
2726 3230 3029 3285 Ecclesiam
3089 3232 3199 3285 sibi
3252 3232 3636 3300 commissam,
3700 3234 3859 3286 hunc

2154 3323 2378 3387 oportet
2404 3319 2812 3373 communione
2866 3320 3097 3390 privari,
3136 3320 3319 3374 donec
3348 3322 3661 3392 susceperit
3695 3337 3859 3376 coac-

2154 3410 2244 3459 tus
2274 3406 2545 3472 officium,
2586 3412 2685 3461 aut
2710 3412 2859 3461 certe
2892 3407 2960 3461 de
3010 3424 3076 3461 eo
3125 3408 3344 3478 aliquid
3394 3409 3618 3477 integra
3667 3409 3863 3477 decre-

2152 3493 2298 3547 verit
2327 3494 2583 3564 ejusdem
2614 3494 2918 3565 provinciae
2946 3495 3195 3565 synodus
3227 3496 3600 3550 sacerdotum.
3702 3480 3709 3487 ’

2154 3582 2282 3638 CAP.
2313 3584 2584 3638 XXXVIII.
2619 3586 2785 3655 —,De
2824 3586 3070 3653 episcopo
3115 3587 3212 3653 qui
3253 3600 3361 3638 non
3399 3587 3692 3654 susceperit
3730 3587 3862 3655 offl-

2648 3654 2794 3710 cium
2837 3655 2947 3709 sibi
2988 3659 3353 3710 commissum.

2223 3743 2345 3812 (Em
2373 3758 2515 3797 conc.
2544 3744 2783 3810 Arelat.,
2831 3760 2958 3812 cap.
3014 3746 3093 3814 6.)
3124 3743 3187 3797 Si
3252 3744 3381 3814 quis
3406 3742 3707 3813 episcopus
3738 3760 3863 3798 non

2151 3831 2464 3901 susceperit
2503 3831 2757 3885 officium
2790 3831 2898 3885 sibi
2925 3832 3316 3898 commissum,
3343 3831 3434 3885 hic
3498 3832 3862 3887 communio-

2148 3936 2221 3974 ne
2251 3920 2525 3990 privetur,
2560 3919 2936 3989 quoadusque
2978 3920 3297 3973 consentiat
3345 3919 3689 3974 obedientiaz
3734 3937 3857 3974 sua:

2148 4008 2537 4063 commodans.
2574 4008 2630 4064 Si
2659 4024 2793 4062 vero
2853 4008 3170 4079 perrexerit
3200 4023 3304 4062 nec
3362 4013 3622 4078 receptus
3653 4008 3853 4073 fuerit,

2148 4112 2263 4150 non
2295 4112 2400 4167 pro
2423 4112 2524 4150 sua
2554 4096 2857 4163 sententia,
2891 4097 2986 4151 sed
3028 4113 3132 4168 pro
3190 4096 3408 4149 malitia
3457 4096 3678 4167 populi,
3726 4096 3853 4167 ipse

2146 4184 2381 4255 quidem
2414 4190 2641 4239 maneat
2669 4185 2985 4255 episcopus,
3018 4184 3209 4238 clerici
3249 4201 3387 4238 vero
3419 4185 3659 4238 civitatis
3691 4201 3851 4238 com-

2149 4273 2423 4327 munione
2472 4274 2785 4344 priventur,
2838 4273 2993 4345 quod
3049 4273 3377 4327 erudiendis
3445 4272 3847 4329 inobedientes

2145 4362 2375 4432 populis
2401 4378 2515 4416 non
2549 4361 2781 4416 fuerint.

2147 4449 2275 4504 CAP.
2305 4451 2531 4505 XXXIX.
2569 4480 2638 4491 —
2690 4452 2761 4504 De
2799 4452 3048 4519 episcopo
3098 4454 3342 4516 vacante,
3406 4450 3504 4519 qui
3549 4449 3846 4505 Ecclesiam

2689 4526 2967 4575 vacantem
3012 4523 3297 4575 invaserit.

2216 4609 2327 4679 (Ea:
2374 4624 2519 4665 conc.
2562 4610 2839 4675 Antioch.,
2859 4624 2985 4677 cap.
3041 4610 3150 4678 16.)
3182 4609 3238 4663 Si
3271 4608 3400 4679 quis
3422 4607 3724 4679 episcopus
3752 4625 3840 4663 va-

2143 4712 2297 4764 cans,
2331 4697 2391 4750 in
2418 4698 2723 4752 Ecclesiam
2780 4713 2897 4751 non
2941 4697 3249 4752 habentem
3301 4697 3631 4767 episcopum
3662 4697 3842 4751 surri-

2142 4786 2307 4857 piens
2336 4787 2581 4856 populos
2626 4785 2749 4840 sine
2789 4786 3030 4840 concilio
3078 4786 3288 4856 integri
3309 4785 3528 4840 ordinis
3582 4785 3840 4853 irruerit,

2142 4874 2315 4929 etiam
2346 4876 2391 4929 si
2415 4876 2660 4946 populus
2692 4891 2863 4945 quem
2896 4874 3117 4928 seduxit
3137 4874 3422 4929 desideret
3464 4874 3650 4942 illum,
3692 4874 3844 4928 alie-

2141 4979 2280 5016 num
2312 4978 2444 5017 eum
2475 4963 2544 5016 ab
2589 4962 2836 5016 Ecclesia
2866 4977 2986 5016 esse
3025 4964 3269 5033 oportet.
3321 4963 3613 5031 Integrum
3645 4967 3841 5015 autem

2141 5054 2198 5104 et
2226 5050 2541 5120 perfectum
2582 5050 2891 5104 concilium
2930 5049 3173 5104 dicimus
3203 5049 3345 5104 illud
3391 5049 3483 5103 cui
3541 5052 3839 5119 metropo-

2137 5138 2351 5192 litanus
2381 5139 2683 5209 episcopus
2707 5138 3050 5193 interfuerit.

2138 5244 2263 5300 CAP.
2295 5245 2398 5300 XL.
2437 5275 2506 5284 —
2534 5248 2608 5299 De
2660 5248 2906 5315 episcopo
2961 5247 3059 5313 qui
3100 5247 3180 5299 est
3212 5244 3496 5299 ordinatus
3556 5242 3632 5298 ad
3681 5246 3837 5299 eccle-

2559 5319 2721 5385 siam,
2766 5323 2819 5371 et
2860 5332 2967 5370 non
3016 5321 3093 5370 est
3129 5320 3390 5385 receptus.

2205 5400 2313 5473 (Ea:
2334 5418 2476 5458 conc.
2506 5403 2817 5469 Aureliam,
2840 5400 2962 5474 cap.
3002 5403 3109 5473 IO.)
3142 5402 3199 5457 Si
3227 5402 3354 5473 quis
3370 5402 3689 5470 ordinatus,
3723 5418 3829 5473 per

2132 5491 2556 5546 contentionem
2596 5491 2820 5561 populi,
2870 5496 2971 5545 aut
3005 5506 3109 5561 pro
3158 5491 3270 5545 alia
3298 5490 3543 5559 ratione,
3602 5498 3661 5544 et
3712 5507 3830 5547 non

2130 5595 2236 5650 pro
2279 5596 2382 5635 sua
2433 5581 2620 5651 culpa,
2652 5580 2715 5633 in
2766 5578 3036 5650 parochia
3065 5594 3195 5651 quae
3227 5579 3280 5635 ei
3326 5577 3501 5635 fuerit
3555 5578 3688 5634 data
3733 5596 3827 5635 re—
