3956 6304
121 381 223 432 561

126 589 539 642 tantummodo
594 588 947 658 contingere,
997 589 1076 643 ita
1123 594 1186 644 ut
1236 592 1304 646 de
1353 593 1521 646 rebus
1570 594 1828 648 Ecclesia

125 677 190 730 in
246 693 363 747 qua
431 677 696 731 convenit
759 677 868 732 sibi
925 678 1070 732 nihil
1136 687 1469 749 prasumat.
1546 684 1834 737 Sustineat

127 769 327 819 autem
374 763 657 835 quidquid
711 766 780 820 de
829 782 895 820 eo
953 773 1213 821 sanctum
1260 769 1566 823 concilium
1611 771 1834 842 judica-

123 853 299 907 verit.

127 961 262 1014 CAP.
295 960 421 1014 XLI.
449 987 520 1000 —
558 963 632 1014 De
663 961 746 1014 his
792 962 889 1028 qui
913 967 1298 1028 promoventur
1344 963 1418 1016 ad
1465 966 1834 1034 episcopatum

740 1046 833 1084 nec
866 1035 1225 1101 recipiuntur.

207 1136 322 1204 (Ea:
364 1139 550 1192 concil.
597 1138 875 1202 Antioeh.,
927 1154 1047 1207 cap.
1111 1139 1216 1209 18.)
1269 1140 1324 1194 Si
1368 1140 1494 1210 quis
1537 1141 1834 1211 episcopus

131 1224 458 1291 ordinatus,
514 1225 584 1278 ad
636 1225 970 1295 parochiam
1021 1227 1281 1290 minime,
1332 1228 1424 1281 cui
1475 1235 1562 1283 est
1601 1231 1832 1294 electus,

132 1314 459 1378 accesserit,
489 1329 603 1366 non
644 1331 745 1366 suo
775 1314 936 1380 vitio,
970 1316 1066 1368 sed
1113 1316 1266 1386 quod
1298 1333 1429 1370 eum
1462 1324 1561 1370 aut
1592 1319 1836 1389 populus

132 1406 311 1465 vetet,
358 1406 457 1454 aut
509 1408 745 1472 propter
794 1403 966 1456 aliam
1011 1420 1262 1472 causam,
1320 1422 1434 1458 non
1481 1411 1672 1459 tamen
1713 1407 1836 1475 ejus

135 1489 282 1544 vitio
327 1495 714 1560 perpetratam
755 1506 767 1544 :
805 1491 896 1544 hic
943 1496 998 1545 et
1038 1493 1276 1546 honoris
1323 1494 1396 1547 sit
1426 1499 1483 1547 et
1531 1495 1837 1548 ministerii

134 1578 448 1648 particeps,
496 1578 811 1633 dummodo
857 1580 997 1633 nihil
1045 1581 1315 1634 molestus
1361 1581 1618 1635 Ecclesia
1666 1583 1838 1636 rebus

135 1665 370 1734 existat,
435 1666 534 1720 ubi
587 1666 914 1721 ministrare
979 1669 1358 1738 cognoscitur.
1417 1671 1596 1733 Quem
1667 1671 1838 1724 etiam

136 1756 447 1809 observare
477 1755 779 1809 conveniet
821 1756 1102 1826 quidquid
1148 1757 1396 1828 synodus
1425 1759 1673 1828 perfecta
1705 1775 1836 1828 pro-
1869 1784 1909 1838 Β

134 1844 346 1898 vincia
378 1844 682 1914 judicando
709 1844 1043 1898 decreverit.

137 1970 274 2025 CAP.
305 1969 458 2022 XLII.
495 2000 561 2007 -—
596 1969 747 2034 Quod
795 1971 1091 2023 auctoritas
1137 1970 1638 2037 congregandarum
1682 1986 1839 2037 syno-

213 2041 408 2164 dtortum
454 2042 760 2109 apostolica
805 2041 922 2094 sedi
968 2043 1252 2094 commissa
1295 2043 1367 2094 sit
1413 2044 1639 2109 privata
1686 2048 1837 2110 pote-

213 2125 238 2163 s
267 2128 300 2163 a
332 2127 376 2163 e.

213 2125 376 2163 State.

215 2233 382 2304 (Cap.
435 2233 636 2288 Isidori
684 2231 759 2295 8.)
807 2232 1167 2302 Synodorum
1225 2249 1357 2286 vero
1410 2233 1839 2303 congreganda-

139 2338 275 2375 rum
331 2321 639 2375 auctoritas
696 2321 1022 2389 apostolica
1081 2321 1201 2374 sedi
1260 2321 1480 2390 privata
1536 2321 1841 2375 commissa

140 2414 229 2464 est
259 2415 561 2480 potestate.
611 2410 724 2462 Nec
755 2409 931 2462 ullam
980 2410 1263 2479 synodum
1295 2410 1622 2479 generalem
1659 2416 1841 2464 ratam

141 2515 267 2551 esse
321 2498 584 2568 legimus,
631 2515 760 2568 qua
794 2498 916 2568 ejus
950 2514 1066 2550 non
1106 2499 1281 2552 fuerit
1319 2499 1656 2553 auctoritate
1702 2517 1843 2552 con-

140 2592 381 2657 gregata
424 2588 510 2641 vel
532 2587 694 2640 fulta.
742 2588 870 2640 Hac
917 2587 1192 2640 canonica
1224 2592 1465 2641 testatur
1512 2588 1839 2655 auctoritas,

138 2676 268 2730 hac
295 2675 536 2730 historia
579 2675 958 2730 ecclesiastica
984 2676 1240 2742 roborat,
1276 2676 1398 2729 hac
1438 2675 1617 2729 sancti
1648 2677 1843 2730 Patres

141 2763 512 2818 conﬁrmant.

143 2890 278 2944 CAP.
323 2888 506 2942 XLIII.
539 2917 609 2928 —
650 2887 802 2955 Quod
834 2888 946 2941 bini
977 2893 1261 2942 conventus
1309 2888 1633 2958 episcopales
1663 2889 1844 2956 singu-

657 2961 725 3012 lis
755 2962 916 3013 annis
943 2959 1063 3028 ﬁeri
1092 2960 1337 3013 debeant.

219 3067 339 3136 (Ea:
382 3064 577 3120 decret.
636 3067 826 3119 Leonis
874 3081 1034 3134 papae
1084 3065 1157 3118 ad
1203 3067 1482 3121 Rusticum
1536 3068 1841 3135 episcopum
1875 3069 1915 3124 C

145 3154 490 3218 Narbonem,
545 3169 662 3221 cap.
713 3153 819 3222 37.)
855 3155 932 3207 De
965 3153 1219 3206 conciliis
1268 3159 1460 3208 autem
1502 3153 1843 3223 episcopali-

141 3243 254 3296 bus
284 3258 400 3295 non
432 3240 587 3294 aliud
636 3240 962 3306 indicimus,
1007 3258 1178 3311 quam
1224 3242 1402 3296 sancti
1452 3245 1644 3296 Patres
1693 3243 1843 3294 salu-

146 3331 330 3384 briter
376 3329 805 3393 ordinaverunt,
857 3334 922 3383 ut
960 3329 1172 3384 scilicet
1217 3330 1336 3384 bini
1383 3334 1696 3384 conventus
1745 3346 1846 3399 per

153 3434 338 3472 annos
385 3417 640 3488 singulos
697 3418 1034 3484 habeantur,
1089 3419 1146 3471 in
1206 3418 1412 3489 quibus
1461 3419 1528 3473 de
1579 3417 1846 3472 omnibus

153 3505 425 3575 querelis,
475 3522 603 3576 qua
650 3506 801 3559 inter
827 3507 1076 3560 diversos
1127 3508 1388 3561 Ecclesia
1420 3506 1647 3561 ordines
1690 3506 1846 3560 nasci

151 3595 430 3659 assolent,
480 3594 786 3664 judicetur.
819 3597 897 3648 Ac
927 3596 973 3648 si
1017 3596 1164 3649 forte
1212 3596 1360 3650 inter
1390 3596 1539 3666 ipsos
1570 3596 1668 3667 qui
1702 3612 1849 3666 pra-

152 3689 286 3737 sunt
316 3683 387 3737 de
422 3683 753 3752 majoribus,
807 3685 960 3753 quod
991 3684 1152 3750 absit,
1189 3684 1429 3754 peccatis
1459 3700 1628 3738 causa
1656 3700 1848 3738 nasca-

152 3777 267 3837 tur,
318 3787 447 3841 qua
492 3772 828 3841 provinciali
857 3776 1106 3842 nequeat
1146 3772 1406 3826 examine
1448 3772 1696 3837 deﬁniri,
1730 3773 1847 3825 fra-

152 3860 482 3913 ternitatem
518 3866 674 3912 luam
706 3860 773 3913 de
805 3859 981 3913 totius
1008 3861 1225 3930 negotii
1257 3860 1527 3930 qualitate
1559 3865 1847 3930 metropo-

162 3949 372 4002 litanus
421 3947 644 4001 curabit
691 3949 1016 4002 instruere:
1049 3955 1110 4002 ut
1150 3950 1195 4002 si
1229 3965 1420 4002 coram
1467 3949 1668 4019 positis
1717 3965 1846 4018 par-

153 4037 328 4103 tibus,
384 4053 488 4089 nec
537 4042 636 4090 tuo
685 4036 858 4090 fuerit
914 4037 1164 4107 resopita
1194 4037 1434 4107 judicio,
1490 4039 1558 4091 ad
1597 4043 1848 4091 nostram

154 4125 542 4195 cognitionem
575 4125 852 4196 quidquid
883 4126 1024 4180 illud
1058 4132 1163 4191 est,
1194 4127 1586 4180 transferatur.

157 4215 284 4268 CAP.
321 4214 500 4267 XLIV.
535 4243 602 4252 —
628 4216 700 4267 De
731 4214 972 4281 synodis,
1006 4230 1110 4284 quo
1152 4220 1382 4284 tempore
1417 4218 1528 4269 sint
1572 4215 1845 4268 habenda.

227 4301 334 4371 (Ea:
383 4303 568 4355 concil.
624 4303 900 4367 Antioch.,
951 4319 1073 4371 cap.
1126 4306 1236 4366 20.)
1289 4305 1527 4372 Propter
1573 4301 1848 4355 utilitates

155 4389 560 4443 ecclesiasticas
603 4393 682 4442 'et
747 4389 1133 4443 absolutiones
1202 4407 1397 4444 earum
1461 4406 1652 4444 rerum
1721 4405 1848 4459 qua

155 4477 571 4532 dubitationem
636 4479 1198 4549 controversiamque
1260 4479 1563 4549 recipiunt,
1634 4478 1851 4549 optime

157 4566 390 4638 placuit,
439 4571 501 4619 ut
549 4582 650 4636 per
700 4566 953 4637 singulas
1000 4583 1255 4638 quasque
1306 4567 1627 4637 provincias
1674 4566 1760 4621 bis
1792 4566 1848 4619 in

157 4671 308 4709 anno
356 4653 756 4724 episcoporum
788 4657 1030 4710 concilia
1078 4658 1458 4711 celebrentur.
1496 4657 1680 4712 Semel
1726 4655 1854 4725 qui-

160 4744 287 4797 dem
317 4747 447 4813 post
492 4745 718 4797 tertiam
751 4745 1132 4815 septimanam
1184 4747 1312 4800 festi
1345 4747 1648 4812 Paschalis,
1681 4745 1758 4798 ita
1793 4749 1855 4796 ut

159 4832 220 4885 in
251 4837 455 4902 quarta
487 4832 807 4902 septimana
852 4850 980 4905 qua
1011 4835 1402 4905 consequitur,
1434 4835 1488 4888 id
1525 4840 1630 4901 est,
1664 4832 1853 4887 medio

166 4921 532 4972 Pentecostes
574 4921 877 4975 conveniat
922 4923 1188 4992 synodus,
1228 4923 1668 4992 metropolitano
1699 4938 1852 4976 com-

165 5007 542 5077 provinciales
607 5009 901 5080 episcopos
969 5011 1333 5064 admonente.
1404 5010 1664 5064 Secunda
1719 5026 1854 5064 vero

163 5094 412 5165 synodus
452 5094 553 5148 ﬁat
595 5096 788 5151 Idibus
833 5097 1115 5166 Octobris,
1161 5098 1214 5152 id
1266 5102 1348 5151 est
1383 5099 1464 5152 XV
1506 5099 1596 5152 die
1644 5097 1857 5151 mensis

165 5182 442 5249 Octobris,
475 5200 649 5254 quem
695 5201 798 5254 per
847 5186 1167 5239 Beretheon
1213 5186 1391 5240 Graci
1423 5185 1743 5239 nominant.
1793 5187 1857 5239 In

163 5270 297 5342 ipsis
339 5276 532 5326 autem
584 5273 844 5327 conciliis
889 5274 1076 5328 adsint
1123 5274 1462 5346 presbyteri,
1508 5274 1752 5338 diaconi,
1803 5277 1859 5327 et

165 5375 362 5414 omnes
407 5361 505 5429 qui
536 5378 593 5414 se
629 5363 790 5416 lasos
819 5362 1178 5429 existimant,
1222 5368 1278 5416 et
1326 5363 1527 5433 synodi
1559 5362 1856 5432 experian-

167 5453 256 5503 tur
307 5464 565 5503 examen.
619 5450 798 5504 Nullis
849 5467 982 5505 vero
1033 5452 1201 5505 liceat
1251 5452 1403 5523 apud
1458 5468 1517 5506 se
1569 5451 1857 5504 celebrare

167 5536 424 5604 concilia,
475 5541 684 5608 prater
727 5555 821 5593 eos
873 5539 1084 5611 quibus
1123 5540 1567 5611 metropolitana
1604 5539 1732 5610 jura
1783 5537 1859 5593 vi-

171 5627 372 5680 dentur
403 5642 526 5681 esse
557 5627 880 5682 commissa.

1098 379 1576 438 DECRETORUM
1617 382 1805 439 LIBRI
1843 384 1950 438 XX.
1988 413 2056 422 -—
2098 384 2308 438 LIBER
2348 384 2628 440 PRIMUS.

122 504 329 569 ceptus
379 516 494 554 non
543 499 670 567 erit,
721 499 875 554 hunc
929 506 1159 571 oportet
1196 503 1475 558 honorem
1531 505 1828 560 sacerdotii
1858 511 1901 563 A

3529 388 3631 441 562

2204 509 2334 564 CAP.
2365 509 2512 564 XLV.
2545 537 2614 550 —
2646 512 2718 564 De
2743 510 2944 578 synodo
2973 513 3369 578 congreganda.

2043 600 2148 663 (Ea:
2181 599 2370 651 concil.
2410 599 2734 664 Arvernen.,
2768 614 2892 669 cap.
2933 599 3041 668 15.)
3088 600 3335 653 Peractis
3366 600 3634 655 omnibus

1942 702 2069 756 qua
2104 687 2173 739 ad
2222 686 2634 740 correctionem
2682 687 2864 740 nostri
2911 687 3126 741 ordinis
3154 688 3214 741 in
3261 689 3366 742 hoc
3394 688 3632 742 concilio

1942 776 2309 844 promulgata
2343 779 2494 840 sunt,
2529 775 2743 845 placuit
2774 775 3036 843 delinire,
3084 782 3148 830 ut
3180 777 3339 830 omni
3384 794 3532 831 anno
3564 777 3636 832 ad

1942 864 2331 933 peragendam
2375 863 2762 917 celebritatem
2816 864 3042 918 concilii
3083 865 3145 918 in
3195 866 3638 936 metropolitana

1944 951 2098 1017 sede,
2149 955 2410 1019 tempore
2458 967 2570 1021 quo
2602 951 2875 1022 principis
2922 954 3011 1006 vel
3042 953 3474 1023 metropolitani
3520 955 3640 1006 ele-

1945 1039 2054 1092 ctio
2109 1038 2410 1105 deﬁnierit,
2479 1040 2696 1092 devotis
2757 1056 2986 1110 semper
3044 1041 3371 1095 animorum
3437 1041 3639 1095 studiis

1944 1128 2322 1191 conferamus,
2372 1143 2476 1180 nec
2526 1127 2875 1197 quibuslibet
2905 1129 3198 1199 requisitis
3246 1129 3639 1183 occasionibus

1945 1205 2369 1282 dissentiamus,
2420 1217 2515 1271 sed
2579 1217 2638 1270 in
2682 1223 3000 1288 praparato
3052 1219 3142 1272 die
3190 1235 3304 1288 quo
3360 1217 3638 1272 indictum

1944 1306 2134 1372 fuerit,
2187 1305 2447 1359 adunatis
2477 1306 2537 1358 in
2567 1306 3012 1374 metropolitana
3045 1307 3174 1360 sede
3207 1306 3474 1359 omnibus
3502 1322 3640 1375 pro-

1947 1391 2146 1444 vincia
2203 1391 2590 1461 pontiﬁcibus,
2639 1394 2965 1460 concilium,
3020 1395 3131 1448 Deo
3175 1395 3444 1464 prasule,
3490 1393 3636 1446 cele-

1947 1480 2164 1533 bretur.
2198 1479 2465 1550 Quisquis
2503 1486 2695 1534 autem
2727 1481 3079 1551 episcopum,
3129 1487 3365 1552 excepta
3393 1481 3638 1534 inevita-

1946 1567 2050 1620 bili
2092 1584 2281 1636 causa,
2320 1570 2408 1622 vel
2437 1569 2793 1636 necessitate,
2842 1571 2910 1624 de
2952 1571 3282 1639 peragendo
3313 1586 3372 1623 se
3403 1568 3639 1623 conciiio

1949 1656 2349 1724 absentaverit,
2392 1673 2495 1726 per
2542 1657 2714 1710 unius
2757 1659 2893 1710 anni
2944 1658 3194 1727 spatium
3226 1658 3334 1711 erit
3381 1673 3639 1710 commu-

1951 1739 2124 1792 nione
2167 1741 2522 1809 plectendas.
2564 1743 2723 1807 Quod
2753 1744 2800 1796 si
2830 1743 3098 1815 deinceps
3146 1745 3358 1814 absque
3391 1744 3639 1799 celebra-

1947 1827 2105 1881 tione
2137 1829 2384 1895 concilii,
2417 1833 2552 1884 anni
2601 1832 2771 1884 unius
2800 1838 2981 1886 metas
3029 1833 3334 1898 transierit,
3380 1834 3642 1887 omnium

1946 1913 2005 1966 in
2051 1916 2455 1971 communione
2500 1918 2838 1986 pontiﬁcum
2887 1918 3140 1987 ejusdem
3174 1918 3479 1988 provinciae
3513 1934 3642 1971 sen-

1947 2002 2190 2056 tentiam
2230 2004 2514 2058 obnoxius
2563 2006 2853 2068 retinebit,
2887 2005 2945 2060 id
2977 2011 3082 2072 est,
3115 2006 3162 2059 si
3192 2006 3350 2059 nulla
3391 2005 3499 2059 sibi
3530 2006 3637 2059 im-

1945 2091 2216 2159 pediente
2272 2092 2550 2163 principis
2610 2098 2911 2164 potestate,
2976 2095 3063 2148 vel
3114 2094 3467 2160 inﬁrmitate,
3538 2098 3636 2148 aut

1946 2178 2258 2234 inevitabili
2291 2197 2477 2248 causa,
2513 2181 2609 2235 sed
2649 2182 2824 2235 solius
2855 2182 3106 2253 propria
3136 2183 3444 2236 voluntatis
3473 2181 3641 2236 libitu

1946 2283 2066 2321 sese
2098 2268 2169 2321 ad
2196 2268 2602 2323 celebrandum
2628 2270 2936 2323 concilium
2967 2287 3084 2324 non
3114 2270 3424 2340 collegerit.

1949 2356 2074 2410 CAP.
2121 2358 2302 2410 XLVI.
2344 2387 2412 2397 —
2462 2360 2544 2412 De
2597 2360 2998 2428 archiepiscopo
3055 2362 3149 2426 qui
3203 2364 3435 2426 tempore
3490 2360 3641 2426 pacis

2072 2429 2222 2480 ultra
2247 2428 2520 2481 biennium
2546 2430 2812 2498 synodum
2841 2432 3172 2483 annuntiare
3199 2431 3514 2497 neglexerit.

2019 2496 2126 2567 (Ea
2156 2513 2300 2552 conc.
2357 2496 2638 2563 Meldensi,
2686 2516 2804 2568 cap.
2855 2500 2933 2570 3.)
2984 2500 3144 2563 Quod
3190 2499 3237 2553 si
3272 2496 3431 2553 intra
3480 2498 3643 2552 bien-

1947 2585 2108 2639 nium
2176 2586 2446 2640 divinitus
2511 2593 2838 2656 temporum
2903 2586 3319 2658 tranquillitate
3379 2602 3643 2640 concessa

1949 2673 2258 2726 admonitis
2305 2674 2881 2742 comprovincialibus
2913 2692 2944 2727 a
2976 2674 3422 2745 metropolitano
3471 2690 3641 2744 syno-

1950 2761 2055 2816 dus
2087 2761 2303 2815 indicta
2349 2777 2467 2815 non
2511 2762 2704 2831 fuerit,
2756 2767 2813 2817 et
2845 2763 3320 2832 metropolitanus
3351 2762 3473 2832 ipse
3503 2777 3639 2831 pro-

1949 2849 2270 2902 vocationes
2326 2850 2654 2917 tardaverit,
2712 2867 2860 2905 anno
2918 2851 3138 2921 integro
3196 2851 3398 2904 missas
3456 2851 3642 2904 facere

1951 2954 2068 2992 non
2099 2943 2426 3007 prasumat.
2459 2939 2622 3002 Quod
2666 2938 2712 2992 si
2743 2939 2960 2992 evocati
3006 2945 3062 2992 et
3091 2955 3205 2992 non
3234 2937 3518 3008 corporali
3550 2937 3643 2991 in-

1952 3027 2221 3080 ﬁrmitate
2270 3027 2505 3092 detenti,
2552 3027 2749 3080 adesse
2798 3044 2899 3080 sua
2931 3027 3208 3081 abusione
3248 3027 3638 3096 despexerant,

1954 3115 2126 3169 simili
2156 3114 2451 3169 sententia
2483 3116 2874 3186 subjacebunt.

1954 3205 2081 3259 CAP.
2125 3203 2327 3258 XLVII.
2361 3235 2425 3242 —
2476 3207 2550 3258 De
2596 3207 2858 3274 episcopis
2888 3205 2961 3258 ad
3008 3203 3272 3271 synodum
3308 3205 3533 3268 vocatis,
3585 3207 3646 3256 ut

2449 3277 2628 3328 venire
2653 3291 2756 3328 non
2788 3279 3145 3329 contemnant.

2025 3362 2139 3420 (Eae
2181 3363 2367 3415 concil.
2427 3363 2761 3428 Laodicensi,
2802 3378 2922 3432 cap.
2974 3363 3085 3433 40.)
3133 3361 3295 3425 Quod
3323 3375 3442 3413 non
3473 3374 3645 3428 opor-

1953 3453 2070 3503 teat
2132 3450 2429 3521 episcopos
2479 3451 2546 3503 ad
2603 3451 2885 3520 synodum
2941 3455 3167 3504 vocatos
3223 3447 3457 3501 omnino
3511 3461 3647 3499 con-

1953 3541 2230 3602 temnere,
2284 3537 2380 3590 sed
2428 3537 2691 3606 protinus
2739 3537 2821 3591 ire
2868 3543 2924 3591 et
2970 3538 3192 3602 docere,
3237 3541 3293 3589 et
3324 3536 3541 3590 discere
3580 3550 3647 3587 ea

1955 3643 2083 3695 qua
2119 3627 2186 3679 ad
2237 3625 2648 3678 correctionem
2683 3625 2965 3693 Ecclesia,
3012 3626 3099 3679 vel
3130 3625 3482 3694 reliquarum
3515 3637 3643 3692 per-

1955 3715 2144 3768 tinent
2183 3730 2396 3768 rerum.
2447 3714 2708 3785 Seipsum
2752 3730 2885 3767 vero
2937 3715 3037 3785 qui
3085 3711 3512 3784 contempserit,
3554 3727 3646 3764 ac—

1956 3803 2194 3870 cusabit,
2227 3803 2337 3856 nisi
2367 3803 2509 3856 forte
2540 3819 2641 3874 per
2669 3803 3074 3873 agritudinem
3105 3803 3187 3856 ire
3221 3818 3336 3855 non
3359 3801 3557 3871 possit.

1958 3894 2084 3947 CAP.
2118 3892 2341 3946 LXVIII.
2373 3922 2440 3931 —
2489 3892 2680 3956 Quales
2725 3894 2962 3959 epistola
3010 3909 3044 3945 a
3085 3893 3492 3960 metropolitano
3540 3892 3650 3944 sint

2485 3964 2757 4026 fratribus
2796 3963 3115 4030 dirigenda.

2029 4052 2135 4120 (Ea:
2166 4053 2352 4104 eoncil.
2411 4054 2819 4118 Tarraconensi,
2867 4067 2986 4120 cap.
3044 4052 3153 4119 l3.)
3198 4050 3462 4120 Epistola
3508 4049 3650 4102 tales

1960 4156 2061 4207 per
2088 4141 2291 4193 fratres
2321 4157 2354 4192 a
2398 4140 2841 4209 metropolitano
2887 4144 3018 4192 sunt
3057 4139 3393 4209 dirigenda,
3427 4142 3489 4191 ut
3535 4154 3652 4190 non

1959 4230 2144 4282 solum
2177 4228 2245 4282 de
2290 4228 2712 4282 cathedralibus
2753 4228 3010 4281 Ecclesia
3041 4226 3413 4297 presbyteris,
3452 4241 3648 4278 verum

1901 4354 1921 4402 )
1963 4315 2135 4367 etiam
2193 4315 2260 4367 de
2312 4315 2643 4368 diacesanis
2690 4317 2760 4369 ad
2809 4315 3115 4369 concilium
3165 4315 3412 4384 trahant,
3451 4319 3508 4370 et
3544 4313 3652 4369 ali-

1962 4419 2106 4473 quos
2144 4403 2212 4456 de
2257 4403 2390 4456 ﬁliis
2445 4403 2704 4458 Ecclesia
2749 4403 3097 4458 secularibus
3145 4419 3334 4458 secum
3373 4403 3654 4456 adducere

1962 4491 2242 4545 studeant.

2377 4563 2503 4615 CAP.
2533 4563 2703 4616 XLIX.
2741 4592 2810 4602 —
2839 4566 2914 4617 De
2946 4563 3128 4617 eadem
3158 4579 3234 4617 re.

2032 4649 2142 4718 (Ea:
2194 4651 2380 4704 concil.
2450 4651 2680 4718 Agath.,
2740 4667 2856 4720 cap.
2899 4655 3010 4718 36.)
3073 4651 3130 4706 Si
3181 4651 3655 4722 metrOpolitanus

1963 4739 2263 4808 episcopus
2329 4739 2398 4792 ad
2463 4739 2973 4809 comprovinciales
3039 4741 3331 4810 episcopos
3390 4739 3656 4809 epistolas

1964 4827 2250 4892 direxerit,
2281 4827 2340 4880 in
2371 4826 2578 4897 quibus
2605 4843 2720 4892 eos,
2747 4833 2846 4881 aut
2874 4829 2943 4882 ad
2975 4829 3394 4883 ordinationem
3417 4828 3656 4897 alicujus

1964 4916 2174 4982 fratris,
2208 4919 2306 4968 aut
2335 4916 2405 4969 ad
2436 4915 2714 4986 synodum
2748 4916 2969 4982 invitet,
3011 4917 3339 4987 postpositis
3367 4917 3657 4983 omnibus,

1964 5006 2197 5071 excepta
2239 5002 2398 5073 gravi
2439 5001 2774 5056 inﬁrmitate
2823 5003 3099 5072 corporis,
3133 5008 3232 5056 aut
3275 5002 3660 5073 praceptione

1964 5090 2141 5162 regia,
2197 5091 2266 5144 ad
2320 5091 2687 5144 constitutam
2740 5090 2893 5145 diem
2951 5092 3148 5145 adesse
3200 5107 3317 5145 non
3367 5091 3655 5145 differant.

1965 5180 2072 5244 Qui
2123 5180 2170 5232 si
2221 5179 2530 5245 defuerint,
2593 5179 2739 5233 sicut
2797 5181 2984 5251 prisca
3042 5197 3325 5234 canonum
3386 5179 3662 5250 pracepit

1965 5269 2292 5334 auctoritas,
2344 5284 2525 5338 usque
2574 5269 2643 5322 ad
2694 5269 3012 5339 proximam
3057 5269 3338 5340 synodum
3389 5267 3660 5322 charitate

1965 5357 2208 5410 fratrum
2239 5361 2294 5410 et
2331 5357 2586 5410 Ecclesia
2611 5357 3018 5410 communione
3047 5359 3364 5428 priventur.

1966 5446 2093 5499 CAP.
2133 5447 2188 5498 L.
2218 5473 2289 5483 —
2341 5448 2411 5499 De
2451 5449 2696 5514 episcopo
2744 5449 2841 5515 qui
2869 5446 3072 5515 synodo
3115 5447 3300 5500 adesse
3343 5446 3659 5512 neglexerit.

2039 5535 2147 5598 (Ea:
2177 5534 2365 5586 concil.
2400 5535 2676 5602 Spalensi,
2723 5551 2842 5604 cap.
2891 5539 2952 5588 l0
2982 5536 3001 5604 )
3039 5535 3096 5590 Si
3126 5535 3254 5606 quis
3285 5539 3479 5588 autem
3528 5534 3652 5605 epi-

1967 5637 2268 5692 scoporum
2298 5623 2508 5692 synodo
2547 5623 2743 5678 adesse
2787 5623 3124 5694 neglexerit,
3171 5628 3269 5679 aut
3299 5629 3509 5680 coetum
3551 5624 3666 5678 fra-
