3956 6306
277 325 378 378 563

1356 313 1764 373 BURCHARDI
1803 306 2336 368 \I'ORMACIENSIS
2374 303 2711 364 EPISCOPI.

3679 303 3776 355 56's

277 452 452 512 trum,
520 446 830 513 antequam
897 439 1203 496 concilium
1253 439 1614 506 dissolvatur,
1669 435 1973 492 crediderit
2003 436 2050 489 Α
2086 430 2361 487 mansisse
2409 427 2849 484 ecclesiasticam
2895 425 3280 498 disciplinam,
3327 430 3391 480 ut
3432 426 3626 480 nullus
3668 427 3779 480 fra-

283 533 662 589 deserendum
698 547 712 584 :
747 530 999 584 alienum
1065 545 1123 583 se
1189 545 1224 582 a
1285 527 1525 582 fratrum
1573 524 1978 580 communione

283 624 606 692 cognoscat,
655 635 765 672 nec
801 634 936 672 eum
989 617 1165 687 recipi
1209 616 1398 684 liceat,
1449 614 1560 668 nisi
1607 615 1668 668 in
1717 611 1978 684 sequenti

287 709 504 780 synodo
536 707 708 762 fuerit
737 706 1053 760 absolutus.

289 799 418 851 CAP.
473 795 556 849 LI.
613 822 684 836 —
731 796 804 848 De
868 796 1110 862 episcopo
1160 793 1258 860 qui
1305 805 1401 858 per
1466 790 1844 857 aegritudinem
1908 787 1982 842 ad

691 864 958 931 synodum
985 864 1166 916 venire
1198 877 1304 914 non
1325 864 1581 930 potuerit.

363 957 476 1022 (Ea:
506 954 650 1008 decr.
699 953 884 1006 Felicis
936 965 1116 1020 papa,
1167 965 1289 1019 cap.
1344 949 1451 1018 Η.)
1508 947 1664 1013 Quod
1697 947 1744 1000 si
1800 961 1981 1016 (egro-

295 1047 421 1096 tans
457 1041 630 1095 fuerit
678 1040 998 1110 episcopus,
1030 1043 1125 1091 aut
1166 1037 1359 1108 aliqua
1399 1053 1530 1090 eum
1563 1036 1752 1107 gravis
1782 1051 1981 1090 neces-

293 1131 428 1183 sitas
453 1127 780 1194 detiuuerit,
810 1144 916 1197 pro
949 1141 1010 1179 se
1057 1127 1308 1196 legatum
1357 1125 1422 1178 ad
1457 1126 1739 1195 synodum
1771 1125 1982 1189 mittat,

295 1222 679 1286 suscepturus,
729 1217 882 1270 salva
926 1213 1062 1268 fidei
1110 1213 1368 1280 veritate,
1419 1212 1698 1284 quidquid
1738 1212 1986 1283 synodus

297 1305 575 1358 statuerit.

296 1394 422 1448 CAP.
481 1393 590 1446 LII.
639 1421 712 1432 —
771 1393 850 1445 De
899 1393 1162 1459 episcopis
1213 1390 1286 1444 ad
1340 1391 1605 1457 synodum
1655 1392 1881 1457 vocatis,
1939 1393 1990 1442 et

463 1465 664 1528 venire,
696 1466 747 1516 et
774 1464 964 1516 missos
994 1477 1116 1515 suos
1141 1464 1352 1515 mittere
1378 1461 1818 1527 dedignantibus.

369 1554 464 1619 (De
493 1550 694 1618 synodo
725 1549 876 1618 apud
932 1551 1124 1603 Alihei
1175 1549 1384 1616 habita,
1437 1564 1556 1617 cap.
1607 1550 1718 1616 l0.)
1774 1547 1993 1602 Placuit

299 1643 506 1691 sanctas
548 1637 763 1707 synodo
814 1636 1110 1706 episcopos
1151 1636 1250 1706 qui
1293 1636 1474 1689 vocali
1525 1636 1596 1690 de
1640 1635 1883 1690 Saxonia
1923 1634 1993 1688 ad

2087 526 2244 575 trum
2287 517 2578 590 prioribus
2627 516 2748 570 suis
2791 532 2850 570 se
2904 515 3220 586 aliquando
3269 514 3505 568 auderet
3546 518 3780 586 antepo-

2089 625 2246 675 nere,
2294 607 2392 662 sed
2425 605 2628 660 ofticiis
2677 604 2970 659 charitatis
3001 604 3058 658 id
3088 619 3313 674 semper
3359 602 3676 657 exhibitum
3706 607 3790 656 est

2089 696 2404 768 prioribus,
2456 693 2611 765 quod
2654 694 2724 748 ab
2755 691 3194 763 insequentibus
3242 696 3535 762 gratanter
3565 707 3791 761 semper

2091 785 2464 855 acciperetur.

2093 873 2222 928 CAP.
2262 873 2417 927 LVII.
2449 899 2518 910 -—
2549 871 2632 924 De
2662 871 2816 921 rebus
2848 868 3031 922 dubiis
3069 870 3130 922 in
3152 869 3392 922 conciliis
3421 870 3790 937 episcoporum

2739 956 2833 993 erm
2849 939 3148 1010 rgentibus.

2165 1033 2277 1100 (Ea:
2332 1032 2489 1099 epist.
2553 1029 2828 1095 Bonifacii
2884 1043 3044 1096 papae
3102 1026 3177 1080 ad
3230 1028 3502 1096 episcopos
3556 1028 3792 1089 Galliae.)

2093 1120 2149 1175 Si
2179 1120 2330 1173 inter
2355 1117 2649 1188 episcopos
2681 1116 2938 1186 ejusdem
2985 1114 3212 1168 concilii
3261 1115 3543 1169 dubitatio
3593 1131 3791 1168 emer-

2097 1206 2233 1261 serit
2263 1205 2333 1260 de
2375 1203 2754 1258 ecclesiastico
2798 1203 2948 1273 jure,
2979 1203 3067 1257 vel
3097 1202 3168 1256 de
3208 1203 3333 1256 aliis
3377 1202 3642 1272 negotiis,
3681 1203 3795 1272 pri-

2098 1309 2257 1348 mum
2309 1291 2785 1362 metropolitanus
2843 1307 3041 1344 eorum
3089 1306 3221 1344 cum
3279 1291 3404 1344 aliis
3447 1291 3795 1362 quibusdam

2098 1390 2158 1444 in
2226 1387 2466 1443 concilio
2523 1387 2892 1441 considerans
2950 1402 3070 1440 rem
3129 1386 3364 1456 judicet.
3431 1388 3496 1440 Et
3559 1385 3605 1438 si
3673 1401 3798 1439 non

2100 1474 2422 1546 acquiescat
2449 1478 2692 1544 utraque
2720 1490 2851 1545 pars
2892 1473 3183 1544 judicatis,
3215 1479 3352 1527 tunc
3381 1473 3597 1543 primas
3639 1471 3800 1526 illius

2099 1563 2352 1634 regionis
2377 1563 2528 1616 inter
2557 1562 2711 1632 ipsos
2755 1561 2967 1628 audiat,
2999 1567 3057 1616 et
3086 1562 3235 1632 quod
3267 1561 3658 1615 ecclesiasticis
3697 1577 3803 1614 ca-

2105 1653 2372 1720 nonibus,
2424 1657 2491 1706 et‘
2533 1651 2754 1721 legibus
2805 1651 3015 1705 nostris
3053 1664 3503 1705 consentaneum
3559 1649 3650 1714 sit,
3693 1649 3806 1703 hoc

300 1729 560 1778 sanctum
589 1723 897 1778 concilium
941 1739 1056 1776 non
1087 1728 1388 1789 venerunt,
1419 1739 1524 1777 nec
1553 1723 1866 1778 secundum
1901 1739 1979 1776 ca-

2187 1717 2368 1806 ﬁniat,
2414 1743 2473 1794 et
2529 1717 2688 1793 nulla
2726 1754 2857 1808 pars
2895 1739 3081 1792 valeat
3117 1738 3336 1792 calculo
3391 1738 3516 1808 ejus
3564 1742 3806 1792 contraa

300 1828 483 1866 nones
541 1827 727 1864 sacros
783 1811 986 1865 missos
1035 1826 1166 1864 suos
1210 1811 1298 1864 vel
1345 1811 1585 1864 vicarios
1639 1810 1990 1876 direxerant,

300 1899 457 1970 gravi
506 1897 899 1966 increpatione
953 1897 1280 1968 objurgare,
1327 1903 1385 1952 et
1431 1914 1535 1969 pro
1581 1899 1748 1968 culpa
1792 1897 1992 1951 inobe-

299 1985 530 2040 dientias
576 1985 892 2055 increpare.
950 1985 1108 2039 Unde
1140 1985 1350 2040 iterum
1382 2003 1478 2039 eos
1523 1987 1774 2040 fraterna
1803 1985 1994 2038 chari-

301 2079 414 2127 tate
444 2073 514 2127 ad
553 2073 879 2127 condictum
913 2073 1217 2128 concilium
1265 2073 1574 2127 invitemus
1604 2079 1660 2128 et
1706 2089 1991 2127 vocamus.

299 2162 458 2226 Quod
519 2166 575 2214 et
638 2160 687 2214 si
739 2161 868 2226 hoc,
937 2162 1091 2230 quod
1159 2177 1277 2214 non
1330 2166 1612 2232 optamus,
1666 2178 1771 2231 pro
1811 2161 1996 2215 nihilo

304 2249 588 2313 duxerint,
641 2253 700 2302 et
745 2248 940 2302 venire
988 2249 1299 2316 noluerint,
1345 2250 1676 2320 justamque
1716 2249 1998 2303 rationem

304 2336 712 2392 inobedientias
756 2353 873 2390 sua:
903 2335 1141 2390 reddere
1188 2336 1642 2398 detrectaverint,
1691 2337 2002 2408 apostolica

306 2423 641 2479 auctoritate
669 2423 962 2478 interdicit
994 2424 1073 2477 eis
1107 2426 1304 2478 Petrus
1349 2425 1528 2479 sancti
1568 2425 1720 2480 Petri
1751 2429 1807 2479 et
1837 2442 2001 2495 papte

306 2512 532 2578 missus,
581 2527 692 2564 una
725 2527 855 2564 cum
908 2515 1103 2564 sancta
1153 2513 1393 2581 synodo,
1445 2513 1644 2566 missas
1689 2513 1999 2574 celebrare,

311 2615 613 2671 quousque
662 2601 902 2654 Romam
950 2599 1198 2662 veniant,
1239 2605 1294 2653 et
1323 2615 1512 2654 coram
1547 2617 1694 2672 papa
1722 2605 1778 2655 et
1811 2606 2004 2655 sancta

310 2688 556 2742 Ecclesia
577 2687 810 2758 dignam
842 2686 1200 2742 reddiderint
1233 2689 1531 2743 rationem.

315 2775 441 2829 CAP.
477 2775 610 2828 LIII.
643 2804 704 2813 —
743 2775 1038 2911 Conciliat}:
1075 2777 1384 2899 unigersale
1411 2792 1518 2831 non
1546 2779 1660 2832 nisi
1695 2780 2008 2832 necessitate

1023 2861 1169 2900 acien
1215 2862 1322 2900 um.

1023 2861 1322 2900 acienaum.

387 2932 509 3001 (Ea:
557 2933 744 2986 concil.
777 2933 1067 2999 Africano,
1115 2949 1233 3004 cap.
1285 2935 1400 3004 42.)
1430 2935 1650 2989 Placuit
1686 2939 1750 2988 ut
1791 2951 1906 2990 non
1937 2936 2010 2990 sit

317 3019 470 3073 ultra
520 3018 825 3087 fatigandis
869 3020 1139 3074 fratribus
1177 3021 1513 3076 universalis
1546 3023 1866 3090 necessitas,
1911 3025 2006 3079 sed
2041 2995 2080 3048 Ο

321 3105 547 3176 quoties
590 3107 882 3177 exegerint
910 3124 1093 3162 causae
1124 3125 1478 3176 communes,
1512 3109 1569 3164 id
1597 3116 1700 3178 est,
1744 3111 1790 3165 si
1835 3112 2010 3165 totius

319 3193 523 3248 Africae
575 3195 973 3264 undecumque
1018 3196 1209 3250 relatae
1252 3197 1322 3250 ad
1365 3197 1510 3250 hanc
1558 3199 1748 3252 sedem
1796 3199 2011 3253 fuerint

319 3281 546 3346 litteris,
579 3283 1037 3352 congregandam
1060 3301 1181 3338 esse
1212 3286 1494 3356 synodum
1519 3286 1579 3340 in
1611 3303 1676 3340 ea
1697 3288 2010 3358 provincia,

320 3369 419 3423 ubi
487 3370 884 3440 opportunitas
948 3373 1312 3443 persuaserit.
1381 3375 1576 3428 Causae
1635 3381 1823 3430 autem
1883 3392 2012 3446 quas

321 3474 656 3512 communes
702 3475 815 3514 non
860 3465 1011 3528 sunt,
1061 3461 1121 3515 in
1165 3461 1281 3515 suis
1328 3463 1638 3532 provinciis
1663 3463 2009 3532 jndicentur.

323 3547 451 3601 CAP.
489 3546 620 3600 LIV.
651 3577 720 3586 —
754 3549 820 3601 Ut
860 3550 1097 3617 episcOpi
1139 3551 1459 3617 posteriores
1499 3565 1552 3604 sc
1589 3551 1867 3620 prioribus
1900 3555 2013 3607 suis

941 3633 1047 3672 non
1075 3623 1395 3687 pra/erant.

398 3704 505 3772 (Ea:
577 3707 733 3773 epist.
817 3707 974 3760 Lucii
1050 3722 1243 3775 papae,
1309 3707 1745 3763 Occidentalibus
1808 3714 2010 3775 missa,

130 3781 1008 3864 wu‘‘1341!:0....‘i.,LI:1piscopivero
1039 3811 1143 3864 per
1173 3795 1425 3865 singulas
1467 3797 1786 3866 provincias
1818 3798 2017 3852 obser-

325 3887 478 3946 vent,
515 3897 586 3934 ne
631 3881 974 3950 posteriores
1004 3897 1065 3935 se
1108 3883 1498 3952 superioribus
1530 3883 1645 3937 suis
1687 3886 2014 3954 prmierant,

329 3985 433 4023 nec
462 3968 541 4022 eis
580 3969 934 4030 inconsultis.
984 3969 1094 4023 nisi
1133 3975 1412 4040 quantum
1445 3973 1512 4026 ad
1547 3975 1840 4043 propriam
1887 3990 2018 4045 per-

329 4057 475 4111 tinet
505 4058 857 4128 parochiam,
909 4057 1122 4128 aliquid
1157 4065 1350 4129 agant.
1384 4059 1488 4114 Sed
1521 4076 1720 4115 omnes
1763 4061 1831 4116 de
1862 4078 2018 4116 com-

329 4145 602 4199 munibus
629 4161 827 4200 eorum
867 4146 1072 4213 causis,
1119 4161 1427 4201 consonam
1466 4149 1809 4204 sententiam
1839 4151 2021 4220 profe-

2101 1829 2308 1883 dicere.

2103 1917 2230 1971 CAP.
2269 1915 2452 1970 LVIII.
2484 1943 2552 1955 —
2578 1917 2645 1969 Ut
2673 1916 2909 1983 episcopi
2936 1917 2996 1968 in
3020 1914 3223 1982 synodo
3243 1914 3555 1981 residentes,
3583 1929 3703 1983 qua:
3725 1913 3807 1969 ad

2193 1986 2612 2041 emendationem
2640 1987 2765 2040 vita
2791 1987 3116 2054 pertineant,
3142 1988 3383 2054 primum
3411 1985 3708 2040 emendent.

2176 2076 2284 2145 (Ea:
2314 2075 2498 2128 concil.
2527 2075 2875 2138 Arvernensi,
2901 2089 3021 2142 cap.
3059 2073 3128 2142 1.)
3158 2075 3217 2127 In
3247 2073 3446 2144 primis
3467 2074 3708 2143 placuit,
3739 2077 3810 2127 ut

2105 2162 2327 2234 quoties
2372 2161 2684 2215 secundum
2730 2165 2942 2214 statuta
2994 2163 3228 2215 Patrum
3295 2169 3488 2218 sancta
3546 2161 3808 2232 synodus

2107 2255 2507 2321 congregatur,
2541 2249 2732 2302 nullus
2762 2248 3165 2320 episcoporum
3196 2249 3447 2321 aliquam
3481 2251 3642 2321 prius
3675 2266 3812 2304 cau-

2110 2355 2229 2392 sam
2260 2352 2565 2408 suggerere
2613 2337 2840 2403 audeat,
2873 2354 3046 2408 quam
3079 2354 3144 2392 ea
3191 2355 3322 2408 quae
3352 2338 3424 2392 ad
3455 2339 3813 2393 emendatio-

2110 2441 2242 2480 nem
2273 2425 2425 2490 vitaa,
2457 2423 2529 2477 ad
2561 2424 2918 2479 severitatem
2949 2427 3181 2496 regulae,
3212 2428 3282 2479 ad
3315 2425 3521 2480 animae
3546 2426 3815 2481 remedia

2111 2512 2419 2584 pertinent,
2451 2511 2746 2566 ﬁniantur.

2114 2602 2241 2656 CAP.
2293 2600 2421 2654 LIX.
2476 2628 2544 2639 —
2612 2605 2686 2654 De
2747 2602 3157 2669 metropolitano
3211 2604 3261 2655 si
3307 2603 3817 2670 comprovincialem

2333 2672 2638 2738 episcopum
2666 2672 2723 2723 in
2743 2685 2844 2723 sua
2869 2687 3034 2725 causa
3064 2673 3261 2727 audire
3286 2673 3579 2727 distulerit.

2187 2759 2309 2824 (Ea:
2353 2757 2496 2811 decr.
2545 2757 2858 2812 Alexandri
2905 2760 3112 2828 papae.)
3161 2759 3218 2812 Si
3262 2759 3744 2830 metropolitanus
3786 2777 3821 2813 a

2117 2859 2462 2914 quocunque
2532 2843 2994 2914 comprovinciali
3049 2845 3318 2916 episcopo
3374 2847 3462 2900 bis
3523 2847 3700 2900 fuerit
3756 2848 3819 2901 in

2119 2947 2286 2985 causa
2332 2932 2563 3000 propria
2609 2931 2946 3002 appellatus,
2997 2938 3054 2985 et
3091 2949 3220 2986 eum
3253 2933 3454 2987 audire
3501 2934 3820 3001 distulerit,

2119 3020 2178 3073 in
2233 3018 2492 3089 proxima
2551 3019 2768 3090 synodo
2835 3021 3050 3090 negotii
3101 3021 3190 3074 sui
3245 3021 3455 3076 habeat
3520 3022 3821 3077 licentiam

2117 3107 2418 3162 exercendi
2455 3123 2468 3160 :
2497 3111 2553 3160 et
2592 3107 2872 3178 quidquid
2921 3109 3457 3178 propterjustitiam
3492 3127 3520 3162 a
3554 3127 3822 3182 compro-

2119 3195 2453 3249 vincialibus
2483 3195 2600 3248 suis
2630 3195 2804 3249 fuerit
2834 3201 3109 3250 statutum
3137 3197 3304 3252 debet
3326 3199 3620 3253 custodiri.

2120 3285 2247 3339 CAP.
2282 3283 2383 3338 LX.
2405 3313 2472 3323 —
2503 3286 2568 3338 Ut
2589 3286 2827 3353 episcopi
2840 3285 2996 3353 justa
3005 3286 3218 3353 judicia
3248 3302 3456 3356 semper
3485 3287 3816 3357 dijudicent.

2193 3372 2297 3440 (Ea:
2328 3372 2516 3425 concil.
2567 3373 2834 3440 Remensi,
2885 3389 3006 3442 cap.
3053 3375 3164 3439 t9.)
3201 3375 3270 3428 Ut
3317 3375 3570 3445 episcopi
3619 3381 3676 3430 et
3719 3377 3818 3445 ju-

2121 3459 2272 3513 dices
2309 3458 2526 3530 judicia
2567 3460 2912 3528 discernant,
2950 3462 3084 3530 quia
3113 3467 3245 3516 sunt
3287 3464 3551 3533 quaedam
3593 3465 3821 3534 judicio

2123 3546 2342 3609 mundi,
2387 3547 2654 3618 quaedam
2698 3548 2914 3618 judicio
2965 3549 3067 3602 Dei
3111 3552 3472 3606 reservanda.
3526 3553 3824 3622 Scriptum

2123 3640 2206 3689 est
2234 3634 2388 3688 enim
2416 3652 2428 3688 :
2463 3636 2650 3689 Nolite
2693 3636 2952 3706 judicare
2982 3642 3113 3691 ante
3145 3642 3392 3708 tempus,
3442 3641 3826 3711 quoadusque

2124 3723 2316 3778 veniat
2347 3723 2643 3790 Dominus,
2686 3724 2785 3794 qui
2820 3730 2875 3779 et
2902 3725 3253 3780 illuminabit
3283 3727 3612 3781 abscondita
3657 3734 3826 3783 tene-

2123 3811 2374 3873 brarum,
2425 3818 2480 3866 et
2527 3812 2914 3866 manifestabit
2957 3815 3195 3868 consilia
3240 3816 3524 3881 cordium,
3580 3821 3638 3870 et
3682 3822 3830 3871 tunc

2125 3901 2250 3954 laus
2290 3901 2398 3954 erit
2429 3899 2742 3970 unicuique
2789 3916 2822 3953 a
2876 3902 3008 3954 Deo.
3063 3903 3126 3956 Et
3169 3902 3323 3956 illius
3354 3919 3638 3957 memores
3667 3906 3825 3958 sint:

2127 3991 2192 4044 In
2223 4005 2337 4060 quo
2365 3988 2753 4058 enimjudicio
2775 3989 3611 4061 judicaveritis,judicabimini
3632 3998 3822 4047 etvos.

2129 4078 2254 4132 CAP.
2313 4078 2442 4131 LXI.
2495 4106 2562 4116 —
2617 4080 2684 4132 Ut
2734 4093 2999 4132 canonum
3051 4083 3261 4133 statuta
3311 4081 3379 4134 ab
3424 4082 3670 4135 omnibus
3719 4085 3830 4137 rite

2199 4166 2597 4232 custodiantur,
2665 4170 2716 4221 et
2775 4167 2956 4221 nullus
3019 4183 3084 4221 ea
3144 4183 3240 4222 suo
3295 4183 3454 4222 sensu
3509 4169 3828 4238 diiudicare

329 4237 479 4302 rant,
528 4237 585 4287 et
641 4234 1042 4302 determinent,
1098 4235 1370 4305 quoniam
1421 4237 1585 4292 aliter
1639 4242 1776 4292 actae
1831 4240 2016 4293 nullas
2048 4267 2088 4319 ι)
2194 4258 2508 4323 praesumat,

329 4321 477 4375 vires
506 4321 816 4385 habebunt,
852 4338 955 4376 nec
986 4323 1375 4377 ecclesiasticae
1408 4326 1844 4395 reputabuntur.

333 4409 460 4464 CAP.
495 4410 593 4464 LV.
623 4441 691 4450 —
725 4413 792 4484 Ut
837 4413 1072 4484 episcopi
1099 4415 1186 4466 sui
1215 4413 1424 4466 ordinis
1472 4420 1677 4482 tempus
1721 4416 2017 4484 observent,

704 4483 842 4535 alter
869 4483 1035 4538 alteri
1061 4484 1307 4538 honorem
1335 4485 1648 4552 praebentes.

405 4567 515 4637 (Ea:
544 4570 732 4623 concil.
783 4570 1160 4637 Cabillonensi,
1217 4588 1336 4640 cap.
1389 4571 1460 4639 7.)
1496 4573 1635 4626 Item
1680 4571 1892 4642 placuit
1938 4577 2024 4638 ut,

337 4661 669 4710 conservato
715 4659 1142 4729 metropolitani
1197 4660 1450 4730 episcopi
1501 4659 1774 4730 primatu,
1833 4661 2025 4714 caeteri

337 4745 738 4816 episcoporum
805 4747 1121 4801 secundum
1187 4747 1276 4800 sui
1342 4748 1715 4802 ordinationis
1777 4752 2023 4817 tempus,

339 4833 484 4888 alius
513 4835 612 4887 alii
641 4835 862 4889 sedenti
887 4836 1110 4889 deferat
1131 4835 1342 4889 locum.

339 4923 465 4977 CAP.
505 4923 633 4976 LVI.
679 4953 741 4963 —
778 4925 858 4978 De
885 4927 1253 4992 episcoporum
1300 4923 1508 4988 ordine,
1548 4927 1608 4977 ut
1638 4925 1735 4992 qui
1759 4928 2027 4993 posterius

420 5009 664 5065 ordinati
693 5016 840 5077 sunt,
865 5011 1144 5080 prioribus
1176 5025 1230 5064 se
1255 5026 1360 5064 non
1391 5011 1630 5066 audeant
1658 5015 1944 5076 anteferre.

411 5096 519 5166 (Ea:
588 5099 774 5152 concil.
861 5100 1142 5165 Africano,
1225 5114 1346 5166 cap.
1416 5101 1526 5165 53.)
1603 5099 2029 5154 Valentinianus

337 5185 640 5256 episcopus
673 5186 819 5240 dixit
841 5202 854 5240 :
879 5186 935 5240 Si
957 5173 1239 5256 permittit
1257 5185 1472 5239 bonum
1496 5186 1786 5256 patientia:
1807 5191 2026 5254 vestrm,

335 5289 654 5344 prosequor
705 5291 773 5328 ea
821 5289 951 5344 quae
1005 5273 1298 5344 praeterito
1357 5279 1614 5344 tempore
1670 5274 1728 5328 in
1789 5275 2030 5330 Ecclesia

333 5363 770 5433 Carthaginensi
823 5368 983 5432 gesta
1030 5367 1185 5432 sunt,
1241 5367 1298 5416 et
1349 5363 1868 5433 subscriptionibus
1916 5364 2028 5418 fra-

331 5453 484 5503 trum
515 5450 742 5503 tirmata
791 5445 1141 5516 clarue'runt,
1190 5448 1361 5502 etiam
1413 5451 1520 5506 hoc
1557 5467 1660 5504 nos
1706 5456 2029 5505 servaturos

331 5553 450 5590 esse
480 5538 770 5607 protiteor.
820 5537 924 5592 Sed
960 5538 1099 5592 illud
1134 5537 1366 5605 scimus,
1417 5538 1748 5593 inviolatam
1799 5555 2026 5610 semper

2204 4343 2314 4410 (Ecc
2361 4343 2546 4396 concil.
2595 4343 2874 4410 Meldensi,
2929 4359 3058 4415 cap.
3110 4345 3221 4414 lt.)
3267 4344 3561 4399 Canonum
3612 4350 3828 4401 statuta.

2132 4429 2252 4484 sine
2287 4429 2617 4500 praejudicio
2657 4432 2728 4484 ab
2779 4430 3047 4485 omnibus
3095 4432 3514 4498 custodiantur,
3566 4439 3622 4488 et
3655 4451 3826 4489 nemo

2133 4518 2192 4571 in
2221 4517 2559 4584 actionibus,
2602 4519 2690 4572 vel
2720 4519 2778 4572 in
2805 4519 3038 4590 judiciis
3067 4521 3457 4574 ecclesiasticis
3490 4538 3594 4575 suo
3627 4539 3826 4590 sensu,

2135 4605 2228 4659 sed
2259 4621 2460 4659 eorum
2493 4607 2830 4662 auctoritate
2859 4608 3120 4663 ducatur.
3156 4610 3218 4662 In
3249 4611 3600 4679 exponendis
3627 4611 3827 4677 etiam,

2135 4694 2220 4748 vel
2265 4693 2642 4765 praedicandis
2676 4695 2881 4750 divinis
2921 4696 3245 4766 Scripturis,
3279 4703 3602 4752 sanctorum
3630 4699 3830 4754 catho-

2137 4782 2378 4836 licorum
2426 4784 2681 4848 Patrum,
2713 4789 2770 4838 et
2816 4785 3357 4854 probatissimorum
3392 4803 3624 4840 sensum
3673 4788 3832 4858 quis-

2138 4887 2250 4941 que
2297 4875 2590 4941 sequatur,
2623 4871 2682 4924 in
2715 4887 2960 4941 quorum
3003 4873 3315 4943 scripturis,
3351 4878 3415 4928 ut
3445 4875 3646 4928 beatus
3697 4875 3837 4930 dicit

2140 4959 2538 5030 Hieronymus,
2573 4959 2708 5014 fidei
2734 4961 2940 5014 veritas
2967 4977 3081 5014 non
3113 4962 3353 5015 vacillet.

2351 5049 2476 5101 CAP.
2516 5049 2669 5102 LXII.
2701 5079 2770 5089 —
2799 5053 2873 5103 De
2906 5050 3295 5104 dissidentibus
3331 5053 3616 5120 episcopis.

2211 5136 2322 5204 (Ea:
2350 5138 2536 5191 concil.
2587 5138 2845 5204 Carthag.
2875 5153 2997 5206 cap.
3046 5139 3154 5206 25.)
3211 5137 3560 5192 Dissidentes
3619 5138 3835 5209 episco-

2138 5240 2263 5294 pos,
2295 5223 2339 5276 si
2369 5240 2485 5277 non
2514 5225 2690 5278 timor
2724 5225 2839 5292 Dei,
2872 5225 3124 5295 synodus
3149 5225 3502 5279 reconciliet.

2139 5313 2266 5367 CAP.
2330 5313 2510 5366 LXIII.
2577 5342 2647 5352 —
2715 5316 2792 5368 De
2855 5315 3135 5382 inﬂatione
3198 5315 3731 5382 metropolitanorum
3784 5321 3834 5369 et

2207 5385 2378 5454 fastu,
2427 5388 2477 5436 et
2523 5382 2589 5436 de
2640 5386 2902 5452 episcopis
2956 5400 3018 5438 ac
3069 5386 3296 5453 reliquis
3344 5386 3554 5440 clericis
3605 5387 3702 5454 qui
3739 5387 3831 5440 lse-

2209 5453 2415 5506 duntur
2443 5469 2476 5506 a
2507 5455 2934 5523 metropolitano.

2209 5543 2317 5606 (Em
2345 5543 2502 5608 epist.
2554 5543 2746 5594 Anicii
2785 5558 2945 5611 papae
2977 5543 3238 5612 episcopis
3275 5558 3374 5611 per
3420 5540 3662 5596 Galliam
3708 5559 3829 5598 con-
