3956 6306
161 341 276 393 565

1162 338 1635 396 DECRETORUM
1681 340 1863 396 LIBRI
1901 341 2007 396 XX.
2047 370 2113 378 —-
2158 340 2366 395 LIBER
2408 339 2690 397 PRIMUS.

3566 336 3668 392 566

156 463 377 517 stitutis
406 458 593 527 missa,
627 476 748 530 cap.
798 462 878 522 4.)
909 458 966 514 Si
1009 464 1201 515 autem
1233 461 1442 532 aliquis
1473 462 1862 531 metropolita-
1891 466 1937 518 A
1974 462 2064 517 nis
2094 463 2263 530 fastu,
2299 463 2395 516 sed
2425 462 2750 516 humillima
2772 465 2830 516 et
2857 460 3123 515 concordi
3150 460 3667 526 administratione,

160 566 372 604 norum
404 549 634 604 inﬂatus
663 547 858 615 fuerit,
887 554 943 602 et
971 548 1092 602 sine
1123 550 1383 603 omnium
1414 550 1861 619 comprovincia-

159 638 311 692 lium
341 636 666 709 praisentia,
699 637 789 691 vel
818 636 1059 690 consilio
1100 637 1501 708 episcoporum
1532 638 1672 691 alias
1721 654 1855 690 cau-

156 742 251 780 sas
284 742 473 796 agere,
522 724 633 779 nisi
676 740 770 779 eas
822 730 1047 779 tantum
1091 741 1220 795 quos
1254 726 1323 779 ad
1367 725 1664 794 propriam
1695 740 1857 777 suam

156 814 456 885 pertinent
505 813 853 882 parochiam,
898 819 996 867 aut
1047 830 1143 867 eos
1181 829 1418 883 gravare
1465 813 1727 881 voluerit,
1789 812 1858 866 ab

158 897 433 951 omnibus
465 896 716 950 districte
748 895 1087 966 corrigatur,
1138 913 1208 949 ne
1239 896 1373 949 talia
1412 895 1679 967 deinceps
1709 912 1858 964 prae-

157 1001 393 1041 sumere
441 985 662 1038 audeat.
706 984 763 1038 Si
807 1000 940 1038 vero
972 982 1397 1053 incorrigibilis,
1431 983 1625 1054 eisque
1660 982 1858 1037 inobe-

158 1074 329 1128 diens
376 1072 727 1143 apparuerit,
778 1072 847 1126 ad
887 1073 1033 1125 hanc
1078 1071 1452 1141 apostolicam
1501 1071 1715 1137 sedem,
1766 1070 1857 1124 cui

154 1161 362 1215 omnia
434 1161 839 1230 episcoporum
895 1160 1113 1230 judicia
1187 1160 1499 1213 terminare
1572 1164 1858 1228 praecepta

155 1256 317 1317 sunt,
361 1252 483 1320 ejus
535 1248 895 1302 contumacia
940 1248 1238 1313 referatur,
1290 1252 1352 1300 ut
1401 1247 1653 1300 vindicta
1690 1246 1758 1300 de
1789 1263 1854 1299 eo

156 1338 282 1405 ﬁat,
316 1344 373 1392 et
408 1337 600 1392 caeteri
653 1336 923 1390 timorem
975 1337 1243 1390 habeant.
1279 1336 1336 1390 Si
1384 1341 1578 1389 autem
1625 1340 1858 1405 propter

155 1422 404 1476 nimiam
452 1421 957 1490 longinquitatem,
1006 1425 1103 1474 aut
1150 1420 1430 1490 temporis
1478 1420 1858 1474 incommodi-

155 1516 366 1578 tatem,
407 1512 492 1563 vel
533 1509 750 1563 itineris
802 1509 1189 1578 asperitatem,
1235 1525 1405 1579 grave
1453 1509 1524 1562 ad
1572 1509 1719 1562 hanc
1763 1525 1852 1562 se-

154 1600 291 1652 dem
340 1599 461 1667 ejus
500 1613 728 1652 causam
767 1598 989 1651 deferre
1035 1597 1228 1663 fuerit,
1274 1601 1409 1650 tunc
1451 1598 1521 1651 ad
1572 1597 1693 1666 ejus
1738 1595 1853 1666 pri-

154 1694 377 1741 matem
422 1688 544 1757 ejus
578 1703 747 1741 causa
793 1686 1101 1751 deferatur,
1152 1692 1208 1740 et
1250 1702 1426 1757 penes
1464 1685 1655 1755 ipsum
1688 1686 1857 1755 hujus

154 1783 371 1830 sancta:
417 1776 565 1829 sedis
597 1775 933 1829 auctoritate
974 1774 1285 1845 judicetur.
1338 1774 1615 1829 Similiter
1661 1774 1708 1827 si
1747 1775 1854 1829 ali-

154 1864 291 1934 quis
356 1864 752 1935 episcoporum
798 1862 1302 1932 metropolitanum
1365 1867 1690 1932 suspectum
1748 1861 1857 1915 ha-

153 1953 370 2018 buerit,
421 1952 569 2022 apud
621 1951 927 2021 primatem
985 1951 1314 2019 diteceseos,
1363 1954 1461 2003 aut
1510 1950 1661 2021 apud
1710 1951 1856 2003 hanc

154 2040 532 2112 apostolicam
563 2040 755 2094 sedem
787 2039 1070 2093 audiatur.

155 2146 289 2199 CAP.
333 2145 509 2199 LXIV.
557 2174 624 2182 —
668 2145 734 2199 Ut
759 2143 940 2214 plebes
989 2146 1195 2197 alienas
1226 2144 1369 2197 alias
1417 2146 1695 2213 episcopus
1744 2157 1857 2197 non

885 2219 1127 2283 usurpet.

228 2303 342 2370 (Ea:
387 2303 570 2357 concil.
627 2304 1076 2370 Carthaginensi,
1130 2318 1250 2372 cap.
1308 2302 1418 2371 19.)
1469 2300 1687 2355 Placuit
1732 2304 1855 2354 uta

157 2392 320 2444 nullo
356 2391 623 2461 episcopo
655 2396 1006 2460 usurpentur
1036 2390 1229 2460 plebes
1260 2390 1483 2454 alienae,
1522 2405 1623 2441 nec
1648 2387 1856 2458 aliquis

155 2479 563 2550 episcoporum
628 2478 1096 2549 supergrediatur
1160 2477 1220 2531 in
1286 2477 1513 2532 dimccsi
1578 2476 1855 2547 collegam

157 2583 351 2621 suum.

157 2673 288 2725 CAP.
355 2670 501 2723 LXV.
581 2699 638 2709 σα-
728 2671 795 2724 Ut
873 2670 1055 2723 nullus
1132 2672 1574 2738 metropolitanus
1656 2667 1857 2735 absque

231 2743 470 2795 omnium
541 2742 1077 2808 comprovincialium
1140 2744 1509 2810 episcoporum
1561 2742 1856 2808 praesentia

231 2814 541 2879 aliquorum
573 2811 767 2864 audiat
796 2826 1008 2865 causas.

231 2920 341 2984 (Ea:
394 2919 551 2985 epist.
606 2918 785 2987 Igiliii
840 2932 999 2986 papa
1076 2917 1280 2970 cunctis
1344 2914 1599 2985 ﬁdelibus
1649 2919 1854 2983 missa,

160 3024 283 3076 cap.
334 3008 417 3076 2.)
473 3007 776 3071 Caeterum,
834 3007 1057 3069 fratres,
1114 3005 1266 3058 salvo
1318 3005 1377 3059 in
1425 3006 1691 3060 omnibus
1750 3006 1855 3059 Bo-
1888 3015 1928 3071 (ς,

162 3110 352 3148 mana).
419 3093 669 3147 ecclesiae
733 3092 1056 3163 privilegio,
1123 3093 1317 3145 nullus
1382 3094 1857 3163 metropolitanus

162 3182 381 3252 absque
406 3187 744 3234 casterorum
769 3180 1028 3234 omnium
1054 3180 1624 3250 comprovincialium
1647 3181 1861 3251 episco-

164 3285 372 3341 porum
434 3269 725 3335 instantia,
784 3269 1110 3339 aliquorum
1167 3269 1362 3322 audiat
1416 3285 1609 3322 causas
1661 3287 1673 3323 :
1723 3269 1858 3339 quia

164 3360 345 3413 irritae
379 3364 549 3411 erunt
598 3359 763 3411 aliter
794 3364 955 3422 actae,
1006 3373 1179 3427 quam
1210 3356 1271 3410 in
1317 3363 1624 3427 conspectu
1658 3372 1858 3411 eorum

166 3447 429 3501 omnium
478 3448 780 3499 ventilatae.
831 3447 893 3499 Et
939 3445 1059 3515 ipse
1108 3446 1155 3498 si
1203 3445 1418 3511 fecerit,
1468 3450 1796 3500 coerceatur
1828 3461 1862 3498 a

166 3537 457 3591 fratribus.

167 3626 297 3681 Car.
354 3624 523 3677 LXVI.
576 3653 643 3662 —
696 3625 762 3676 Ut
808 3623 988 3677 nullus
1028 3625 1241 3691 primas
1286 3624 1367 3675 vel
1417 3623 1861 3690 melropolitanus

236 3696 453 3762 aliquid
486 3700 615 3757 agat
647 3694 710 3746 de
753 3695 1025 3757 Ecclesiis,
1072 3695 1156 3746 vel
1203 3695 1478 3759 parochiis
1522 3695 1859 3759 comprovin-

240 3767 462 3819 cialium
520 3768 923 3832 episcoporum,
987 3768 1037 3817 et
1097 3763 1161 3816 de
1218 3766 1459 3831 ipsorum
1515 3768 1694 3817 causis
1749 3767 1864 3817 sine

239 3850 421 3889 eorum
468 3836 688 3887 consilio
735 3836 991 3898 omnium,
1044 3838 1093 3886 et
1139 3850 1232 3886 nec
1280 3837 1391 3901 ipsi
1438 3834 1653 3900 aliquid
1695 3839 1865 3901 agant

240 3908 358 3959 sine
405 3906 519 3969 ejus
568 3906 807 3970 consilio,
851 3904 967 3959 nisi
1000 3911 1261 3972 quantum
1306 3904 1379 3957 ad
1408 3906 1661 3972 prolirias
1689 3907 1860 3973 perti-

242 3981 332 4029 net
358 3977 669 4043 parochias.

244 4065 363 4133 (Ea:
394 4066 551 4131 epist.
606 4064 810 4117 Calist.
838 4078 999 4131 papae
1046 4065 1310 4131 episcopis
1338 4078 1435 4131 per
1484 4063 1717 4118 Galliam
1747 4078 1868 4117 con-

170 4154 382 4207 stitutis
414 4155 598 4209 missa.
626 4167 746 4220 cap.
788 4152 897 4219 I3.)
934 4151 1131 4203 Nullus
1162 4156 1355 4203 autem
1384 4150 1599 4219 primas
1626 4151 1715 4203 vel
1745 4166 1864 4204 me-

171 4240 554 4310 tropolitanus
584 4240 960 4293 dicecesanam
996 4238 1295 4292 Ecclesiam
1326 4238 1409 4290 vel
1434 4237 1865 4307 parochianum,

176 4335 273 4382 aut
299 4327 514 4397 aliquid
541 4328 663 4397 ejus
688 4328 995 4397 parochiaa,
1027 4325 1327 4397 praesumit
1355 4326 1866 4390 excommunicare,

178 4418 266 4471 vel
316 4416 631 4486 dijudicare
675 4416 911 4485 aliquid,
967 4416 1053 4468 vel
1087 4432 1254 4485 agere
1286 4415 1499 4485 absque
1530 4415 1648 4483 ejus
1680 4413 1873 4466 consi-

176 4504 253 4557 lio
305 4505 391 4556 vel
436 4502 652 4573 judicio
684 4523 696 4557 :
734 4502 833 4555 sed
864 4503 969 4555 hoc
1013 4502 1295 4569 observet,
1346 4502 1498 4572 quod
1531 4502 1600 4554 ab
1643 4505 1870 4570 aposto-

180 4592 247 4646 lis
277 4607 342 4644 ac
375 4591 632 4645 Patribus
664 4596 719 4644 et
768 4591 1275 4661 praedecessoribus
1326 4590 1534 4643 nostris
1578 4594 1660 4643 est
1689 4592 1873 4641 statu-

181 4685 325 4745 tum,
378 4684 436 4733 et
475 4696 506 4731 a
536 4678 701 4732 nobis
750 4679 1154 4731 conﬁrmatum
1191 4694 1204 4731 :
1235 4678 1293 4731 id
1339 4684 1441 4744 est,
1501 4677 1547 4729 si
1579 4676 1707 4746 quis
1754 4693 1873 4728 me-

179 4767 565 4837 tropolitanus
614 4766 932 4835 episcopus,
988 4766 1098 4819 nisi
1149 4765 1297 4835 quod
1348 4765 1416 4818 ad
1460 4781 1618 4817 suam
1663 4764 1875 4816 solum-

185 4857 354 4910 modo
387 4854 676 4925 propriam
725 4855 973 4924 pertinet
1020 4854 1372 4925 parochiam,
1414 4852 1532 4905 sine
1565 4851 1799 4905 consilio
1824 4855 1879 4905 et

185 4945 479 4998 voluntate
537 4944 795 4997 omnium
855 4942 1421 5013 comprovincialium
1482 4940 1878 5011 episcoporum

186 5037 343 5086 extra
384 5030 604 5101 aliquid
654 5046 823 5100 agere
872 5030 1191 5091 tentaverit,
1250 5028 1460 5099 gradus
1510 5027 1596 5079 sui
1629 5028 1880 5096 periculo

187 5120 521 5189 subjacebit,
575 5124 630 5171 et
674 5119 821 5189 quod
874 5120 1056 5188 egerit
1103 5117 1328 5170 irritum
1384 5117 1662 5170 habeatur
1701 5122 1757 5168 et
1787 5132 1880 5167 va-

188 5224 379 5261 cuum.
415 5206 516 5260 Sed
563 5206 844 5277 quidquid
889 5207 958 5259 de
990 5205 1560 5275 comprovincialium
1591 5202 1879 5272 coepisco-

190 5310 395 5366 porum
434 5296 638 5359 causis,
674 5309 991 5364 eorumque
1037 5293 1400 5347 ecclesiarum
1436 5299 1491 5346 et
1519 5292 1881 5356 clericorum,

192 5391 363 5455 atque
394 5382 752 5437 swcularium
796 5382 1228 5436 necessitatibus
1258 5398 1425 5452 agere
1454 5387 1552 5433 aut
1581 5380 1884 5449 disponere

193 5489 421 5525 necesse
468 5472 657 5535 fuerit,
706 5472 813 5525 hoc
841 5488 972 5526 cum
1016 5472 1275 5525 omnium
1310 5486 1591 5524 consensu
1623 5484 1881 5538 compro-

195 5559 520 5614 vincialium
555 5564 756 5629 agatur
788 5561 1147 5629 pontiﬁcum,
1188 5574 1302 5612 non
1337 5559 1527 5628 aliquo
1560 5557 1885 5611 damnatio-

1970 552 2117 604 sicut
2169 550 2442 605 Dominus
2499 551 2578 604 ait
2616 567 2629 604 :
2666 551 2789 605 Non
2839 549 2972 603 veni
3017 548 3353 614 ministrari,
3405 549 3504 603 sed
3554 548 3664 602 mi-

1970 638 2230 693 nistrare.
2287 639 2354 692 Et
2385 637 2521 691 alibi
2551 655 2563 691 :
2598 637 2705 702 Qui
2753 638 2939 706 major
2986 641 3069 690 est
3100 640 3372 704 vestrum,
3422 636 3532 690 erit
3563 637 3663 690 mi-

1968 726 2149 780 nister
2191 730 2397 792 vester,
2439 732 2495 780 et
2539 727 2783 797 reliqua.
2836 725 3106 781 Similiter
3150 730 3208 778 et
3234 724 3345 796 ipsi
3392 740 3662 794 compro—

1968 814 2237 868 vinciales
2283 814 2534 885 episcopi
2580 830 2709 867 cum
2755 815 2878 885 ejus
2924 813 3186 881 consilio,
3235 811 3344 866 nisi
3382 818 3662 883 quantum

1968 903 2037 956 ad
2070 902 2326 974 proprias
2370 903 2616 973 pertinet
2646 902 2966 973 parochias,
3000 905 3190 973 agant,
3229 901 3393 972 juxta
3440 904 3659 954 sancto-

1969 1006 2096 1044 rum
2128 990 2435 1044 constituta
2465 993 2717 1056 Patrum,
2752 994 2815 1045 ut
2842 1007 2957 1044 uno
2988 990 3201 1056 animo,
3234 1005 3350 1043 uno
3382 1005 3500 1055 ore,
3533 1004 3663 1043 con-

1966 1078 2211 1132 corditer
2254 1084 2446 1131 sancta
2489 1078 2843 1149 gloriﬁcatur
2870 1078 3116 1132 Trinitas
3158 1078 3219 1130 in
3259 1078 3485 1131 saecula.
3524 1076 3658 1131 Nul-

1967 1166 2054 1219 lus
2081 1166 2314 1236 primas,
2339 1166 2529 1219 nullus
2557 1166 3054 1236 metropolitanus,
3079 1166 3386 1235 nullusque
3419 1160 3661 1235 reliquo-

1966 1266 2095 1302 rum
2143 1250 2545 1319 episcoporum
2601 1248 2834 1302 alterius
2883 1249 3049 1301 adeat
3092 1247 3402 1309 civitatem,
3446 1253 3543 1301 aut
3590 1247 3659 1301 ad

1966 1337 2386 1407 possessionem
2431 1337 2658 1391 accedat
2687 1352 2817 1407 quas
2850 1336 2919 1389 ad
2966 1352 3098 1389 eum
3140 1351 3257 1389 non
3301 1336 3574 1406 pertinet,
3605 1337 3661 1387 et

1966 1424 2200 1477 alterius
2261 1424 2509 1494 episcopi
2575 1428 2660 1476 est
2718 1422 3007 1492 parochia,
3080 1438 3252 1491 super
3318 1422 3658 1491 cujusquam

1966 1511 2359 1582 dispositione,
2393 1512 2505 1566 nisi
2555 1511 2601 1564 si
2634 1516 2861 1563 vocatus
2914 1510 2982 1563 ab
3030 1526 3096 1562 eo
3125 1509 3287 1579 cujus
3333 1525 3453 1562 esse
3493 1508 3656 1561 dino-

1967 1600 2162 1669 scitur,
2218 1605 2279 1653 ut
2332 1600 2604 1671 quiddam
2661 1599 2741 1653 ibi
2797 1598 3063 1666 disponat
3119 1598 3201 1648 vel
3256 1596 3503 1658 ordinet,
3564 1600 3661 1647 aut

1961 1688 2201 1758 judicet,
2249 1688 2296 1742 si
2353 1689 2442 1741 sui
2495 1687 2706 1757 gradus
2762 1686 2983 1739 honore
3033 1684 3207 1755 potiri
3253 1684 3511 1738 voluerit.
3561 1682 3660 1741 Sin

1967 1777 2132 1830 aliter
2178 1774 2630 1847 praesumpserit,
2672 1772 3038 1827 damnabitur
3066 1788 3079 1825 :
3113 1774 3167 1825 et
3196 1785 3311 1825 non
3346 1772 3531 1825 solum
3563 1770 3658 1823 ille

1965 1866 2063 1919 sed
2116 1870 2509 1935 cooperantes,
2572 1862 2769 1933 eisque
2819 1860 3261 1925 consentientes,
3322 1859 3456 1930 quia
3514 1858 3661 1914 sicut

1966 1952 2272 2015 ordinatio,
2331 1952 2410 2005 ita
2453 1952 2574 2020 ejus
2624 1956 2679 2003 et
2719 1948 3019 2020 judicatio,
3069 1954 3127 2002 et
3174 1946 3417 2001 aliarum
3466 1961 3658 2000 rerum

1963 2038 2266 2109 dispositio
2297 2037 2655 2107 prohibetur.

2194 2125 2321 2179 CAP.
2355 2124 2554 2178 LXVII.
2577 2152 2649 2163 —
2683 2126 2756 2177 De
2783 2124 3111 2176 contentione
3136 2120 3428 2189 parochias.

2035 2216 2147 2283 (Ea:
2174 2214 2362 2268 concil.
2414 2212 2712 2267 Arvernen.
2764 2225 2884 2279 cap.
2928 2210 3003 2279 3.)
3055 2208 3396 2278 Quicunque
3437 2205 3656 2276 episco-

1964 2318 2070 2373 pus
2145 2300 2379 2355 alterius
2452 2298 2703 2370 episcopi
2764 2297 3053 2352 dimcesim
3110 2312 3214 2366 per
3277 2296 3408 2350 XXX
3476 2309 3658 2348 annos

1963 2406 2085 2444 sane
2133 2389 2327 2459 aliqua
2378 2386 2835 2457 interpellatione
2883 2385 3221 2456 possederit,
3270 2383 3527 2454 quamvis
3570 2398 3654 2436 se-

1962 2478 2216 2532 cundum
2259 2478 2354 2547 jus
2398 2476 2540 2546 legis
2590 2475 2713 2545 ejus
2765 2474 3027 2527 videatur
3066 2488 3187 2525 esse
3234 2470 3507 2536 dioecesis,
3560 2469 3656 2523 ad-

1965 2566 2243 2619 mittenda
2276 2580 2392 2618 non
2425 2568 2511 2617 est
2557 2568 2753 2616 contra
2791 2577 2924 2614 eum
2955 2560 3099 2614 actio
3147 2558 3480 2629 reposcendi
3511 2574 3523 2610 :
3557 2557 3656 2611 sed

1963 2655 2072 2707 hoc
2118 2654 2268 2706 intra
2298 2668 2472 2705 unam
2506 2650 2859 2721 parochiam,
2892 2654 3051 2723 extra
3084 2664 3215 2701 vero
3249 2647 3406 2700 nullo
3440 2646 3604 2699 modo
3641 2659 3655 2695 :

1962 2758 2055 2805 ne,
2105 2742 2242 2795 dum
2288 2740 2547 2795 dioecesis
2592 2737 2938 2806 defenditur,
2969 2736 3393 2807 provinciarum
3428 2732 3657 2788 termini

1963 2829 2408 2884 confundantur.

1964 2936 2090 2990 CAP.
2138 2935 2363 2989 LXVIII.
2408 2963 2476 2972 -—
2522 2934 2591 2988 Ut
2635 2933 2871 3001 episcopi
2921 2932 3017 2999 qui
3074 2930 3356 2997 negligant
3401 2929 3516 2982 loca
3557 2941 3659 2981 sua

2062 3022 2097 3059 a
2119 3008 2313 3060 vicinis
2344 3006 2628 3074 episcopis,
2663 3008 2721 3055 ut
2749 3018 2803 3055 se
2828 3005 3123 3069 corrigunt,
3149 3002 3557 3054 admoneantar.

2042 3094 2151 3163 (Em
2192 3094 2413 3147 concilio
2454 3094 2746 3157 Africano,
2798 3106 2917 3158 cap.
2971 3090 3080 3155 76.)
3120 3089 3259 3141 Item
3311 3086 3544 3156 placuit,
3598 3088 3660 3137 ut

1970 3182 2297 3253 quicunque
2329 3180 2629 3249 negligant
2659 3179 2781 3231 loca
2811 3178 2879 3230 ad
2912 3192 3071 3229 suam
3117 3175 3442 3228 cathedram
3484 3172 3661 3241 perti-

1970 3270 2166 3323 nentia
2194 3270 2255 3322 in
2298 3269 2635 3322 catholicam
2682 3266 2957 3319 unitatem
2988 3263 3217 3329 lucrari,
3248 3261 3663 3317 conveniantur

1970 3374 2003 3410 a
2058 3357 2429 3427 diligentibus
2488 3355 2684 3408 vicinis
2735 3352 3037 3423 episcopis,
3103 3357 3165 3404 ut
3222 3351 3277 3403 id
3327 3365 3497 3419 agere
3548 3363 3661 3401 non

1971 3450 2283 3499 morentur.
2335 3443 2495 3508 Quod
2526 3442 2572 3496 si
2620 3443 2770 3495 intra
2799 3457 2891 3494 sex
2945 3456 3167 3493 menses
3220 3455 3253 3491 a
3295 3437 3386 3491 die
3415 3451 3660 3489 conven-

1972 3533 2145 3586 tionis
2191 3548 2308 3586 non
2365 3530 2674 3594 effecerint,
2730 3529 2830 3599 qui
2885 3529 3137 3598 potuerit
3184 3543 3276 3579 eas
3322 3526 3551 3591 lucrari,
3591 3522 3662 3577 ad

1972 3622 2157 3689 ipsum
2190 3619 2517 3691 pertineant
2550 3634 2562 3672 :
2596 3619 2674 3671 ita
2700 3634 2856 3682 sane,
2886 3622 2949 3670 ut
2979 3616 3025 3668 si
3054 3617 3149 3669 ille
3185 3616 3250 3669 ad
3275 3631 3444 3684 quem
3486 3612 3661 3683 perti-

1972 3709 2165 3762 nuisse
2232 3707 2585 3769 videbantur,
2646 3707 2888 3775 proliare
2943 3704 3216 3774 potuerit,
3277 3701 3458 3770 magis
3511 3700 3664 3753 illius

1972 3799 2210 3851 electam
2259 3794 2673 3866 negligentiam
2719 3793 2789 3846 ab
2843 3791 3145 3857 haereticis,
3196 3795 3258 3845 ut
3303 3792 3538 3860 impune
3584 3787 3665 3841 ibi

1972 3886 2104 3949 sint,
2142 3890 2197 3937 et
2239 3899 2399 3936 suam
2455 3881 2813 3951 diligentiam
2860 3880 3033 3933 fuisse
3083 3883 3456 3949 praeventam,
3505 3881 3567 3929 ut
3598 3891 3664 3928 eo

1974 3971 2143 4024 modo
2194 3972 2317 4041 ejus
2361 3987 2497 4023 cura
2549 3969 2845 4022 sollicitior
2898 3974 3184 4020 vetaretur
3218 3984 3231 4020 :
3263 3983 3391 4019 cum
3433 3967 3539 4018 hoc
3572 3966 3665 4033 ju-

1976 4061 2124 4113 dices
2158 4058 2411 4128 episc0pi
2444 4056 2836 4127 cognoverint,
2869 4072 2985 4108 suae
3035 4055 3319 4108 cathedrae
3353 4057 3475 4107 loca
3508 4051 3667 4105 resti-

1976 4151 2161 4200 tuant.
2210 4146 2356 4199 Sane
2405 4144 2452 4197 si
2500 4143 2748 4213 episcopi
2800 4143 2949 4194 intra
3000 4158 3144 4212 quos
3189 4158 3357 4194 causa
3392 4145 3667 4202 versatur,

1979 4234 2330 4286 diversarum
2383 4237 2517 4283 sunt
2564 4230 3007 4299 provinciarum,
3050 4231 3144 4281 ille
3193 4230 3405 4298 primas
3457 4226 3550 4280 det
3574 4232 3667 4295 ju-

1981 4322 2151 4389 dices,
2202 4320 2421 4373 vicinus
2472 4318 2763 4389 provincia
2813 4324 2897 4370 est
2945 4319 3099 4370 locus
3149 4317 3217 4369 de
3270 4333 3383 4386 quo
3433 4322 3669 4367 conten-

1935 4478 1943 4495 l
1980 4409 2151 4463 ditur.
2185 4408 2242 4461 Si
2273 4413 2465 4460 autem
2492 4423 2564 4459 ex
2595 4406 2889 4459 communi
2937 4405 3144 4474 placito
3195 4404 3408 4456 vicinos
3451 4404 3672 4473 judices

1982 4497 2280 4566 elegerint,
2326 4501 2426 4548 aut
2472 4511 2624 4548 unus
2673 4494 2940 4564 eligatur,
2986 4499 3087 4545 aut
3127 4498 3284 4546 tres:
3321 4498 3418 4544 aut
3466 4491 3513 4544 si
3561 4500 3673 4543 tres

1984 4584 2280 4655 elegerint,
2329 4588 2427 4637 aut
2470 4582 2731 4636 omnium
2791 4582 3136 4634 sententiam
3185 4595 3523 4650 sequantur,
3578 4580 3676 4631 aut

1986 4675 2251 4726 duorum.

1986 4779 2113 4833 CAP.
2156 4778 2333 4832 LXIX.
2386 4804 2451 4818 —-
2501 4778 2566 4829 De
2613 4775 2818 4829 duobus
2864 4777 3129 4842 episcOpis
3178 4772 3565 4828 altercantibus
3614 4771 3678 4824 de

2392 4847 2660 4916 parochia
2693 4846 2979 4913 cujusdam
3011 4848 3265 4898 basilicw.

2059 4938 2163 5007 (Em
2193 4937 2379 4989 concil.
2415 4936 2683 5003 Spalensi,
2715 4951 2834 5002 cap.
2874 4932 2943 5001 I.)
2990 4934 3144 4985 Inter
3175 4937 3522 4985 memoratos
3565 4930 3677 4982 fra-

1988 5031 2103 5078 tres
2146 5025 2390 5091 nOstros,
2436 5022 2796 5091 Fulgentium
2842 5021 3229 5091 Astigitauum
3270 5024 3326 5071 et
3365 5017 3679 5073 Honorium

1991 5112 2414 5167 Cordubensem
2462 5111 2781 5181 episcopos,
2831 5107 3102 5162 discussio
3156 5106 3363 5176 agitata
3414 5112 3515 5171 est,
3553 5121 3682 5174 pro-

1991 5207 2117 5272 pter
2152 5200 2472 5271 parochiam
2502 5200 2750 5253 basilicai
2781 5196 3079 5268 cujusdam
3109 5211 3281 5265 quam
3316 5195 3519 5246 horum
3546 5193 3686 5245 alter

1994 5290 2403 5354 Celtacensem,
2470 5288 2613 5340 alter
2671 5287 3050 5355 Reginensem
3107 5282 3366 5336 asseruit.
3433 5283 3495 5335 Et
3551 5281 3687 5351 quia

1994 5377 2144 5431 inter
2186 5384 2455 5448 utrasque
2491 5380 2679 5446 partes
2740 5373 3010 5426 hactenus
3058 5370 3255 5424 limitis
3295 5370 3439 5423 actio
3489 5368 3686 5423 vendi-

1994 5472 2120 5520 cata
2149 5472 2254 5533 est,
2302 5465 2465 5535 cujus
2514 5463 2774 5535 quamvis
2824 5467 3045 5514 vetusta
3087 5460 3430 5525 retentione,
3464 5458 3687 5511 nullum

1989 5555 2137 5626 juris
2186 5553 2581 5625 praejudicium
2633 5551 2877 5605 adferret
2915 5566 2927 5602 :
2964 5550 3210 5618 ideoque
3251 5564 3323 5600 ne
3362 5547 3423 5600 in
3454 5547 3690 5601 dubium
