3956 6296
243 345 343 399 567

1313 337 1717 395 BURCHARDI
1753 331 2278 394 WORMACIENSIS
2315 327 2649 387 EPISCOPI.

3635 325 3740 377 568

241 465 394 520 ultra
441 463 593 519 inter
635 478 733 518 eos
781 464 977 517 nostra
1027 462 1399 516 devocaretur
1440 460 1743 523 sententia,
1795 476 1933 532 pro-
1960 460 2005 513 A
2045 455 2404 522 clericorum,
2449 457 2507 507 et
2544 453 2617 506 ad
2664 467 2731 506 ea
2774 466 2904 522 quae
2944 452 3016 506 ad
3069 451 3233 506 illum
3265 466 3376 505 non
3420 449 3737 521 pertinent,

243 553 375 607 latis
438 551 756 607 canonihus
816 550 1112 622 synodalia
1181 551 1407 605 decreta
1464 550 1713 621 perlecta
1778 554 1933 615 sunt,

244 657 494 712 quorum
544 640 851 694 auctoritas
894 644 1217 710 prtemonet
1260 638 1340 692 ita
1377 643 1643 708 oportere
1688 636 1937 691 inhiberi

244 729 639 800 cupiditatem,
676 734 735 781 ut
765 744 835 781 ne
863 728 990 799 quis
1018 727 1291 781 terminos
1318 726 1534 780 alienos
1563 730 1818 796 usurpet.
1853 725 1937 781 Ob

245 821 353 875 hoc
393 818 609 889 placuit
654 817 803 870 inter
850 818 1097 869 alternas
1138 821 1325 885 partes
1376 814 1746 885 inspectionis
1790 814 1937 867 viro:

247 906 581 975 mittendos,
629 905 707 959 ita
736 909 800 957 ut
825 904 1082 959 diceeesis
1127 902 1492 972 possidentis,
1532 903 1577 956 si
1618 908 1811 956 tamen
1840 902 1938 956 ba-

247 995 467 1049 silicam
501 993 785 1047 veteribus
815 990 992 1061 signis
1023 991 1186 1044 limes
1224 990 1487 1060 provisus
1518 990 1937 1055 monstraverit,

248 1084 507 1140 Ecclesia:
556 1082 716 1151 cujus
768 1086 851 1134 est
892 1081 987 1151 jus
1035 1078 1393 1147 retentionis,
1444 1079 1491 1132 si
1533 1084 1812 1133 aeternum
1844 1079 1941 1132 do-

246 1172 513 1227 minium.
547 1170 710 1233 Quod
742 1173 797 1222 et
839 1168 887 1221 si
917 1168 1084 1221 limes
1112 1167 1409 1238 legitimus
1441 1168 1702 1221 eamdem
1745 1166 1937 1220 basili-

246 1277 371 1315 cam
419 1275 533 1313 non
580 1256 888 1321 concludit,
928 1262 985 1311 et
1035 1260 1229 1310 tamen
1281 1256 1437 1324 longi
1479 1255 1755 1326 temporis
1806 1271 1941 1326 pro-

247 1348 417 1401 batur
494 1346 714 1415 objecta
796 1344 1174 1414 praescriptio,
1253 1343 1559 1413 appellatio
1642 1343 1942 1413 praesentis

248 1434 500 1505 episcopi
548 1450 666 1487 non
714 1433 965 1486 valebit:
999 1431 1135 1502 quia
1183 1431 1269 1485 illi
1323 1430 1648 1485 tricennalis
1699 1430 1941 1501 objectio

248 1522 542 1576 silentium
585 1521 852 1592 imponit.
906 1523 1020 1575 Hoc
1052 1520 1222 1573 etiam
1271 1524 1330 1573 et
1372 1520 1734 1573 saecularium
1781 1519 1943 1591 prin-

249 1610 442 1681 cipum
481 1608 665 1663 edicta
704 1607 1066 1678 praecipiunt,
1107 1613 1163 1661 et
1194 1608 1507 1677 praesulum
1552 1609 1943 1662 Romanorum

252 1696 877 1753 decrevit-aucloritas.
910 1696 1009 1751 Sin
1044 1712 1175 1749 vero
1216 1696 1365 1749 infra
1409 1702 1588 1750 metas
1619 1696 1946 1750 tricennalis

250 1786 553 1857 temporis,
616 1790 774 1839 extra
827 1785 1045 1839 alienos
1095 1784 1371 1838 terminos
1430 1785 1677 1839 basilicae
1734 1785 1948 1854 injusta

247 1873 496 1929 retentio
520 1873 826 1944 reperitur,
860 1872 1174 1944 repetentis
1207 1872 1463 1944 episcopi
1486 1873 1607 1944 juri
1635 1873 1756 1927 sine
1784 1889 1949 1927 mora

253 1963 608 2018 restituetur.

255 2070 383 2123 CAP.
414 2068 557 2123 LXX.
604 2096 671 2106 ——
726 2069 802 2121 De
843 2067 1107 2135 episcopis
1162 2068 1259 2135 qui
1308 2067 1634 2122 contendunt
1676 2068 1742 2122 de
1778 2083 1948 2138 paro-

952 2138 1089 2191 chiis
1119 2141 1253 2192 suis.

328 2227 439 2297 (Ea:
489 2226 675 2280 concil.
721 2225 1011 2293 Africano,
1044 2242 1163 2294 cap.
1203 2225 1320 2294 75.)
1370 2226 1586 2280 Placuit
1614 2230 1679 2279 ut
1708 2225 1951 2297 quicun-

259 2329 373 2384 que
402 2312 653 2383 episcopi
700 2312 899 2382 plebes
928 2329 1071 2383 quas
1118 2313 1188 2366 ad
1233 2328 1397 2367 suam
1425 2313 1756 2367 cathedram
1807 2314 1956 2368 aesti-

258 2405 420 2454 mant
447 2399 736 2470 pertinere
768 2416 885 2454 non
915 2399 993 2455 ita
1022 2404 1314 2470 repetunt,
1353 2404 1416 2454 ut
1447 2416 1642 2454 causas
1673 2417 1802 2454 suas
1845 2401 1957 2471 epi-

260 2488 444 2558 scopis
489 2486 883 2558 judicantibus
910 2492 1083 2559 agant
1119 2505 1132 2543 :
1166 2488 1265 2542 sed
1294 2488 1408 2542 alio
1455 2488 1739 2543 retinente
1771 2489 1952 2543 irrue-

260 2576 395 2640 rint,
432 2575 549 2629 sive
582 2575 931 2640 nolentibus,
964 2576 1080 2631 sive
1114 2576 1433 2631 volentibus
1462 2577 1727 2647 plebibus
1770 2594 1955 2632 causas

262 2682 380 2719 sua:
409 2664 817 2719 detrimentum
869 2664 1178 2735 patiantur.
1212 2666 1283 2719 Et
1325 2665 1655 2736 quicunque
1700 2667 1821 2737 jam
1851 2667 1957 2721 hoc

262 2754 539 2821 fecerunt,
569 2752 617 2806 si
663 2752 922 2807 nondum
971 2758 1057 2807 est
1099 2753 1250 2809 inter
1292 2753 1589 2825 episcopos
1626 2755 1787 2809 finita
1814 2771 1956 2809 con-

264 2841 467 2906 tentio,
499 2842 595 2895 sed
620 2841 805 2895 adhuc
833 2841 967 2895 inde
1012 2843 1388 2908 contendunt,
1419 2842 1515 2897 ille
1544 2844 1677 2897 inde
1709 2844 1960 2897 discedat

265 2945 439 3000 quem
484 2928 807 2983 constiterit
853 2930 1257 2999 praetermissis
1280 2930 1516 3000 judiciis
1565 2931 1957 2985 ecclesiasticis

2043 543 2409 613 importunus
2444 539 2665 605 existat,
2712 555 2889 593 vacua
2918 538 3034 593 sint
3066 543 3121 593 et
3149 538 3346 594 inania
3383 540 3575 594 omnia
3607 555 3739 609 quae

2045 629 2116 684 ab
2146 645 2212 683 eo
2246 626 2460 682 fuerint
2498 623 2826 679 constituta.
2864 626 2989 695 Ipse
3029 629 3220 679 autem
3270 625 3444 697 digna
3473 626 3744 695 increpa-

2044 717 2202 772 tione
2279 712 2827 781 excommunicetur,
2896 716 2953 767 et
3012 712 3378 767 abominetur
3445 731 3475 768 a
3543 717 3742 767 sancto

2046 805 2302 860 concilio.

2046 909 2175 964 CAP.
2218 909 2441 963 LXXIV.
2488 938 2557 947 —
2597 908 2672 960 Nc
2720 909 3016 975 episcopus,
3067 922 3167 960 sua
3214 909 3432 962 civitate
3471 907 3744 977 despecta,

2380 979 2615 1033 ambitus
2646 994 2810 1032 causa
2840 979 2913 1032 ad
2943 980 3113 1032 aliam
3141 982 3400 1033 transeat.

2119 1065 2227 1136 (Ea:
2256 1066 2450 1121 decret.
2500 1067 2693 1120 Leonis
2719 1081 2903 1135 papa,
2952 1081 3072 1134 cap.
3129 1064 3238 1134 38.)
3271 1066 3329 1120 Si
3377 1065 3505 1136 quis
3553 1070 3747 1119 autem

2049 1154 2367 1225 episcopus,
2411 1154 2654 1209 civitatis
2703 1170 2820 1207 sua:
2872 1153 3265 1208 mediocritate
3312 1154 3599 1225 despecta,
3646 1154 3748 1207 ad-

2048 1242 2528 1297 ministrationem
2590 1242 2703 1295 loci
2767 1241 3094 1295 celebrioris
3162 1241 3461 1310 ambierit,
3539 1246 3596 1295 et
3676 1241 3749 1296 ad

2049 1332 2330 1401 majorem
2386 1347 2445 1384 se
2498 1330 2725 1400 plebem
2780 1345 3143 1400 quacumque
3210 1330 3431 1383 ratione
3488 1334 3745 1383 transtu-

2050 1418 2201 1485 lerit,
2243 1435 2275 1471 a
2304 1418 2574 1472 cathedra
2612 1416 2848 1488 quidem
2886 1417 3133 1488 pellatur
3162 1417 3367 1483 aliena,
3402 1418 3501 1472 sed
3530 1417 3751 1472 carebit

2053 1512 2109 1562 et
2140 1507 2371 1578 propria
2404 1523 2415 1560 :
2450 1510 2515 1560 ut
2560 1522 2667 1560 nec
2709 1505 2823 1559 illis
2873 1505 3176 1575 praesideat
3226 1522 3370 1576 quos
3420 1521 3522 1576 per
3569 1506 3753 1559 avari-

2051 1596 2191 1649 tiam
2236 1594 2580 1665 concupivit,
2614 1610 2717 1647 nec
2768 1594 2880 1648 illis
2909 1611 3049 1664 quos
3093 1610 3197 1664 per
3226 1594 3554 1665 superbiam
3586 1610 3751 1665 spre-

2055 1683 2155 1737 vit.
2204 1682 2332 1737 Suis
2380 1682 2557 1752 igitur
2584 1680 2847 1736 terminis
2889 1681 3132 1752 quisque
3183 1687 3484 1736 contentus
3520 1682 3610 1750 sit,
3648 1698 3757 1737 nec

2058 1787 2230 1842 supra
2260 1786 2589 1824 mensuram
2608 1770 2757 1840 juris
2787 1769 2875 1824 sui
2909 1770 3133 1825 aifectet
3161 1770 3377 1842 augeri.

2056 1879 2184 1932 CAP.
2221 1878 2417 1933 LXXV.
2467 1906 2533 1919 —
2570 1879 2635 1932 Ut
2687 1877 2755 1930 ab
2802 1879 3067 1946 episcopis
3115 1879 3296 1931 aliena
3329 1878 3598 1947 parochia
3642 1880 3756 1932 mi—

2636 1949 2786 2001 nime
2809 1948 3168 2017 pervadatur.

2130 2036 2228 2107 (De
2258 2036 2551 2091 canonibus
2581 2037 2808 2105 apostol.
2856 2038 2942 2091 tit.
2982 2036 3091 2107 14.)
3120 2036 3395 2107 Episcopo
3425 2052 3542 2090 non
3582 2036 3760 2091 licere

2058 2125 2306 2180 alienam
2353 2125 2687 2196 parochiam
2733 2125 2972 2196 propria
3010 2124 3205 2180 relicta
3236 2126 3565 2196 pervadere,
3624 2126 3762 2180 licet

2060 2218 2299 2285 cogatur
2327 2230 2361 2267 a
2399 2213 2688 2284 plurimis,
2740 2213 2848 2267 nisi
2876 2214 3018 2267 forte
3066 2214 3283 2284 quaevis
3323 2229 3457 2268 eum
3500 2214 3756 2268 rationa-

2059 2302 2192 2357 bilis
2237 2318 2407 2356 causa
2448 2302 2775 2372 compellat,
2824 2307 3103 2373 tanquam
3158 2302 3275 2373 qui
3304 2302 3488 2373 possit
3539 2302 3762 2356 ibidem

2061 2389 2383 2445 constitutis
2412 2391 2542 2459 plus
2590 2389 2735 2444 lucri
2763 2390 3042 2456 conferre,
3079 2394 3133 2444 et
3163 2390 3221 2444 in
3252 2406 3422 2444 causa
3458 2390 3763 2461 religionis

2063 2478 2280 2550 aliquid
2326 2478 2583 2549 profecto
2626 2478 2972 2549 prospicere.
3004 2479 3069 2532 Et
3096 2480 3201 2533 hoc
3238 2495 3354 2532 non
3390 2495 3423 2533 a
3449 2480 3761 2549 semetipso

2062 2571 2369 2638 pertentet,
2432 2567 2532 2621 sed
2586 2568 2904 2621 multorum
2970 2566 3368 2637 episcoporum
3421 2567 3641 2639 judicio
3708 2574 3767 2621 et

2065 2655 2311 2709 maxima
2341 2654 2758 2725 supplicatione
2785 2654 3060 2725 perﬁciat.

2454 2744 2582 2797 CAP.
2618 2744 2836 2797 LXXVI.
2883 2773 2942 2783 —
2980 2747 3047 2797 De
3074 2744 3258 2798 eadem
3289 2760 3365 2798 re.

2139 2833 2250 2903 (Ea:
2285 2833 2440 2901 epist.
2499 2834 2744 2886 Evaristi
2788 2847 2967 2900 papa,
3020 2832 3291 2898 fratribus
3336 2847 3434 2902 per
3463 2837 3768 2901 zEgyptum

2066 2920 2291 2986 directa,
2340 2935 2459 2988 cap.
2511 2919 2589 2988 4.)
2641 2920 2967 2973 Sacerdotes
3015 2936 3148 2973 vero
3199 2919 3317 2973 vice
3365 2919 3575 2974 Christi
3610 2921 3770 2991 lega-

266 3017 526 3081 irruisse,
576 3032 683 3069 nec
731 3016 839 3070 sibi
888 3015 1130 3087 quisque
1176 3017 1521 3085 blandiatur,
1564 3019 1679 3072 sia
1715 3019 1960 3089 primate

2129 3025 2224 3062 me
2282 3009 2602 3079 funguntur
2656 3007 2716 3060 in
2769 3007 3034 3072 Ecclesia,
3091 3013 3149 3062 et
3204 3009 3349 3062 sicut
3406 3008 3459 3062 ei
3518 3024 3620 3061 sua
3679 3013 3769 3063 est

271 3105 335 3154 ut
364 3100 611 3154 retineat
660 3100 879 3154 litteras
927 3099 1251 3171 impetrarit
1284 3117 1297 3153 :
1337 3102 1431 3155 sed
1482 3101 1599 3155 sive
1629 3102 1837 3157 habeat
1869 3103 1960 3156 lit-

268 3196 442 3254 teras,
493 3188 608 3241 sive
640 3204 754 3241 non
788 3188 1016 3259 habeat,
1063 3188 1362 3243 conveniat
1394 3205 1527 3243 eum
1560 3190 1660 3261 qui
1700 3195 1873 3258 tenet,
1908 3195 1964 3245 et

272 3277 396 3348 ejus
445 3276 658 3330 litteras
709 3275 967 3347 accipiat,
1015 3281 1081 3331 ut
1123 3292 1254 3331 eum
1294 3281 1567 3347 appareat
1613 3277 1845 3347 pacifica
1876 3284 1961 3333 te-

272 3365 465 3420 nuisse
514 3364 817 3419 Ecclesiam
868 3365 938 3419 ad
989 3380 1047 3418 se
1094 3365 1502 3434 pertinentem.
1551 3366 1607 3421 Si
1646 3371 1839 3421 autem
1868 3367 1963 3422 ille

274 3453 525 3524 aliquam
558 3452 932 3523 quaestionem
962 3452 1250 3521 retulerit,
1292 3470 1395 3523 per
1424 3455 1718 3525 episcopos
1741 3455 1964 3524 judices

277 3558 445 3596 causa
484 3541 739 3607 ﬁniatur,
785 3541 900 3594 sive
924 3557 1070 3611 quos
1109 3542 1190 3594 eis
1221 3542 1493 3611 primates
1538 3542 1821 3613 dederint,
1849 3544 1965 3597 sive

278 3646 418 3701 quos
446 3628 555 3699 ipsi
580 3629 796 3682 vicinos
825 3645 890 3682 ex
920 3644 1193 3683 consensu
1227 3629 1562 3700 delegerint.

277 3734 405 3787 CAP.
443 3734 614 3788 LXXI.
650 3764 717 3772 —
763 3736 830 3787 Ut
870 3737 927 3787 in
973 3736 1148 3788 altera
1181 3738 1444 3804 parochia
1485 3738 1703 3791 clericos
1740 3739 1965 3793 alterius

553 3804 789 3857 diwcesis
814 3808 1092 3874 episcopus
1116 3808 1425 3861 nullatenus
1457 3808 1686 3863 ordinet.

350 3892 458 3958 (Ea:
500 3893 686 3945 concil.
719 3893 1023 3961 Antioche.,
1057 3910 1177 3963 cap.
1218 3894 1333 3965 22.)
1383 3896 1692 3968 Episcopus
1720 3897 1967 3952 alienam

280 3979 587 4047 civitatem,
622 3996 750 4051 quae
792 3997 909 4034 non
940 3986 1027 4035 est
1071 3981 1155 4035 illi
1186 3982 1455 4052 subjecta,
1490 4000 1605 4038 non
1635 3986 1818 4052 adeat,
1864 4002 1970 4041 nec

280 4067 352 4121 ad
384 4067 796 4139 possessionem
830 4069 1077 4136 accedat,
1114 4086 1244 4140 quas
1287 4071 1359 4125 ad
1389 4088 1522 4125 eum
1552 4089 1668 4126 non
1699 4073 1965 4143 pertinet,

281 4172 387 4210 nec
435 4156 858 4211 ordinationem
905 4156 985 4211 ibi
1037 4158 1222 4213 facere
1272 4166 1630 4229 praesumat:
1665 4161 1774 4215 nisi
1824 4162 1969 4217 forte

279 4260 413 4299 cum
457 4245 691 4299 consilio
724 4250 778 4299 et
824 4247 1111 4301 voluntate
1154 4248 1406 4319 epiSCOpi
1438 4250 1707 4320 regionis.
1750 4252 1808 4306 Si
1843 4250 1970 4322 quis

280 4340 474 4388 autem
520 4335 631 4388 tale
681 4335 899 4405 aliquid
942 4335 1126 4390 facere
1175 4338 1496 4404 tentaverit,
1543 4339 1705 4392 irrita
1745 4339 1819 4393 sit
1849 4341 1971 4411 ejus

281 4421 592 4487 ordinatio,
625 4427 681 4476 et
707 4422 829 4492 ipse
859 4430 1186 4479 coerceatur
1213 4442 1246 4479 a
1271 4426 1509 4497 synodo.

282 4528 410 4584 CAP.
446 4528 645 4583 LXXII.
686 4557 759 4570 —
790 4531 857 4584 Ut
903 4531 1050 4585 nullo
1092 4532 1248 4585 modo
1299 4532 1365 4585 de
1390 4532 1655 4600 parochia
1702 4530 1776 4586 ad
1806 4533 1975 4586 aliam

838 4603 1116 4669 episcopus
1151 4608 1413 4657 transeat.

355 4688 465 4754 (Ex
494 4686 693 4754 eodem,
735 4703 854 4757 cap.
909 4689 1019 4759 2t.)
1071 4688 1380 4760 Episcopus
1427 4688 1497 4743 ab
1545 4689 1657 4743 alia
1704 4690 1975 4761 parochia

280 4791 649 4846 nequaquam
692 4775 899 4847 migret
930 4777 1003 4830 ad
1049 4777 1219 4830 aliam
1253 4793 1265 4831 :
1297 4793 1401 4831 nec
1430 4782 1634 4847 sponte
1681 4794 1781 4832 sua
1811 4794 1972 4850 pror-

283 4880 378 4917 sus
406 4863 683 4929 insiliens,
718 4880 823 4918 uec
872 4864 924 4917 vi
955 4869 1181 4919 coactus
1213 4882 1244 4918 a
1273 4865 1518 4936 populis,
1565 4882 1671 4920 nec
1713 4868 1784 4922 ab
1823 4868 1973 4937 epis-

281 4951 465 5023 scopis
506 4952 841 5006 necessitate
871 4954 1221 5022 compulsus.
1268 4954 1490 5008 Maneat
1532 4958 1722 5009 autem
1766 4955 1826 5009 in
1874 4957 1974 5009 Ec-

281 5041 451 5095 clesia
501 5057 675 5112 quam
723 5040 992 5111 primitus
1041 5058 1075 5095 a
1115 5042 1231 5095 Deo
1271 5042 1504 5096 sortitus
1535 5049 1638 5112 est,
1696 5060 1799 5098 nec
1842 5045 1974 5099 inde

280 5129 674 5200 transmigret,
708 5129 1027 5184 secundum
1074 5129 1383 5200 pristinum
1416 5131 1725 5187 terminum
1758 5132 1827 5187 de
1869 5134 1976 5187 hac

279 5233 341 5272 re
375 5219 767 5272 constitutum.

281 5306 411 5361 CAP.
472 5307 701 5363 LXXIII.
754 5335 827 5347 —
879 5308 953 5361 De
1000 5309 1422 5376 praesumptione
1467 5308 1662 5364 alienae
1711 5308 1970 5364 diwcesis.

355 5396 459 5464 (Ea:
488 5398 644 5465 epist.
679 5395 961 5461 Bonifacii
1000 5400 1201 5465 papa.)
1251 5395 1307 5450 Si
1338 5395 1463 5467 quis
1516 5396 1815 5468 episcopus
1858 5414 1974 5453 non

280 5483 515 5549 rogatus
547 5480 615 5533 de
647 5480 757 5534 alia
796 5479 1094 5551 provincia
1121 5480 1179 5534 in
1208 5480 1378 5535 aliam
1421 5480 1661 5547 venerit,
1690 5498 1973 5552 praesum-

282 5566 439 5639 ptive
494 5566 720 5623 irruens
778 5570 845 5623 ad
905 5568 1329 5624 ordinationem
1385 5573 1442 5623 et
1502 5569 1973 5625 constitutionem

2071 3095 2374 3165 conjuncta
2449 3110 2676 3164 sponsa,
2751 3094 2808 3148 id
2865 3099 2950 3149 est
3016 3095 3275 3164 Ecclesia,
3341 3096 3419 3149 sic
3485 3096 3769 3167 episcopis

2066 3184 2393 3254 junguntur
2420 3183 2698 3250 Ecclesia,
2734 3183 3045 3255 unicuique
3079 3201 3181 3255 pro
3229 3185 3496 3254 portione
3529 3202 3632 3239 sua
3663 3202 3677 3239 :
3713 3190 3771 3240 et

2072 3273 2219 3327 sicut
2264 3272 2350 3325 vir
2401 3288 2520 3325 non
2573 3272 2742 3326 debet
2796 3273 3092 3343 negligere
3141 3289 3379 3327 uxorem
3436 3290 3618 3337 suam,
3668 3274 3769 3327 sed

2072 3362 2331 3431 diligere,
2387 3365 2444 3415 et
2489 3364 2638 3414 caste
2687 3361 2994 3427 custodire,
3050 3365 3105 3415 et
3150 3378 3363 3427 amare,
3410 3368 3584 3433 atque
3632 3378 3771 3432 pru-

2073 3450 2274 3503 denter
2331 3464 2560 3518 regere,
2621 3448 2700 3502 ita
2750 3453 2805 3503 et
2858 3449 3159 3519 episcopus
3224 3450 3393 3503 debet
3458 3451 3770 3504 Ecclesiam

2073 3554 2256 3592 suam.
2294 3539 2360 3591 Et
2386 3538 2541 3591 velut
2575 3553 2720 3591 uxor
2750 3553 2878 3607 quas
2908 3537 3011 3591 sub
3045 3552 3222 3593 manu
3251 3543 3338 3592 est
3370 3538 3498 3605 viri,
3531 3540 3771 3594 obedire

2072 3626 2243 3680 debet
2272 3630 2393 3679 viro
2435 3642 2556 3690 suo,
2612 3642 2859 3696 eumque
2900 3642 3111 3693 amare,
3160 3632 3215 3680 et
3257 3626 3497 3698 diligere
3532 3644 3544 3681 :
3575 3627 3771 3697 potius

2075 3713 2247 3768 etiam
2302 3714 2546 3767 Ecclesia
2592 3714 2863 3784 episcopo
2925 3731 3026 3768 suo
3075 3714 3136 3768 in
3182 3715 3449 3769 omnibus
3506 3715 3768 3783 obedire,

2076 3817 2325 3872 eumque
2355 3818 2568 3870 amare,
2610 3808 2665 3856 et
2693 3802 2930 3873 diligere
2969 3807 3033 3857 ut
3064 3802 3315 3857 animam
3358 3820 3519 3858 suam
3557 3804 3727 3858 debet
3756 3821 3769 3859 :

2078 3889 2216 3960 quia
2260 3889 2403 3943 illud
2452 3890 2519 3944 ﬁt
2546 3890 2870 3959 carnaliter,
2921 3891 3073 3946 istud
3127 3891 3476 3961 spiritaliter.
3528 3893 3595 3946 Et
3624 3893 3775 3947 sicut

2076 3978 2164 4032 vir
2212 3994 2328 4033 non
2377 3977 2548 4032 debet
2604 3978 2926 4032 adulterare
2981 3995 3219 4033 uxorem
3263 3996 3424 4034 suam
3474 3997 3488 4034 :
3540 3981 3619 4035 ita
3666 3996 3775 4035 nec

2079 4067 2381 4137 episcopus
2429 4066 2731 4120 Ecclesiam
2772 4083 2952 4133 suam,
2989 4067 3046 4121 id
3079 4073 3177 4131 est,
3217 4073 3281 4123 ut
3312 4069 3470 4122 illam
3500 4068 3773 4137 dimittat,

2080 4156 2149 4211 ad
2199 4171 2375 4226 quam
2421 4160 2784 4209 consecratus
2813 4160 2915 4223 est,
2963 4157 3178 4228 absque
3226 4157 3544 4212 inevitabili
3584 4174 3779 4212 neces-

2083 4243 2246 4297 sitate
2312 4248 2411 4297 aut
2480 4244 2789 4312 apostolica
2853 4245 2942 4299 vel
3009 4246 3262 4317 regulari
3315 4247 3654 4313 mutatione,
3718 4252 3781 4301 et

2085 4331 2249 4386 alteri
2288 4347 2345 4384 se
2390 4332 2640 4386 ambitus
2688 4349 2859 4386 causa
2912 4334 3240 4405 conjungat.
3303 4336 3368 4389 Et
3414 4335 3560 4390 sicut
3613 4335 3779 4390 uxori

2082 4437 2199 4475 non
2231 4420 2364 4474 licet
2406 4420 2697 4475 dimittere
2749 4420 2937 4475 virum
2981 4438 3169 4487 suum,
3211 4428 3273 4477 ut
3315 4423 3500 4491 alteri,
3550 4423 3779 4477 vivente

2084 4524 2172 4575 eo,
2226 4508 2592 4563 matrimonio
2641 4525 2699 4562 se
2755 4510 2948 4577 societ,
2992 4515 3056 4565 ut
3102 4526 3237 4565 eum
3284 4512 3588 4578 adulterat,
3645 4512 3783 4566 licet

2085 4595 2395 4651 fornicatus
2443 4597 2517 4651 sit
2572 4597 2658 4651 vir
2704 4598 2845 4668 ejus,
2912 4600 3009 4653 sed
3059 4599 3222 4669 juxta
3270 4601 3625 4670 Apostolum,
3681 4606 3783 4654 aut

2082 4684 2202 4738 viro
2232 4701 2335 4739 suo
2366 4684 2534 4739 debet
2576 4686 2953 4751 reconciliari,
2990 4693 3089 4742 aut
3117 4704 3348 4742 manere
3377 4689 3621 4759 innupta
3652 4705 3666 4742 :
3698 4689 3783 4743 ita

2083 4773 2344 4827 Ecclesiae
2388 4789 2505 4827 non
2565 4774 2693 4828 licet
2741 4775 3030 4830 dimittere
3074 4776 3405 4845 episcopum
3458 4792 3650 4843 suum,
3681 4782 3785 4830 aut

2083 4862 2152 4915 ab
2187 4879 2252 4917 eo
2286 4878 2343 4915 se
2388 4878 2710 4934 segregare,
2757 4869 2822 4918 ut
2851 4865 3093 4918 alterum
3136 4881 3202 4918 eo
3239 4866 3461 4919 vivente
3493 4864 3732 4936 accipiat
3767 4884 3781 4921 :

2084 4952 2182 5005 sed
2214 4956 2311 5005 aut
2339 4951 2529 5022 ipsum
2568 4952 2794 5015 habeat,
2846 4957 2943 5006 aut
2972 4953 3218 5024 innupta
3264 4957 3512 5021 maneat,
3564 4954 3623 5007 id
3673 4960 3782 5023 est,

2084 5055 2155 5093 ne
2186 5040 2430 5093 alterum
2463 5040 2794 5111 episcopum
2842 5057 2944 5094 suo
2982 5041 3203 5095 vivente
3246 5041 3505 5112 accipiat,
3556 5047 3619 5095 ut
3657 5042 3784 5096 for-

2085 5127 2384 5182 nicationis
2440 5133 2539 5182 aut
2594 5128 2861 5183 adulterii
2917 5129 3135 5183 crimen
3190 5130 3465 5184 incurrat.
3524 5131 3666 5184 Nam
3730 5132 3780 5185 si

2083 5215 2401 5271 adulterata
2438 5216 2632 5283 fuerit,
2666 5217 2723 5271 id
2754 5222 2861 5286 est,
2911 5216 2959 5271 si
2988 5233 3048 5272 se
3085 5218 3247 5272 alteri
3281 5217 3548 5288 episcopo
3573 5219 3782 5288 junxe-

2083 5305 2177 5372 rit,
2210 5309 2310 5359 aut
2354 5321 2526 5375 super
2555 5322 2612 5359 se
2662 5307 2904 5360 alterum
2938 5306 3276 5377 episcopum
3323 5306 3646 5371 adduxerit,
3678 5313 3781 5363 aut

2084 5409 2206 5447 esse
2282 5392 2516 5459 fecerit,
2583 5395 2673 5448 vel
2737 5394 3191 5461 desideraverit,
3268 5411 3373 5465 per
3438 5395 3778 5451 acerrimam

2082 5480 2499 5551 paenitentiam,
2565 5485 2664 5536 aut
2722 5498 2825 5537 suo
2881 5481 3281 5537 reconcilietur
3330 5483 3619 5555 episcopo,
3681 5488 3780 5539 aut

2082 5569 2326 5641 innupta
2354 5574 2711 5641 permaneat.
