3956 6306
174 371 285 420 569

363 494 488 549 CAP.
520 493 762 549 LXXVII.
788 525 856 534 —
882 496 976 549 Du
1003 500 1297 552 mutatione
1316 503 1705 570 episcoporum.

253 619 364 686 (Ea:
424 620 584 685 epist.
635 619 871 673 Antheri
937 636 1096 690 papa
1161 625 1423 692 episcopis
1474 641 1572 693 per
1624 628 1877 681 Bwticam

177 709 348 774 atque
446 708 755 760 Toletanam
843 712 1184 776 provinciam
1302 716 1608 767 constitutis
1686 716 1873 782 missa,

178 809 309 862 cap.
373 794 480 861 14.)
543 795 616 847 De
679 796 1003 851 mutatione
1078 814 1212 868 ergo
1261 799 1662 871 episcoporum
1725 803 1875 856 unde

177 885 444 934 sanctum
475 883 665 936 sedem
708 885 1078 953 apostolicam
1120 889 1418 942 consulere
1450 889 1729 959 voluistis,
1765 891 1876 944 sci-

176 972 300 1022 tote
359 985 484 1022 eam
532 971 821 1024 communi
853 973 1094 1027 utilitate
1134 980 1306 1046 atque
1355 977 1692 1032 necessitate
1750 979 1876 1032 fieri

176 1056 374 1123 licere,
407 1058 502 1110 sed
530 1074 645 1111 non
694 1059 861 1114 libitu
910 1062 1248 1132 cujusquam
1308 1070 1406 1118 aut
1458 1066 1872 1121 dominatione.

178 1146 379 1197 Petrus
401 1151 626 1198 sanctus
696 1148 984 1218 magister,
1056 1156 1112 1204 et
1167 1151 1434 1222 princeps
1484 1155 1876 1224 apostolorum

177 1233 248 1286 de
287 1234 589 1287 Antiochia
635 1235 894 1290 utilitatis
925 1254 1094 1292 causa
1140 1242 1448 1294 translatus
1500 1247 1584 1295 est
1609 1243 1873 1312 Romam,

178 1327 242 1374 ut
272 1322 486 1375 ibidem
528 1326 715 1392 potius
773 1326 1050 1394 prolicere
1083 1333 1294 1398 posset.
1331 1330 1601 1384 Eusebius
1643 1348 1874 1402 quoque

178 1409 248 1462 de
308 1410 557 1479 quadam
612 1428 788 1481 parva
851 1415 1096 1482 civitate,
1152 1418 1463 1486 apostolica
1535 1419 1873 1475 auctoritate

175 1499 486 1551 translatus
516 1504 602 1552 est
629 1502 1052 1557 Alexandriam.
1085 1504 1361 1559 Similiter
1412 1507 1565 1560 Felix
1614 1508 1682 1561 de
1731 1508 1871 1561 civi-

173 1589 288 1638 tate
322 1585 381 1638 in
414 1603 525 1657 qua
558 1589 855 1643 ordinatus
882 1596 1002 1644 erat
1032 1593 1304 1646 electione
1373 1594 1606 1662 civium,
1635 1601 1875 1666 propter

174 1673 498 1728 doctrinam
553 1681 607 1730 et
671 1677 882 1731 bonam
943 1679 1121 1733 vitam
1166 1697 1338 1751 quam
1397 1682 1659 1750 habebat,
1714 1698 1871 1736 com-

1165 375 1641 434 DECRETORUM
1685 380 1873 437 LIBRI
1911 381 2018 438 XX.
2062 409 2134 422 —
2171 383 2377 437 LIBER
2421 384 2698 439 PRIMUS.

3577 393 3679 446 570

1916 505 1965 560 Α
2001 505 2128 560 CAP.
2153 507 2339 579 LXXX.
2374 509 2536 579 e—De
2581 508 2824 579 episcopo
2873 508 2970 575 qui
3013 509 3072 562 in
3130 523 3231 562 sua
3272 512 3443 574 fuerit
3495 527 3677 579 perse-

2090 583 2243 630 cutus
2270 578 2539 640 Ecclesia,
2573 577 2718 646 quod
2746 579 2820 631 ad
2849 580 3016 632 aliam
3041 582 3092 633 ei
3119 582 3192 633 sit
3220 577 3561 647 fugiendum.

2052 664 2158 729 (Ea:
2189 665 2359 718 dcere.
2394 666 2592 719 Calist.
2623 681 2782 734 papae
2810 669 3072 735 episcopis
3098 683 3199 738 per
3255 670 3499 722 Gallium
3549 687 3673 725 con-

1980 755 2188 807 stitutis
2242 756 2468 821 missis.,
2526 769 2646 822 cap.
2710 753 2816 824 15.)
2857 754 2911 809 Si
2969 756 3098 825 quis
3149 756 3447 827 episcopus
3506 759 3679 813 fuerit

1981 845 2308 912 persecutus
2361 842 2422 894 in
2481 859 2581 895 sua
2611 843 2874 909 Ecclesia,
2942 843 3282 913 fugiendum
3342 845 3426 899 illi
3467 851 3551 900 est
3607 848 3673 902 ad

1981 931 2241 996 alteram,
2282 929 2448 1000 eique
2477 930 2829 996 sociandum,
2866 932 3091 986 dicente
3138 934 3414 988 Domino:
3458 935 3516 988 Si
3546 951 3676 1004 per-

1981 1017 2160 1070 secuti
2189 1034 2289 1070 vos
2336 1018 2551 1071 fuerint
2579 1019 2636 1071 in
2683 1035 2796 1072 una
2847 1019 3095 1088 civitate,
3151 1021 3333 1090 fugite
3389 1022 3448 1075 in
3481 1022 3672 1076 aliam.

1981 1105 2240 1159 Siautem
2273 1105 2534 1159 utilitatis
2566 1123 2734 1159 causa
2762 1107 2935 1161 fuerit
2991 1110 3347 1176 mutandum,
3418 1127 3531 1164 non
3576 1127 3680 1180 per

1980 1210 2039 1247 se
2080 1195 2188 1247 hoc
2226 1200 2378 1264 agat,
2404 1195 2501 1248 sed
2532 1195 2800 1249 fratribus
2835 1196 3230 1264 invitantibus,
3255 1203 3311 1252 et
3340 1199 3678 1253 auctoritate

1980 1282 2152 1352 hujus
2185 1289 2392 1336 sanctae
2425 1283 2573 1338 sedis
2629 1283 2815 1351 faciat,
2850 1286 2989 1354 {non
3020 1286 3268 1340 ambitus
3331 1303 3518 1353 causa,
3580 1286 3674 1339 sed

1981 1372 2265 1424 utilitatis.

1982 1460 2109 1514 CAP.
2165 1460 2377 1514 LXXXI.
2437 1489 2507 1500 —
2549 1464 2621 1515 De
2667 1464 2915 1530 episcopo
2977 1465 3075 1532 qui
3096 1464 3461 1532 principalem
3487 1464 3673 1516 cathe-

2405 1532 2562 1584 dram
2591 1547 2701 1585 sua
2728 1535 2976 1586 Ecclesiae
3000 1536 3244 1600 negligit.

2052 1617 2169 1687 (Ecc
2225 1620 2410 1673 concil.
2498 1621 2802 1684 Rothoma.,
2863 1637 2983 1689 cap.
3063 1621 3167 1688 16.)
3223 1622 3289 1675 Ut
3339 1637 3454 1674 non
3511 1621 3679 1675 liceat

1982 1707 2245 1778 episcopo
2277 1707 2652 1778 principalem
2697 1709 3029 1762 cathedram
3087 1725 3204 1763 suae
3238 1708 3525 1779 parochiae
3571 1727 3676 1763 ne-

175 1762 353 1868 m‘mi‘
388 1763 820 1868 episcoporﬂfn_
877 1771 931 1820 et
967 1768 1344 1868 Τξθίίίίυίξῖιέπξ
1403 1772 1762 1868 saeerdftum
1798 1788 1874 1868 ,³ο
1907 1788 1945 1840 Β
1985 1795 2222 1866 gligere,
2257 1799 2313 1849 et
2343 1796 2514 1850 aliam
2574 1796 2882 1851 Ecclesiam
2943 1796 3002 1850 in
3069 1813 3173 1852 sua
3232 1797 3460 1852 dimcesi
3493 1799 3678 1868 magis

175 1849 527 1918 populorum
561 1852 794 1906 consilia
808 1855 1113 1909 translatus
1137 1861 1221 1910 est
1247 1858 1552 1928 Ephesum.
1581 1860 1702 1912 Non
1721 1859 1873 1912 enim

176 1938 383 1990 transit
413 1938 482 1991 de
513 1938 740 1993 civitate
797 1942 864 1995 ad
897 1942 1186 1998 civitatem
1245 1946 1343 2016 qui
1383 1963 1499 2000 non
1548 1964 1650 2000 suo
1681 1948 1870 2014 libitu,

175 2031 273 2078 aut
295 2027 517 2080 ambitu
540 2027 648 2082 hoc
671 2027 816 2094 fecit,
853 2031 949 2085 sed
981 2032 1226 2087 utilitate
1258 2035 1525 2104 quadam,
1550 2042 1649 2090 aut
1681 2053 1872 2090 neces-

176 2115 362 2179 sitate,
397 2115 638 2170 aliorum
669 2118 918 2186 hortatu,
945 2125 1001 2173 et
1027 2121 1264 2175 consilio
1295 2123 1585 2192 potiorum
1603 2125 1874 2178 transfer-

176 2207 286 2257 tur.
325 2204 435 2256 Nec
463 2205 804 2260 transfertur
833 2208 901 2261 de
932 2209 1143 2263 minori
1183 2210 1406 2265 civitate
1447 2213 1516 2265 ad
1574 2214 1872 2282 majorem,

176 2290 274 2360 qui
305 2291 414 2344 hoc
444 2308 561 2345 non
591 2294 812 2348 ambitu
842 2312 947 2349 nec
978 2300 1210 2368 propria
1240 2301 1528 2353 voluntate
1573 2301 1723 2367 facit,
1762 2302 1874 2368 {sed

176 2384 275 2432 aut
295 2379 348 2431 vi
377 2397 408 2432 a
441 2381 674 2450 propria
706 2383 837 2436 sede
860 2385 1080 2453 pulsus,
1124 2391 1222 2439 aut
1253 2388 1584 2442 necessitate
1625 2394 1872 2455 coactus,

175 2473 275 2520 aut
304 2467 547 2522 utilitate
577 2470 708 2537 loci,
752 2477 849 2524 aut
875 2474 1094 2542 populi,
1153 2491 1270 2528 non
1320 2478 1585 2545 superbe,
1620 2478 1718 2531 sed
1763 2478 1871 2530 hu-

178 2555 390 2609 militer
413 2558 483 2610 ab
516 2558 644 2611 aliis
674 2561 983 2614 translatus
1014 2567 1068 2615 et
1097 2562 1516 2618 inthronizatus
1556 2571 1640 2619 est
1681 2583 1693 2619 :
1737 2565 1873 2636 quia

177 2644 349 2697 homo
380 2645 535 2699 videt
589 2647 649 2699 in
688 2648 850 2714 facie,
893 2651 1043 2703 Deus
1068 2655 1257 2706 autem
1306 2652 1366 2706 in
1396 2655 1584 2708 corde.
1654 2656 1717 2708 Et
1762 2656 1874 2707 Do-

177 2733 369 2786 minus
415 2750 519 2804 per
579 2737 923 2805 Prophetam
969 2739 1246 2809 loquitur,
1290 2741 1483 2795 dicens
1525 2759 1537 2796 :
1597 2743 1875 2795 Dominus

178 2821 282 2875 scit
309 2822 683 2891 cogitationes
705 2824 1027 2893 hominum,
1050 2829 1323 2899 quoniam
1355 2846 1515 2884 vanze
1549 2836 1698 2886 sunt.
1749 2832 1874 2884 Non

178 2925 315 2980 ergo
348 2916 531 2965 mutat
561 2913 776 2981 sedem,
808 2915 908 2984 qui
937 2932 1053 2970 non
1083 2922 1268 2971 mutat
1299 2925 1573 2988 mentem,
1602 2935 1706 2973 nec
1748 2936 1872 2972 mu-

1982 1885 2368 1954 frequentare.

1985 1975 2118 2028 CAP.
2157 1975 2420 2028 LXXXIII.
2470 2003 2538 2012 —
2589 1976 2663 2027 De
2696 1975 2957 2042 episcopis
2989 1975 3086 2041 qui
3132 1973 3282 2027 sedes
3329 1989 3454 2027 suas
3498 1976 3672 2041 negli-

2053 2049 2206 2112 gunt,
2267 2050 2316 2098 et
2337 2047 2394 2096 in
2421 2045 2851 2113 possessionibus
2884 2048 2999 2098 suis
3022 2045 3178 2112 longe
3201 2047 3399 2113 positis
3446 2045 3542 2097 diu
3573 2061 3680 2099 mo-

2052 2121 2268 2169 rantur.

2054 2205 2157 2273 (Ea;
2216 2204 2402 2257 concil.
2464 2203 2796 2268 Sardicensi,
2865 2217 2984 2272 cap.
3041 2203 3149 2273 15.)
3221 2202 3384 2259 Osius
3445 2202 3675 2273 ,episco-

1980 2308 2089 2361 pus
2129 2291 2308 2346 dixit:
2339 2291 2483 2355 Quia
2513 2291 2654 2345 nihil
2689 2292 3051 2362 praetermitti
3110 2296 3357 2361 oportet,
3387 2297 3519 2345 sunt
3547 2292 3676 2363 qui-

1983 2379 2115 2434 dam
2134 2380 2334 2433 fratres
2365 2384 2420 2432 et
2449 2379 2772 2449 coepiscopi
2823 2380 3026 2447 nostri,
3053 2380 3154 2450 qui
3203 2396 3316 2433 non
3349 2380 3410 2433 in
3437 2396 3502 2432 ea
3540 2379 3674 2432 civi-

1981 2473 2096 2522 tate
2128 2468 2402 2533 resident,
2463 2467 2523 2521 in
2556 2484 2669 2538 qua
2697 2468 2963 2522 videntur
3019 2468 3270 2538 episcopi
3301 2484 3419 2520 esse
3459 2466 3678 2520 consti-

1983 2556 2113 2624 tuti,
2154 2557 2243 2609 vel
2275 2561 2428 2609 certe
2475 2573 2711 2626 parvam
2769 2573 2890 2610 rem
2925 2557 3040 2610 illic
3079 2557 3326 2610 habeant
3360 2573 3372 2609 :
3419 2555 3552 2610 alibi
3584 2572 3680 2608 au-

1981 2651 2098 2700 tem
2145 2645 2353 2699 idonea
2383 2646 2603 2714 prmdia
2655 2647 2864 2700 habere
2918 2650 3255 2707 noscuntur,
3315 2645 3672 2699 affectionem

1982 2735 2378 2804 proximorum
2414 2734 2621 2805 quibus
2653 2733 3014 2804 indulgeant.
3076 2736 3359 2787 Hactenus
3416 2731 3670 2803 permitti

1983 2822 2063 2875 eis
2095 2827 2337 2890 oportet,
2394 2826 2455 2874 ut
2499 2821 2772 2874 accedant
2831 2821 2900 2874 ad
2958 2819 3349 2890 possessiones
3398 2836 3548 2887 suas,
3621 2824 3676 2872 et

1980 2910 2287 2980 disponant
2317 2911 2401 2962 vel
2424 2909 2687 2963 ordinent
2712 2909 2961 2963 fructum
2991 2908 3204 2963 laboris
3253 2909 3391 2975 suis,
3425 2913 3489 2961 ut
3547 2912 3675 2978 post

179 3003 262 3052 tat
323 2998 612 3054 civitatem
672 3001 770 3071 qui
810 3019 926 3056 non
976 3021 1078 3058 sua
1140 3011 1339 3075 sponte
1395 3007 1491 3061 sed
1547 3007 1781 3060 consilio
1822 3009 1877 3060 et
1910 3064 1942 3075 ﬁ
1983 3002 2229 3069 quatuor
2251 2998 2371 3051 dies
2404 2998 2749 3064 Dominicos,
2795 2998 2853 3051 id
2887 3002 2992 3064 est,
3031 3003 3162 3067 post
3213 3002 3328 3051 tres
3359 2997 3671 3050 hebdoma-

187 3087 464 3141 electione
487 3089 730 3144 aliorum
761 3096 1032 3146 mutatur.
1070 3095 1195 3147 Non
1236 3095 1412 3164 igitur
1441 3096 1653 3166 migrat
1683 3097 1752 3149 de
1802 3095 1874 3149 ci-
1904 3064 1943 3119 Ε
1984 3086 2100 3152 das.
2150 3088 2194 3142 Si
2233 3086 2447 3140 morari
2501 3103 2729 3140 necesse
2781 3092 2883 3153 est,
2936 3087 2996 3140 in
3044 3086 3159 3140 δαῖε
3224 3085 3413 3156 P0“us
3481 3085 3674 3140 fundis

178 3175 353 3228 vitate
388 3176 457 3230 ad
489 3177 798 3247 civitatem,
828 3180 926 3249 qui
958 3197 1074 3234 non
1131 3183 1382 3236 avaritiae
1440 3201 1610 3237 causa
1667 3190 1870 3254 sponte

178 3263 413 3317 dimittit
443 3281 604 3318 suam
641 3268 798 3334 :sed,
843 3273 902 3321 ut
950 3269 1066 3339 jam
1119 3271 1334 3324 dictum
1388 3277 1493 3337 est,
1545 3276 1643 3325 aut
1674 3274 1872 3342 pulsus

176 3369 208 3405 a
273 3369 394 3419 sua,
451 3358 549 3407 aut
601 3355 939 3410 necessitate
971 3364 1221 3428 coactus,
1265 3364 1366 3413 aut
1427 3360 1728 3425 electione,
1773 3367 1872 3416 aut

181 3440 578 3494 exhortatione
648 3443 1006 3498 sacerdotum
1073 3451 1130 3499 et
1179 3449 1534 3517 populorum
1562 3449 1870 3502 translatus

185 3531 268 3580 est
297 3528 366 3581 ad
395 3529 632 3582 alteram
669 3531 973 3587 civitatem.
1036 3535 1175 3587 Nam
1208 3535 1353 3588 sicut
1381 3536 1631 3607 episcopi
1660 3537 1871 3591 habent

181 3620 522 3685 potestatem
555 3619 816 3672 ordinare
870 3621 1214 3692 regulariter
1266 3623 1564 3694 episcopos
1625 3629 1682 3678 et
1729 3624 1862 3677 reli-

181 3720 322 3772 quos
371 3706 688 3760 sacerdotes
731 3724 742 3760 :
781 3708 859 3760 sic
921 3709 1145 3779 quoties
1195 3711 1411 3765 utilitas
1468 3716 1564 3766 aut
1619 3713 1870 3766 necessi-

178 3797 263 3844 tas
288 3797 701 3862 expoposcerit,
746 3798 1072 3865 supradicto
1104 3800 1272 3853 modo
1332 3804 1387 3853 et
1433 3805 1653 3854 mutare
1697 3805 1753 3855 et
1781 3801 1869 3855 in-

179 3879 505 3935 thronizare
536 3886 879 3951 potestatem
912 3886 1141 3941 habent.

534 4007 659 4061 CAP.
703 4007 979 4063 LXXVIII.
1020 4041 1087 4048 —
1113 4013 1186 4065 De
1223 4012 1404 4066 eadem
1435 4028 1511 4067 re.

250 4127 371 4194 (Em
400 4128 713 4196 :canonibus
760 4134 1010 4199 apostol.)
1063 4134 1372 4205 Episcopus
1408 4133 1522 4189 aut
1573 4137 1871 4207 presbyter

179 4229 413 4268 uxorem
443 4217 738 4287 propriam
769 4235 1130 4290 nequaquam
1162 4223 1266 4276 sub
1298 4224 1535 4278 obtentu
1577 4224 1870 4294 religionis

179 4301 426 4371 abjiciat.
488 4304 541 4358 Si
590 4321 723 4358 vero
755 4307 1033 4377 rejecerit,
1084 4312 1628 4367 excommunicetur.
1676 4313 1782 4367 Sed
1824 4313 1870 4366 si

179 4392 649 4460 perseveraverit,
683 4394 980 4464 dejicatur.

536 4517 662 4570 CAP.
708 4519 916 4574 LXXIX.
949 4550 1018 4561 —
1061 4523 1191 4576 Item
1217 4539 1284 4576 ea:
1313 4524 1510 4578 eodem.

247 4638 362 4706 (Ea:
411 4641 598 4693 concil.
655 4641 983 4711 Sardicensi,
1040 4659 1158 4713 cap.
1221 4646 1294 4714 1.)
1345 4647 1510 4701 Osius
1562 4648 1866 4718 episcopus

174 4725 360 4781 dixit:
409 4727 532 4781 Non
585 4729 777 4784 minus
825 4733 974 4784 mala
1026 4735 1381 4789 consuetudo
1431 4753 1602 4806 quam
1670 4737 1865 4806 perni-

169 4815 324 4868 ciosa
377 4819 702 4886 corruptela
727 4818 988 4874 funditus
1018 4822 1362 4876 eradicanda
1419 4829 1523 4892 est,
1555 4842 1627 4878 ne
1678 4826 1771 4879 cui
1805 4827 1867 4879 li-

167 4908 294 4956 ceat
323 4903 589 4975 episcopo
645 4907 712 4960 de
775 4908 999 4962 civitate
1033 4926 1134 4962 sua
1183 4911 1248 4964 ad
1303 4912 1471 4965 aliam
1514 4914 1754 4967 transire
1795 4916 1866 4968 ci-

167 4993 421 5046 vitatem.
465 4994 754 5049 Manifesta
777 5001 861 5050 est
883 4997 1034 5050 enim
1095 5015 1282 5064 causa,
1329 5016 1434 5070 pro
1490 5018 1604 5070 qua
1657 5019 1715 5055 re
1760 5003 1866 5057 hoc

164 5079 354 5133 facere
419 5084 648 5135 tentat:
700 5099 830 5137 cum
891 5085 1080 5139 nullus
1133 5086 1191 5140 in
1245 5087 1350 5141 hac
1383 5105 1443 5142 re
1493 5088 1755 5144 inventus
1795 5091 1868 5145 sit

166 5167 493 5237 episcopus,
527 5170 626 5239 qui
657 5171 726 5224 de
759 5173 978 5242 majore
1001 5173 1227 5228 civitate
1259 5175 1329 5229 ad
1363 5176 1647 5230 minorem
1682 5185 1867 5232 trans-

167 5256 295 5309 iret.
319 5257 480 5310 Unde
518 5265 757 5328 apparet
786 5261 1038 5316 avaritiae
1107 5264 1307 5318 ardore
1357 5281 1452 5318 eos
1494 5265 1862 5334 inﬂammari,

167 5349 224 5398 et
252 5344 555 5398 ambitioni
614 5347 847 5414 servire,
910 5356 967 5403 et
1019 5355 1081 5403 ut
1110 5351 1532 5406 dominationes
1571 5359 1763 5424 agant.
1810 5355 1866 5411 Si

164 5433 437 5488 omnibus
462 5434 667 5504 placet,
695 5437 1029 5507 hujusmodi
1067 5440 1348 5509 pernicies
1372 5442 1574 5496 saevius
1604 5447 1659 5497 et
1679 5449 1865 5497 auste-

165 5521 287 5574 rius
319 5521 660 5590 vindicetur,
691 5530 757 5578 ut
819 5542 925 5579 nec
982 5527 1184 5581 laicam
1244 5530 1709 5585 communionem
1764 5531 1865 5585 ha-

165 5610 299 5665 beat
331 5609 431 5681 qui
461 5611 589 5666 talis
615 5617 719 5667 est.
753 5615 1197 5686 Responderunt
1228 5618 1480 5672 universi
1519 5636 1532 5674 :
1576 5620 1785 5676 Placet.

1981 3180 2298 3237 morentur,
2358 3181 2456 3230 aut
2502 3176 2550 3229 si
2606 3181 2688 3230 est
2732 3176 2997 3246 proxima
3057 3175 3253 3228 civitas
3312 3175 3370 3227 in
3421 3190 3535 3245 qua
3592 3179 3678 3227 est

1979 3264 2294 3333 presbyter,
2356 3281 2428 3317 ne
2473 3265 2593 3319 sine
2640 3265 2880 3318 Ecclesia
2934 3265 3231 3318 videantur
3273 3264 3458 3317 facere
3523 3262 3675 3316 diem

1987 3351 2371 3417 Dominicum,
2404 3352 2539 3404 illuc
2563 3353 2852 3418 accedant,
2920 3358 2985 3405 ut
3038 3367 3225 3421 neque
3276 3367 3366 3404 res
3407 3349 3673 3403 domesti-

1980 3457 2060 3493 ca:
2092 3457 2195 3510 per
2215 3441 2532 3494 absentiam
2572 3457 2772 3494 eorum
2805 3441 3219 3494 detrimentum
3249 3439 3582 3505 sustineant,
3617 3443 3671 3490 et

1980 3545 2095 3582 non
2123 3530 2453 3598 frequenter
2482 3529 2764 3582 veniendo
2805 3530 2874 3582 ad
2908 3529 3191 3582 civitatem
3224 3529 3282 3580 in
3314 3545 3426 3598 qua
3459 3527 3673 3596 episco-

1979 3635 2084 3687 pus
2143 3623 2400 3671 moratur
2447 3617 2829 3687 suspicionem
2878 3618 3166 3688 jactantite
3232 3624 3287 3671 et
3344 3614 3670 3670 ambitionis

1978 3708 2234 3760 evadant.
2273 3707 2530 3761 Universi
2560 3707 2828 3761 dixerunt
2857 3708 3080 3778 placere
3120 3707 3246 3760 sibi.

1979 3797 2262 3852 LXXXIII.
2303 3827 2374 3835 —
2417 3798 2482 3850 Ut
2546 3799 2826 3865 episcopus
2886 3798 3118 3862 singulis
3169 3798 3330 3850 annis
3348 3795 3667 3865 parochiam

2569 3883 2722 3921 suam
2745 3871 3052 3922 circumeat.

2050 3957 2168 4026 (Ea:
2219 3957 2405 4010 concil.
2473 3957 2746 4026 Spalensi,
2802 3974 2922 4026 cap.
2977 3956 3053 4025 4.)
3103 3957 3170 4010 Ut
3194 3955 3434 4026 singulis
3510 3953 3672 4007 annis

1978 4044 2345 4114 unusquique
2386 4044 2684 4114 episcopus
2731 4045 3061 4115 parochiam
3110 4061 3270 4097 suam
3339 4043 3669 4108 circumeat,

1979 4134 2371 4203 populumque
2423 4135 2726 4187 confirmet
2768 4150 2832 4188 ac
2883 4135 3101 4200 doceat,
3158 4137 3212 4186 et
3261 4149 3327 4186 ea
3391 4149 3516 4202 quae
3581 4131 3671 4184 vi-

1978 4222 2154 4275 tanda
2183 4225 2316 4275 sunt
2345 4221 2665 4291 prohibeat,
2691 4226 2747 4276 et
2794 4238 2862 4276 ea
2909 4239 3036 4293 quae
3066 4221 3285 4291 agenda
3336 4226 3488 4285 sunt,
3562 4219 3670 4272 uti-

1898 4344 1942 4397 D
1981 4309 2112 4362 liter
2144 4325 2311 4378 agere
2345 4309 2597 4364 suadeat.

1977 4406 2104 4460 CAP.
2165 4407 2424 4460 LXXXIV.
2484 4436 2552 4446 —
2629 4409 2701 4460 De
2749 4408 3010 4474 episcopis
3057 4408 3156 4473 qui
3190 4421 3316 4459 raro
3375 4410 3469 4458 aut
3520 4420 3663 4458 nun-

2046 4492 2210 4544 quam
2225 4493 2325 4544 per
2347 4478 2545 4545 seipsos
2561 4478 2738 4545 plebes
2754 4477 2862 4530 sibi
2882 4480 3188 4531 commissas
3209 4479 3455 4531 visitant.

2047 4564 2155 4634 (Ea:
2215 4565 2402 4618 concil.
2465 4565 2746 4630 Meldensi,
2830 4580 2950 4633 cap.
3018 4565 3093 4631 5.)
3152 4566 3221 4619 Ut
3264 4563 3516 4634 episcopi
3569 4563 3669 4634 qui

1974 4653 2172 4724 plebes
2229 4653 2337 4706 sibi
2387 4653 2652 4719 creditas,
2712 4658 2809 4706 aut
2852 4670 3000 4718 raro,
3059 4659 3158 4707 aut
3209 4669 3507 4724 nunquam
3565 4669 3669 4723 per

1975 4742 2188 4811 seipsos
2216 4741 2448 4795 visitant
2472 4741 2635 4811 juxta
2674 4742 2930 4796 ordinem
3001 4743 3393 4811 evangelicum
3441 4747 3495 4796 et
3524 4758 3671 4811 apo-

1975 4831 2240 4885 stolicum
2292 4835 2464 4901 atque
2548 4831 3011 4898 ecclesiasticum,
3049 4849 3178 4886 cum
3231 4831 3502 4885 Dominus
3533 4831 3667 4885 Mosi

1975 4919 2124 4973 dicat
2153 4936 2164 4973 :
2191 4919 2617 4989 Speculatorem
2650 4920 2780 4974 dedi
2837 4925 2893 4974 te
2923 4920 3120 4976 domui
3151 4921 3343 4989 Israel,
3377 4924 3431 4973 et
3471 4919 3671 4974 audies

1974 5024 2039 5062 ex
2101 5024 2199 5062 ore
2233 5024 2361 5062 meo
2427 5008 2688 5075 verbum,
2724 5008 3098 5062 annunciabis
3129 5008 3209 5061 eis
3239 5025 3303 5062 ex
3359 5025 3472 5074 me,
3536 5013 3665 5072 etc.,

1975 5112 2006 5148 a
2033 5095 2612 5165 comprovincialibus
2638 5096 2940 5167 episcopis,
2978 5096 3162 5150 acrius
3192 5097 3594 5167 corripiantur.

1975 5201 2102 5256 CAP.
2134 5202 2368 5256 LXXXV.
2410 5233 2482 5240 —
2510 5204 2576 5257 Ut
2605 5205 2842 5271 episcopi
2894 5203 3232 5270 presbyteros
3263 5217 3384 5255 suos
3442 5202 3507 5256 de
3563 5204 3668 5256 mi-

2257 5274 2500 5327 nisteriis
2529 5274 2743 5327 illorum
2764 5274 3051 5340 diligenter
3063 5273 3380 5331 discutiant.

2047 5356 2164 5427 (Ea:
2221 5361 2404 5414 concil.
2456 5363 2749 5429 Braggar.,
2779 5377 2898 5430 cap.
2934 5361 3008 5431 2.)
3041 5360 3258 5415 Placuit
3288 5359 3453 5414 nobis
3495 5365 3669 5431 atque

1975 5447 2256 5511 convenit,
2296 5454 2362 5502 ut
2390 5450 2642 5520 episcopi
2673 5467 2776 5520 per
2803 5449 3056 5520 singulas
3087 5449 3361 5503 Ecclesiae
3421 5454 3479 5503 et
3521 5449 3659 5504 dim-

1977 5549 2132 5587 ceses
2163 5541 2384 5602 euntes,
2417 5539 2667 5608 primum
2719 5538 3025 5594 discutiant
3083 5539 3332 5602 clericos,
3376 5539 3663 5609 quomodo

1977 5622 2241 5678 ordinem
2267 5623 2540 5695 baptismi
2569 5631 2802 5682 teneant
2850 5628 2936 5682 vel
2969 5628 3301 5697 missarum,
3334 5632 3389 5681 et
3418 5628 3668 5699 qualiter
