3956 6300
263 330 356 381 571

1323 327 1723 384 BURCHARDI
1765 322 2296 382 WORMACIENSIS
2335 324 2674 382 EPISCOPI.

3661 329 3769 380 5‘72

261 465 503 522 quaeque
534 448 721 504 officia
747 448 808 503 in
833 449 1078 504 Ecclesia
1130 455 1427 522 peragant.
1471 452 1536 506 Et
1575 450 1623 504 si
1651 454 1803 503 recte
1834 449 1954 520 qui-
1988 451 2034 502 Α
2069 449 2132 503 in
2175 447 2768 503 administrationibus
2806 446 3065 502 Ecclesiae
3119 446 3484 518 pontiﬁcibus
3539 447 3766 503 socian-

259 540 390 592 dem
439 538 783 605 invenerint,
844 539 960 592 Deo
1021 538 1253 609 gratias.
1329 538 1428 593 Sin
1477 542 1668 592 autem
1712 537 1952 591 minime

259 626 460 680 docere
486 624 698 679 debent
735 624 988 694 ignaros.

261 716 390 769 CAP.
441 713 702 766 LXXXVI.
732 743 801 753 -—
839 715 905 767 Ut
949 715 1228 780 episcopus
1260 729 1379 766 cum
1417 711 1610 782 paucis
1636 728 1791 768 suam
1845 727 1950 782 pa-

800 783 1048 838 rochiam
1086 785 1392 837 circumeat.

331 873 446 943 (Ea:
467 873 651 926 concil.
685 873 950 926 Toletano.
984 887 1104 940 cap.
1159 873 1234 938 5.)
1267 871 1408 926 Cum
1441 871 1744 942 episcopus
1792 887 1954 925 suam

258 959 548 1016 dimcesim
593 958 797 1026 visitat,
848 959 992 1012 nulli
1060 975 1180 1029 prus
1253 959 1622 1014 multitudine
1683 975 1956 1013 onerosus

264 1044 482 1112 existat,
545 1061 647 1099 nec
709 1062 964 1116 unquam
1023 1047 1588 1117 quinquagenarium
1650 1063 1957 1102 numerum

263 1132 565 1186 evectionis
595 1133 846 1198 excedat,
899 1138 997 1186 aut
1030 1135 1277 1204 amplius
1309 1151 1483 1204 quam
1523 1151 1640 1188 una
1674 1135 1764 1188 die
1818 1150 1956 1204 per-

260 1237 728 1292 unamquamque
747 1221 1038 1276 basilicam
1065 1215 1392 1277 remorandi
1414 1223 1704 1277 licentiam
1725 1223 1952 1276 habeat.

263 1307 391 1360 CAP.
433 1307 695 1361 LXXXVII
747 1337 808 1346 —
874 1311 935 1363 Si
984 1311 1263 1377 episcopus
1318 1310 1639 1377 parochiam
1679 1323 1834 1362 suam
1865 1310 1957 1360 vi-

335 1379 990 1445 sitarenequtvm’itmiros
1020 1380 1320 1447 probabitis
1355 1382 1454 1433 vim
1467 1395 1572 1449 pro
1603 1394 1656 1432 se
1683 1381 1885 1432 mittat.

339 1464 445 1534 (Ex
465 1465 646 1520 eodem
667 1481 786 1536 cap.
821 1466 911 1535 6.)
942 1467 1102 1530 Quod
1135 1467 1181 1519 si
1213 1467 1532 1536 episcopus,
1558 1473 1657 1520 aut
1683 1468 1957 1535 languore

265 1551 548 1618 detentus,
583 1559 682 1607 aut
710 1555 837 1606 aliis
889 1554 1354 1625 occupationibus
1387 1555 1732 1625 implicatus,
1765 1552 1957 1605 visita-

265 1640 484 1694 tionem
545 1641 849 1695 diceceseos
905 1643 1130 1712 explere
1186 1643 1527 1712 nequiverit,
1599 1641 1961 1712 presbyteros

2063 543 2178 600 tur,
2217 537 2539 607 discrepare
2608 551 2727 590 non
2781 535 3045 602 debeant,
3091 552 3196 590 nec
3240 535 3612 606 professione,
3656 553 3768 590 nec

2061 624 2298 679 habitu:
2341 639 2445 677 nec
2477 623 2765 676 cohaerere
2797 626 2854 675 et
2886 622 3161 693 conjungi
3227 625 3488 692 possunt,
3544 623 3759 694 quibus

2061 717 2118 767 et
2150 711 2337 766 studia
2365 715 2421 765 et
2447 717 2580 764 vota
2619 710 2842 764 diversa
2872 717 3023 764 sunt.
3059 710 3116 765 Si
3155 710 3282 782 quis
3323 717 3516 766 autem
3547 711 3763 781 episco-

2060 817 2167 872 pus
2199 805 2324 870 post
2360 800 2481 854 haec
2507 798 2949 853 ecclesiasticam
2979 814 3098 852 rem
3133 799 3202 852 ad
3237 799 3492 852 laicalem
3536 811 3763 870 ‘procu-

2062 890 2345 944 rationem
2397 887 2915 942 administrandam
2989 887 3212 956 elegrit,
3271 893 3371 940 aut
3421 887 3542 940 sine
3602 887 3762 940 testi-

2065 977 2262 1031 monio
2319 977 2601 1031 meonomi
2656 975 3030 1046 gubernanda
3107 975 3432 1042 crediderit,
3512 991 3644 1029 vere
3697 981 3766 1028 ut

2065 1070 2424 1136 contemptor
2469 1080 2754 1118 canonum
2786 1068 2841 1117 et
2892 1063 3188 1118 fraudator
3252 1062 3762 1117 ecclesiasticarum

2065 1169 2282 1220 rerum,
2311 1169 2424 1206 non
2450 1153 2633 1206 solum
2667 1152 2887 1207 Christo
2917 1151 2987 1206 de
3021 1151 3189 1204 rebus
3235 1167 3558 1221 pauperum
3612 1151 3767 1221 judi-

2066 1241 2288 1295 cabitur
2319 1257 2464 1304 reus,
2486 1241 2580 1294 sed
2611 1239 2786 1293 etiam
2820 1243 2876 1292 et
2904 1239 3144 1293 concilio
3167 1239 3421 1292 manebit
3455 1239 3762 1292 obnoxius.

2068 1329 2196 1383 CAP.
2256 1329 2360 1383 XC.
2392 1356 2459 1367 —
2525 1330 2591 1382 Ut
2629 1329 2688 1379 in
2744 1328 3060 1380 circuitione
3113 1327 3353 1393 episcOpi
3406 1341 3604 1391 omnes,
3669 1330 3769 1393 qui

2140 1405 2266 1453 sunt
2295 1401 2353 1452 in
2395 1399 2655 1466 parochia
2683 1399 3026 1465 singularum
3047 1399 3360 1464 matricum,
3417 1398 3654 1466 exceptis
3686 1397 3766 1450 in-

2138 1471 2333 1538 ﬁrmis,
2365 1469 2440 1522 ad
2468 1468 2734 1536 synodum
2763 1468 2881 1534 ejus
2900 1469 3078 1521 venire
3108 1467 3355 1538 debeant.

2142 1536 2248 1606 (Ex
2278 1541 2464 1594 concit.
2499 1541 2740 1594 Rothom.
2781 1541 2863 1604 l3,
2912 1553 3033 1606 cap.
3095 1537 3202 1606 ll.)
3261 1539 3402 1592 Cum
3461 1536 3772 1606 episcopus

2073 1644 2232 1682 suam
2289 1627 2576 1681 dioecesim
2633 1626 2851 1693 circuit,
2919 1625 3353 1678 archidiaconus
3421 1625 3511 1678 vel
3587 1623 3772 1678 archi-

268 1727 743 1798 probabilisvites,
778 1733 875 1783 aut
912 1710 1179 1784 diaconos
1202 1710 1409 1798 mittat,
1434 1730 1533 1801 qui
1559 1710 1815 1783 redditus
1861 1728 1960 1782 ba-
1997 1728 2036 1781 Β
2076 1717 2371 1787 presbyter
2419 1733 2552 1769 eum
2626 1714 2833 1785 praeire
2880 1713 3050 1767 debet
3102 1729 3217 1766 uno
3295 1712 3516 1801 duobus
3559 1710 3770 1765 diebus

269 1815 559 1871 silicarum
606 1823 664 1872 et
715 1819 1124 1889 reparationes,
1179 1824 1232 1873 et
1289 1818 1744 1874 ministrantium
1787 1817 1958 1871 vitam

270 1905 585 1975 inquirant.

269 1991 398 2048 CAP.
425 1994 735 2049 LXXXVIII.
769 2027 836 2035 —
869 1995 1094 2061 Qualem
1125 1998 1436 2050 ministrum
1484 1998 1759 2065 episcopus
1794 1994 1965 2063 juxta

869 2082 925 2120 se
954 2067 1149 2121 habere
1169 2067 1380 2120 debeat.

344 2152 452 2222 (Ea:
479 2155 668 2208 concit.
691 2155 972 2220 Metdensi,
1005 2171 1124 2224 cap.
1161 2155 1248 2222 3.)
1272 2155 1342 2209 Ut
1375 2154 1619 2225 quisque
1663 2152 1964 2222 episcopus

272 2241 448 2295 talem
483 2242 648 2312 juxta
677 2258 736 2295 se
766 2259 870 2312 pro
901 2243 1118 2297 viribus
1144 2243 1354 2298 habere
1387 2243 1654 2308 decertet,
1689 2241 1966 2312 quijuxta

273 2328 720 2382 sincerissimum
750 2336 805 2382 et
842 2329 1218 2399 purissimum
1267 2345 1500 2384 sensum
1559 2329 1969 2384 catholicorum

277 2418 528 2484 Patrum,
587 2416 698 2471 ﬁde
730 2423 788 2471 et
815 2418 1207 2472 observatione
1248 2418 1648 2472 mandatorum
1692 2417 1814 2484 Dei,
1869 2431 1968 2470 seu

279 2510 336 2560 et
367 2505 796 2577 praedicationis
826 2507 1106 2574 doctrina,
1135 2507 1491 2578 presbyteros
1527 2506 1783 2577 plebium
1831 2505 1969 2558 assi-

275 2595 386 2648 due
416 2594 660 2649 instruat
690 2595 1054 2664 etinformet,
1093 2612 1162 2650 ne
1195 2596 1400 2650 domus
1428 2595 1529 2650 Dei
1549 2595 1681 2658 vivi,
1718 2611 1846 2665 quas
1886 2599 1970 2648 est

277 2683 542 2748 Ecclesia,
585 2683 708 2736 sine
736 2683 969 2738 lucerna
1000 2685 1158 2738 verbi
1181 2684 1362 2738 divini
1406 2689 1721 2737 remaneat.
1759 2682 1866 2736 Sed
1913 2685 1970 2736 et

275 2771 428 2826 idem
463 2772 592 2825 talis
620 2771 839 2837 existat,
898 2789 1070 2844 quem
1102 2789 1264 2826 amor
1309 2772 1566 2842 pecuniae
1613 2787 1726 2824 non
1786 2773 1968 2835 vexet,

279 2865 377 2914 aut
400 2860 866 2929 reprehensibilis
897 2860 1391 2932 contemptibilem
1413 2859 1631 2913 reddat.
1677 2858 1818 2912 Hinc
1865 2861 1971 2922 est,

279 2948 430 3019 quod
463 2965 594 3002 cum
622 2950 796 3004 Moses
836 2951 1131 3020 querelam
1191 2949 1250 3002 in
1286 2954 1593 3018 conspectu
1649 2947 1747 3000 Dei
1790 2961 1970 3016 pone-

281 3040 386 3102 ret,
439 3051 554 3088 non
603 3052 661 3088 se
720 3053 884 3106 posse
933 3041 1160 3106 portare
1225 3041 1451 3090 tantum
1497 3051 1641 3088 onus
1710 3033 1865 3104 quod
1918 3032 1971 3085 ei

282 3123 471 3176 fuerat
499 3122 852 3192 impositum,
887 3123 1104 3176 audivit
1134 3139 1164 3176 a
1198 3123 1434 3176 Domino
1461 3139 1474 3177 :
1500 3124 1800 3192 Congrega
1829 3121 1973 3175 mihi

284 3211 406 3265 LXX
441 3211 588 3264 viros
621 3213 690 3266 de
716 3212 1036 3266 senioribus
1077 3212 1268 3275 Israel,
1320 3228 1463 3282 quos
1512 3217 1576 3264 tu
1634 3211 1784 3264 nosti
1823 3210 1973 3280 quod

281 3315 443 3353 senes
475 3300 672 3370 populi
705 3300 820 3354 sint
859 3317 920 3354 ac
956 3299 1235 3370 magistri,
1268 3305 1324 3354 et
1355 3300 1611 3353 auferam
1643 3299 1711 3353 de
1766 3298 1974 3368 spiritu

283 3392 405 3448 tuo,
437 3388 773 3458 tradamque
803 3389 885 3442 eis
914 3396 976 3443 ut
996 3395 1317 3443 sustentent
1349 3394 1536 3442 tecum
1567 3403 1710 3441 onus
1750 3387 1971 3457 populi,

284 3481 342 3529 et
369 3492 486 3530 non
520 3482 577 3529 tu
607 3477 757 3530 solus
780 3478 1050 3547 graveris.
1084 3477 1230 3541 Quid
1255 3477 1312 3530 in
1345 3477 1512 3538 Mose,
1539 3476 1654 3530 nisi
1685 3491 1973 3529 summum

287 3564 708 3618 sacerdotium?
758 3565 900 3628 Quid
932 3567 993 3619 in
1058 3566 1180 3620 LXX
1223 3565 1376 3627 viris,
1438 3565 1549 3618 nisi
1611 3559 1977 3634 presbyteros

287 3652 636 3721 accipimus?
663 3652 822 3716 Quod
858 3657 1048 3706 autem
1085 3652 1360 3705 Dominus
1410 3652 1596 3706 aufert
1642 3652 1712 3705 de
1775 3651 1978 3720 spiritu

291 3740 445 3805 Mesi,
483 3739 770 3809 traditque
805 3739 905 3808 eis,
961 3745 1224 3810 patenter
1273 3740 1544 3805 ostendit,
1579 3739 1730 3810 quod
1781 3739 1842 3793 hi
1881 3737 1981 3809 qui

291 3827 360 3880 ab
391 3827 658 3896 episcopo
690 3829 749 3881 in
782 3833 1084 3898 conspectu
1136 3827 1236 3882 Dei
1283 3827 1463 3882 vocati
1497 3833 1651 3894 sunt,
1687 3831 1747 3881 ut
1789 3844 1979 3880 secum

294 3931 439 3969 onus
461 3915 662 3986 pepuli
691 3921 1030 3983 sustentent,
1089 3917 1288 3969 eadem
1341 3917 1508 3982 velle,
1543 3920 1599 3970 et
1653 3916 1714 3969 in
1768 3916 1979 3986 partito

292 4003 399 4057 sibi
420 4019 592 4057 onere
623 4004 754 4058 totis
803 4005 1019 4059 viribus
1049 4004 1362 4074 cooperari.
1416 4005 1532 4060 Hoc
1589 4009 1742 4057 enim
1805 4003 1980 4073 signi-

293 4092 440 4157 ﬁcat,
475 4092 628 4162 quod
659 4109 775 4146 non
834 4093 1034 4159 alium,
1068 4095 1165 4148 sed
1214 4094 1470 4164 ejusdem
1523 4093 1658 4147 Mosi
1713 4091 1984 4162 spiritum

296 4180 600 4250 accipiunt.

2070 1821 2172 1876 per
2201 1803 2502 1875 parochias
2532 1820 2672 1874 quas
2703 1802 3030 1855 visitaturus
3063 1805 3164 1855 est.
3203 1801 3268 1854 Et
3327 1800 3494 1870 plebe
3549 1815 3768 1853 convo-

2071 1899 2215 1960 cata,
2243 1893 2586 1946 annuntiare
2643 1891 2813 1945 debet
2860 1889 3078 1960 proprii
3139 1889 3380 1959 pastoris
3429 1888 3765 1942 adventum.

2072 1983 2136 2036 Et
2165 1987 2230 2036 ut
2259 1998 2476 2047 omnes,
2521 1980 2769 2050 exceptis
2803 1979 3068 2045 infirmis,
3103 1978 3175 2031 ad
3206 1979 3328 2048 ejus
3357 1978 3646 2048 synodum
3678 1976 3772 2030 die

2075 2069 2444 2124 denominata
2473 2067 2938 2139 imprmtermisse
2969 2071 3291 2130 occurrant,
3331 2070 3389 2120 et
3418 2065 3775 2119 omnimodis

2075 2174 2141 2211 ex
2219 2159 2555 2211 auctoritate
2613 2161 2940 2210 sanctorum
2986 2171 3274 2208 canonum
3320 2154 3654 2225 praecipere,
3717 2158 3776 2208 et

2075 2246 2373 2301 minaciter
2429 2246 2764 2300 denuntiare
2823 2244 3010 2309 debet,
3039 2243 3192 2314 quod
3255 2243 3301 2296 si
3367 2241 3495 2313 quis
3555 2242 3778 2311 absque

2077 2335 2237 2406 gravi
2286 2334 2618 2389 necessitate
2665 2332 2932 2398 defuerit,
2990 2330 3368 2402 proculdubio
3424 2348 3459 2384 a
3515 2345 3778 2384 commu-

2086 2422 2260 2475 nione
2283 2419 2600 2475 Christiana
2635 2419 2702 2473 sit
2729 2419 3110 2489 repellendus.
3169 2419 3385 2473 Deinde
3442 2418 3633 2472 accitis
3682 2433 3781 2472 se—

2086 2527 2216 2565 cum
2248 2507 2583 2580 presbyteri,
2615 2507 2714 2578 qui
2771 2511 2832 2561 in
2876 2508 2976 2561 illo
3031 2508 3153 2560 loco
3203 2506 3500 2560 servitium
3563 2506 3784 2561 debent

2078 2597 2344 2652 exhibere
2369 2596 2654 2667 episcopo,
2691 2595 2972 2666 quidquid
3025 2595 3094 2650 de
3123 2594 3441 2649 minoribus
3488 2599 3546 2649 et
3599 2593 3782 2650 levio-

2078 2687 2237 2740 ribus
2259 2686 2444 2739 causis
2487 2684 2776 2754 corrigere
2838 2689 3044 2753 potest,
3079 2683 3385 2736 emendare
3439 2687 3681 2752 satagat,
3717 2686 3783 2736 ut

2081 2773 2331 2845 pontifex
2388 2772 2619 2826 veniens
2652 2788 3015 2842 nequaquam
3045 2772 3104 2824 in
3130 2771 3480 2825 facilioribus
3528 2771 3782 2842 negotiis

2081 2863 2372 2932 fatigetur,
2409 2867 2504 2915 aut
2524 2861 2632 2914 sibi
2663 2860 2959 2914 immorari
2990 2860 3236 2930 amplius
3283 2875 3510 2913 necesse
3560 2858 3632 2912 sit
3672 2858 3779 2923 ibi,

2086 2968 2257 3022 quam
2285 2967 2530 3020 expensa
2550 2949 2809 3003 sufficiat.
2843 2949 2933 3002 Ait
2981 2949 3135 3002 enim
3193 2947 3466 3001 Dominus
3526 2947 3598 3000 ad
3657 2947 3780 3000 Mo-

2080 3056 2201 3104 sen,
2229 3039 2298 3093 de
2328 3037 2728 3108 hujuscemodi
2757 3034 3225 3106 cooperatoribus
3258 3050 3270 3088 :
3312 3035 3381 3088 Ut
3407 3040 3620 3097 tecum,
3684 3032 3775 3086 in-

2083 3126 2227 3197 quit,
2259 3129 2576 3178 sustentent
2605 3140 2751 3176 onus
2790 3123 3006 3193 populi,
3062 3139 3175 3175 non
3234 3128 3299 3174 tu
3359 3121 3512 3174 solus
3569 3135 3774 3190 grave-

2080 3215 2179 3268 ris.
2213 3215 2274 3267 Et
2302 3214 2501 3267 beatus
2547 3214 2792 3267 Joannes
2856 3210 3104 3281 Baptista
3159 3210 3465 3263 adventum
3523 3207 3778 3262 Domini

2082 3301 2454 3375 praecucurrit
2537 3300 2923 3370 praedicando,
3004 3299 3198 3352 dicens
3285 3315 3297 3351 :
3369 3296 3778 3350 Paenitentiam

2083 3392 2250 3462 agite,
2287 3395 2390 3443 etc.
2427 3391 2491 3444 Et
2515 3389 2651 3442 item
2683 3405 2696 3441 :
2726 3390 2924 3441 Parate
2963 3387 3116 3440 viam
3171 3385 3429 3439 Domino.
3479 3383 3781 3454 Siquidem

2086 3479 2384 3549 episcopus
2415 3477 2595 3530 vicem
2635 3476 2842 3530 Christi
2897 3491 3065 3545 agere
3097 3473 3342 3541 videtur,
3375 3478 3430 3526 et
3485 3472 3613 3526 ideo
3646 3489 3782 3526 cum

2087 3567 2317 3638 gaudio,
2349 3566 2576 3630 timore,
2611 3572 2667 3618 et
2693 3579 2919 3618 summa
2949 3561 3268 3616 reverentia
3315 3579 3346 3614 a
3375 3561 3638 3631 plebibus
3670 3560 3788 3614 sibi

2088 3656 2374 3726 subjectus
2407 3653 2799 3724 suscipiendus
2820 3656 2906 3706 est
2939 3668 2950 3706 :
2983 3657 3046 3705 ut
3076 3651 3188 3704 illis
3227 3666 3356 3702 cum
3388 3649 3553 3702 laude
3625 3648 3786 3702 dica-

2089 3752 2184 3800 tur
2239 3743 2392 3815 quod
2437 3742 2742 3814 Apostolus
2794 3739 3088 3810 discipulis
3119 3738 3298 3793 dicit:
3340 3737 3787 3797 Testimonium,

2089 3833 2296 3904 inquit,
2324 3832 2480 3885 vobis
2527 3831 2821 3901 perhibeo,
2857 3832 3010 3901 quod
3040 3830 3118 3882 ita
3149 3827 3473 3898 suscepistis
3505 3843 3596 3881 me
3636 3826 3791 3881 sicut

2091 3922 2361 3990 angelum
2395 3919 2512 3986 Dei,
2546 3920 2690 3972 sicut
2723 3918 3026 3972 Dominum
3057 3919 3268 3971 Jesum.

2092 4011 2219 4066 CAP.
2253 4010 2382 4064 XCI.
2457 4039 2522 4048 —
2575 4009 2865 4062 Decretatis
2897 4007 3203 4061 constitutio
3258 4005 3586 4071 Eutychiani
3626 4019 3790 4072 papae

2306 4079 2442 4150 quid
2470 4082 2706 4149 episcopi
2733 4083 2791 4132 in
2819 4078 3022 4146 synodo
3054 4091 3289 4146 quaerere
3321 4075 3564 4128 debeant.

2165 4169 2272 4239 (Ex
2325 4168 2469 4222 decr.
2515 4167 2836 4235 Eutychian.
2892 4180 3071 4234 papa,
3115 4180 3232 4233 cap.
3269 4166 3346 4231 9.)
3380 4163 3684 4232 Episcopus
3726 4161 3830 4230 in,

297 4269 432 4324 CAp.
473 4270 726 4324 LXXXIX,
765 4300 834 4310 _
888 4273 966 4325 De
1019 4273 1262 4346 ερίεοορο
1304 4286 1369 4325 ne
1426 4272 1625 4325 laicum
1660 4274 1832 4338 Ροηαε
1879 4268 1988 4322 sibi
2014 4292 2056 4346 Β
2096 4256 2315 4328 synodo
2343 4256 2645 4346 residensp
2672 4260 2802 4346 post
2857 4269 3171 4346 congruam
3197 4251 3628 4346 allocutionem,
3658 4267 3792 4346 “se-

995 4358 1281 4396 vicarium.

370 4428 487 4499 (E41:
514 4429 702 4484 concil.
737 4432 993 4498 Bragar.,
1045 4447 1164 4500 cap.
1228 4429 1304 4500 9.)
1350 4431 1505 4483 Nova
1564 4427 1786 4481 actione
1843 4426 1990 4480 didi-

297 4517 478 4572 cimus
525 4517 801 4587 quosdam
863 4534 929 4572 ex
983 4525 1177 4572 nostro
1236 4518 1472 4586 collegio
1539 4523 1734 4570 contra
1805 4531 1992 4568 mores

299 4606 723 4674 ecclesiasticos,
771 4607 940 4660 laicos
1004 4608 1214 4662 habere
1242 4607 1300 4659 in
1337 4605 1504 4659 rebus
1535 4604 1742 4658 divinis
1775 4602 1991 4657 consti-

297 4700 452 4750 tutos
504 4711 850 4750 (Bconomos.
915 4697 1161 4749 Proinde
1192 4693 1408 4764 pariter
1456 4697 1764 4746 tractantes
1822 4689 1986 4760 eligi-

302 4799 448 4850 mus,
493 4783 943 4853 utunusquique
1001 4789 1256 4835 nostrum
1312 4781 1624 4834 secundum
1685 4779 1993 4833 Chalcedo-

301 4870 565 4926 neusium
583 4873 813 4925 Patrum
835 4873 1078 4936 decreta,
1097 4886 1162 4922 ex
1187 4867 1424 4939 proprio
1452 4869 1602 4922 clero
1635 4882 1993 4922 oeconomum

301 4960 408 5014 sibi
439 4961 763 5015 constituat.
799 4960 1136 5014 lndecorum
1166 4962 1252 5010 est
1308 4957 1513 5010 laicum
1552 4956 1827 5009 vicarium
1873 4969 1996 5008 esse

301 5048 576 5118 episcopi,
605 5051 661 5100 et
692 5047 991 5100 saeculares
1055 5044 1115 5097 in
1149 5042 1394 5096 Ecclesia
1434 5043 1711 5112 judicare.
1763 5043 1825 5095 In
1879 5057 1995 5094 uno

304 5139 624 5205 eodemque
652 5135 839 5188 oflicio
889 5149 1005 5186 non
1071 5131 1243 5186 debet
1295 5131 1487 5201 dispar
1534 5147 1654 5184 esse
1701 5127 1994 5200 professio.

304 5225 466 5288 Quod
493 5224 661 5277 etiam
695 5224 754 5276 in
784 5223 910 5292 lege
940 5221 1132 5276 divina
1166 5220 1527 5290 prohibetur,
1555 5218 1779 5271 dicente
1808 5217 1957 5270 Mose
1983 5232 1995 5268 :

307 5315 430 5368 Non
461 5313 647 5366 arabis
677 5313 734 5365 in
765 5312 904 5365 bove
926 5310 1171 5364 simulet
1199 5309 1379 5374 asino,
1405 5307 1557 5378 quod
1601 5311 1703 5372 est,
1738 5304 2000 5360 homines

308 5403 547 5456 diversae
599 5398 974 5471 professionis
1025 5397 1086 5451 in
1152 5395 1340 5449 oflicio
1390 5411 1507 5448 uno
1565 5409 1684 5447 non
1737 5391 1996 5445 sociabis.

309 5489 466 5543 Unde
513 5493 744 5557 oportet
797 5502 901 5540 nos
965 5490 1021 5539 et
1078 5483 1282 5538 divinis
1338 5482 1499 5536 libris
1559 5487 1616 5535 et
1673 5485 1999 5534 sanctorum

313 5579 544 5632 Patrum
603 5575 836 5630 obedire
875 5571 1196 5644 praeceptis,
1239 5571 1647 5625 constituentes
1679 5574 1739 5623 ut
1781 5568 1840 5622 hi
1901 5567 2000 5640 qui

2096 4351 2253 4416 ptem
2285 4361 2350 4398 ex
2383 4344 2548 4413 plebe
2632 4343 2810 4413 ipsius
2867 4341 3174 4412 parochim,
3258 4340 3343 4393 vel
3398 4356 3463 4392 eo
3519 4339 3793 4409 amplius,

2099 4439 2269 4505 prout
2308 4432 2515 4486 viderit
2560 4430 2848 4501 expedire,
2901 4429 3262 4492 maturiores,
3295 4427 3673 4494 honestiores,
3709 4432 3793 4480 at-

2100 4537 2211 4592 que
2244 4519 2555 4572 veraciores
2575 4519 2746 4582 viros,
2782 4517 2841 4569 in
2873 4516 3128 4570 medium
3159 4514 3324 4568 debet
3377 4529 3629 4566 evocare.
3707 4514 3795 4576 Et,

2101 4608 2285 4663 allatis
2311 4612 2632 4660 sanctorum
2655 4604 3010 4676 pignoribus,
3046 4616 3517 4671 unumquemque
3545 4600 3798 4668 lillorum

2100 4697 2203 4752 tali
2241 4703 2594 4750 sacramento
2626 4693 2996 4760 constringat.
3309 4693 3318 4698 '

2351 4784 2458 4838 CAP
2519 4783 2677 4837 XCII.
2715 4812 2783 4821 —
2825 4779 3235 4849 Jusjurandum
3269 4775 3543 4844 synodale.

2173 4857 2281 4927 (Ex
2339 4856 2517 4909 eodem
2573 4853 2790 4921 decret.)
2841 4856 2888 4905 A
2932 4844 3101 4904 modo
3164 4850 3225 4902 in
3274 4857 3462 4911 antea,
3512 4844 3800 4917 quidquid

2103 4946 2272 5013 nosti,
2307 4949 2404 4998 aut
2461 4942 2685 5005 audisti,
2737 4955 2835 4995 aut
2869 4938 3235 5010 postmodum
3281 4935 3659 5006 inquisiturus
3717 4951 3800 5002 es,

2105 5034 2256 5104 quod
2287 5038 2477 5087 contra
2511 5031 2610 5086 Dei
2648 5031 3003 5083 voluntatem
3034 5033 3091 5081 et
3139 5031 3351 5079 rectam
3399 5023 3801 5078 Christianita—

2105 5127 2241 5187 tem,
2277 5121 2338 5174 in
2369 5121 2474 5173 ista
2504 5118 2774 5190 parochia
2800 5118 3014 5171 factum
3072 5115 3164 5180 sit,
3190 5121 3290 5166 aut
3347 5114 3607 5167 futurum
3664 5112 3795 5177 erit,

2107 5211 2154 5263 si
2184 5210 2242 5263 in
2273 5209 2472 5263 diebus
2501 5207 2613 5260 tuis
2661 5205 2933 5270 evenerit,
2976 5209 3219 5267 tantum,
3275 5206 3334 5254 ut
3387 5201 3457 5253 ad
3516 5207 3674 5253 tuam
3710 5218 3801 5253 co-

2107 5298 2426 5369 gnitionem
2459 5310 2802 5366 quocunque
2855 5292 3022 5346 modo
3081 5289 3400 5360 perveniat,
3459 5288 3506 5341 si
3571 5288 3679 5341 scis
3706 5293 3806 5341 aut

2111 5388 2211 5441 tibi
2246 5386 2556 5439 indicatum
2588 5383 2761 5438 fuerit
2791 5382 3124 5453 synodalem
3176 5394 3404 5432 causam
3462 5393 3604 5444 esse,
3637 5383 3692 5430 et
3733 5377 3804 5430 ad

2110 5473 2493 5530 ministerium
2524 5471 2774 5543 episcopi
2803 5470 3116 5541 pertinere,
3158 5467 3307 5538 quod
3341 5474 3401 5518 tu
3436 5482 3540 5519 nec
3568 5473 3808 5536 propter

2112 5579 2387 5629 amorem,
2447 5578 2550 5615 nec
2598 5567 2838 5630 propter
2880 5559 3168 5622 timorem,
3215 5572 3318 5608 nec
3371 5559 3609 5625 propter
3655 5570 3801 5623 prae—
