3956 6312
190 343 295 396 573

190 569 449 623 scopum,
480 558 577 608 aut
607 552 731 623 ejus
763 552 997 606 missum
1029 552 1121 607 cui
1156 554 1265 608 hoc
1306 554 1599 625 inquirere
1625 556 1879 624 jusserit,

188 644 651 713 quandocunque
681 646 735 695 te
757 657 825 695 ex
869 642 974 695 hoc
1010 641 1445 713 interrogaverit
1479 660 1492 697 :
1534 642 1611 698 sic
1645 649 1700 698 te
1738 646 1882 698 Deus

187 731 419 801 adjuvet
448 736 503 784 et
529 730 651 784 ista:
670 734 996 784 sanctorum
1036 730 1313 801 reliquias.

430 819 557 873 CAP.
590 819 774 873 XCIII.
819 849 884 858 —
908 823 1285 873 Juramentum
1314 824 1641 875 caeterorum.

260 905 369 974 (Ea:
396 906 615 973 eodem.)
648 907 801 961 Istud
840 912 1261 961 sacramentum
1313 907 1621 978 quodliste
1673 908 1888 979 juravit

189 993 262 1047 de
291 992 554 1063 synodali
574 1009 761 1061 causa,
785 995 936 1064 quod
958 999 1019 1048 tu
1038 995 1180 1049 illud
1208 1013 1272 1049 ex
1289 1000 1342 1049 te
1364 995 1442 1051 ita
1459 996 1801 1063 observabis,
1827 995 1888 1050 in

189 1086 471 1150 quantum
512 1081 681 1151 sapis,
724 1087 823 1136 aut
852 1083 1082 1149 audisti,
1117 1089 1217 1137 aut
1251 1083 1319 1137 ab
1350 1085 1456 1138 hac
1510 1085 1601 1139 die
1631 1085 1692 1139 in
1720 1090 1889 1139 antea

189 1169 571 1239 inquisiturus
603 1187 682 1234 es,
718 1170 796 1223 sic
821 1175 875 1224 te
906 1173 1050 1225 Deus
1089 1172 1335 1242 adjuvet,
1368 1178 1474 1228 etc.

190 1254 333 1308 CAP.
392 1256 567 1311 XCIV.
626 1287 692 1297 —
754 1260 880 1313 Post
933 1259 1123 1313 datum
1170 1268 1565 1316 sacramentum
1611 1263 1887 1331 episcopus

504 1346 624 1400 illos
657 1348 754 1413 qui
763 1349 1098 1414 juraverunt
1124 1351 1205 1402 ita
1238 1350 1568 1418 alloquetur.

265 1432 378 1499 (Ea:
410 1433 631 1503 eodem.)
685 1434 899 1499 Videte,
961 1435 1185 1503 fratres,
1220 1442 1282 1490 ut
1340 1439 1583 1492 Domino
1638 1438 1889 1492 reddatis

184 1520 519 1589 juramenta
576 1527 806 1575 vestra:
842 1540 954 1576 non
1008 1524 1161 1577 enim
1221 1526 1444 1578 homini
1479 1526 1733 1595 jurastis,
1791 1527 1888 1580 sed

191 1609 308 1662 Deo
350 1610 590 1663 creatori
623 1616 825 1665 vestro.
866 1614 976 1665 Nos
1024 1618 1237 1679 autem,
1298 1614 1397 1683 qui
1454 1615 1578 1683 ejus
1644 1614 1889 1669 ministri

190 1712 413 1763 sumus,
474 1715 589 1752 non
643 1705 925 1754 terrenam
976 1700 1355 1755 substantiam
1403 1706 1649 1757 vestram
1689 1718 1890 1756 concu-

190 1785 616 1855 piscimus,‘sed
665 1788 908 1842 salutem
959 1789 1283 1844 animarum
1333 1796 1647 1845 vestrarum
1697 1792 1892 1862 requi-

192 1872 396 1927 rimus.
449 1876 649 1930 Cavete
703 1891 776 1929 ne
832 1876 1049 1947 aliquid
1125 1878 1505 1947 abscondatis,
1542 1896 1607 1934 ex
1656 1880 1891 1935 alterius

192 1968 431 2032 peecato
463 1968 647 2017 vestra
677 1964 775 2018 fiat
796 1965 1109 2021 damnatio.

375 2054 563 2105 Prima
590 2055 942 2121 interrogatio
978 2056 1214 2124 episcopi
1244 2060 1340 2109 aut
1370 2055 1485 2124 ejus
1538 2058 1710 2111 missi.

268 2138 379 2207 (Ere
397 2140 616 2208 eodem.)
640 2142 734 2194 Est
754 2141 813 2194 in
836 2142 942 2195 hac
962 2144 1233 2213 parochia
1251 2144 1553 2207 homicida,
1582 2144 1681 2215 qui
1714 2144 1893 2198 homi-

196 2243 353 2293 nem,
390 2234 490 2281 aut
518 2235 834 2299 spontanea
887 2231 1198 2299 voluntate,
1259 2236 1357 2285 aut
1399 2232 1744 2302 cupiditatis,
1795 2237 1894 2287 aut

196 2316 521 2386 rapacitatis
550 2334 738 2384 causa,
773 2322 869 2370 aut
903 2334 1055 2386 casu,
1088 2324 1187 2373 aut
1239 2319 1460 2386 nolens,
1495 2324 1593 2374 aut
1646 2327 1890 2387 coactus,

200 2409 299 2456 aut
327 2420 431 2472 pro
468 2405 714 2458 vindicta
756 2410 1085 2476 parentum,
1116 2412 1214 2461 aut
1269 2408 1330 2462 in
1378 2409 1550 2476 bello,
1607 2411 1895 2480 autjussu

198 2491 447 2558 Domini,
480 2496 575 2545 aut
602 2492 905 2563 proprium
935 2509 1164 2548 servum
1190 2495 1506 2550 occiderit?

823 2583 1182 2650 Interrogatio
1212 2585 1263 2636 2.

271 2666 364 2719 Est
390 2665 596 2738 aliquis
644 2668 947 2739 parricida,
1008 2676 1106 2724 aut
1162 2670 1475 2737 fratricida,
1510 2672 1609 2742 qui
1647 2676 1891 2743 patrem,

198 2760 464 2819 matrem,
506 2772 780 2821 sororem,
838 2758 1094 2821 fratrem,
1131 2762 1476 2814 avunculum
1509 2766 1608 2815 aut
1645 2762 1895 2832 aliquem

202 2842 453 2910 Domini,
487 2848 582 2897 aut
612 2844 910 2915 proprium
943 2862 1170 2899 servum
1198 2848 1586 2904 interfecerit?

822 2935 1181 3001 Interrogatio
1214 2940 1263 2990 3.

1184 342 1657 401 DECRETORUM
1702 344 1883 401 LIBRI
1923 345 2032 401 ΧΧ.
2070 375 2135 385 --
2182 345 2386 401 LIBER
2421 345 2693 402 PRIMUS.

190 466 393 527 mium,
417 479 522 519 nec
574 466 808 535 propter
836 463 1192 533 parentelam
1228 466 1511 520 ullatenus
1548 467 1691 521 celes
1721 467 1879 536 epir—
1909 469 1955 523 Α

3588 347 3648 397 5'7
3662 344 3689 396 vi

2601 469 2961 536 Interrogatio
2996 470 3076 522 10.

2064 556 2156 609 Est
2197 554 2405 627 aliquis
2445 555 2545 626 qui
2595 555 2887 625 proprium
2953 572 3179 610 servum
3235 560 3393 610 extra
3434 555 3688 626 judicem

1994 643 2280 709 occiderit,
2315 648 2370 697 et
2395 644 2587 714 aliqua
2631 643 2838 696 femina
2891 660 3019 714 quae
3071 644 3334 698 ancillam
3386 645 3681 714 propriam

1994 732 2274 784 necaverit
2302 732 2496 786 furore
2552 731 2657 785 zeli
2691 732 3076 785 inflammata?

2603 823 2961 886 Interrogatio
2988 824 3002 874 I
3024 824 3067 874 I.

2068 909 2159 962 Est
2194 907 2420 979 aliquis,
2469 908 2591 979 qui,
2640 908 2863 963 diabolo
2909 908 3261 980 impellente,
3319 908 3687 978 semetipsum

1997 996 2302 1050 occiderit?

2603 1086 2966 1153 Interrogatio
3002 1088 3084 1139 I2.

2068 1173 2163 1226 Est
2206 1171 2410 1242 aliquis
2454 1171 2566 1244 .qui
2620 1172 2679 1226 in
2712 1173 2860 1227 bello
2901 1173 3130 1243 publico
3184 1172 3447 1227 homines
3502 1172 3695 1227 vulne-

1997 1260 2224 1325 raverit,
2254 1267 2310 1315 et
2339 1261 2517 1315 nescit
2556 1260 2599 1314 si
2643 1262 2711 1314 de
2760 1262 2857 1314 illo
2897 1263 3129 1314 vulnere
3170 1261 3376 1332 aliquis
3414 1260 3691 1331 perierit?

2000 1352 2064 1404 Et
2091 1349 2139 1403 si
2188 1349 2355 1403 alicui
2403 1349 2721 1418 imputatur
2776 1350 2927 1421 quod
2976 1349 3268 1403 hominem
3319 1348 3605 1414 occiderit,
3640 1353 3695 1401 et

1998 1438 2119 1509 ipse
2150 1439 2259 1492 hoc
2300 1438 2700 1509 denegaverit?

2598 1528 2957 1593 Interrogatio
3006 1529 3088 1580 13.

2068 1613 2165 1665 Est
2195 1611 2399 1682 aliquis
2432 1612 2530 1683 qui
2558 1612 2615 1665 in
2649 1613 2887 1665 consilio
2939 1612 3113 1667 fuerit
3140 1616 3203 1666 ut
3250 1612 3425 1666 homo
3473 1611 3691 1665 interti-

1999 1706 2241 1764 ceretur,
2274 1706 2332 1754 et
2359 1716 2470 1753 non
2501 1700 2610 1754 fuit
2657 1700 2717 1753 in
2750 1700 2915 1766 facto,
2948 1705 3003 1754 et
3050 1706 3238 1754 tamen
3275 1716 3378 1771 per
3408 1701 3530 1771 ejus
3560 1715 3691 1754 con-

2001 1787 2192 1842 silium
2216 1793 2271 1843 et
2300 1788 2753 1842 exhortationem
2793 1788 3122 1843 interfectus
3149 1790 3272 1843 est?

2607 1880 2963 1945 Interrogatio
3001 1879 3084 1932 14.

2073 1966 2167 2020 Est
2220 1965 2426 2037 aliquis
2483 1966 2585 2037 qui
2652 1966 3046 2020 truncationes
3104 1981 3402 2033 manuum,
3460 1964 3693 2037 pedum,

2000 2053 2236 2123 linguae,
2279 2058 2337 2108 et
2380 2054 2775 2108 testiculorum
2833 2055 3050 2124 fecerit,
3110 2059 3167 2109 et
3213 2054 3407 2109 oculos
3462 2052 3696 2108 alterius

2002 2141 2254 2195 eruerit?
2350 2136 2353 2139 ’

2604 2232 2962 2299 Interrogatio
3010 2234 3089 2285 I5.

2074 2319 2167 2372 Est
2209 2318 2416 2389 aliquis
2472 2319 2825 2390 conjugatus,
2879 2320 2980 2389 qui
3035 2334 3165 2373 cum
3234 2318 3467 2373 alterius
3521 2333 3695 2372 uxore
3740 2337 3748 2349 ι

2005 2407 2349 2461 adulterium
2383 2407 2749 2478 perpetravit,
2794 2408 2881 2461 vel
2921 2424 3066 2461 uxor
3094 2423 3226 2462 cum
3263 2406 3498 2461 alterius
3535 2406 3697 2461 viro?

2604 2498 2966 2562 Interrogatio
3012 2500 3092 2550 16.

2075 2585 2168 2637 Est
2198 2582 2402 2653 aliquis
2441 2599 2674 2637 uxorem
2709 2584 2922 2638 haber
2946 2624 2960 2651 ,
2991 2582 3092 2653 qui
3126 2581 3500 2637 concubinam
3527 2581 3698 2635 simul

2005 2667 2270 2723 habuerit
2295 2670 2557 2722 ancillam
2588 2670 2903 2739 propriam,
2932 2675 3030 2723 aut
3054 2669 3225 2722 aliam
3257 2667 3566 2722 feminam?

2606 2757 2967 2822 Interrogatio
3012 2760 3066 2808 I7
3080 2796 3092 2809 .

2078 2844 2172 2897 Est
2222 2842 2430 2914 aliquis
2478 2842 2577 2913 qui
2622 2860 2856 2897 uxorem
2912 2843 3230 2913 legitimam
3288 2842 3593 2909 dimiserit,
3643 2846 3700 2896 et

2004 2932 2169 2985 alteri
2201 2950 2259 2986 se
2297 2933 2673 3004 conjunxerit,
2713 2937 2767 2986 et
2816 2932 2988 2986 aliam
3034 2933 3094 2985 in
3141 2932 3474 3002 conjugium
3540 2947 3696 2985 acce-

272 3018 368 3071 Est
433 3016 639 3087 aliquis
690 3020 789 3090 qui
823 3022 1242 3091 presbyterum,
1293 3027 1391 3076 aut
1438 3023 1763 3088 diaconum,
1802 3029 1899 3078 aut
1936 3030 1973 3085 C
2009 3020 2181 3091 perit.

199 3103 453 3174 aliquem
510 3106 845 3162 clericorum
904 3110 1195 3178 occiderit,
1237 3113 1324 3165 vel
1381 3111 1573 3182 aliquo
1636 3114 1896 3167 membro

201 3192 504 3246 detruncai
520 3194 664 3250 erit?

824 3285 1194 3353 Interrogatio
1228 3288 1279 3339 4.
1438 3345 1446 3354 ,

274 3370 370 3423 Est
421 3368 626 3439 aliquis
676 3371 762 3423 vel
842 3372 1034 3441 aliqua
1102 3374 1201 3443 qui
1260 3374 1540 3428 infantem
1597 3376 1899 3446 proprium

204 3456 576 3525 oppresserit,
605 3457 691 3509 vel
722 3458 1189 3512 vestimentorum
1221 3462 1475 3530 pondere
1518 3463 1897 3530 suifocaverit,

203 3549 259 3596 et
288 3543 336 3596 si
369 3544 477 3597 hoc
507 3543 717 3598 factum
761 3551 846 3599 est
898 3551 1027 3600 ante
1085 3547 1453 3616 baptismum,
1504 3556 1601 3603 aut
1641 3556 1768 3620 post
1802 3552 1900 3606 ba-

201 3632 502 3701 ptismum,
527 3634 627 3684 aut
646 3631 692 3685 si
721 3632 908 3685 infans
964 3633 1288 3687 infirmatus
1334 3652 1437 3705 per
1484 3637 1899 3707 negligentiam

200 3721 455 3790 parentis
483 3721 695 3792 absque
723 3721 1008 3791 baptismo
1036 3722 1282 3775 obierit?

831 3812 1188 3878 Interrogatio
1228 3816 1279 3866 5.

276 3898 370 3950 Est
398 3896 603 3967 aliquis
634 3897 722 3950 vel
761 3897 953 3966 aliqua
979 3898 1079 3967 qui
1125 3898 1361 3953 alterius
1416 3903 1643 3970 partum
1705 3915 1899 3954 excus-

202 3984 360 4048 serit,
406 3985 493 4038 vel
551 3984 599 4037 si
654 3985 777 4055 ipsa
831 3985 1043 4039 femina
1093 3988 1326 4057 prOpria
1373 3989 1663 4043 voluntate
1733 4006 1900 4043 suum

203 4077 437 4142 partum
477 4072 565 4125 vel
599 4078 941 4142 conceptum
992 4076 1323 4144 excusserit,
1372 4080 1428 4130 et
1474 4076 1795 4132 abortivum
1817 4078 1899 4131 fe-

206 4159 348 4213 cerit
359 4157 387 4211 ‘I

833 4249 1191 4313 Interrogatio
1222 4252 1273 4303 6.

282 4333 375 4386 Est
404 4331 596 4402 aliqua
648 4333 858 4388 femina
890 4351 1019 4405 quas
1046 4334 1104 4389 in
1153 4336 1529 4390 fornicatione
1577 4338 1901 4408 concipiens

206 4420 420 4473 timens
451 4436 521 4474 ne
554 4422 1034 4491 manifestaretur,
1065 4423 1341 4478 infantem
1364 4425 1683 4494 proprium,
1717 4432 1815 4480 aut
1842 4427 1902 4480 in

207 4524 418 4577 aquam
466 4508 792 4578 projecerit,
839 4514 938 4564 aut
982 4510 1042 4564 in
1095 4516 1247 4565 terra
1308 4514 1693 4580 occultaverit,
1748 4515 1903 4585 quod

207 4596 389 4650 morth
420 4596 654 4650 dicunt?

836 4688 1195 4753 Interrogatio
1219 4692 1270 4741 7.

282 4773 377 4826 Est
434 4772 638 4843 aliquis
689 4772 789 4843 qui
864 4791 1095 4828 uxorem
1152 4792 1314 4830 suam
1358 4776 1571 4849 absque
1616 4778 1763 4850 lege,
1809 4783 1906 4833 aut

206 4866 358 4914 certa
389 4860 730 4930 probatione
756 4861 1146 4915 interfecerit?

836 4952 1193 5018 Interrogatio
1228 4954 1278 5006 8.

276 5036 370 5089 Est
401 5034 593 5106 aliqua
622 5036 834 5091 femina
882 5055 1011 5108 quae
1042 5038 1223 5091 virum
1274 5055 1462 5103 suum,
1513 5040 1598 5093 vel
1651 5041 1901 5113 aliquem

202 5124 499 5178 hominem
536 5140 637 5195 per
680 5127 887 5179 herbas
941 5132 1264 5195 venenatas,
1296 5128 1383 5181 vel
1415 5129 1738 5183 mortiferas
1799 5147 1901 5200 po-

200 5212 390 5267 tiones
418 5212 773 5268 intcrfecerit
813 5215 895 5268 vel
928 5215 1103 5268 alium
1138 5217 1243 5269 hoc
1280 5216 1464 5271 facere
1496 5217 1796 5273 docuerit?

835 5305 1200 5370 Interrogatio
1234 5308 1283 5359 9.

275 5389 371 5442 Est
405 5388 610 5459 aliquis
640 5392 729 5445 vel
784 5391 979 5462 aliqua
1033 5393 1131 5462 qui
1162 5394 1270 5446 hoc
1316 5392 1531 5458 fecerit,
1590 5394 1677 5447 vel
1726 5394 1903 5449 alium

198 5476 387 5530 facere
444 5477 719 5543 docuerit,
768 5485 831 5533 ut
872 5480 959 5533 vir
1031 5497 1149 5534 non
1216 5481 1399 5552 possit
1447 5498 1741 5553 generare,
1805 5489 1904 5538 aut

201 5563 419 5617 femina
439 5564 739 5635 concipere
754 5567 781 5620 ?

2616 3110 2977 3179 Interrogatio
3012 3112 3094 3163 18.

2080 3196 2175 3249 Est
2206 3195 2398 3267 aliqua
2428 3195 2635 3250 mulier
2672 3212 2802 3265 qua:
2835 3196 3018 3249 virum
3062 3195 3361 3267 proprium
3393 3194 3696 3266 dimiserit]

2010 3289 2068 3339 et
2098 3284 2263 3338 alteri
2294 3302 2351 3338 se
2381 3285 2779 3353 conjunxerit?

2610 3374 2966 3439 Interrogatio
3009 3376 3092 3427 19.

2080 3460 2222 3514 Sunt
2250 3460 2450 3530 aliqui,
2481 3460 2893 3515 interveniente
2932 3460 3194 3532 repudio,
3222 3460 3323 3531 qui
3355 3460 3426 3514 ab
3457 3458 3701 3513 invicem

2009 3548 2123 3602 sint
2155 3550 2401 3619 separati
2432 3553 2487 3602 et
2513 3548 2592 3602 sic
2616 3550 2920 3603 maneant?

2609 3656 2967 3723 Interrogatio
3009 3656 3096 3709 20.

2082 3744 2177 3796 Est
2216 3740 2425 3812 aliquis
2451 3741 2549 3812 qui
2597 3743 2811 3813 absque
2863 3760 3137 3797 consensu
3188 3743 3403 3809 uxoris,
3434 3742 3703 3798 derelicto

2010 3830 2269 3900 legitimo
2299 3831 2587 3902 conjugio,
2630 3830 2689 3884 in
2737 3834 3147 3886 monasterium
3176 3833 3508 3887 intraverit?

2613 3940 2971 4005 Interrogatio
3014 3941 3073 3993 21
3091 3982 3101 3993 .

2083 4026 2176 4079 Est
2218 4024 2422 4095 aliquis
2472 4024 2570 4096 qui
2621 4042 2783 4079 suam
2825 4027 3131 4097 conjugem
3162 4027 3422 4098 quamvis
3451 4026 3704 4098 culpabi-

2012 4111 2124 4166 lem
2154 4112 2274 4166 sine
2305 4112 2558 4183 episcopi
2602 4113 2818 4183 judicio
2867 4115 3206 4184 reliquerit?

2598 4220 2968 4287 Interrogatio
2999 4223 3086 4273 22.

2090 4307 2185 4359 Est
2210 4305 2403 4377 aliqua
2431 4306 2636 4360 mulier
2666 4323 2816 4376 qum,
2861 4307 3083 4361 conscio
3112 4306 3228 4360 viro
3269 4323 3393 4373 suo,
3434 4305 3709 4360 fornicata

2008 4393 2221 4449 fuerit?

2611 4502 2968 4567 Interrogatio
3016 4505 3104 4556 23.

2082 4590 2176 4643 Est
2199 4588 2404 4659 aliquis
2434 4604 2616 4644 uxore
2673 4608 2891 4658 carens,
2953 4592 3049 4663 qui
3109 4608 3239 4645 cum
3289 4590 3526 4647 alterius
3573 4608 3705 4645 con-

2004 4678 2144 4749 juge
2170 4678 2475 4731 fornicatus
2505 4679 2677 4733 fuerit
2702 4697 2716 4734 :
2746 4686 2844 4733 aut
2874 4681 2918 4733 si
2959 4697 3074 4751 qua
3101 4680 3307 4735 mulier
3346 4698 3460 4735 non
3492 4680 3707 4735 habens

2010 4766 2193 4820 virum
2224 4783 2353 4820 cum
2387 4767 2619 4821 alterius
2652 4769 2892 4824 marito?

2612 4858 2971 4926 Interrogatio
3016 4860 3104 4912 24.

2082 4942 2176 4996 Est
2198 4941 2402 5012 aliquis
2433 4959 2549 4997 non
2594 4944 2809 4998 habens
2858 4962 3113 5013 uxorem,
3162 4946 3260 5017 qui
3317 4962 3446 5002 cum
3493 4946 3707 5001 femina

2011 5046 2138 5102 quae
2167 5030 2351 5084 virum
2385 5048 2498 5086 non
2528 5033 2701 5087 habet
2728 5033 3039 5089 fornicatus
3069 5035 3280 5089 fuerit?

2615 5123 2980 5190 Interrogatio
3010 5126 3099 5175 25.

2085 5208 2177 5262 Est
2202 5207 2408 5278 aliquis
2440 5208 2583 5263 laica
2611 5209 2801 5280 vigor;
2866 5227 2995 5281 quae
3048 5211 3328 5267 mmchata
3356 5210 3524 5266 fuerit
3575 5226 3704 5265 cum

2013 5294 2408 5351 adolescente?

2616 5405 2977 5471 Interrogatio
3015 5405 3101 5457 26.

2083 5488 2177 5541 Est
2197 5488 2404 5559 aliquis
2450 5489 2547 5560 qui
2579 5490 2979 5559 desponsatam
3010 5491 3259 5558 puellam
3299 5505 3417 5547 non
3456 5491 3702 5557 duxerit,

2012 5579 2069 5628 et
2094 5575 2269 5630 Iidem
2301 5577 2721 5648 sponsaliorum
2755 5578 3037 5649 fregerit?
