3956 6314
242 374 342 425 575

843 488 1201 555 Interrogatio
1244 488 1332 541 27.

310 581 405 636 Est
434 577 642 650 aliquis
667 580 773 648 qut
817 575 1055 631 alterius
1104 590 1372 645 sponsam
1420 572 1697 645 rapuerit,
1730 574 1787 628 et
1832 571 1942 626 sibi

240 664 579 721 sociaverit?

844 771 1210 837 Interrogatio
1248 772 1338 823 28.

314 860 409 913 Est
441 858 645 929 aliquis
686 858 785 930 qui
827 874 1231 929 quamcunque
1285 856 1581 925 feminam,
1624 855 1934 926 virginem,

244 952 343 1002 aut
390 947 615 1002 viduam
670 964 769 1017 per
814 952 1045 1018 raptum
1096 946 1353 1014 traxerit,
1397 951 1454 1000 et
1504 944 1803 1000 sociaverit
1832 944 1942 999 sibi

242 1036 302 1090 in
341 1036 770 1090 matrimonium
806 1052 819 1089 :
852 1040 908 1089 et
934 1035 981 1087 si
1020 1034 1198 1104 aliqui
1233 1038 1386 1100 sunt,
1429 1034 1529 1104 qui
1558 1034 1618 1087 in
1672 1033 1774 1087 hoc
1805 1049 1940 1087 con-

244 1125 553 1180 sentientes
590 1129 646 1178 et
673 1125 1012 1196 adjuvantes
1044 1123 1307 1177 fuerint?

845 1213 1200 1279 Interrogatio
1253 1212 1340 1265 29.

317 1302 412 1355 Est
459 1300 663 1372 aliquis
712 1300 833 1372 qui,
887 1316 1016 1354 cum
1076 1300 1293 1365 Iudaea,
1346 1298 1456 1366 vel,
1497 1297 1545 1351 si
1592 1297 1825 1353 Iudaeus
1854 1297 1944 1351 vel

244 1406 521 1462 paganus,
548 1404 680 1443 cum
708 1388 915 1459 aliquis
943 1387 1262 1444 Christiana
1291 1387 1607 1442 moechatus
1629 1385 1836 1440 fuerit?

846 1495 1207 1561 Interrogatio
1252 1495 1340 1548 30.

316 1581 413 1635 Est
440 1580 638 1652 aliqui,
690 1580 791 1653 qui
837 1581 1352 1650 sanctimonialem,
1402 1581 1489 1636 vel
1531 1580 1763 1635 viduam
1830 1581 1943 1635 Deo

247 1675 523 1724 sacratam
554 1671 829 1741 rapuerit,
863 1676 917 1725 et
981 1670 1043 1724 in
1100 1670 1433 1741 conjugium
1495 1668 1823 1739 sumpserit,
1857 1669 1944 1723 vel

248 1757 387 1828 ipsis
419 1758 900 1813 consentientibus
921 1774 1051 1811 cum
1088 1759 1167 1811 eis
1197 1757 1507 1812 fornicatus
1528 1758 1735 1811 fuerit?

850 1864 1211 1931 Interrogatio
1261 1865 1347 1917 3i.

322 1952 416 2006 Est
467 1950 670 2022 aliquis
700 1950 801 2021 qui
864 1951 1087 2005 vivente
1138 1951 1366 2017 marito,
1430 1950 1738 2022 conjugem
1795 1948 1950 2003 illius

250 2040 599 2095 adulterasse
657 2043 974 2103 accusatur,
1032 2044 1090 2093 et
1130 2056 1197 2093 eo
1247 2039 1309 2093 in
1363 2039 1629 2110 proximo
1683 2038 1951 2093 defuncto

252 2129 516 2185 eamdem
538 2127 850 2199 sumpsisse
880 2128 1197 2182 dinoscitur
1216 2128 1245 2180 ?

852 2236 1212 2303 Interrogatio
1258 2236 1345 2289 32.

322 2324 417 2378 Est
437 2322 628 2394 aliqua
688 2323 897 2377 mulier
944 2339 1075 2393 quae
1120 2322 1271 2377 dicat
1317 2320 1470 2392 quod
1519 2320 1607 2375 vir
1656 2319 1779 2391 ejus
1836 2336 1952 2374 non

248 2412 425 2484 possit
452 2427 581 2465 cum
612 2427 678 2465 ea
728 2411 902 2477 coire,
935 2416 992 2465 et
1040 2411 1113 2465 ob
1169 2412 1317 2465 hanc
1369 2426 1599 2463 causam
1653 2408 1954 2464 dissidium

248 2500 473 2573 quaerit,
498 2506 556 2555 et
586 2500 763 2555 alium
801 2500 990 2555 virum
1029 2499 1164 2553 velit
1192 2498 1492 2569 accipere?

853 2590 1225 2656 Interrogatio
1256 2591 1341 2643 33.
1860 2660 1861 2663 η

253 2682 260 2705 ⁷
322 2680 416 2733 Est
440 2676 649 2748 aliquis
679 2676 941 2748 quicum
983 2681 1297 2731 commatre
1345 2674 1587 2747 spiritali
1639 2674 1952 2729 moechatus

251 2767 440 2833 fuerit,
481 2766 570 2820 vel
601 2781 726 2819 eam
757 2765 819 2819 in
856 2764 1291 2820 matrimonium
1316 2763 1619 2835 acceperit,
1660 2763 1958 2817 similiter-

253 2872 364 2926 que
393 2870 525 2907 cum
556 2853 733 2907 ﬁliola
771 2869 945 2924 quam
977 2870 1046 2907 ex
1071 2869 1230 2907 sacro
1270 2852 1427 2908 fonte
1474 2851 1808 2922 susceperit,
1854 2855 1955 2905 aut

253 2946 384 2996 ante
423 2942 757 3012 episcopum
789 2940 1018 2995 tenuit?

862 3030 1221 3095 Interrogatio
1254 3028 1341 3083 34.

326 3119 420 3172 Est
440 3115 649 3187 aliquis
672 3116 771 3187 qui
794 3116 1180 3188 propinquam
1202 3121 1256 3170 et
1279 3115 1767 3186 consanguineam
1791 3132 1954 3171 suam

254 3206 316 3260 in
350 3205 786 3260 matrimonium
824 3205 1044 3275 accepit
1066 3209 1187 3272 ,aut
1213 3222 1344 3259 cum
1375 3220 1443 3259 ea
1473 3204 1788 3259 fornicatus
1826 3205 1952 3260 est?

854 3296 1222 3360 Interrogatio
1256 3297 1341 3348 35.

330 3384 425 3438 Est
445 3381 654 3453 aliquis
692 3381 792 3452 qui
838 3380 1332 3447 irrationabiliter,
1384 3380 1443 3435 id
1472 3385 1576 3447 est,
1618 3385 1814 3435 contra
1851 3398 1954 3436 na-

262 3475 451 3526 turam
500 3486 632 3523 cum
686 3469 974 3537 masculis,
1025 3474 1082 3523 et
1136 3469 1313 3523 mutis
1365 3468 1670 3524 misceatur
1744 3469 1956 3523 anima-

262 3560 412 3614 libus
428 3560 457 3612 ?

880 3646 1240 3712 Interrogatio
1269 3647 1356 3700 36.

327 3736 425 3789 Est
448 3734 641 3805 aliqua
679 3734 886 3789 mulier
917 3751 1045 3805 quae
1074 3734 1426 3789 lenocinium
1462 3734 1696 3789 fecerit?

847 3824 1216 3892 Interrogatio
1272 3825 1359 3877 37.

334 3912 428 3967 Est
458 3911 667 3983 aliquis
722 3912 822 3983 qui
870 3912 931 3966 in
987 3928 1092 3966 sua
1131 3912 1304 3967 domo
1342 3912 1627 3967 consentit
1652 3928 1783 3967 cum
1826 3928 1961 3983 pro-

264 4000 404 4071 priis
442 4000 681 4071 ancillis,
726 4001 814 4056 vel
874 4000 1194 4072 genitiariis
1254 3999 1372 4054 suis
1416 4000 1699 4056 adulteria
1753 4017 1965 4072 perpe-

262 4089 440 4144 trari?

862 4180 1222 4246 Interrogatio
1271 4180 1357 4233 38.

335 4267 815 4337 Interrogandum
844 4268 891 4322 si
948 4266 1158 4339 aliquis
1200 4267 1311 4333 fur,
1341 4270 1438 4322 aut
1457 4266 1763 4337 sacrilegus
1801 4267 1873 4322 sit
1903 4266 1961 4321 in

264 4355 467 4410 eadem
496 4356 685 4426 plebe,
716 4355 815 4427 qui
837 4356 1101 4410 ecclesias
1135 4356 1237 4411 Dei
1268 4356 1585 4427 infregerit,
1617 4357 1706 4411 vel
1746 4356 1962 4428 aliquid

265 4443 335 4497 de
375 4443 613 4498 ecclesia
640 4444 863 4498 furatus
893 4445 986 4512 sit,
1041 4450 1141 4499 aut
1190 4445 1419 4516 publice
1463 4444 1739 4517 rapuerit,
1766 4446 1855 4499 vel
1883 4446 1964 4499 la-

266 4536 455 4587 tenter
490 4533 875 4602 surripuerit:
935 4538 1034 4588 aut
1080 4533 1127 4587 si
1184 4534 1391 4605 aliquis
1422 4549 1615 4605 rapax,
1656 4538 1713 4587 et
1748 4538 1963 4605 raptor,

267 4626 324 4675 et
351 4621 653 4676 damnator
683 4621 944 4677 Ecclesiae
961 4621 1062 4676 Dei
1090 4622 1228 4677 est?.

868 4730 1225 4795 Interrogatio
1276 4730 1361 4783 39.

336 4817 811 4889 Interrogandum
842 4817 891 4871 si
910 4816 1120 4889 aliquis
1139 4818 1404 4888 perjurus
1424 4814 1514 4881 sit,
1546 4819 1647 4869 aut
1674 4814 1723 4870 si
1762 4816 1965 4884 sciens,

266 4907 322 4958 et
350 4920 456 4974 pro
488 4905 799 4975 cupiditate
830 4910 1059 4959 terrena
1096 4904 1443 4976 pejeraverit
1474 4919 1487 4957 :
1522 4907 1578 4956 et
1606 4902 1656 4957 si
1688 4904 1968 4970 nesciens,

265 4997 365 5046 aut
411 4992 459 5046 si
513 4998 739 5048 coactus
789 4995 955 5065 jussu
1020 4993 1281 5060 senioris,
1344 4999 1445 5047 aut
1500 5008 1605 5063 pro
1671 4992 1967 5059 membris,

265 5085 366 5135 aut
395 5097 499 5151 pro
524 5082 639 5136 vita
663 5082 1002 5137 redimenda
1028 5098 1042 5135 :
1068 5085 1166 5135 aut
1204 5080 1253 5134 si
1310 5079 1518 5151 aliquis
1571 5078 1815 5134 scienter
1854 5096 1971 5133 non

266 5170 453 5224 solum
500 5171 861 5241 pejeraverit,
939 5169 1038 5224 sed
1093 5170 1266 5223 etiam
1317 5168 1463 5224 alios
1513 5168 1574 5223 in
1648 5167 1971 5240 perjurium

266 5257 527 5312 duxerit?

872 5348 1231 5414 Interrogatio
1268 5346 1355 5399 40.

340 5435 816 5505 Interrogandum
867 5434 913 5488 si
946 5434 1153 5505 aliquis
1196 5433 1441 5487 scienter
1486 5435 1685 5487 contra
1720 5431 1971 5503 aliquem

267 5522 475 5576 falsum
528 5523 924 5578 testimonium
979 5522 1304 5593 protulerit,
1354 5525 1410 5575 et
1450 5520 1641 5592 {quale
1695 5520 1972 5576 damnum

273 5609 481 5681 aliquis
503 5626 610 5680 per
638 5611 786 5665 hanc
810 5609 1267 5665 testiﬁcationem
1288 5609 1593 5665 habuerit?

1321 362 1723 420 BURCHARDI
1763 357 2296 419 WORMACIENSIS
2334 353 2667 413 EPISCOPI.

3645 354 3746 404 576

2652 479 3010 547 Interrogatio
3049 477 3136 531 41.

2116 568 2595 639 Interrogandum
2652 566 2699 620 si
2744 566 2951 637 aliquis
3004 564 3301 619 hominem
3348 563 3595 618 liberum
3654 568 3754 617 aut

2047 674 2275 714 servum
2304 656 2557 724 alterius,
2627 660 2727 710 aut
2784 653 3155 726 peregrinum
3221 658 3320 707 aut
3370 652 3754 707 adventitium

2047 748 2268 802 furatus
2313 746 2506 812 fuerit,
2573 749 2670 798 aut
2728 759 2861 797 eum
2891 742 3285 798 blandientem
3333 738 3625 794 seduxerit
3691 742 3749 792 et

2047 832 2387 897 vendiderit,
2419 836 2476 886 et
2501 837 2663 887 extra
2688 831 2935 901 patriam
2976 830 3037 883 in
3060 829 3452 899 captivitatem
3481 824 3714 881 duxerit
3741 840 3753 878 :

2049 927 2145 976 aut
2175 920 2223 974 si
2254 920 2460 992 aliquis
2520 921 2721 975 Iudaeo
2774 919 2862 973 vel
2908 933 3135 989 pagano
3182 917 3568 971 Christianum
3601 929 3756 967 man-

2046 1008 2261 1076 cipium
2289 1008 2627 1073 vendiderit,
2663 1011 2762 1061 aut
2791 1007 2840 1060 si
2859 1006 2971 1076 ipsi
3008 1004 3190 1059 Judaei
3221 1004 3541 1058 Christiana
3583 1017 3755 1056 man-

2049 1096 2197 1167 cipia
2216 1097 2275 1151 in
2314 1112 2416 1151 suo
2438 1095 2665 1150 servitio
2687 1094 2954 1160 habeant,
3000 1094 3091 1147 vel
3120 1091 3403 1147 vendant?

2655 1182 3013 1248 Interrogatio
3043 1181 3131 1234 42.

2121 1269 2602 1340 Interrogandum
2653 1268 2698 1323 si
2740 1268 2947 1338 aliquis
2977 1267 3049 1320 sit
3109 1282 3331 1337 magus,
3390 1265 3626 1331 ariolus,
3660 1267 3761 1318 aut

2050 1357 2387 1419 incantatur,
2459 1357 2705 1423 divinus,
2770 1361 2869 1410 aut
2922 1356 3268 1426 sortilegus:
3303 1354 3391 1409 vel
3444 1354 3493 1407 si
3550 1353 3762 1424 aliquis

2050 1452 2180 1501 vota
2211 1447 2281 1501 ad
2329 1447 2584 1513 arbores,
2634 1446 2724 1499 vel
2769 1445 2839 1499 ad
2878 1444 3087 1513 fontes,
3144 1444 3229 1496 vel
3286 1441 3504 1512 lapides
3565 1441 3755 1505 faciat,

2054 1541 2151 1589 aut
2173 1534 2254 1589 ibi
2275 1535 2574 1589 candelam
2631 1549 2732 1587 seu
2786 1531 3081 1603 quodlibet
3130 1547 3341 1585 munus
3392 1530 3628 1593 deferat,
3670 1544 3763 1582 ve-

2052 1623 2160 1679 luti
2180 1622 2262 1677 ibi
2294 1622 2583 1694 quoddam
2613 1636 2833 1675 numen
2876 1619 2966 1687 sit,
3002 1620 3157 1690 quod
3196 1619 3433 1684 bonum,
3485 1622 3582 1670 aut
3630 1632 3753 1668 ma-

2053 1713 2173 1766 lum
2200 1710 2383 1782 possit
2411 1709 2664 1765 inferre?

2660 1798 3021 1865 Interrogatio
3055 1797 3145 1850 43.

2127 1885 2611 1942 Perscrutandum
2654 1884 2701 1937 si
2741 1884 2946 1954 aliquis
2996 1882 3289 1949 subulcus,
3340 1880 3431 1935 vel
3459 1879 3765 1945 bubulcus,

2059 1975 2174 2030 sive
2229 1978 2489 2041 venator,
2541 1974 2631 2026 vel
2676 1971 2863 2026 caeteri
2912 1956 3243 2041 hujus‘modi
3309 1968 3589 2023 diabolica
3641 1983 3767 2020 car—

2057 2065 2216 2119 mina
2246 2062 2397 2117 dicat
2425 2077 2599 2132 super
2631 2076 2861 2131 panem,
2918 2065 3015 2112 aut
3043 2074 3213 2129 super
3264 2057 3491 2125 herbas,
3523 2060 3624 2109 aut
3672 2072 3769 2109 su-

2056 2169 2160 2224 per
2201 2151 2467 2223 quwdam
2496 2149 2716 2204 nefaria
2744 2149 3081 2218 ligamenta,
3110 2152 3167 2200 et
3190 2146 3313 2199 haec
3350 2149 3450 2199 aut
3471 2144 3533 2198 in
3564 2144 3771 2198 arbore

2059 2241 2387 2307 abscondat,
2436 2244 2537 2292 aut
2572 2239 2634 2291 in
2684 2236 2856 2303 bivio,
2910 2235 3091 2289 autin
3145 2236 3312 2290 trivio
3364 2234 3647 2305 projiciat,
3704 2238 3774 2287 ut

2060 2345 2163 2384 sua
2201 2327 2476 2383 animalia
2520 2327 2724 2381 liberet
2752 2342 2786 2378 a
2814 2329 2974 2395 peste
3005 2329 3062 2377 et
3092 2323 3273 2393 clade,
3302 2327 3358 2377 et
3377 2321 3610 2376 alterius
3635 2336 3769 2391 per-

2062 2417 2196 2472 dat?

2668 2503 3029 2570 Interrogatio
3069 2501 3158 2554 44.

2132 2591 2592 2664 Perquirendum
2620 2590 2669 2645 si
2689 2591 2882 2661 aliqua
2912 2588 3146 2645 foemina
3176 2587 3268 2653 sit,
3302 2602 3431 2657 quae
3468 2601 3575 2657 per
3607 2602 3770 2656 quae-

2062 2682 2193 2736 dam
2243 2681 2542 2747 maleﬁcia,
2598 2684 2655 2733 et
2712 2679 3148 2740 incantationes,
3198 2682 3420 2730 mentes
3464 2675 3774 2729 hominum

2064 2786 2122 2823 se
2152 2770 2460 2824 immutare
2489 2784 2655 2838 posse
2695 2767 2863 2830 dicat,
2885 2767 2945 2821 id
2977 2772 3083 2832 est,
3119 2770 3180 2819 ut
3209 2765 3279 2819 de
3326 2763 3458 2818 odio
3489 2764 3551 2817 in
3601 2779 3773 2816 amo-

2064 2874 2210 2925 rem,
2240 2863 2339 2912 aut
2395 2857 2465 2911 de
2524 2871 2717 2909 amore
2750 2856 2811 2909 in
2856 2855 3055 2909 odium
3095 2858 3407 2921 convertat,
3476 2858 3578 2906 aut
3620 2851 3775 2905 bona

2062 2947 2387 3012 hominum,
2441 2949 2540 2999 aut
2570 2944 2823 3011 damnet,
2857 2949 2955 2997 aut
2983 2941 3300 3013 surripiat?
3352 2943 3417 2996 Et
3470 2940 3518 2995 si
3574 2940 3775 3011 aliqua

1985 3037 2025 3091 C
2065 3041 2150 3090 est
2178 3050 2308 3106 quae
2339 3050 2396 3087 se
2424 3033 2575 3087 dicat
2602 3048 2735 3087 cum
2764 3031 3094 3086 daemonum
3128 3031 3294 3085 turba
3330 3030 3391 3083 in
3434 3029 3774 3083 similitudi-

2066 3139 2198 3176 nem
2241 3122 2549 3176 mulierum
2583 3121 2989 3175 transformata
3019 3119 3186 3174 certis
3218 3120 3479 3173 noctibus
3507 3118 3772 3189 equitare

2065 3224 2238 3280 super
2267 3208 2540 3280 quasdam
2562 3208 2790 3276 bestias,
2809 3214 2861 3262 et
2892 3209 2954 3262 in
2992 3224 3193 3262 eorum
3241 3208 3531 3262 consortio
3583 3222 3773 3259 annu—

2065 3303 2345 3353 meratam
2367 3314 2489 3352 esse
2502 3300 2531 3352 ?

2665 3388 3030 3455 Interrogatio
3078 3386 3165 3440 45.

2138 3473 2617 3545 Interrogandum
2648 3474 2695 3527 si
2735 3475 2944 3545 aliquis
2983 3472 3323 3544 sanguinem
3372 3470 3770 3537 morticinum,

2069 3569 2169 3617 aut
2191 3563 2564 3618 dilaceratum
2598 3562 2631 3616 a
2658 3562 2840 3617 bestia
2870 3562 3219 3616 comederit?

2670 3653 3029 3717 Interrogatio
3076 3651 3164 3703 46.

2140 3740 2236 3794 Est
2254 3739 2463 3811 aliquis
2491 3738 2592 3810 qui
2632 3739 2847 3810 juravit
2894 3739 3047 3809 quod
3098 3738 3213 3791 Deo
3266 3735 3617 3790 contrarium
3663 3741 3773 3803 est,

2071 3832 2132 3883 ut
2157 3828 2319 3882 fratri
2339 3843 2638 3899 nunquam
2685 3827 3103 3891 reconcilietur,
3162 3827 3318 3897 quod
3349 3830 3431 3879 est
3476 3830 3774 3892 peccatum

2073 3933 2257 3989 usque
2286 3917 2354 3971 ad
2386 3914 2673 3971 mortem?

2674 4006 3031 4071 Interrogatio
3078 4005 3166 4058 47.

2146 4095 2238 4147 Est
2267 4092 2472 4165 aliquis
2502 4092 2603 4164 qui
2631 4092 2777 4146 bibit
2831 4093 2898 4146 de
2945 4094 3169 4163 liquore
3208 4090 3268 4145 in
3321 4107 3435 4162 quo
3503 4091 3771 4154 mustela,

2073 4184 2164 4238 vel
2196 4200 2342 4248 mus,
2385 4182 2501 4237 sive
2551 4181 2784 4253 aliquod
2838 4182 3207 4236 immundum
3245 4180 3461 4235 animal
3507 4185 3774 4234 necatum

2076 4278 2163 4327 est
2174 4272 2202 4328 ?
3271 4279 3273 4281 ’

2690 4361 3048 4427 Interrogatio
3082 4361 3169 4413 48.

2147 4452 2239 4505 Est
2267 4448 2472 4521 aliquis
2494 4448 2594 4520 qui
2617 4449 2905 4520 jejunium
2932 4446 3446 4518 quadragesimale,
3493 4446 3582 4499 vel
3638 4461 3777 4516 qua-

2075 4543 2207 4593 tuor
2229 4544 2577 4609 temporum,
2612 4538 2728 4591 sive
2765 4537 3015 4591 Letania:
3067 4534 3321 4605 majoris,
3373 4536 3461 4588 vel
3501 4535 3774 4605 Rogatio-

2076 4642 2237 4694 num,
2270 4627 2385 4680 sive
2423 4626 2705 4681 indictum
2737 4626 2806 4679 ab
2840 4625 3111 4696 episcopo
3154 4623 3446 4695 jejunium
3475 4639 3580 4694 pro
3628 4639 3775 4694 qua-

2076 4732 2300 4786 cunque
2331 4716 2518 4787 plaga,
2550 4731 2665 4770 non
2699 4713 3120 4769 observaverit?

2685 4805 3040 4870 Interrogatio
3073 4805 3160 4856 49.

2148 4895 2243 4948 Est
2272 4893 2481 4964 aliquis
2510 4892 2609 4964 qui
2657 4893 2822 4959 bibit,
2858 4899 2956 4945 aut
2986 4891 3373 4959 manducavit,
3403 4893 3500 4944 aut
3527 4890 3781 4961 portavit

2079 4997 2249 5052 super
2274 4998 2332 5036 se
2363 4998 2476 5053 quo
2515 4982 2938 5037 existimaverat
2990 4997 3048 5034 se
3093 4980 3193 5036 Dei
3233 4980 3515 5051 judicium
3547 4994 3777 5050 perver-

2076 5073 2197 5124 tere
2228 5072 2435 5141 posse?
2580 5066 2583 5071 ”

2687 5160 3043 5226 Interrogatio
3074 5161 3159 5213 50.

2151 5250 2246 5303 Est
2267 5248 2475 5320 aliquis
2504 5249 2605 5320 qui
2630 5249 2689 5303 in
2724 5249 2963 5303 Kalend.
3004 5246 3259 5303 Januarii
3291 5245 3511 5316 aliquid
3542 5245 3778 5307 fecerat,

2080 5338 2233 5409 quod
2260 5354 2294 5392 a
2321 5338 2564 5409 paganis
2619 5339 2917 5392 inventum
2966 5342 3072 5404 est,
3098 5342 3153 5390 et
3191 5336 3313 5391 dies
3352 5333 3691 5400 observavit,
3725 5350 3784 5387 et

2079 5428 2297 5495 lunam,
2326 5431 2381 5481 et
2410 5444 2652 5496 menses,
2682 5432 2738 5481 et
2756 5427 2963 5481 horum
2992 5426 3246 5480 etfectiva
3268 5424 3523 5496 potentia
3558 5422 3783 5493 aliquid

2080 5521 2408 5588 speraverat
2459 5516 2521 5570 in
2568 5516 2794 5582 melius,
2844 5520 2943 5569 aut
2991 5515 3049 5568 in
3129 5513 3381 5568 deterius
3429 5528 3595 5584 posse
3642 5527 3783 5565 con-

2081 5605 2264 5660 verti?
