3956 6306
228 351 332 402 577

823 464 1185 530 Interrogatio
1234 465 1318 516 51.

321 554 416 607 Est
483 551 691 622 aliquis
767 551 1149 622 quodcunque
1231 567 1375 621 opus
1449 550 1746 616 inchoans,
1827 550 1926 621 qui

227 640 449 712 aliquid
507 640 745 704 dixerat,
808 645 908 693 aut
950 656 1293 710 quacunque
1353 640 1575 710 magica
1613 647 1733 694 arte
1774 640 1926 694 aliud

228 729 384 793 fecit,
433 727 543 782 nisi
597 733 660 781 ut
715 729 1022 796 Apostolus
1078 728 1262 793 docet,
1325 727 1521 780 omnia
1577 728 1638 781 in
1694 728 1928 781 nomine

231 817 461 871 Domini
508 816 815 870 facienda?
845 817 1038 886 Neque
1071 816 1224 870 enim
1256 817 1548 870 dmmones
1580 817 1637 870 in
1669 822 1929 871 nostrum

228 905 583 974 adjutorium
616 905 890 958 debemus
939 904 1224 970 invocare,
1273 905 1370 957 sed
1419 906 1618 971 Deum,
1662 905 1720 958 in
1751 904 1929 958 colle-

228 993 415 1046 ctione
447 991 712 1046 similiter
760 993 1067 1046 herbarum
1103 993 1558 1057 medicinalium,
1602 995 1924 1064 symbolum

228 1086 285 1135 et
334 1081 654 1135 orationem
713 1082 1068 1136 Dominicam
1126 1082 1336 1154 dicere;
1371 1087 1614 1152 oportet,
1675 1087 1732 1136 et
1784 1083 1928 1138 nihil

232 1170 388 1225 aliud
410 1170 438 1222 ?

844 1257 1201 1326 Interrogatio
1233 1263 1319 1313 52.

305 1346 690 1409 Quaerendum
744 1345 915 1400 etiam
952 1346 997 1398 si
1039 1346 1304 1400 mulieres
1354 1346 1414 1400 in
1465 1345 1727 1401 lanificiis
1787 1347 1924 1413 suis,

229 1435 318 1488 vel
379 1435 740 1489 inordiendis
810 1435 936 1488 telis
1013 1435 1228 1505 aliquid
1298 1435 1507 1502 dicant,
1579 1441 1676 1490 aut
1730 1437 1923 1492 obser-

229 1529 387 1589 vent,
421 1524 550 1590 nisi,
607 1529 672 1577 ut
715 1540 889 1594 supra
937 1524 1151 1577 dictum
1193 1529 1296 1591 est,
1348 1525 1542 1578 omnia
1590 1530 1650 1578 in
1692 1526 1926 1580 nomine

229 1614 461 1667 Domini
486 1613 512 1666 ?

842 1704 1212 1768 Interrogatio
1236 1705 1321 1756 333.

300 1790 397 1843 Est
445 1790 654 1861 aliquis
703 1790 801 1860 qui
846 1791 1182 1854 oblationes,
1237 1791 1293 1844 id
1354 1795 1458 1856 est,
1505 1792 1925 1864 eleemosynam

227 1881 534 1947 parentum
562 1877 960 1931 defunctorum
993 1879 1201 1947 injuste
1234 1879 1517 1933 retineat?

844 1969 1206 2033 Interrogatio
1238 1968 1324 2020 54.

301 2055 396 2107 Est
433 2053 640 2124 aliquis
690 2054 789 2124 qui
838 2071 1011 2125 supra
1071 2060 1363 2108 mortuum
1413 2054 1708 2108 nocturnis
1773 2054 1926 2108 horis

229 2141 484 2194 carmina
512 2141 792 2194 diabolica
818 2148 1093 2205 cantaret,
1117 2149 1173 2196 et
1195 2143 1436 2208 biberet,
1470 2145 1525 2195 et
1559 2143 1929 2197 manducaret

228 2230 330 2294 ibi,
383 2230 544 2299 quasi
606 2230 675 2284 de
730 2231 852 2300 ejus
912 2237 1092 2284 morte
1151 2233 1555 2301 gratularetur,
1597 2236 1653 2285 et
1708 2231 1754 2284 si
1792 2232 1927 2285 alibi

228 2319 444 2372 mortui
475 2320 532 2372 in
580 2319 791 2390 vigiliis
837 2320 1155 2388 nocturnis,
1207 2320 1316 2373 nisi
1361 2319 1420 2373 in
1456 2319 1702 2373 Ecclesia
1731 2324 1928 2374 custo-

229 2407 463 2461 diantur
489 2409 518 2460 ?

850 2496 1209 2561 Interrogatio
1233 2497 1323 2548 55.

301 2582 397 2636 Est
427 2581 638 2652 aliquis
668 2582 768 2652 qui
813 2599 930 2635 non
981 2582 1386 2648 communicet,
1419 2583 1505 2635 vel
1554 2582 1738 2636 tribus
1775 2586 1926 2636 tem-

226 2670 466 2740 poribus
514 2671 573 2723 in
611 2686 781 2736 anno,
829 2670 886 2723 id
932 2675 1034 2734 est,
1083 2670 1144 2723 in
1189 2671 1421 2736 Pascha,
1473 2671 1823 2739 Pentecoste,
1872 2674 1928 2723 et

229 2758 415 2813 Natali
467 2758 716 2826 Domini,
771 2758 881 2812 nisi
931 2775 1034 2829 pro
1093 2759 1406 2812 mortiferis
1467 2758 1826 2826 criminibus,
1873 2763 1928 2812 et

229 2847 483 2917 episcopi
503 2847 590 2901 vel
613 2848 973 2901 sacerdotum
1001 2846 1240 2917 judicio,
1266 2865 1299 2900 a
1325 2846 1725 2901 communione
1755 2846 1928 2900 fuerit

227 2937 486 2987 remotus
501 2933 528 2987 ?

849 3025 1215 3090 Interrogatio
1245 3024 1330 3076 56.

302 3111 399 3164 Est
429 3110 634 3181 aliquis
681 3110 780 3181 qui
827 3111 886 3165 in
931 3111 1022 3165 die
1063 3110 1378 3177 Dominica,
1409 3110 1496 3164 vel
1530 3110 1591 3164 in
1623 3111 1926 3181 praecipuis

227 3199 653 3265 festivitatibus,
729 3199 1048 3270 quidquam
1102 3201 1292 3269 Operis
1369 3199 1538 3253 faciat
1581 3216 1592 3252 :
1653 3204 1710 3253 et
1762 3201 1807 3252 si
1857 3201 1925 3254 ad

226 3287 534 3341 Matutinas
583 3292 640 3341 et
682 3287 752 3342 ad
792 3288 1038 3356 Missam,
1081 3292 1136 3341 et
1164 3288 1232 3341 ad
1276 3289 1568 3358 Vesperas,
1602 3287 1692 3341 his
1725 3287 1925 3342 diebus

226 3376 699 3447 impraetermisse
729 3393 926 3430 omnes
957 3377 1305 3430 occurrant?

829 3466 1197 3530 Interrogatio
1231 3467 1318 3517 57.

301 3554 394 3606 Est
423 3552 633 3623 aliquis
663 3552 1214 3620 excommunicatns,
1239 3551 1336 3621 qui
1363 3566 1467 3621 pro
1491 3551 1672 3606 nihilo
1703 3553 1927 3608 duxerit

225 3638 878 3693 excommunicationem
907 3655 921 3692 :
968 3641 1024 3692 et
1047 3637 1092 3690 si
1124 3638 1331 3708 aliquis
1375 3653 1503 3691 cum
1532 3641 1920 3694 excommuni-

225 3732 350 3781 cato
376 3726 885 3781 communicaverit
906 3724 933 3778 ?

850 3815 1208 3880 Interrogatio
1236 3815 1320 3867 58.

292 3905 387 3956 Est
417 3900 622 3972 aliquis
667 3901 766 3972 qui
800 3903 1032 3956 modum
1069 3902 1423 3973 poenitentiae
1455 3902 1561 3957 sibi
1600 3901 1921 3974 injunctum

228 4008 345 4046 non
369 3989 749 4045 custodierit?

840 4080 1198 4145 Interrogatio
1225 4081 1310 4132 59.

299 4167 395 4220 Est
429 4167 632 4237 aliquis
667 4166 767 4236 qui
799 4172 1021 4236 patrem
1053 4172 1152 4220 aut
1201 4173 1442 4222 matrem
1474 4169 1920 4237 inhonoraverit,

228 4261 328 4311 aut
351 4256 715 4327 percusserit,
744 4261 843 4310 aut
866 4256 1224 4310 maledixerit
1240 4259 1268 4311 ?

843 4347 1201 4411 Interrogatio
1232 4346 1315 4398 60.

285 4433 381 4486 Est
421 4432 628 4502 aliquis
668 4432 768 4502 qui
820 4433 1096 4486 vomitum
1141 4438 1269 4502 post
1315 4437 1602 4503 acceptam
1652 4433 1918 4488 Euchari-

225 4521 392 4576 stiam
424 4537 529 4591 per
549 4521 884 4575 ebrietatem
913 4520 1154 4574 fecerit?

837 4612 1197 4678 Interrogatio
1227 4612 1312 4664 61.

295 4699 390 4752 Est
415 4697 622 4767 aliquis
653 4697 751 4767 qui
798 4714 960 4751 suam
1005 4697 1445 4753 decimationem
1487 4699 1598 4752 Deo
1627 4701 1682 4752 et
1714 4698 1920 4753 sanctis

228 4787 354 4857 ejus
385 4785 730 4841 retraxerit?

824 4876 1181 4940 Interrogatio
1215 4877 1300 4928 62.

295 4964 389 5016 Est
419 4963 625 5033 aliquis
677 4966 792 5015 tam
844 4979 1143 5032 perversus
1177 4968 1234 5017 et
1266 4964 1380 5017 Deo
1413 4963 1655 5028 alienus,
1701 4969 1764 5019 ut
1806 4965 1917 5018 sal-

220 5057 337 5106 tem
365 5051 660 5105 Dominica
683 5051 772 5105 die
805 5051 872 5104 ad
901 5051 1192 5104 ecclesiam
1231 5067 1348 5104 non
1380 5052 1643 5107 venerit?

852 5141 1217 5208 Interrogatio
1244 5143 1330 5196 63.

291 5228 348 5284 Si
385 5228 650 5299 porcarii,
684 5233 738 5282 ct
766 5229 864 5281 alii
904 5234 1163 5298 pastores
1198 5228 1490 5282 Dominica
1517 5228 1607 5282 die
1635 5229 1706 5283 ad
1733 5229 1918 5283 eccle-

220 5320 364 5371 siam
391 5334 506 5372 non
545 5317 796 5384 veniant,
842 5322 898 5370 et
952 5317 1150 5371 Missas
1184 5333 1299 5371 non
1344 5317 1608 5384 audiunt,
1656 5317 1918 5371 similiter

219 5407 281 5460 in
308 5406 436 5460 aliis
455 5405 855 5460 festivitatibus
872 5407 901 5458 ?

824 5495 1183 5560 Interrogatio
1214 5494 1306 5548 64.

282 5585 374 5638 Est
423 5582 630 5653 aliquis
677 5583 775 5653 qui
818 5582 888 5636 ad
924 5581 1343 5637 confessionem
1391 5598 1510 5638 non
1546 5582 1785 5652 veniret,
1827 5581 1916 5638 vel

1222 341 1694 400 DECRETORUM
1739 343 1922 398 LIBRI
1963 342 2072 398 XX.
2213 341 2420 396 LIBER
2460 339 2736 394 PRIMUS.
3628 345 3730 396 578

1953 463 2001 515 A
2037 477 2153 514 una
2191 461 2312 514 vice
2339 460 2398 514 in
2449 477 2620 526 anno,
2675 461 2733 514 id
2781 463 2884 523 est,
2933 460 2991 514 in
3035 461 3217 532 capite
3247 463 3728 536 Quadragesimze,

2039 555 2095 604 et
2117 550 2514 621 pasnitentiam
2547 565 2652 620 pro
2680 549 2927 619 peccatis
2962 549 3077 603 suis
3109 566 3222 604 non
3249 553 3608 623 susciperet?

2651 640 3009 704 Interrogatio
3040 641 3128 692 65.

2110 728 2203 780 Est
2251 725 2460 796 aliquis
2515 726 2615 796 qui
2680 727 2970 780 assiduam
3047 727 3384 782 ebrietatem
3458 735 3724 797 sectetur,

2035 815 2308 885 Apostolo
2354 815 2609 869 dicente:
2647 817 2842 885 Neque
2887 814 3042 868 enim
3095 816 3306 870 ebriosi
3356 833 3600 888 regnum
3633 821 3732 874 Dei

2037 902 2457 974 possidebunt?

2646 1010 3010 1074 Inter-rogatio
3039 1011 3125 1063 66.

2107 1097 2202 1149 Est
2224 1095 2431 1165 aliquis
2463 1095 2562 1166 qui
2581 1101 2912 1166 contempto
2944 1114 3045 1151 suo
3075 1097 3431 1170 presbytero,
3465 1100 3525 1154 in
3557 1101 3728 1156 aliam

2035 1184 2368 1255 parochiam
2414 1184 2526 1238 iret
2567 1185 2634 1239 ad
2674 1186 2992 1253 ecclesiam,
3041 1191 3098 1240 et
3142 1187 3222 1241 ibi
3253 1189 3725 1257 communicaret,

2035 1278 2094 1328 et
2122 1289 2285 1327 suam
2319 1272 2600 1328 decimam
2631 1273 2835 1328 daret?

2644 1364 3001 1428 Interrogatio
3032 1365 3120 1417 67.

2104 1449 2517 1520 Inquirendum
2548 1450 2617 1504 de
2666 1451 2941 1505 mendicis
2989 1451 3089 1521 qui
3118 1467 3221 1520 per
3251 1453 3580 1523 parochiam
3615 1454 3730 1509 dis-

2035 1543 2273 1592 currunt
2298 1555 2309 1592 :
2333 1543 2388 1593 et
2417 1539 2463 1592 si
2511 1538 2905 1609 unusquisque
2940 1555 3256 1609 pauperem
3287 1541 3354 1594 de
3384 1540 3602 1595 familia
3631 1559 3733 1596 sua

2035 1631 2228 1697 pascat
2242 1628 2271 1680 ?

2654 1736 3014 1802 Interrogatio
3037 1737 3124 1788 68.

2108 1823 2587 1893 Interrogandum
2615 1823 2660 1876 si
2692 1823 2751 1876 in
2792 1839 3138 1894 unaquaque
3179 1822 3346 1892 plebe
3378 1824 3576 1879 decani
3620 1825 3734 1880 sint

2034 1927 2138 1980 per
2166 1911 2328 1964 villas
2358 1911 2674 1979 constituti,
2696 1911 2804 1964 viri
2825 1927 3050 1965 veraces
3083 1915 3140 1966 et
3171 1912 3480 1967 Dominum
3514 1914 3733 1968 timen-

2034 2003 2140 2060 tes,
2191 1999 2291 2069 qui
2329 2004 2564 2052 caeteras
2629 2000 2976 2053 admoneant
3030 2005 3091 2053 ut
3150 2000 3220 2053 ad
3267 2002 3562 2055 ecclesiam
3603 2018 3731 2073 per-

2036 2090 2193 2155 gant,
2228 2087 2295 2140 ad
2332 2087 2657 2153 Matutinas,
2717 2088 2787 2141 ad
2821 2088 3066 2154 Missam,
3110 2092 3165 2141 et
3213 2089 3280 2142 ad
3309 2090 3635 2159 Vesperam,
3674 2096 3731 2144 et

2039 2175 2184 2227 nihil
2243 2176 2434 2244 operis
2492 2176 2550 2228 in
2604 2175 2804 2229 diebus
2852 2175 3006 2229 festis
3062 2176 3394 2230 faciantzet
3445 2179 3489 2230 si
3522 2179 3731 2232 horum

2035 2263 2340 2333 quisquam
2424 2269 2813 2334 transgressus
2877 2263 3067 2329 fuerit,
3149 2264 3338 2318 statim
3398 2266 3730 2336 presbytero

2034 2351 2400 2418 annuntient,
2454 2351 2718 2406 similiter
2774 2353 2842 2406 de
2915 2353 3162 2415 luxuria,
3219 2356 3276 2406 et
3333 2353 3488 2407 omni
3557 2371 3753 2425 opere.

2034 2455 2211 2509 pravo
2233 2440 2263 2493 ?

2644 2547 3002 2612 Interrogatio
3034 2549 3121 2599 69.

2105 2633 2199 2686 Est
2246 2632 2454 2702 aliquis
2502 2631 2602 2702 qui
2635 2633 2890 2686 bannum
2933 2633 3203 2703 episcopi,
3272 2637 3370 2688 aut
3413 2634 3730 2705 presbyteri

2036 2719 2144 2786 sui,
2177 2724 2234 2775 et
2258 2721 2901 2775 excommunicationem
2933 2721 3295 2791 parvipendit
3313 2722 3342 2775 ?

2655 2811 3010 2876 Interrogatio
3035 2811 3120 2862 70.

2106 2895 2562 2966 Perquirendum
2594 2897 2640 2949 si
2687 2897 3018 2967 parochiani
3053 2897 3382 2967 presbytero
3428 2914 3530 2952 suo
3565 2899 3730 2952 debi-

2035 2988 2156 3038 tum
2187 2984 2465 3038 honorem
2505 2985 2859 3055 impendant,
2896 2989 2995 3039 aut
3033 2986 3079 3038 si
3115 2989 3199 3038 est
3230 2985 3435 3056 aliquis
3467 2987 3567 3056 qui
3597 3004 3730 3041 eum

2037 3073 2226 3141 verbo,
2259 3073 2347 3128 vel
2375 3073 2523 3128 facto
2572 3073 2965 3140 inhonoraret,
3012 3078 3070 3128 et
3095 3074 3218 3145 ejus
3248 3074 3466 3129 monita
3495 3092 3729 3145 sperne-

2035 3166 2118 3215 ret
2143 3162 2171 3215 7

2652 3271 3010 3336 Interrogatio
3050 3273 3136 3322 71.

2107 3357 2200 3409 Est
2238 3356 2444 3427 aliquis
2491 3356 2591 3428 qui
2637 3358 2965 3428 peregrino,
3020 3363 3119 3411 aut
3160 3357 3366 3410 viatori
3411 3357 3728 3428 hospitium

2033 3444 2443 3499 contradixerit
2459 3446 2486 3500 ?

2644 3551 3004 3618 Interrogatio
3028 3551 3118 3604 72.

2103 3637 2516 3708 Inquirendum
2539 3641 2624 3692 est
2643 3654 2785 3708 quas
2807 3637 3144 3692 festivitates
3171 3638 3408 3693 colant?

2643 3729 3001 3792 Interrogatio
3029 3730 3119 3781 73.

2102 3814 2582 3885 Interrogandum
2624 3815 2670 3868 si
2721 3815 2934 3885 patrini
2981 3815 3176 3869 filiolis
3225 3817 3341 3870 suis
3393 3817 3726 3887 Symbolum

2030 3906 2088 3955 et
2117 3903 2444 3958 Orationem
2507 3904 2862 3958 Dominicam
2920 3905 3234 3973 insinuent,
3296 3910 3393 3960 aut
3449 3907 3729 3962 insinuari

2033 3989 2244 4044 faciant
2270 3993 2298 4044 ?

2648 4081 3015 4145 Interrogatio
3045 4080 3132 4134 74.

2103 4166 2558 4237 Perquirendum
2609 4167 2655 4220 si
2685 4168 2785 4220 IIII
2833 4172 2930 4221 aut
2978 4168 3018 4219 V
3066 4167 3151 4220 vel
3201 4168 3394 4237 plures
3426 4167 3728 4224 interfece-

2036 4255 2153 4309 rint
2183 4255 2479 4309 hominem
2502 4255 2530 4308 ?

2655 4344 3022 4410 Interrogatio
3051 4347 3140 4397 75.

2104 4430 2202 4484 Est
2248 4429 2455 4500 aliquis
2503 4429 2604 4500 qui
2635 4431 2974 4484 contradicit
3015 4431 3284 4502 episcopo
3315 4436 3413 4486 aut
3460 4434 3580 4503 ejus
3615 4433 3731 4486 mi-

2032 4518 2244 4585 nistris,
2292 4535 2362 4572 ne
2419 4518 2608 4572 coloni
2661 4524 2759 4573 aut
2807 4519 2951 4572 servi
2991 4535 3094 4591 pro
3126 4521 3446 4575 commissis
3477 4522 3730 4576 crimini-

2029 4605 2136 4660 bus
2164 4608 2338 4677 virgis
2360 4606 2500 4661 nudi
2533 4607 2825 4662 caedantur
2846 4609 2874 4660 ?

2633 4697 3002 4764 Interrogatio
3032 4700 3122 4752 '76.

2102 4783 2583 4854 Interrogandum
2631 4784 2677 4837 si
2722 4785 2928 4854 aliquis
2968 4786 3363 4857 peregrinum,
3397 4787 3496 4858 qui
3531 4787 3600 4840 de
3629 4805 3731 4841 sua

2029 4872 2215 4943 patria
2243 4877 2478 4944 propter
2523 4888 2882 4944 paganorum
2936 4873 3383 4941 infestationem,
3417 4877 3504 4928 vel
3543 4891 3730 4946 perse-

2030 4962 2315 5015 cutionem
2373 4961 2537 5031 fugit,
2589 4961 2696 5015 hac
2742 4961 2811 5015 de
2869 4977 3039 5015 causa
3089 4963 3224 5033 quia
3271 4964 3330 5016 in
3386 4963 3553 5016 domo
3607 4965 3729 5033 ejus

2033 5050 2262 5115 mansit,
2287 5052 2341 5102 et
2373 5048 2574 5102 diebus
2605 5053 2703 5101 aut
2747 5048 2913 5102 annis
2967 5050 3090 5103 loco
3127 5049 3465 5102 mercenarii
3495 5049 3578 5102 illi
3611 5067 3730 5103 ser-

2031 5138 2187 5206 vivit,
2235 5155 2339 5208 pro
2391 5138 2627 5209 proprio
2681 5154 2843 5191 servo
2901 5139 3037 5192 velit
3088 5139 3320 5206 habere,
3375 5143 3431 5192 et
3460 5140 3726 5206 vendere,

2032 5232 2131 5281 aut
2158 5227 2292 5281 dare
2323 5227 2494 5281 alicui
2531 5226 2889 5297 prmsumat?

2638 5317 2998 5382 Interrogatio
3027 5319 3116 5369 7'7.

2100 5403 2194 5457 Est
2251 5403 2457 5474 aliquis
2495 5403 2594 5474 qui
2645 5403 2856 5476 injusta
2901 5420 3170 5457 mensura
3209 5419 3373 5458 suam
3414 5418 3722 5469 annonam,

2029 5495 2128 5544 aut
2160 5491 2357 5545 vinum
2399 5491 2630 5559 vendat,
2683 5507 2815 5546 cum
2855 5491 3133 5546 Dominus
3183 5491 3368 5548 dicat:
3409 5492 3624 5564 Equus
3654 5492 3726 5546 sit

2027 5577 2132 5633 tibi
2163 5579 2412 5647 modius,
2442 5584 2499 5634 et
2529 5596 2730 5652 aequus
2760 5580 3035 5636 sextarius
3055 5580 3084 5637 ?
