3956 6300
261 361 366 412 579

877 478 1232 544 Interrogatio
1261 479 1350 531 78.

332 565 810 620 Denunciandum
850 565 1022 618 etiam
1047 581 1215 635 quam
1250 581 1519 636 magnum
1552 565 1839 637 piaculum
1884 566 1960 620 sit

257 669 460 707 usuras
507 653 753 722 exigere,
806 657 860 706 et
889 654 959 707 de
1007 654 1192 708 alieno
1225 653 1420 707 fenore
1451 655 1595 708 velle
1653 654 1953 721 ditescere,

259 747 314 796 et
352 742 500 813 quod
549 741 696 795 sacri
745 757 988 795 canones
1031 743 1171 796 tales
1213 741 1280 795 ab
1329 743 1572 796 Ecclesia
1604 743 1954 814 ejicipmci-

258 830 438 902 piant.

854 921 1222 988 Interrogatio
1255 923 1343 973 79.

331 1008 427 1060 Est
470 1005 678 1077 aliquis
717 1005 820 1077 qui
857 1012 1093 1076 propter
1138 1007 1513 1078 cupiditatem
1551 1008 1812 1062 Judaeum
1863 1009 1952 1063 vel

257 1107 548 1163 paganum
581 1095 979 1148 interfecerit?

877 1185 1240 1251 Interrogatio
1262 1187 1350 1239 80.

330 1270 424 1324 Est
468 1270 672 1342 aliquis
718 1270 1014 1324 insaniens
1044 1271 1144 1341 qui
1173 1272 1426 1342 aliquem
1475 1270 1773 1328 hominem
1802 1271 1947 1327 occi-

254 1355 448 1411 derit?

864 1448 1222 1512 Interrogatio
1255 1450 1311 1500 8t
1329 1487 1342 1500 .

323 1531 416 1582 Est
455 1531 663 1601 aliquis
694 1533 792 1602 qui
849 1534 1110 1587 arborem
1161 1535 1495 1601 succideret,
1531 1539 1587 1587 et
1617 1536 1753 1589 dum
1785 1534 1946 1604 operi

253 1619 572 1672 necessario
610 1619 920 1688 insisteret,
970 1622 1176 1691 aliquis
1229 1624 1426 1676 subtus
1473 1623 1736 1677 arborem
1785 1624 1948 1678 deve-

252 1705 436 1771 niens,
466 1705 777 1776 improvise
805 1709 1234 1779 opprimeretur
1254 1711 1282 1763 ‘?

872 1798 1234 1864 Interrogatio
1262 1801 1350 1851 82.

322 1881 419 1934 Est
466 1881 672 1952 aliquis
734 1883 835 1954 qui
901 1886 1323 1955 conjurationes
1375 1889 1432 1940 et
1495 1887 1946 1958 conspirationes

252 1974 562 2024 sectaretur
581 1971 610 2026 ?

867 2062 1228 2128 Interrogatio
1260 2064 1346 2116 83.

321 2147 413 2200 Est
463 2146 672 2218 aliquis
727 2149 827 2220 qui
881 2150 1177 2204 ecclesiam
1233 2155 1332 2204 aut
1377 2149 1647 2204 clericum
1698 2150 1942 2221 fatigare

250 2236 729 2306 praesumpserit?

882 2326 1240 2392 Interrogatio
1263 2326 1350 2380 84.

323 2409 740 2479 Inquirendum
801 2412 871 2466 de
939 2414 1156 2484 refugis
1205 2416 1262 2466 et
1305 2412 1542 2483 perﬁdis
1605 2414 1826 2469 clericis
1885 2419 1944 2470 et

248 2495 427 2552 laicis.

869 2589 1227 2658 Interrogatio
1248 2593 1334 2652 85.

318 2673 777 2728 Percontandum
811 2677 879 2730 de
923 2679 1246 2732 confratriis
1295 2683 1355 2734 et
1394 2678 1812 2734 fraternitatem
1848 2695 1938 2733 so-

244 2759 542 2815 cietatibus
572 2764 818 2832 qualiter
842 2763 901 2817 in
931 2764 1203 2834 parochia
1235 2771 1496 2836 agantur.

845 2854 1203 2919 Interrogatio
1233 2855 1298 2906 86
1313 2893 1328 2908 .

317 2938 800 3008 Interrogandum
831 2940 877 2992 si
917 2942 1135 2994 cantica
1180 2940 1374 3011 turpia
1412 2945 1470 2995 et
1492 2941 1668 2995 risum
1701 2958 1935 2997 moven-

245 3021 325 3076 tia
351 3023 557 3094 aliquis
585 3026 733 3080 circa
767 3027 1060 3081 ecclesiam
1092 3034 1320 3082 cantare
1343 3033 1672 3098 praesumat.

857 3117 1222 3182 Interrogatio
1252 3118 1316 3169 8‘7
1328 3158 1339 3168 .

314 3198 768 3270 Perquirendum
819 3205 865 3257 si
903 3204 1114 3275 aliquis
1144 3204 1439 3258 ecclesiam
1486 3203 1729 3268 intrans,
1776 3205 1935 3259 fabu-

242 3285 312 3339 lis
346 3303 543 3344 vacare
569 3293 881 3359 consuevit,
915 3297 969 3346 et
1000 3309 1114 3346 non
1145 3293 1450 3363 diligenter
1476 3295 1757 3347 auscultat
1785 3294 1934 3348 divi-

244 3390 316 3428 na
337 3378 588 3451 eloquia,
620 3387 676 3437 et
719 3381 765 3436 si
799 3387 1107 3453 antequam
1157 3382 1321 3436 Missa
1351 3381 1602 3448 ﬁniatur,
1644 3382 1713 3436 de
1755 3382 1932 3436 eccle-

243 3478 323 3531 sia
347 3470 598 3530 exierit?
1403 3543 1406 3546 .

842 3560 1204 3626 Interrogatio
1235 3561 1322 3612 88.
1346 3586 1359 3599 -

311 3647 788 3718 lnterrogandum
821 3647 866 3698 si
915 3646 1285 3712 oblationem,
1326 3646 1383 3700 id
1413 3650 1496 3700 est
1525 3661 1734 3716 panem
1764 3651 1821 3700 et
1851 3647 1934 3700 vi-

241 3757 404 3804 num,
439 3738 548 3791 viri
589 3742 644 3790 et
696 3735 928 3788 feminae
979 3735 1047 3787 ad
1077 3735 1268 3788 Missas
1297 3735 1559 3800 offerant,
1614 3740 1672 3787 et
1723 3734 1770 3787 si
1819 3751 1933 3788 non

239 3828 344 3881 viri
391 3825 667 3895 conjuges
721 3820 984 3886 offerant,
1026 3837 1132 3890 pro
1188 3837 1247 3874 se
1297 3821 1527 3892 suisque
1561 3820 1825 3874 omnibus
1871 3827 1935 3876 ut

241 3919 298 3970 in
328 3930 542 3994 canone
572 3911 898 3965 continetur
917 3909 943 3963 ?

313 4006 439 4058 CAP.
499 4001 647 4056 XCV.
706 4029 778 4039 ——
826 4000 892 4053 Ut
947 3999 1184 4136 (3ιῖἑέοὲἕέ
1256 3997 1419 4052 libros
1486 3997 1772 4065 gentilium
1829 4013 1932 4053 non

313 4165 424 4230 (Ea:
478 4160 665 4215 concil.
714 4159 1008 4226 Curthag.,
1055 4173 1174 4226 cap.
1222 4157 1334 4227 I6.)
1364 4157 1433 4211 Ut
1461 4155 1714 4227 episcopi
1756 4156 1932 4210 libros

1340 357 1743 412 BURCHARDI
1784 355 2317 412 WORMACIENSIS
2357 353 2690 411 EPISCOPI.

1983 481 2030 533 Α
2067 494 2192 544 nos,
2238 477 2392 548 quod
2456 477 2578 530 sine
2626 474 2969 529 verecundia
3015 490 3336 530 memorare
3392 492 3509 530 non
3559 492 3779 547 possu-

3664 356 3772 408 580

2067 583 2215 631 mus,
2262 565 2679 620 fraternitatem
2729 569 2890 618 tuam
2935 564 3394 628 Grammaticam,
3431 571 3488 619 et
3521 565 3621 618 illa
3669 565 3776 619 dif-

2063 645 2304 708 ficiliora
2355 653 2699 725 quihusdam
2749 668 3056 723 exponere.
3118 653 3300 716 Quam
3349 669 3470 707 rem
3519 653 3602 706 ita
3648 669 3776 707 mo-

2064 743 2203 798 leste
2251 742 2627 812 suscepimus,
2693 758 2756 795 ac
2804 757 3000 794 sumus
3061 743 3432 796 vehementer
3495 759 3773 814 asperna-

2065 832 2128 898 ti,
2179 837 2241 884 ut
2288 847 2355 885 ea
2392 847 2520 901 qua:
2568 830 2728 901 prius
2771 829 2922 884 dicta
2967 829 3220 897 fuerunt,
3279 830 3338 883 in
3389 832 3672 900 gemitum
3717 836 3777 885 et

2060 919 2348 972 tristitiam
2391 923 2745 972 verteremus
2781 959 2792 971 .
2845 918 2980 988 quia
3019 918 3081 971 in
3128 934 3244 971 uno
3296 934 3394 971 ore
3442 934 3572 972 cum
3616 919 3772 972 lovis

2059 1008 2345 1074 laudibus,
2395 1006 2605 1060 Christi
2652 1006 2846 1059 laudes
2884 1022 3005 1060 esse
3037 1022 3152 1060 non
3200 1011 3457 1076 possunt.
3492 1009 3555 1060 Et
3589 1024 3767 1078 quam

2059 1111 2229 1166 grave
2267 1095 2698 1164 nefandumque
2747 1094 2821 1146 sit
2857 1095 3142 1164 episcopis
3187 1111 3411 1159 canere,
3459 1096 3610 1165 quod
3662 1111 3770 1149 nec

2057 1184 2200 1238 laico
2248 1184 2511 1254 religioso
2559 1183 2875 1238 conveniat.
2931 1183 2996 1236 Et
3038 1183 3300 1253 quamvis
3359 1183 3769 1238 dilectissimus

2057 1272 2208 1326 ﬁlius
2240 1277 2437 1325 uoster
2468 1271 2750 1326 Candidus
2783 1271 3084 1342 presbyter
3116 1272 3481 1342 postmodum
3503 1272 3766 1342 veniens,

2056 1361 2162 1414 hac
2183 1361 2252 1414 de
2298 1377 2358 1413 re
2405 1359 2691 1413 subtiliter
2729 1359 3037 1430 requisitos
3086 1360 3400 1430 negaverit,
3457 1366 3628 1431 atque
3661 1376 3768 1414 vos

2056 1451 2292 1504 conatus
2348 1447 2521 1500 fuerit
2569 1462 2874 1500 excusare:
2935 1447 3004 1501 de
3053 1454 3249 1501 nostro
3309 1452 3504 1501 tamen
3573 1448 3766 1502 adhuc

2057 1537 2253 1590 animo
2287 1551 2404 1589 non
2448 1535 2719 1588 recessit:
2771 1534 2906 1604 quia
2949 1542 3231 1606 quantum
3283 1535 3629 1589 exsecrabile
3675 1540 3766 1588 est

2055 1624 2163 1677 hoc
2196 1625 2283 1677 de'
2315 1623 2605 1677 sacerdote
2643 1623 2919 1690 enarrari,
2967 1627 3125 1676 tanto
3162 1628 3358 1676 utrum
3405 1623 3483 1676 ita
3526 1638 3764 1676 necesse

2056 1713 2128 1765 sit
2155 1712 2408 1765 districta
2437 1719 2491 1765 et
2523 1710 2704 1764 veraci
2755 1716 2980 1780 oportet
3019 1711 3403 1764 satisfactione
3465 1711 3760 1781 cognosci.

2059 1800 2216 1854 Unde
2250 1800 2295 1851 si
2327 1803 2454 1869 post
2502 1799 2610 1851 hoc
2654 1797 2946 1852 evidenter
2978 1797 3099 1850 haec
3137 1814 3265 1867 quae
3291 1798 3359 1850 ad
3407 1813 3508 1850 nos
3534 1799 3763 1866 perlata

2054 1893 2188 1940 sunt
2214 1886 2353 1940 falsa
2383 1902 2505 1939 esse
2534 1885 2864 1949 claruerint,
2914 1901 3100 1955 neque
3132 1901 3227 1938 vos
3261 1884 3430 1953 nugis
3472 1891 3528 1938 et
3570 1901 3761 1939 saecu-

2053 1975 2267 2028 laribus
2288 1973 2492 2028 litteris
2522 1973 2748 2028 studere
2782 1972 3125 2039 constiterit,
3157 1977 3213 2025 et
3239 1973 3355 2025 Deo
3398 1977 3594 2024 nostro
3623 1987 3761 2042 gra-

2051 2063 2159 2116 tias
2207 2079 2463 2132 agamus,
2508 2060 2608 2131 qui
2641 2077 2740 2114 cor
2783 2065 3036 2114 vestrum
3077 2059 3348 2114 maculari
3404 2061 3760 2130 blasphemis

2050 2151 2428 2205 nefandorum
2473 2148 2737 2202 laudibus
2766 2165 2884 2202 non
2915 2148 3194 2217 permisit,
3241 2153 3302 2202 et
3344 2149 3412 2204 de
3437 2149 3760 2201 conceden-

2051 2240 2138 2294 dis
2169 2255 2298 2310 quae
2330 2237 2560 2308 poscitis
2590 2237 2772 2290 securi
2790 2237 2910 2307 jam
2943 2242 3000 2290 et
3027 2236 3148 2290 sine
3165 2238 3358 2307 aliqua
3387 2235 3756 2292 dubitatione

2050 2331 2380 2381 tractemus.

2049 2431 2178 2485 CAP.
2219 2433 2446 2486 XCVIII.
2487 2461 2555 2472 —
2596 2433 2870 2495 Quantum
2912 2432 3205 2484 discrimen
3242 2433 3521 2484 immineat
3558 2435 3751 2499 pasto-

2117 2503 2270 2556 ribus
2301 2506 2398 2572 qui
2420 2505 2698 2555 reritatem
2727 2503 2932 2557 Christi
2950 2502 3252 2570 praedicare
3271 2503 3564 2568 negligant.

2131 2589 2239 2659 (Ea:
2302 2590 2444 2643 decr.
2524 2591 2698 2644 Marci
2773 2605 2955 2658 papae,
3026 2591 3408 2657 ngyptiorum
3482 2592 3749 2658 episcopis

2045 2681 2249 2744 missis,
2301 2693 2421 2747 cap.
2469 2678 2546 2745 3.)
2593 2677 2690 2734 Vm
2729 2678 2882 2730 enim
2915 2677 3023 2730 erit
3055 2677 3240 2742 nobis,
3281 2677 3382 2746 qui
3419 2677 3589 2746 hujus
3633 2679 3748 2730 mi-

2047 2766 2267 2820 nisterii
2309 2782 2454 2818 onus
2487 2769 2814 2834 susceptum
2867 2764 3165 2831 habemus,
3217 2763 3263 2816 si
3289 2764 3584 2818 veritatem
3614 2764 3747 2818 Sal-

2048 2856 2254 2909 vatoris
2304 2853 2485 2907 nostri
2536 2853 2665 2906 .Iesu
2717 2852 2946 2916 Christi,
3002 2867 3176 2922 quam
3233 2853 3480 2922 apostoli
3526 2853 3747 2922 praedi-

2047 2946 2336 3006 caverunt,
2365 2941 2679 3012 praedicare
2723 2941 3163 3010 neglexerimus.
3201 2941 3294 2994 Vze
3325 2941 3433 2994 erit
3470 2941 3657 3008 nobis,
3695 2941 3744 2993 si

1969 3026 2008 3080 C
2049 3029 2275 3083 silentio
2317 3029 2614 3082 veritatem
2660 3028 3135 3099 oppresserimus,
3168 3028 3268 3098 qui
3299 3044 3536 3098 erogare
3571 3045 3743 3082 num-

2046 3117 2304 3171 mulariis
2329 3117 2621 3187 jubemur,
2655 3117 2710 3171 id
2743 3121 2848 3183 est,
2881 3116 3230 3170 Christianos
3259 3117 3502 3186 populos
3525 3117 3746 3170 imbue-

2045 3221 2105 3259 re
2159 3212 2215 3259 et
2257 3205 2480 3259 docere.
2529 3204 2672 3269 Quid
2722 3205 2782 3258 in
2835 3204 3017 3274 ipsius
3048 3205 3256 3258 Christi
3296 3205 3487 3258 futuro
3532 3205 3741 3259 dicturi

2045 3307 2241 3344 sumus
2271 3289 2552 3354 examine,
2603 3288 2648 3342 si
2683 3287 2965 3342 sermonis
2996 3288 3120 3356 ejus
3167 3288 3461 3341 veritatem
3495 3290 3735 3342 confun-

2043 3379 2236 3434 dimur
2280 3377 2592 3448 praedicare
2613 3376 2640 3430 ?
2671 3376 2816 3440 Quid
2855 3375 2965 3430 erit
2996 3377 3065 3428 de
3099 3375 3280 3442 nobis,
3311 3391 3442 3430 cum
3481 3376 3550 3430 de
3580 3392 3740 3430 com-

2044 3467 2230 3520 missis
2273 3466 2441 3520 nobis
2471 3464 2792 3530 animabus,
2841 3468 2897 3518 et
2936 3463 3004 3517 de
3047 3463 3234 3517 ofﬁcio
3273 3469 3532 3534 suscepto
3563 3465 3736 3518 ratio-

2040 3571 2176 3609 nem
2227 3555 2415 3624 justus
2451 3553 2629 3624 judex
2687 3551 2942 3606 Christus
2999 3551 3148 3606 Deus
3201 3556 3396 3605 noster
3424 3551 3736 3606 districtam

2041 3641 2293 3712 exegerit
2309 3643 2338 3695 ?

2043 3748 2168 3801 CAP.
2225 3745 2392 3800 XCIX.
2433 3776 2495 3784 —
2555 3743 2706 3810 Quod
2753 3747 3061 3812 episcopum
3110 3747 3356 3812 oporteat
3409 3745 3521 3796 sine
3566 3745 3735 3796 inter-

2180 3819 2435 3870 missione
2463 3817 2766 3869 Ecclesiam
2795 3830 2958 3869 suam
2989 3815 3172 3868 docere
3193 3818 3244 3867 et
3261 3829 3465 3867 amare.

2113 3905 2264 3975 (Cap.
2302 3905 2559 3958 Evaristi
2579 3918 2740 3971 papa
2785 3905 2844 3968 V,
2886 3903 3131 3956 omnibus
3158 3917 3257 3971 per
3281 3903 3574 3970 Egyptum
3611 3903 3738 3968 fra-

2044 3994 2216 4046 tribus
2235 3991 2504 4060 missum.)
2539 3991 2875 4061 Episcopum
2902 4007 3034 4044 vero
3066 3994 3296 4059 oportet
3325 3995 3649 4058 opportune
3679 3995 3740 4043 et

2041 4080 2368 4150 importune
2408 4084 2578 4150 atque
2618 4077 2740 4132 sine
2771 4077 3194 4131 intermissione
3232 4077 3536 4130 Ecclesiam
3572 4093 3738 4130 suam

2041 4169 2241 4224 docere
2262 4183 2501 4238 eamque
2519 4166 2832 4237 prudenter
2853 4182 3051 4236 regere
3071 4170 3125 4219 et
3144 4181 3356 4230 amare,
3382 4170 3497 4219 uta
3512 4165 3661 4218 vitiis
3676 4183 3737 4219 se

238 4251 539 4322 εθηῐίιίιιιη
586 4264 700 4302 ηοη
749 4248 966 4318 legant:
1005 4246 1405 4300 haereticorum
1449 4251 1640 4300 amem
1684 4261 1788 4316 Pro
1830 4261 1928 4300 Πθ·
1957 4295 2001 4349 D
2041 4258 2339 4325 abstineat,
2393 4263 2457 4310 ut
2507 4257 2749 4309 salutem
2799 4255 3070 4325 consequi
3122 4254 3303 4324 possit
3341 4260 3632 4308 aeternam.
3666 4254 3739 4308 Et

237 4340 496 4394 cessitate
520 4343 575 4391 et
597 4344 873 4406 tempore.

239 4429 366 4482 CAP.
403 4426 574 4481 CXVI.
623 4453 696 4465 —
749 4426 816 4478 Ut
869 4426 1124 4492 episcopi,
1172 4427 1337 4492 prout
1381 4424 1575 4490 vulgus
1627 4422 1926 4488 intelligere

307 4501 480 4567 possit
533 4495 822 4550 secundum
858 4496 1243 4563 proprietatem
1291 4497 1584 4548 communis
1623 4494 1823 4561 linguae
1850 4494 1925 4546 il-

307 4572 478 4622 lorum
504 4567 944 4635 medicationem
974 4569 1284 4633 temperent.

311 4657 431 4725 (Ea:
457 4655 642 4708 concil.
681 4654 943 4720 Remensi,
978 4667 1097 4721 cap,
1138 4651 1249 4720 It.)
1283 4652 1352 4706 Ut
1394 4650 1643 4719 episcopi
1696 4650 1923 4703 Sermo-

233 4760 336 4798 nes
367 4748 422 4796 et
453 4741 736 4796 Homelias
758 4744 1084 4793 sanctorum
1118 4740 1372 4805 Patrum,
1403 4743 1576 4808 prout
1613 4752 1811 4791 omnes
1835 4736 1924 4790 in-

236 4833 491 4902 telligere
532 4828 771 4900 possint,
797 4827 1106 4880 secundum
1138 4825 1549 4897 proprietatem
1603 4825 1926 4880 communis

234 4921 446 4990 linguae
479 4916 786 4988 praedicare
817 4915 1100 4969 studeant.

234 5009 344 5062 CAP
385 5007 630 5061 XLXVII.
675 5035 744 5042 —
791 5003 1148 5072 Reprehensio
1188 5004 1427 5071 episcopi
1471 5004 1530 5056 in
1575 5003 1788 5071 pulpito
1822 5017 1928 5070 pa-

301 5095 468 5147 ganos
499 5077 664 5130 libros
721 5078 1055 5147 exponentis,
1105 5089 1162 5127 eo
1207 5073 1351 5147 (ηιοὰ
1394 5088 1514 5126 cum
1562 5075 1720 5126 Jovis
1751 5073 1930 5126 laudi-

305 5144 400 5202 bus
422 5150 626 5204 Christi
651 5146 837 5200 laudes
864 5161 973 5198 non
1003 5144 1339 5198 conveniant.

303 5237 407 5304 (Ea:
449 5251 563 5302 reg.
633 5234 708 5288 ad
775 5233 1118 5288 Desidet-ium
1164 5230 1326 5300 cpisc.
1375 5232 1593 5295 Galliae,
1638 5247 1758 5300 cap.
1812 5231 1926 5300 84.)

232 5325 371 5379 Cum
430 5326 609 5378 multa
657 5322 823 5377 nobis
862 5321 1013 5375 bona
1061 5321 1129 5375 de
1177 5319 1379 5373 vestris
1431 5319 1672 5372 fuissent
1726 5318 1929 5371 studiis

231 5413 515 5481 nunciata,
549 5413 627 5466 ita
673 5411 830 5465 cordi
873 5415 1069 5464 nostro
1105 5412 1190 5462 est
1215 5413 1350 5461 nata
1381 5405 1597 5469 Iustitia,
1637 5411 1702 5460 ut
1748 5422 1926 5476 nega-

231 5516 292 5554 re
367 5517 431 5554 ea
499 5501 607 5554 sibi
664 5499 992 5554 fraternitas
1069 5503 1258 5551 vestra
1332 5494 1691 5549 concedenda
1748 5510 1926 5565 popo-

230 5595 432 5658 scerat,
464 5589 704 5644 minime
729 5595 1079 5659 pateremur.
1120 5586 1226 5642 Sed
1274 5589 1400 5656 post
1429 5585 1534 5639 hoc
1565 5584 1828 5654 pervenit
1858 5584 1924 5637 ad

2039 4347 2137 4400 illa
2163 4361 2292 4400 cum
2324 4349 2480 4398 tanta
2528 4343 2848 4398 reverentia
2894 4343 3018 4413 ejus
3046 4342 3365 4396 doctrinam
3398 4341 3565 4395 debet
3605 4357 3733 4396 sus-

2035 4435 2248 4504 cipere,
2299 4449 2548 4503 eumque
2602 4448 2796 4485 amare
2835 4436 2891 4485 et
2929 4430 3191 4500 diligere,
3233 4436 3295 4484 ut
3344 4431 3596 4499 legatum
3629 4431 3732 4483 Dei

2034 4527 2090 4576 et
2141 4537 2466 4592 praeconem
2495 4519 2764 4586 veritatis,
2798 4519 2954 4590 quia,
2981 4523 3222 4572 testante
3255 4511 3518 4582 Véritate,
3543 4518 3729 4587 quod-

2033 4626 2260 4682 cunque
2310 4609 2570 4679 ligaverit
2611 4624 2786 4678 super
2833 4613 3069 4672 terram,
3117 4607 3225 4660 erit
3273 4607 3512 4676 ligatum
3560 4610 3615 4658 et
3661 4605 3726 4658 in

2034 4700 2195 4765 caelo,
2231 4701 2286 4751 et
2339 4699 2724 4768 quodcunque
2755 4696 2989 4750 solverit
3016 4711 3188 4765 super
3215 4699 3449 4761 terram,
3490 4693 3599 4746 erit
3629 4708 3726 4746 so-

2034 4789 2217 4842 lutum
2251 4791 2304 4839 et
2335 4786 2392 4839 in
2424 4785 2598 4839 caslis.

2109 4892 2237 4948 CAP.
2273 4893 2329 4946 C.
2355 4922 2420 4930 —
2453 4891 2533 4946 De
2552 4893 2865 5014 ignozantia
2888 4889 3159 5012 omnibus,
3183 4891 3418 4942 mamime
3438 4885 3737 4940 sacerdoti-

2722 4975 2802 5014 us.
2834 4963 2994 5014 vitan
3039 4975 3092 5012 a.

2722 4975 2802 5027 us,
2834 4963 3092 5014 vitanda.

2112 5052 2234 5121 (Ea:
2291 5051 2480 5104 concil.
2518 5050 2767 5103 Toletano
2799 5051 2850 5111 5,
2902 5063 3018 5115 cap.
3051 5047 3164 5116 25.)
3195 5045 3523 5116 Ignorantia
3552 5048 3742 5098 mater

2036 5145 2373 5194 cunctorum
2424 5153 2709 5204 errorum,
2769 5135 3018 5189 maxime
3072 5135 3134 5188 in
3191 5133 3580 5188 sacerdotibus
3637 5133 3740 5187 Dei

2037 5228 2266 5282 vitanda
2296 5231 2401 5294 est,
2456 5226 2554 5298 qui
2612 5224 2852 5279 docendi
2902 5222 3155 5277 ofﬁcium
3191 5223 3248 5276 in
3288 5223 3515 5293 populis
3545 5236 3738 5274 susce-

2037 5322 2268 5388 perunt.
2327 5315 2657 5369 Sacerdotes
2713 5312 2869 5365 enim
2925 5311 3118 5381 legere
3185 5316 3379 5363 sancta
3444 5309 3740 5379 Scriptura

2039 5405 2331 5469 admonet,
2384 5403 2560 5456 Paulo
2611 5401 2868 5470 apostolo
2919 5399 3142 5453 dicente
3207 5398 3276 5451 ad
3322 5397 3733 5451 Timotheum:

2038 5493 2276 5546 Intende
2331 5489 2580 5554 lectioni,
2630 5487 3034 5542 exhortationi.
3070 5487 3334 5540 Doctores
3390 5500 3618 5553 semper
3672 5499 3735 5538 se

2039 5594 2379 5651 permanere
2412 5578 2470 5631 in
2504 5577 2593 5632 his
2623 5577 2822 5631 sciant.
2856 5576 3040 5648 Igitur
3069 5574 3386 5630 sacerdotes
3415 5572 3735 5644 Scripturas
