3956 6310
154 367 252 420 581
1148 362 1627 420 DECRETORUM
1674 363 1858 417 LIBRI
1900 364 2006 417 XX.
2049 392 2116 400 --
2158 362 2366 417 LIBER
2411 362 2685 416 PRIMUS.

3567 365 3670 417 582

151 492 377 542 sanctas
409 492 465 541 et
494 504 737 541 canones
769 486 1130 555 meditantur,
1179 493 1243 541 ut
1275 503 1446 541 omne
1479 503 1624 558 opus
1655 503 1853 540 eorum
1885 489 1933 542 Α
1973 502 2100 558 εΑρ,
2138 502 2322 555 cvm.
2352 531 2423 541 _
2451 503 2517 557 Ut
2546 502 2729 555 ηηιιυε
2777 504 3056 570 episcopus
3085 505 3143 555 εη
3175 504 3405 556 alterius
3434 506 3671 571 episcopi

155 578 213 631 in
255 578 671 648 praedicatione
715 582 771 630 et
819 577 1075 631 doctrina
1118 576 1410 639 consistat,
1462 584 1634 646 atque
1683 576 1860 629 aedili-

155 669 287 717 cent
319 669 553 717 cunctos
584 669 703 717 tam
737 662 869 717 ﬁdei
900 663 1156 730 scientia,
1191 678 1364 731 quam
1417 678 1658 732 operum
1703 661 1865 716 disci-

156 753 341 822 plina.

160 839 290 893 CAP.
326 838 413 893 Cl.
442 867 515 879 —
570 841 637 894 Ut
664 841 950 909 episcopus
982 839 1320 964 [diisidentes
1364 837 1687 892 concordare
1732 852 1867 891 com-

913 926 978 964 ue
1023 928 1054 963 a
1093 950 1105 962 .

910 926 1081 979 peuat
1093 950 1105 962 .

236 998 359 1067 (Ea:
391 998 580 1051 concil.
629 998 879 1065 Cartha.,
911 1014 1032 1067 cap.
1070 1001 1136 1051 26
1164 1000 1183 1064 )
1212 997 1569 1052 Studendum
1602 996 1866 1066 episcopo

166 1089 229 1138 ut
276 1084 621 1139 dissidentes
668 1085 891 1151 fratres,
940 1085 1057 1138 sive
1103 1085 1359 1153 clericos,
1403 1085 1517 1138 sive
1567 1084 1764 1149 laicos,
1797 1082 1869 1136 ad

164 1187 368 1241 pacem
398 1172 578 1242 magis
610 1189 782 1242 quam
811 1174 880 1226 ad
904 1173 1183 1243 judicium
1214 1175 1493 1227 hortetur.

168 1276 298 1331 CAP.
334 1277 445 1331 Cll.
477 1307 551 1319 —
593 1280 659 1332 Ut
690 1282 749 1331 in
797 1278 883 1331 die
918 1280 1193 1417 DOilfti"nifll
1231 1295 1411 1333 rerum
1450 1277 1869 1347 dijudicationes

875 1364 982 1402 non
1051 1366 1165 1403 an.

875 1364 982 1402 non
1012 1364 1165 1403 nant.

239 1452 351 1521 (Em
377 1453 566 1507 concil.
591 1452 883 1520 Spalensi.,
933 1468 1055 1520 cap.
1092 1452 1171 1519 2.)
1209 1453 1279 1505 Ut
1322 1452 1516 1505 nullus
1546 1450 1867 1520 episcopus,

169 1542 254 1594 vel
288 1541 438 1594 infra
468 1540 711 1611 positus,
744 1542 835 1595 die
881 1540 1177 1594 Dominica
1220 1557 1414 1594 causas
1438 1541 1693 1611 judicare
1724 1555 1872 1610 prae-

172 1632 386 1682 sumat.

2038 575 2301 641 parochia
2350 572 2424 625 ad
2466 573 2854 642 promotionem
2893 575 3188 626 ministerii
3236 574 3483 627 accedere
3524 589 3668 643 prx-

2042 649 2240 697 sumat.

2046 747 2155 817 (Erc
2178 748 2361 802 concil.
2394 749 2674 817 Antioch.,
2706 765 2825 815 cap.
2866 748 2977 818 I3.)
3022 749 3223 802 Nullus
3268 749 3574 819 episcopus
3605 765 3674 803 ex

1977 835 2088 889 alia
2141 836 2432 905 provincia
2487 837 2697 890 audeat
2752 838 2818 890 ad
2873 838 3044 890 aliam
3096 837 3439 907 transgredi,
3496 844 3553 890 et
3601 839 3671 891 ad

1975 925 2399 993 promotionem
2457 925 2763 978 ministerii
2819 926 3041 994 aliquos
3086 925 3144 978 in
3199 925 3460 978 Eccl‘esiis
3520 926 3674 978 ordi-

1978 1027 2136 1075 nare,
2180 1012 2310 1065 licet
2340 1028 2678 1065 consensum
2728 1013 3031 1066 videantur
3082 1014 3341 1083 praebere
3389 1015 3674 1077 nonnulli,

1978 1098 2087 1152 nisi
2117 1098 2325 1152 litteris
2359 1105 2471 1153 tam
2503 1100 2940 1170 Metropolitani,
2974 1118 3146 1171 quam
3179 1109 3537 1163 ceterorum,
3577 1102 3676 1171 qui

1979 1203 2109 1240 cum
2154 1204 2221 1241 eo
2254 1194 2405 1255 sunt,
2440 1189 2841 1258 episcoporum
2890 1193 3124 1259 rogatus
3170 1189 3454 1256 adveniat,
3504 1196 3562 1243 et
3600 1191 3678 1242 sic

1980 1276 2048 1329 ad
2104 1277 2387 1330 actionem
2444 1276 2821 1330 ordinationis
2873 1278 3117 1331 accedat.
3181 1277 3236 1331 Si
3290 1295 3446 1343 vero,
3514 1277 3675 1331 nullo

1976 1371 2238 1432 vocante,
2270 1365 2597 1418 inordinato
2632 1382 2786 1419 more
2813 1366 3159 1435 deproperat
3188 1382 3360 1433 surer
3386 1366 3674 1436 aliquibus

1982 1452 2466 1519 ordinationibus,
2532 1458 2589 1507 et
2647 1452 3040 1507 ecclesiasticis
3107 1454 3353 1523 negotiis
3412 1455 3479 1507 ad
3546 1470 3676 1507 eum

1981 1555 2098 1592 non
2131 1540 2555 1609 pertinentibus
2601 1541 3011 1609 componendis
3046 1556 3057 1593 :
3094 1540 3253 1593 irrita
3283 1541 3515 1609 quidem
3546 1558 3675 1610 quas

1983 1628 2053 1680 ab
2086 1643 2151 1680 eo
2186 1632 2465 1696 geruntur
2487 1628 2749 1680 existant.
2785 1629 2909 1697 lpse
2936 1644 3067 1681 vero
3097 1628 3463 1698 incompositi
3490 1635 3679 1681 motus

169 1736 299 1789 CAP.
336 1736 478 1790 cup
522 1764 589 1774 _
641 1738 708 1789 De
750 1734 1041 1788 domestica
1084 1739 1133 1788 et
1180 1737 1429 1789 interior,-
1478 1736 1874 1788 οοηυενεαιίοηε
1906 1756 1946 1810 Β
1987 1715 2094 1783 sui,
2129 1715 2615 1769 etirrationabilis
2644 1715 2895 1769 audaciae
2924 1716 3125 1770 subeat
3153 1717 3453 1784 ultionem,
3486 1732 3550 1769 ex
3575 1716 3678 1769 hoc

827 1808 1215 1874 episcoporum.

241 1911 353 1980 (Ea:
385 1911 573 1964 concil.
606 1911 917 1972 Aurelian,
947 1926 1066 1979 cap.
1102 1909 1175 1979 5.)
1208 1910 1461 1964 Decrevit
1490 1914 1679 1964 sancta
1712 1926 1875 1980 syno-

174 1999 280 2053 dus
311 1998 682 2052 domesticam
732 2003 789 2051 et
832 1998 1165 2052 interiorem
1200 1998 1450 2069 episcopi
1491 2000 1873 2052 conversatio-

175 2103 305 2140 nem
336 2087 514 2139 totius
544 2086 1001 2156 reprehensionis
1042 2094 1209 2156 atque
1241 2088 1580 2157 suspicionis
1611 2087 1874 2157 impene-

178 2174 444 2229 trabilem
489 2174 613 2227 iieri
644 2174 871 2239 debere,
914 2179 976 2227 ut
999 2175 1161 2245 juxta
1207 2177 1540 2246 Apostolum
1570 2176 1873 2245 providea-

178 2279 306 2316 mus
364 2263 534 2329 bona,
589 2279 703 2316 non
752 2264 935 2316 solum
984 2280 1174 2317 coram
1228 2266 1363 2329 Deo,
1420 2266 1517 2318 sed
1560 2265 1732 2318 etiam
1782 2280 1874 2318 co-

179 2368 303 2405 ram
371 2351 642 2403 omnibus
707 2351 1055 2405 hominibus.
1120 2353 1357 2422 Oportet
1418 2352 1593 2423 igitur
1650 2358 1713 2405 ut
1778 2368 1874 2405 cu-

179 2439 369 2493 biculo
430 2438 683 2509 episcopi
745 2444 801 2492 et
857 2440 1257 2493 secretioribus
1316 2441 1663 2511 quibuslibet
1716 2441 1875 2495 obse-

180 2524 332 2593 quiis
395 2523 633 2577 sincerae
688 2523 979 2594 opinionis
1036 2525 1354 2578 sacerdotes
1414 2529 1469 2579 et
1534 2525 1723 2578 clerici
1782 2541 1878 2577 as-

184 2612 414 2675 sistant,
487 2611 583 2681 qui
649 2612 1013 2682 vigilantem,
1082 2618 1374 2681 orantem,
1430 2630 1587 2666 sacra
1647 2612 1880 2683 eloquia

182 2704 554 2765 scrutantem,
583 2700 915 2770 episcopum
944 2717 1111 2754 suum
1142 2701 1354 2772 jugiter
1381 2701 1697 2767 attendant,
1727 2701 1878 2771 ejus-

180 2804 295 2858 que
342 2794 553 2841 sanctae
600 2789 1049 2842 conversationis
1092 2794 1285 2857 testes,
1337 2789 1671 2857 imitatores,
1721 2795 1777 2843 et
1808 2790 1880 2844 ad

184 2878 284 2930 Dei
315 2877 563 2947 gloriam
590 2876 1013 2945 praedicationis
1039 2877 1298 2931 existant.

188 2979 318 3036 Car.
354 2983 487 3038 CIV.
521 3013 590 3023 —
643 2985 709 3038 Ut
758 2986 1036 3107 episcopus
1087 2985 1247 3108 quasi
1278 2982 1471 3053 hospes
1509 2998 1564 3037 se
1609 2984 1881 3037 continere

618 3070 631 3087 ο
965 3072 991 3107 e
1029 3071 1089 3108 ea
1121 3096 1132 3107 .

618 3070 631 3087 ‘
926 3070 1132 3108 aeoeat.

252 3163 362 3231 (Eo:
417 3163 583 3217 dictis
631 3163 883 3231 August.)
931 3162 1240 3232 Episcopus
1288 3162 1452 3232 quasi
1501 3162 1709 3232 hospes
1756 3162 1882 3217 ﬁeri

182 3248 375 3311 debet,
424 3254 481 3302 et
511 3250 790 3318 privatam
837 3249 1071 3302 domum
1125 3264 1243 3301 non
1294 3247 1519 3314 habeat,
1573 3248 1672 3301 sed
1719 3249 1881 3319 quasi

180 3336 389 3407 hospes
423 3353 543 3390 esse
600 3337 786 3402 debet,
837 3341 898 3389 ut
946 3336 1200 3390 Christus
1250 3336 1370 3390 ait:
1406 3336 1579 3390 Filius
1626 3336 1880 3391 hominis

187 3441 305 3479 non
336 3424 509 3479 habet
538 3425 637 3479 ubi
661 3429 830 3495 caput
860 3440 1027 3478 suum
1056 3424 1313 3479 reclinet.

182 3530 313 3585 CAP.
362 3531 469 3585 CV.
508 3561 575 3570 —
626 3532 692 3585 Ut
741 3533 979 3601 episcopi
1020 3533 1332 3600 frequenter
1361 3531 1560 3585 Missas
1600 3530 1875 3584 celebrent.

253 3636 364 3705 (Em
407 3637 594 3690 concil.
644 3636 930 3698 Arausico,
983 3650 1104 3703 cap.
1156 3635 1231 3706 3.)
1279 3634 1610 3697 Statuimus.
1659 3640 1721 3688 ut
1762 3651 1880 3689 non

181 3729 405 3778 tantum
453 3723 764 3778 Dominicis
808 3724 1028 3789 diebus,
1070 3731 1126 3777 et
1155 3724 1455 3794 praecipuis
1483 3723 1879 3777 festivitatibus

181 3811 436 3882 episcopi
485 3812 676 3865 Missas
721 3811 1030 3878 celebrent,
1067 3812 1161 3865 sed
1206 3828 1335 3865 cum
1383 3811 1654 3881 possibile
1684 3811 1876 3877 fuerit,

181 3899 518 3970 quotidiana
568 3915 799 3971 quoque
843 3898 1119 3954 sacriﬁcia
1148 3900 1534 3970 frequentem,
1589 3915 1693 3953 nec
1727 3899 1878 3954 fasti-

183 3986 365 4040 diant.

183 4092 311 4147 CAP.
345 4093 457 4147 CVI
525 4124 593 4133 —
640 4095 719 4147 Ne
769 4095 1045 4161 episcopus
1088 4094 1266 4161 pretio
1323 4097 1607 4163 corruptus
1652 4094 1878 4147 alterius

594 4165 844 4218 clericum
874 4164 1131 4217 ordinare
1154 4168 1471 4233 praesumat.

254 4268 362 4332 (Ea:
391 4269 579 4322 concil.
610 4270 967 4330 Hannerensi,
1001 4283 1120 4337 cap.
1165 4269 1241 4337 1.)
1274 4267 1552 4323 Omnibus
1600 4268 1875 4322 ministris

184 4354 576 4409 ecclesiastica
661 4354 959 4426 dignitatis
1042 4355 1472 4425 interdicimus,
1546 4360 1609 4410 ut
1685 4357 1877 4410 nullus

184 4457 531 4514 quocunque
571 4459 809 4497 munere
857 4448 957 4497 aut
1001 4443 1193 4497 favore
1242 4448 1564 4514 corruptus,
1606 4444 1876 4498 clericum

184 4531 419 4585 alterius
478 4532 763 4601 parochize
818 4532 1063 4585 latenter
1125 4548 1189 4585 ac
1244 4532 1449 4597 furtive
1510 4532 1580 4586 ad
1648 4532 1878 4586 ordina-

184 4618 399 4670 tionem
451 4618 923 4672 subintroducere
976 4624 1304 4688 praesumat.
1356 4618 1517 4682 Quod
1572 4619 1618 4672 si
1661 4619 1877 4687 fecerit,

179 4705 341 4774 juxta
375 4705 836 4760 Chalcedonense
888 4706 1200 4770 decretum,
1232 4706 1280 4761 is
1328 4708 1428 4777 qui
1458 4697 1739 4762 mediator
1783 4725 1875 4762 ex—

186 4792 342 4858 stitit,
376 4794 422 4845 si
454 4793 692 4847 clericus
735 4799 839 4857 est,
875 4796 1110 4864 proprio
1143 4797 1326 4865 gradu
1352 4796 1593 4863 decidat,
1626 4797 1673 4851 si
1702 4797 1880 4851 laicus

188 4884 281 4931 aut
304 4879 635 4945 monachus,
669 4882 1202 4935 anathematizetur.

189 4981 311 5037 ΟΑΡ.
347 4984 503 5039 CVII.
540 5014 609 5023 —
663 4986 726 5039 Ut
776 4988 1055 5052 episcopus
1102 4988 1319 5041 clericos
1364 4988 1588 5043 alterius
1607 4991 1882 5058 parochiw

739 5058 1047 5111 nullatenus
1082 5058 1320 5113 ordinet.

257 5159 366 5227 (Ea:
423 5160 609 5214 concil.
668 5163 993 5229 Parisiensi,
1046 5178 1168 5231 cap.
1238 5163 1346 5233 32.)
1407 5164 1715 5235 EpiscOpus
1764 5182 1882 5220 non

187 5246 489 5301 constituat
540 5250 904 5320 presbyteros
945 5255 1043 5303 aut
1074 5250 1341 5305 diaconos
1386 5253 1552 5305 alteri
1599 5252 1881 5323 subjectos

187 5334 469 5405 episcopo,
522 5336 631 5388 nisi
661 5336 808 5390 forte
842 5353 972 5391 cum
1004 5339 1241 5392 consilio
1272 5344 1329 5393 et
1357 5338 1647 5394 voluntate
1677 5340 1877 5409 ipsius.

188 5420 242 5475 Si
315 5423 444 5493 quis
516 5429 708 5479 autem
786 5426 899 5479 tale
982 5426 1203 5497 aliquid
1286 5443 1454 5498 agere
1529 5430 1879 5497 tentaverit,

190 5508 345 5564 irrita
399 5511 473 5566 sit
526 5513 651 5583 ejus
699 5513 1004 5582 ordinatio,
1053 5520 1110 5569 et
1154 5515 1277 5586 ipse
1324 5523 1657 5573 coerceatur
1705 5534 1739 5572 a
1783 5534 1879 5589 sy-

191 5598 349 5654 nodo.

1978 1803 2101 1872 jam
2134 1802 2438 1856 damnatus
2466 1819 2500 1855 a
2529 1808 2725 1856 sancto
2757 1802 3019 1856 concilio.

1985 1906 2092 1959 CAP
2137 1905 2266 1960 CIX.
2300 1935 2369 1944 -—
2414 1906 2490 1960 Ne
2533 1907 2813 1973 episcopus
2861 1906 3092 1960 alterius
3136 1906 3384 1959 Ecclesia
3428 1904 3677 1959 clericum

2425 1976 2685 2029 audacter
2710 1976 2966 2029 invadere
2995 1980 3237 2029 attentet.

2053 2082 2165 2137 (Ea:
2218 2083 2402 2136 concil.
2462 2084 2701 2144 Niceno,
2752 2097 2871 2150 cap.
2936 2081 3045 2151 16.)
3093 2081 3148 2134 Si
3204 2081 3333 2150 quis
3379 2081 3681 2152 episcopus

1983 2169 2254 2223 clericum
2301 2170 2369 2223 ad
2419 2170 2597 2223 alium
2646 2170 3031 2240 pertinentem
3081 2169 3350 2222 audacter
3390 2170 3678 2231 invadere,

1985 2264 2039 2311 et
2092 2258 2153 2311 in
2206 2274 2307 2311 sua
2362 2258 2607 2311 Ecclesia
2660 2258 2927 2311 ordinare
2981 2258 3305 2323 tentaverit,
3365 2274 3480 2311 non
3539 2274 3680 2311 con-

1986 2346 2265 2400 sentiente
2322 2346 2589 2416 episcopo
2638 2362 2670 2398 a
2718 2362 2831 2416 quo
2887 2345 3162 2411 discessit,
3222 2345 3269 2398 is
3318 2346 3418 2416 qui
3466 2346 3679 2417 regulae

1987 2434 2375 2504 mancipatur,
2445 2433 2731 2487 ordinatio
2798 2433 3134 2504 hujusmodi
3194 2433 3355 2487 irrita
3418 2450 3680 2504 compro-

1988 2523 2175 2577 betur.

1988 2628 2116 2681 Cae.
2158 2627 2260 2681 CX.
2309 2655 2373 2666 —
2420 2629 2498 2681 De
2538 2642 2645 2680 non
2677 2626 3069 2749 prziumendis
3112 2628 3324 2682 illicitis
3373 2627 3676 2683 ordinatio-

2742 2714 2799 2749 τη
2838 2712 2920 2749 us.

2742 2712 2900 2750 ηῑοιιε
2908 2737 2920 2750 .

2059 2785 2167 2854 (Ea:
2209 2787 2366 2853 epist.
2391 2785 2665 2853 Simplicii
2687 2800 2821 2853 pap.
2855 2787 3026 2839 missa
3053 2787 3274 2854 Equitio
3313 2787 3599 2853 Florentio,
3631 2792 3681 2840 et

1990 2874 2137 2929 Seve.
2187 2874 2347 2941 epist.
2399 2887 2525 2942 cap.
2586 2872 2657 2942 1.)
2708 2872 2927 2926 Relatio
2982 2889 3088 2927 nos
3130 2879 3330 2927 vestras
3362 2874 3683 2928 dilectionis

1991 2960 2279 3026 instruxit,
2357 2964 2415 3013 et
2476 2965 2768 3030 gestorum
2836 2961 3011 3014 series
3076 2961 3305 3030 plenius
3372 2962 3680 3031 intimavit,

1915 3039 1955 3093 C
1992 3047 2370 3103 Gaudentium
2415 3048 2739 3102 Ofﬁniensis
2787 3049 3047 3103 Ecclesiae
3093 3050 3439 3104 sacerdotem
3485 3056 3683 3105 contra

1990 3141 2203 3190 statuta
2257 3153 2542 3190 canonum
2600 3154 2663 3191 ac
2713 3143 2905 3191 nostra
2960 3143 3245 3208 praecepta
3295 3139 3683 3193 ordinationes

1989 3225 2217 3279 illicitas
2280 3230 2658 3295 perpetrasse.
2737 3226 2991 3290 Quarum
3062 3227 3145 3279 illi
3215 3231 3388 3282 totam
3456 3227 3683 3298 penitus

1988 3312 2203 3367 auferri
2253 3313 2619 3383 prazcipimus
2649 3317 3007 3383 potestatem.
3060 3313 3398 3383 Scripsimus
3430 3316 3581 3368 enim
3612 3316 3682 3369 ad

1989 3402 2259 3456 Severum
2310 3400 2545 3455 fratrem
2598 3406 2654 3455 et
2703 3402 3096 3472 coepiscopum
3162 3408 3442 3468 nostrum,
3494 3408 3576 3469 ut,
3636 3406 3683 3456 si

1987 3504 2215 3542 necesse
2268 3488 2457 3554 fuerit,
2505 3490 2627 3559 ipse
2674 3489 2733 3543 in
2781 3490 3112 3560 supradicta
3164 3491 3430 3557 Ecclesia,
3491 3492 3678 3546 consi-

1985 3577 2195 3631 deratis
2255 3578 2487 3630 Patrum
2542 3577 2775 3647 regulis,
2840 3579 2947 3632 hoc
2997 3578 3273 3648 fungatur
3320 3578 3507 3633 ofticio
3567 3595 3680 3649 quo

1985 3664 2083 3718 ille
2133 3665 2341 3719 abusus
2390 3681 2513 3719 esse
2560 3666 2854 3720 convictus
2886 3670 2971 3720 est
3004 3683 3017 3720 :
3048 3666 3126 3720 ita
3154 3671 3221 3720 ut
3250 3666 3309 3720 hi
3360 3667 3459 3737 qui
3491 3667 3683 3721 illicite

1988 3755 2057 3808 ab
2089 3753 2290 3808 eodem
2322 3758 2456 3809 sunt
2499 3754 2772 3825 provecti,
2805 3756 2875 3810 ab
2916 3754 3321 3810 Ecclesiasticis
3352 3756 3683 3809 ministeriis

1986 3842 2191 3896 remoti
2222 3843 2355 3897 sint.

1988 3948 2114 4002 CAP.
2150 3947 2279 4002 CXI.
2330 3976 2402 3989 -
2447 3951 2523 4002 De
2552 3951 2798 4017 episcopo
2846 3965 2974 4003 caeco
3014 3951 3128 4016 qni,
3162 3964 3259 4015 per
3303 3949 3679 4017 presbyterum

2083 4033 2260 4087 suum,
2289 4019 2666 4088 presbyterum
2692 4026 2740 4073 et
2771 4019 3023 4073 diaconos
3044 4019 3177 4073 duos
3213 4022 3581 4075 ordinaverat.

2058 4106 2166 4176 (Ea:
2226 4109 2411 4161 concil.
2473 4110 2734 4174 Bragga.,
2802 4124 2922 4176 cap.
2990 4108 3072 4175 5.)
3144 4108 3229 4161 Ad
3295 4108 3682 4178 cognitionem

1987 4194 2165 4247 nostri
2207 4194 2484 4248 examinis
2536 4195 2840 4248 Gabrensis
2899 4195 3123 4249 diaconi
3181 4196 3366 4249 relatu
3426 4197 3687 4265 pervenit

1989 4280 2057 4333 de
2090 4279 2433 4350 quibusdam
2477 4280 2661 4349 ipsius
2693 4280 2953 4334 Ecclesiae
2983 4280 3222 4346 clericis,
3255 4297 3499 4351 quorum
3546 4284 3685 4336 dum

1990 4384 2138 4422 unus
2168 4369 2234 4421 ad
2268 4368 2625 4439 presbyterii,
2670 4369 2783 4422 duo
2822 4368 2891 4422 ad
2924 4368 3248 4422 Levitarum
3298 4369 3683 4423 ministerium

1987 4460 2473 4523 consecrarentur,
2530 4456 2832 4526 episcopus
2880 4462 3073 4510 autem
3134 4472 3333 4511 eorum
3388 4459 3683 4512 oculorum

1988 4544 2183 4598 dolore
2214 4543 2503 4611 detentus,
2534 4544 2714 4598 fertur
2744 4560 2979 4599 manum
3013 4561 3175 4599 suam
3208 4562 3383 4616 super
3419 4546 3521 4600 hos
3556 4552 3685 4600 tan—

1987 4637 2108 4686 tum
2140 4632 2420 4702 posuisse,
2472 4638 2529 4686 et
2557 4632 2955 4704 presbyterum
2986 4634 3297 4704 quemdam
3343 4634 3457 4689 illis
3487 4641 3686 4689 contra

1987 4720 2428 4774 ecclesiasticum
2459 4721 2718 4775 ordinem
2771 4722 3229 4777 benedictionem
3282 4724 3529 4778 dedisse.
3579 4724 3687 4788 Qui

1988 4809 2118 4862 licet
2158 4814 2390 4879 propter
2426 4814 2645 4863 tantam
2698 4812 3160 4882 praesumptionis
3205 4812 3500 4867 audaciam
3531 4819 3689 4883 pote-

1987 4903 2075 4951 rat
2129 4902 2422 4951 accusatus
2474 4898 2688 4967 judicio
2739 4900 3009 4968 praesenti
3065 4901 3347 4965 damnari,
3408 4902 3456 4955 si
3502 4902 3688 4956 adhuc

1986 4986 2046 5040 in
2107 5001 2345 5056 corpore
2400 4987 2640 5055 positus,
2703 5003 2821 5041 non
2878 4988 3084 5042 fuisset
3137 4989 3341 5043 mortis
3392 4991 3687 5045 vocatione

1987 5080 2313 5146 prseventus
2343 5091 2355 5128 :
2393 5075 2488 5129 sed
2519 5074 2652 5145 quia
2674 5076 2793 5145 jam
2826 5075 2922 5129 ille
2953 5077 3202 5131 examini
3234 5077 3428 5132 divino
3458 5079 3688 5133 relictus

1990 5166 2096 5229 est,
2148 5163 2402 5217 humano
2453 5163 2671 5234 judicio
2729 5164 2981 5218 accusari
3037 5181 3153 5218 non
3203 5172 3391 5235 potest
3432 5183 3445 5219 :
3480 5168 3538 5220 hi
3588 5169 3687 5237 qui

1989 5257 2318 5322 supersunt,
2364 5256 2419 5306 et
2449 5252 2518 5306 ab
2560 5268 2627 5306 eo
2660 5268 2774 5305 non
2805 5253 3247 5306 consecrationis
3284 5254 3537 5321 titulUm,
3590 5256 3687 5310 sed

1990 5340 2328 5410 ignominiae
2386 5340 2578 5409 potius
2635 5340 2927 5411 eulogium
2987 5348 3387 5411 perceperunt.
3450 5359 3521 5397 ne
3581 5343 3690 5397 sibi

1992 5428 2279 5482 licentiam
2326 5429 2452 5482 talis
2497 5430 2793 5499 usurpatio
2842 5429 3030 5492 faciat,
3080 5429 3433 5485 decrevimus
3464 5435 3526 5485 ut
3556 5447 3687 5502 gra-

1993 5516 2131 5570 dum
2165 5517 2471 5570 sacerdotis
2503 5519 2591 5572 vel
2642 5518 2870 5572 Levitici
2916 5518 3155 5585 ordinis,
3206 5536 3378 5590 quem
3426 5537 3688 5591 perverse

1995 5604 2189 5673 adepti
2238 5609 2389 5670 sunt,
2421 5604 2668 5675 depositi
2718 5622 2885 5677 aequo
2926 5605 3140 5676 judicio
3174 5606 3501 5662 abutantur.
3533 5606 3691 5662 Tales
