3956 6298
321 311 424 365 583

1399 305 1802 362 BURCHABDI
1841 304 2373 362 WORMACIENSIS
2411 304 2746 362 EPISCOPI.

3720 309 3827 365 584

319 432 474 488 enim
533 429 744 485 merito
787 427 1034 500 judicati
1083 429 1216 482 sunt
1256 428 1606 496 removendi,
1659 428 1794 500 quia
1847 444 2014 498 prave
2042 429 2089 482 A
2126 427 2292 481 nobis
2321 427 2391 482 de
2420 443 2488 482 eo
2520 430 2706 498 major
2735 427 2809 482 sit
2849 429 3208 498 verecundia,
3240 433 3298 483 et
3327 428 3411 483 illi
3457 429 3827 502 episcopatus

319 518 540 576 inventi
571 521 703 572 sunt
731 515 1045 571 constituti.

321 610 449 665 CAP.
514 607 669 662 CXII.
733 635 796 645 —
860 604 1013 672 Quod
1075 619 1182 658 non
1243 606 1487 674 oporteat
1549 606 1856 674 episcopum
1916 620 2015 674 per

697 680 984 745 pecuniam
1022 677 1330 744 quempiam
1359 675 1631 728 ordinare.

393 766 514 835 (Ea:
558 766 742 820 concil.
797 763 1069 829 Chalced.,
1119 778 1238 832 cap.
1289 765 1368 830 2.)
1414 762 1472 817 Si
1529 763 1656 834 quis
1713 763 2012 834 episcopus

319 871 423 926 per
467 853 772 924 pecuniam
822 853 1019 906 fecerit
1067 851 1516 917 ordinationem,
1573 856 1629 904 et
1673 851 1778 906 sub
1826 851 2012 922 pretio

320 943 606 1013 redegerit
656 941 902 1012 Spiritus
951 939 1130 993 sancti
1178 939 1442 1008 gratiam,
1493 955 1622 1010 quae
1674 956 1789 993 non
1825 944 2016 1010 potest

315 1031 508 1099 vendi,
561 1029 1018 1098 ordinaveritque
1048 1044 1153 1098 per
1193 1027 1495 1098 pecuniam
1527 1028 1880 1098 episcopum,
1917 1033 2015 1082 aut

313 1120 732 1190 presbyterum,
792 1121 892 1170 aut
938 1116 1265 1182 diaconum,
1316 1116 1404 1170 vel
1459 1115 1775 1187 quemlibet
1823 1132 1889 1170 ex
1923 1116 2012 1170 his

317 1208 418 1279 qui
469 1210 958 1262 connumerantur
1009 1205 1070 1259 in
1115 1205 1308 1258 clero:
1341 1204 1558 1275 proprii
1603 1205 1811 1276 gradus
1857 1205 2008 1276 peri-

314 1298 441 1351 culo
485 1294 798 1365 subjacebit
831 1311 843 1348 :
877 1297 932 1348 et
983 1293 1084 1362 qui
1135 1292 1431 1348 ordinatus
1479 1297 1579 1357 est,
1613 1292 1758 1346 nihil
1805 1308 1877 1347 ex
1907 1292 2012 1347 hac

315 1384 673 1439 ordinatione
719 1381 1000 1452 proficiet,
1050 1380 1148 1434 sed
1180 1381 1401 1434 alienus
1447 1379 1582 1433 sita
1621 1380 1918 1451 dignitate.
1953 1379 2010 1435 Si

315 1473 442 1544 quis
493 1488 626 1525 vero
675 1471 958 1525 mediator
1007 1469 1155 1522 datis
1211 1469 1298 1522 vel
1361 1468 1604 1538 acceptis
1660 1468 1940 1523 exstiterit
1990 1486 2004 1524 :

315 1561 361 1614 si
411 1559 645 1631 quidem
691 1558 930 1612 clericus
976 1557 1167 1622 fuerit,
1223 1556 1460 1626 proprio
1504 1555 1684 1626 gradu
1740 1556 2007 1610 decidat:

313 1649 361 1702 si
387 1665 521 1703 vero
549 1647 887 1713 monachus,
922 1651 1020 1699 aut
1051 1645 1247 1711 laicus,
1279 1643 1813 1700 anathematizetur.

314 1738 446 1792 CAP.
501 1736 680 1792 CXIII.
739 1765 808 1775 —
857 1733 1012 1800 Quod
1037 1748 1252 1857 tmuéius
1301 1735 1464 1787 etiam
1501 1735 1575 1788 sit
1622 1748 1656 1786 a
1704 1733 1894 1800 lingua
1935 1735 2009 1788 υἱ-

1060 1819 1130 1857 an
1173 1819 1282 1857 um.

1060 1819 1282 1857 anaum.

384 1895 495 1965 (Em
529 1894 688 1948 dictis
724 1893 971 1960 Gregorii
990 1891 1192 1961 papae.)
1227 1891 1370 1946 Sunt
1401 1891 1667 1946 nonnulli
1700 1891 1801 1962 qui
1836 1907 2005 1946 num-

313 1999 544 2037 morum
593 1982 823 2052 quidem
879 1979 1117 2051 praemia
1165 1995 1230 2032 ex
1288 1979 1647 2034 ordinatione
1691 1995 1809 2033 non
1863 1979 2006 2033 acci-

310 2072 501 2142 piunt,
569 2075 762 2124 tamen
826 2085 1014 2122 sacros
1080 2068 1312 2122 ordines
1364 2085 1470 2138 pro
1521 2068 1774 2122 humana
1823 2068 2003 2139 gratia

311 2159 654 2230 largiuntur.
729 2157 795 2211 Hi
859 2157 1138 2211 nimirum
1207 2156 1363 2226 quod
1427 2155 1604 2227 gratis
1672 2155 2001 2227 accipiunt,

311 2247 487 2317 gratis
517 2261 632 2299 non
680 2244 945 2299 tribuunt
978 2261 991 2298 :
1023 2245 1160 2314 quia
1208 2243 1415 2298 favoris
1461 2260 1766 2297 nummum
1798 2244 1867 2298 de
1895 2244 2002 2298 im-

311 2351 486 2405 penso
518 2333 704 2388 officio
739 2332 1052 2386 sanctitatis
1095 2335 1384 2401 expetunt.
1429 2331 1588 2386 Unde
1636 2347 1767 2385 cum
1814 2331 2001 2386 virum

304 2424 524 2494 justum
571 2421 920 2476 describeret
971 2419 1162 2486 Isaias,
1214 2420 1294 2474 ait
1333 2436 1346 2474 :
1389 2419 1496 2483 Qui
1546 2421 1758 2474 excutit
1801 2436 2004 2474 manus

311 2527 442 2565 suas
489 2511 560 2565 ab
610 2511 769 2564 omni
823 2519 1106 2563 munere:
1143 2507 1280 2580 quia
1329 2508 1485 2562 aliud
1539 2512 1626 2562 est
1672 2524 1884 2562 munus
1931 2509 2004 2563 ab

310 2598 609 2669 obsequio,
672 2597 826 2652 aliud
892 2612 1104 2650 munus
1160 2611 1194 2649 a
1241 2612 1437 2663 manu,
1493 2596 1646 2650 aliud
1710 2612 1919 2650 munus
1973 2613 2005 2649 a

307 2688 524 2758 lingua.
578 2686 781 2740 Munus
831 2684 899 2738 ab
955 2684 1245 2755 obsequio,
1299 2690 1384 2739 est
1428 2683 1702 2754 subjectio
1750 2684 2004 2740 indebite

307 2775 590 2844 impensa.
638 2774 841 2827 Munus
871 2789 902 2826 a
932 2787 1130 2838 manu,
1161 2772 1408 2842 pecunia
1452 2777 1554 2826 est.
1608 2773 1810 2826 Munus
1840 2789 1871 2826 a
1899 2772 2005 2826 lin-

307 2879 440 2933 gua,
490 2861 666 2916 favor.
701 2859 808 2925 Qui
839 2875 974 2930 ergo
1022 2875 1209 2914 sacros
1239 2860 1470 2915 ordines
1508 2859 1733 2927 tribuit,
1764 2865 1901 2916 tunc
1931 2859 2001 2913 ab

307 2951 467 3004 omni
533 2965 774 3003 munere
841 2965 1044 3002 manus
1101 2947 1328 3016 excutit,
1399 2947 1632 3019 quando
1683 2948 1744 3000 in
1793 2947 2002 3002 divinis

307 3038 477 3092 rebus
524 3053 642 3091 non
671 3037 860 3091 solum
889 3037 1066 3090 ullam
1096 3037 1416 3107 pecuniam,
1467 3035 1568 3090 sed
1597 3034 1770 3090 etiam
1804 3035 2004 3090 huma-

308 3139 442 3180 nam
470 3124 713 3195 gratiam
747 3139 862 3177 non
887 3122 1146 3193 requirit.

305 3214 434 3268 CAP.
471 3213 645 3268 CXIV.
675 3240 748 3253 —
797 3213 863 3266 Ut
905 3227 1013 3265 non
1048 3211 1231 3266 valeat
1277 3212 1542 3265 sententia
1592 3212 1831 3281 episcopi
1891 3213 2003 3266 nisi

567 3285 878 3338 clericorum
909 3298 1129 3338 suorum
1153 3284 1448 3352 praesentia
1471 3284 1735 3351 ﬁrmetur.

376 3373 486 3446 (Ea:
515 3374 702 3428 concil.
736 3372 1033 3439 Carthag.,
1066 3387 1188 3441 cap.
1231 3371 1346 3441 23.)
1381 3371 1544 3424 Irrita
1575 3371 1688 3426 erit
1714 3370 2000 3425 sententia

303 3462 574 3534 episcopi,
617 3461 729 3516 nisi
776 3461 1115 3516 clericorum
1153 3475 1389 3514 suorum
1433 3459 1741 3531 praesentia
1786 3459 1999 3514 conﬁr-

300 3555 509 3606 metur.

301 3639 429 3694 CAP.
465 3639 612 3693 CXV.
645 3667 714 3676 -—-
755 3638 823 3691 Ut
864 3639 1144 3706 episcopus
1197 3635 1488 3691 secundum
1532 3635 1769 3691 reditum
1819 3638 1998 3693 Eccle-

616 3710 825 3762 siarum
849 3723 1130 3762 numerum
1157 3708 1468 3761 clericorum
1490 3709 1684 3774 faciat.

374 3796 486 3865 (Ea:
515 3797 702 3850 concit.
746 3796 1024 3864 Spatensi,
1073 3810 1196 3864 cap.
1240 3796 1316 3864 t.)
1348 3795 1427 3849 Ne
1453 3794 1665 3865 passim
1696 3795 1996 3866 episcopus

301 3885 733 3940 multitudinem
781 3883 1120 3938 clericorum
1161 3884 1348 3950 faciat,
1381 3883 1478 3938 sed
1527 3885 1838 3938 secundum
1873 3899 1994 3938 me-

298 3975 496 4041 ritum,
560 3974 649 4028 vel
706 3973 996 4028 redditum
1053 3972 1425 4027 Ecclesiarum
1475 3988 1748 4028 numerus
1794 3973 1996 4028 mode-

297 4067 476 4118 retur.
539 4151 666 4206 CAP.
703 4150 881 4206 CXVI.
907 4179 991 4211 ,—
1035 4152 1102 4205 De
1137 4152 1401 4220 episcopis
1425 4152 1750 4221 peregrinis.

368 4242 478 4308 (Ea:
507 4241 693 4294 concil.
739 4240 1066 4306 Arelatensi,
1115 4255 1236 4309 cap.
1287 4239 1396 4308 20.)
1450 4240 1528 4293 De
1575 4238 1854 4310 episcopis
1889 4255 1987 4310 pe-
2019 4271 2062 4326 Β

293 4328 541 4399 regrinis
587 4328 687 4399 qui
716 4328 776 4382 in
824 4328 1030 4383 urbem
1060 4329 1250 4382 solent
1287 4328 1500 4396 venire,
1536 4344 1678 4399 quos
1715 4329 1992 4382 veraciter

297 4418 596 4488 episcopos
645 4417 856 4472 scimus
912 4433 1052 4484 esse,
1109 4415 1328 4488 placuit
1372 4417 1454 4471 eis
1510 4417 1702 4470 locum
1751 4416 1878 4470 dari
1927 4421 1992 4471 ut

294 4505 555 4560 offerant.

294 4594 422 4648 CAP.
457 4593 663 4648 CXVII.
695 4623 766 4633 —
811 4595 879 4647 Ut
909 4593 1126 4648 levitate
1163 4597 1425 4661 vagantes
1454 4595 1711 4662 episcopi,
1757 4591 1832 4647 ad
1864 4608 1990 4663 pro-

745 4667 873 4733 pria
904 4664 1082 4718 redire
1121 4665 1530 4735 compellantur.

367 4753 477 4822 (Ea:
505 4755 694 4821 regist.
752 4754 975 4821 Gregor.
1021 4769 1198 4822 papa,
1249 4751 1323 4806 ad
1351 4752 1638 4818 Siagrium
1683 4754 1989 4822 episcopum

291 4841 705 4910 Augustulum,
760 4857 882 4911 cap.
950 4843 1091 4904 122.)
1159 4841 1300 4895 Cum
1367 4839 1675 4894 sacerdotis
1739 4841 1988 4910 dignitas

291 4929 419 4984 aliis
467 4930 726 4985 videatur
759 4929 1136 5000 dignitatibus
1183 4928 1461 4995 eminere,
1512 4927 1591 4982 ita
1632 4927 1891 4999 quisquis
1922 4946 1986 4983 ea

290 5023 524 5072 ornatus
555 5023 659 5086 est,
691 5017 910 5072 cunctis
955 5033 1013 5070 se
1052 5015 1398 5070 imitandum
1449 5015 1619 5070 debet
1665 5017 1985 5087 ostendere,

290 5112 353 5161 ut
381 5107 645 5178 exemplo
690 5105 778 5160 sui
803 5104 950 5158 nulli
977 5119 1203 5171 nocere,
1245 5103 1342 5158 sed
1369 5102 1545 5158 vitam
1578 5103 1772 5174 potius
1803 5106 1988 5160 valeat

289 5211 638 5266 componere
682 5195 1092 5264 subjectorum.
1145 5191 1285 5246 Nam
1335 5191 1383 5245 si
1424 5197 1580 5247 actus
1625 5192 1922 5248 dissentiat
1953 5211 1986 5248 a

291 5284 548 5350 nomine,
599 5288 816 5354 quanto
862 5280 1228 5352 pontiﬁcatus
1261 5280 1384 5351 ipse
1415 5281 1546 5351 plus
1593 5280 1780 5351 erigit,
1828 5286 1985 5336 tanto

287 5373 474 5443 magis
504 5372 733 5427 abdicit.
769 5371 966 5442 Itaque
997 5371 1278 5426 Menatem
1312 5369 1598 5440 quendam
1630 5368 1981 5440 episcopum,

288 5461 389 5531 qui
435 5461 570 5515 illuc
599 5461 670 5515 de
720 5459 1029 5515 diaeceseos
1053 5462 1260 5513 nostra:
1303 5457 1659 5512 ordinatione
1696 5457 1985 5529 profectus

286 5552 389 5615 est,
440 5549 500 5603 in
546 5552 706 5604 tanta
755 5565 814 5604 se
856 5548 1086 5604 levitate
1128 5546 1432 5603 didicimus
1477 5545 1766 5616 exhibere,
1814 5551 1879 5603 ut
1929 5552 1986 5602 et

2123 531 2332 570 nomen
2365 532 2480 570 non
2513 517 2586 570 sit
2613 515 2674 569 in
2704 515 2943 586 honore,
2978 517 3075 572 sed
3107 532 3303 571 onere.
3352 517 3510 581 Quod
3545 517 3684 588 quia
3710 535 3825 588 pu-

2121 603 2247 658 dori
2299 604 2467 658 nobis
2497 609 2602 669 est,
2653 604 2721 658 de
2769 621 2835 658 eo
2877 605 2979 659 illa
3011 621 3374 677 cognoscere,
3407 621 3535 676 quas
3566 605 3627 660 in
3677 607 3826 660 alia-

2121 708 2251 746 rum
2282 693 2712 766 provinciarum
2749 694 2989 748 omnino
3038 693 3514 764 reprehendimus
3561 695 3828 750 sacerdo-

2122 781 2294 846 tibus,
2326 781 2652 835 fraternitas
2695 785 2882 834 vestra
2931 797 3065 836 eum
3101 782 3218 835 illic
3245 781 3542 836 immorari
3571 783 3826 854 amplius

2122 885 2239 922 non
2287 869 2606 938 permittat,
2654 869 2752 922 sed
2785 869 2854 923 ad
2887 886 2990 924 nos
3033 871 3372 940 quantocius
3407 871 3616 926 reverti
3664 888 3825 927 com-

2119 957 2316 1028 pellat.
2352 961 2435 1011 Ac
2464 957 2648 1028 magis
2677 957 2911 1012 inventa
2947 974 3054 1028 per
3081 958 3277 1014 omnia
3309 960 3600 1014 occasione
3632 965 3824 1015 trans-

2117 1046 2324 1112 mittat,
2356 1049 2419 1100 ut
2449 1046 2552 1100 sub
2583 1061 2649 1099 ea
2681 1062 2794 1117 qua
2836 1047 3074 1117 dignum
3106 1050 3193 1101 est
3221 1048 3584 1104 observantia
3631 1049 3821 1103 refre-

2119 1139 2310 1202 natus,
2378 1135 2678 1188 saeculares
2741 1151 2931 1190 mores
2998 1136 3070 1190 ad
3126 1136 3536 1191 sacerdotalem
3593 1137 3824 1193 studeat

2118 1227 2448 1278 convertere
2499 1223 2860 1294 dignitatem.
2943 1224 3083 1278 Nam
3143 1226 3278 1279 satis
3334 1225 3567 1280 noxium
3643 1231 3823 1297 atque

2117 1311 2508 1383 perniciosum
2553 1316 2656 1377 est,
2702 1316 2768 1366 ut
2808 1311 3132 1367 imitatione
3162 1312 3364 1383 ipsius,
3415 1314 3514 1385 qui
3543 1313 3822 1369 ludificari

2119 1399 2165 1452 si
2193 1399 2512 1454 debuerant
2554 1399 2940 1455 destruantur.
3000 1402 3063 1456 In
3098 1418 3210 1473 qua
3242 1418 3303 1456 re
3341 1419 3459 1456 non
3501 1404 3689 1458 solum
3722 1403 3823 1458 ille

2118 1487 2440 1557 culpabilis,
2489 1487 2589 1542 sed
2636 1488 2808 1542 etiam
2861 1489 2960 1560 qui
3006 1506 3122 1544 non
3180 1489 3457 1544 restiterit
3504 1490 3818 1546 invenitur.

2118 1577 2258 1629 Nam
2289 1577 2611 1630 consentire
2653 1576 2874 1632 videtur
2919 1577 3159 1646 erranti,
3210 1579 3311 1648 qui
3355 1578 3722 1650 corrigenda,
3757 1585 3826 1634 ut

2119 1664 2362 1719 resecari
2401 1665 2668 1734 debeant,
2701 1681 2821 1719 non
2869 1665 3172 1720 concurrit.
3223 1666 3366 1730 Quia
3413 1684 3546 1721 vero
3578 1668 3822 1737 quidam

2118 1753 2447 1808 Theodorus
2498 1753 2796 1825 episcopus
2825 1755 2893 1808 de
2946 1754 3174 1809 dioecesi
3220 1755 3824 1812 reverendissimifra-

2117 1841 2220 1895 tris
2271 1841 2453 1895 nostri
2517 1841 2835 1896 Constantii
2898 1842 3332 1897 Mediolanensis
3391 1843 3652 1898 Ecclesia:
3693 1846 3820 1916 epi-

2116 1929 2293 2000 scopi,
2334 1929 2717 2000 disciplinam,
2752 1935 2815 1984 ut
2859 1930 3086 1998 dicitur,
3121 1931 3357 1999 evitans,
3409 1931 3547 1986 illuc
3593 1933 3820 1988 venisse

2116 2017 2381 2072 firmatur
2413 2034 2425 2072 :
2459 2017 2758 2074 hortamur
2797 2023 2860 2072 ut
2904 2022 2959 2072 et
2989 2019 3096 2072 isto
3128 2019 3460 2090 diligentius
3506 2021 3816 2092 requisito,

2115 2106 2187 2160 ad
2219 2105 2550 2176 episcopum
2584 2123 2751 2160 suum
2781 2111 2968 2161 vestra
3010 2107 3342 2162 fraternitas
3370 2109 3813 2164 retransmittat.

2118 2195 2183 2248 Et
2213 2194 2370 2265 quia,
2403 2197 2548 2249 sicut
2577 2195 2813 2265 legitur,
2843 2195 2944 2266 qui
2987 2195 3182 2265 abjicit
3210 2196 3572 2267 disciplinam
3615 2197 3818 2252 infelix

2116 2287 2221 2350 est,
2263 2283 2420 2336 nulla
2467 2299 2596 2338 eum
2631 2284 2750 2337 illic
2795 2283 3158 2338 excusatione
3204 2285 3508 2354 patiamini
3539 2285 3813 2353 retinere,

2115 2375 2396 2441 quatenus
2437 2376 2494 2425 et
2521 2371 2604 2438 hi,
2638 2371 2739 2443 qui
2769 2372 3013 2426 levitatis
3043 2389 3243 2426 eorum
3287 2373 3420 2428 vitio
3449 2378 3691 2444 possunt
3719 2375 3818 2428 de-

2114 2457 2247 2528 cipi,
2295 2458 2631 2525 liberentur,
2664 2463 2720 2513 et
2749 2460 2819 2514 de
2850 2459 2988 2530 ipsis
3015 2460 3226 2515 habere
3266 2462 3610 2528 mercedem,
3646 2475 3720 2515 ne
3752 2460 3817 2514 in

2116 2545 2222 2600 hac
2251 2546 2491 2601 stultitia
2521 2550 2781 2618 pereant,
2805 2548 3060 2602 valeatis.

2115 2651 2242 2708 CAP.
2292 2653 2517 2708 CXVIII.
2567 2681 2639 2694 —
2683 2653 2956 2719 Quamdiu
3009 2655 3289 2724 episcopus
3332 2657 3392 2708 in
3441 2656 3622 2710 aliena
3676 2657 3817 2710 civi-

2733 2729 2843 2779 tate
2869 2730 3183 2780 remoretur.

2187 2810 2297 2882 (EJ:
2339 2813 2524 2866 concil.
2577 2812 2919 2880 Sardinensi,
2968 2829 3088 2883 cap.
3139 2812 3251 2882 14.)
3300 2813 3464 2868 Osius
3511 2813 3812 2885 episcopus

2113 2898 2254 2953 dixit
2286 2915 2299 2953 :
2334 2901 2395 2953 Et
2427 2900 2533 2954 hoc
2564 2917 2794 2971 quoque
2843 2905 3090 2956 statuere
3132 2901 3370 2968 debetis,
3402 2906 3468 2956 ut
3499 2918 3566 2956 ex
3615 2903 3811 2973 aliqua

2035 2989 2076 3042 C
2113 2987 2339 3042 civitate
2382 3003 2513 3041 cum
2544 2989 2840 3044 advenerit
2885 2991 2956 3044 ad
2999 2990 3171 3045 aliam
3203 2989 3510 3056 civitatem,
3538 2995 3594 3044 et
3621 2991 3808 3045 ambi-

2109 3074 2254 3130 tioni
2303 3075 2488 3146 magis
2519 3092 2692 3147 quam
2732 3077 3024 3132 devotioni
3072 3094 3419 3146 sermonem,
3463 3079 3710 3134 voluerit
3749 3079 3810 3134 in

2109 3161 2299 3216 aliena
2345 3164 2569 3219 civitate
2613 3166 2796 3220 multo
2843 3170 3106 3237 tempore
3145 3167 3394 3221 residere
3429 3183 3441 3221 :
3477 3167 3620 3221 forte
3651 3167 3808 3222 enim

2109 3251 2299 3305 evenit
2326 3253 2658 3323 episcopum
2691 3253 2800 3308 loci
2831 3271 2948 3308 non
2989 3271 3110 3309 esse
3154 3261 3270 3309 tam
3301 3255 3666 3322 instructum,
3714 3271 3812 3311 ne-

2108 3355 2218 3410 que
2261 3344 2380 3396 tam
2423 3342 2652 3396 doctum
2683 3358 2696 3396 :
2727 3342 2774 3396 is
2803 3359 2936 3398 vero
2978 3343 3080 3415 qui
3125 3344 3357 3398 advenit
3397 3344 3635 3415 incipiat
3665 3361 3808 3399 con-

2106 3433 2364 3484 temnere
2421 3447 2576 3498 eum,
2629 3435 2685 3485 et
2729 3432 3061 3504 frequenter
3105 3433 3290 3488 facere
3340 3449 3688 3496 sermonem,
3745 3439 3812 3488 ut

2105 3517 2444 3573 dehonestat
2473 3523 2528 3574 et
2553 3519 2808 3574 inﬁrmet
2843 3519 2999 3574 illius
3027 3537 3354 3591 personam,
3404 3521 3484 3575 ita
3509 3527 3571 3575 ut
3601 3538 3666 3576 ex
3699 3521 3808 3576 hac

2107 3607 2401 3663 occasione
2452 3624 2572 3663 non
2623 3607 2849 3664 dubitet
2899 3609 3225 3681 relinquere
3278 3609 3636 3681 adsignatam
3693 3609 3808 3665 sibi

2105 3695 2430 3762 Ecclesiam,
2495 3701 2552 3751 et
2601 3701 2856 3751 transeat
2910 3697 2982 3752 ad
3039 3697 3306 3752 alienam.
3361 3698 3605 3752 Deﬁnite
3665 3715 3804 3769 ergo

2102 3789 2365 3854 tempora
2397 3801 2409 3840 :
2444 3784 2580 3855 quia
2605 3791 2664 3840 et
2691 3801 2809 3840 non
2835 3785 3012 3856 recipi
3033 3787 3388 3857 episcopum,
3417 3786 3804 3842 inhumanum

2103 3877 2205 3939 est,
2239 3877 2295 3927 et
2324 3872 2371 3926 si
2413 3873 2633 3928 diutius
2679 3874 2947 3938 resideat,
2981 3874 3371 3944 perniciosum
3417 3880 3523 3930 est.
3573 3876 3804 3930 Nemini

2103 3965 2296 4014 autem
2327 3961 2610 4031 superiori
2654 3963 2895 4016 concilio
2929 3963 3131 4017 fratres
3161 3968 3384 4017 nostros
3415 3965 3800 4032 constituisse,

2102 4052 2165 4103 ut
2191 4049 2238 4102 si
2269 4049 2397 4120 quis
2427 4049 2606 4104 laicus
2651 4049 2712 4104 in
2743 4067 2831 4119 ea,
2861 4050 2921 4106 in
2953 4067 3067 4122 qua
3095 4058 3500 4119 commoratur,
3549 4053 3801 4122 civitate,

2101 4141 2350 4207 quatuor
2398 4137 2722 4192 Dominicos
2760 4138 2903 4206 dies,
2948 4139 3004 4193 id
3036 4145 3139 4208 est,
3174 4156 3277 4210 per
3305 4145 3419 4194 tres
3449 4142 3804 4212 septimanas

2099 4240 2220 4280 non
2253 4224 2592 4280 celebrasset
2619 4233 2986 4295 conventum,
3018 4229 3425 4283 communione
3451 4229 3797 4299 privaretur.

2100 4313 2156 4367 Si
2202 4313 2324 4367 haec
2373 4312 2521 4367 circa
2572 4313 2748 4368 laicos
2804 4316 3114 4370 constituta
3159 4321 3314 4382 sunt,
3373 4318 3554 4371 multo
3611 4319 3799 4389 magis

2095 4401 2430 4472 episcopum
2474 4417 2579 4456 nec
2610 4402 2762 4471 licet,
2799 4419 2904 4458 nec
2943 4404 3124 4470 decet,
3157 4404 3203 4458 si
3234 4405 3394 4459 nulla
3422 4407 3494 4459 sit
3524 4410 3640 4460 tam
3672 4423 3800 4478 gra-

2098 4489 2178 4542 vis
2207 4489 2511 4544 necessitas
2541 4506 2671 4561 qutn
2693 4490 2968 4558 detineat,
2997 4498 3062 4547 ut
3081 4493 3331 4564 amplius
3353 4509 3386 4546 a
3409 4495 3798 4566 suprascripto

2094 4581 2352 4648 tempore
2405 4578 2608 4633 absens
2647 4579 2722 4634 sit
2762 4579 2832 4634 ab
2877 4581 3125 4636 Ecclesia
3172 4597 3293 4636 sua.
3330 4581 3584 4636 Universi
3633 4584 3796 4640 dixe-

2093 4671 2232 4721 runt
2257 4665 2484 4737 placere
2513 4667 2641 4722 sibi.

2095 4771 2224 4826 CAP.
2271 4771 2439 4827 CXIX.
2485 4803 2554 4813 —
2583 4776 2657 4828 De
2685 4774 3044 4842 suscipiendis
3087 4776 3350 4845 episcopis
3397 4778 3496 4845 qui
3536 4791 3797 4846 persecu-

2679 4849 2871 4899 tionem
2899 4849 3207 4914 patiuntur.

2166 4931 2276 5001 (Ea:
2322 4930 2502 4985 eodem
2551 4947 2670 5002 cap.
2713 4935 2827 5000 22.)
2881 4933 3048 4987 Osius
3083 4933 3384 5004 episcopus
3427 4934 3614 4988 dixit:
3649 4934 3795 5006 Sug-

2092 5024 2325 5088 gerente
2355 5019 2530 5074 fratre
2579 5026 2636 5074 et
2665 5021 3009 5091 coepiscopo
3053 5027 3250 5075 nostro
3284 5023 3572 5092 Olympio,
3615 5023 3795 5078 etiam

2091 5106 2202 5161 hoc
2231 5107 2462 5182 placuit,
2505 5113 2569 5163 ut
2608 5111 2656 5163 si
2696 5109 2906 5180 aliquis
2949 5109 3063 5163 vim
3097 5125 3404 5181 perpessus
3435 5116 3538 5176 est,
3571 5115 3628 5164 et
3677 5111 3794 5164 ini-

2093 5211 2204 5266 que
2231 5197 2520 5267 expulsus,
2554 5213 2657 5268 pro
2690 5197 2990 5268 disciplina
3028 5203 3084 5253 et
3125 5199 3404 5252 catholica
3434 5199 3795 5253 confessione

2091 5285 2178 5337 vel
2224 5300 2329 5354 pro
2369 5285 2698 5340 defensione
2730 5287 3006 5352 veritatis,
3042 5286 3325 5357 effugiens
3371 5288 3650 5357 pericula,
3698 5286 3795 5341 in-

2091 5387 2306 5426 nocens
2338 5377 2394 5426 et
2442 5373 2678 5428 devotus
2721 5375 2791 5428 ad
2832 5374 3003 5429 aliam
3057 5375 3280 5429 venerit
3320 5375 3627 5441 civitatem,
3673 5391 3795 5431 non

2091 5459 2471 5531 prohibeatur
2510 5461 2830 5529 immorari,
2881 5462 3160 5534 quamdiu
3209 5467 3309 5517 aut
3344 5463 3532 5540 redire
3585 5463 3789 5533 possit,

2090 5553 2192 5604 aut
2233 5547 2448 5620 injuria
2493 5549 2618 5622 ejus
2665 5550 2988 5607 remedium
3025 5550 3308 5623 acceperit
3342 5566 3355 5607 :
3397 5550 3541 5616 Quia
3578 5550 3791 5606 durum
