3956 6302
303 373 404 425 58⁸7

1380 359 1785 416 BURCHARDI
1827 352 2357 413 WORMACIENSIS
2397 348 2730 408 EPISCOPI.
2787 358 2790 360 '

3711 347 3818 399 588

302 493 580 548 stolorum
645 505 841 561 gerere
891 485 1199 541 Dominum
1248 483 1503 538 docuisse
1560 483 1804 550 dicebat,
1850 481 1984 535 reli-
2017 482 2062 532 Α
2102 483 2451 533 manentem.
2494 476 2632 529 Ecce
2662 472 2954 527 homicida
2984 469 3360 541 probabiliter
3391 485 3514 522 esse
3550 469 3819 524 declara-

307 597 553 653 quorum
577 579 990 646 discipulorum
1029 576 1206 628 vicem
1250 579 1442 626 tenere
1493 571 1853 641 presbyteros
1897 569 1995 622 de-

304 669 790 725 bereinsiuuabat
822 681 834 719 :
863 673 918 718 et
946 665 991 716 si
1025 664 1151 733 quis
1199 681 1231 715 a
1260 665 1450 731 iquem
1501 676 1570 712 ex
1613 659 1702 712 his
1755 658 1998 711 scanda-

304 758 523 824 lizaret,
547 756 937 826 gravissimam
989 752 1095 804 sibi
1130 766 1353 820 pmnaiu
1387 747 1810 801 inferridebere
1850 761 1996 816 prae-

307 847 548 900 dicabat.
609 845 853 896 Cunctos
932 856 988 893 se
1036 840 1275 892 invicem
1319 837 1556 905 diligere
1617 841 1674 888 et
1730 834 1998 904 adjuvare

307 934 534 997 debere,
569 939 624 986 et
657 931 942 984 neminem
979 929 1048 981 ab
1096 926 1383 996 adjutorio
1433 925 1625 978 fratris
1673 939 1730 980 se
1776 923 1999 977 subtra-

305 1021 444 1075 here
477 1019 815 1071 instruebat.

307 1109 437 1163 CAP.
470 1106 742 1162 CXXVIII.
775 1132 847 1144 —
881 1105 946 1156 Ut
992 1105 1272 1225 episcopus
1303 1102 1611 1169 episcopum
1657 1099 1829 1152 alium
1895 1111 2002 1150 non

382 1195 393 1207 '
1006 1189 1166 1225 σοηοιι
1193 1191 1246 1224 l't‘
1280 1213 1290 1222 .

382 1195 393 1207 '
1006 1189 1290 1226 COthtttt't’l.

379 1267 497 1332 (Ea:
526 1265 711 1318 concil.
760 1263 1088 1324 Arelatensi,
1133 1275 1251 1327 cap.
1283 1258 1408 1327 l3.)
1442 1258 1510 1311 Ut
1557 1257 1748 1310 nullus
1778 1255 1998 1326 episco-

308 1371 412 1425 pus
456 1353 629 1406 alium
663 1350 1061 1420 episcoporum
1095 1349 1405 1412 conculcet,
1476 1361 1726 1415 eumque
1782 1345 1999 1397 calum-

307 1442 456 1497 niari
479 1441 564 1494 vel
596 1439 858 1507 injuriari
891 1444 1215 1506 praesumat.
1260 1435 1419 1499 Quod
1453 1434 1498 1487 si
1546 1434 1764 1502 fecerit,
1792 1432 2001 1503 gradus

311 1531 400 1583 sui
429 1529 684 1599 periculo
709 1528 1042 1594 subjacebit.

313 1622 440 1674 CAP.
502 1617 714 1672 CXXIX.
787 1619 863 1670 De
910 1616 1176 1681 episcopis
1233 1609 1328 1680 qui
1377 1626 1430 1664 se
1481 1626 1515 1664 a
1556 1613 1798 1678 fratrum
1835 1609 1999 1676 adju-

862 1691 998 1738 εον-μυ
1053 1685 1450 1736 sub.’ru.1:erint.

383 1777 498 1846 (Ea:
527 1776 669 1828 decr.
704 1773 1018 1827 Alexandri
1036 1788 1168 1840 ραι).
1211 1785 1330 1837 cap.
1375 1771 1440 1823 30
1467 1769 1710 1822 omnibus
1741 1768 2004 1836 episcopis

308 1863 665 1934 missis.)Qui
713 1867 906 1915 autem
939 1878 1003 1914 ex
1062 1869 1247 1911 vestro
1297 1858 1536 1926 collegio
1596 1857 1796 1920 fuerit,
1849 1862 1906 1909 et
1936 1854 2004 1908 ab

312 1952 523 2006 auxilio
577 1959 761 2003 vestro
817 1967 876 2002 se
957 1948 1319 2013 subtraxerit,
1379 1946 1560 2015 magis
1619 1943 2006 1998 schismaticus

291 2057 486 2110 ‘quam
543 2039 798 2092 sacerdos
847 2054 967 2090 esse
1003 2037 1355 2107 probabitur.
1397 2059 1416 2082 ιι
1465 2037 1617 2102 Ecce,
1665 2032 1856 2104 inquit
1883 2033 2008 2085 Pro-

311 2130 506 2199 pheta,
567 2144 738 2198 quam
794 2127 1010 2180 bonum
1070 2132 1128 2178 et
1165 2141 1336 2196 quam
1391 2123 1715 2194 jucundum
1746 2121 2006 2176 habitare

312 2217 515 2272 fratres
538 2217 596 2268 in
624 2233 824 2268 unum.
853 2235 879 2265 ››
907 2214 987 2266 Illi
1014 2229 1146 2266 vero
1178 2229 1290 2264 non
1310 2213 1368 2264 in
1393 2227 1570 2264 unum
1600 2209 1878 2275 habitant,
1905 2209 2007 2279 qui

317 2322 348 2358 a
385 2306 625 2358 fratrum
661 2321 718 2356 se
779 2303 979 2355 solatio
1027 2301 1390 2364 subtrahunt,
1433 2305 1506 2364 et,
1564 2299 1718 2369 quod
1761 2299 2009 2352 deterius

317 2401 422 2460 est,
473 2395 743 2447 fratribus
785 2392 1020 2445 insidias
1063 2395 1408 2459 praeparant,
1465 2393 1564 2441 aut
1613 2389 1846 2458 laqueos
1913 2403 2010 2456 po-

316 2487 481 2537 nunt.
517 2483 656 2534 Item
694 2485 820 2550 post
871 2495 1048 2547 pauca
1079 2494 1090 2530 :
1133 2479 1243 2531 Nos
1275 2493 1412 2546 ergo
1447 2476 1545 2546 qui
1595 2475 1858 2546 discipuli
1903 2477 2006 2528 Do-

315 2571 460 2624 mini
517 2575 574 2622 et
618 2569 727 2622 dici
772 2573 828 2620 et
869 2584 988 2619 esse
1043 2567 1327 2635 cupimus,
1371 2571 1599 2634 portare
1645 2579 1872 2617 crucem
1907 2564 2012 2616 Do-

315 2659 481 2727 mini,
515 2663 572 2710 et
599 2655 851 2726 compati
876 2655 1145 2709 fratribus
1177 2655 1472 2719 debemus,
1497 2657 1552 2706 et
1581 2669 1697 2706 non
1728 2667 2012 2722 quascun-

316 2763 428 2818 que
487 2745 570 2800 eis
625 2745 866 2798 insidias
927 2749 1023 2795 aut
1089 2743 1279 2794 foveas
1311 2757 1677 2811 praeparare:
1736 2739 1873 2810 quia
1929 2743 2011 2792 ta-

315 2837 530 2890 lionem
561 2839 806 2886 meretur
846 2833 942 2901 qui
989 2831 1261 2883 fratribus
1320 2830 1541 2882 foveam
1589 2832 1772 2899 parat.
1824 2827 2012 2881 Nolite

316 2938 528 2988 errare,
561 2922 784 2984 fratres,
823 2920 956 2989 quia
989 2920 1133 2971 Deus
1175 2933 1290 2971 non
1339 2917 1632 2970 irridetur.
1694 2915 1873 2984 Hujus
1927 2914 2009 2967 rei

317 3011 505 3083 gratia
533 3010 694 3063 vobis
720 3007 995 3062 Dominus
1025 3005 1311 3060 commisit
1368 3005 1676 3058 Ecclesiam
1735 3019 1916 3070 suam,
1950 3006 2014 3056 ut

317 3115 422 3171 pro
481 3097 748 3152 omnibus
783 3095 1071 3160 laboretis,
1124 3101 1180 3148 et
1221 3095 1437 3148 cunctis
1496 3091 1784 3164 oppressis
1837 3107 2008 3160 opem

316 3190 468 3243 ferre
503 3203 616 3240 non
641 3187 961 3255 negligatis.
1019 3185 1175 3238 Unde
1226 3189 1280 3235 et
1313 3182 1587 3236 Dominus
1617 3196 1721 3250 per
1759 3179 2008 3248 Prophe-

317 3282 438 3331 tam
469 3275 745 3345 loquitur,
781 3273 1007 3326 dicens:
1047 3275 1176 3326 Ilaec
1219 3270 1359 3324 dicit
1391 3269 1663 3323 Dominus
1693 3285 1705 3322 :
1751 3268 2009 3322 Judicate

318 3380 488 3420 mane
511 3363 814 3433 judicium,
841 3371 897 3414 et
927 3361 1109 3414 eruite
1152 3360 1201 3412 vi
1233 3374 1536 3429 oppressos
1597 3357 1666 3410 de
1708 3373 1881 3410 manu
1918 3372 2007 3409 ca-

317 3451 670 3515 lumniantis,
700 3467 769 3504 ne
811 3450 955 3502 forte
987 3450 1315 3520 egrediatur
1344 3446 1507 3517 quasi
1555 3446 1704 3516 ignis
1745 3445 2008 3515 indigna-

316 3543 397 3596 tio
426 3557 572 3606 mea,
605 3546 661 3593 et
689 3541 1084 3601 succendatur,
1146 3542 1203 3590 et
1250 3553 1364 3590 non
1400 3536 1472 3587 sit
1511 3536 1609 3605 qui
1667 3535 2008 3604 exstinguat.

318 3632 426 3683 Vos
465 3645 603 3699 ergo
635 3628 734 3698 qui
764 3627 822 3679 in
856 3643 1078 3679 summa
1119 3625 1350 3696 specula
1379 3641 1411 3677 a
1445 3624 1688 3678 Domino
1717 3623 2013 3677 constituti

320 3717 477 3781 estis,
535 3715 824 3768 attendere
873 3729 969 3766 eos
1017 3719 1072 3766 et
1129 3712 1451 3782 opprimere
1505 3714 1752 3780 oportet,
1815 3709 1916 3779 qui
1953 3708 2014 3761 in

318 3807 520 3861 fratres
551 3805 862 3858 seditiones
887 3809 944 3856 et
975 3802 1242 3856 scandala
1271 3800 1538 3866 excitant,
1568 3815 1637 3853 ne
1670 3798 1840 3852 simul
1881 3813 2010 3852 cum

321 3895 401 3948 eis
432 3894 702 3965 pereatis.

320 3985 450 4038 CAP.
487 3983 672 4036 CXXX.
705 4009 774 4022 —
808 3981 890 4055 De
909 3980 1175 4055 episcopis
1204 3978 1300 4043 qui
1318 3991 1372 4029 se
1393 3977 1580 4055 _quasi
1621 3976 1814 4029 canino
1862 3975 2016 4028 dente

853 4053 1081 4103 invicem
1139 4051 1482 4101 corroserint.

391 4143 511 4214 (Em
557 4142 756 4195 eisdem
803 4139 878 4192 ad
905 4137 1133 4202 eosdem,
1174 4151 1295 4204 cap.
1355 4134 1465 4202 l8.)
1517 4133 1575 4188 Si
1630 4148 1784 4196 vero,
1859 4131 2015 4203 quod

322 4231 500 4285 absit!
569 4228 853 4283 discordes
903 4224 1144 4289 fueritis,
1177 4229 1234 4277 et
1262 4223 1466 4276 canino
1517 4223 1685 4276 dente
1706 4237 1801 4274 vos
1851 4221 2016 4275 dero-

319 4320 452 4374 dere
483 4316 784 4387 coeperitis,
820 4330 935 4367 non
966 4314 1148 4366 solum
1197 4328 1294 4365 eos
1345 4327 1461 4365 non
1504 4309 1864 4380 superabitis,
1915 4309 2010 4362 sed
2044 4328 2087 4381 D

319 4413 376 4462 et
407 4407 565 4460 vobis
594 4403 703 4474 ipsi
731 4402 1032 4468 nocebitis,
1064 4407 1237 4472 atque
1268 4401 1338 4455 ab
1369 4401 1450 4455 eis
1490 4397 1924 4470 superabimini,
1959 4403 2015 4452 et

318 4500 593 4550 nocenter
627 4493 772 4546 forte
800 4491 1080 4562 peribitis.

321 4585 450 4639 CAP.
487 4581 698 4636 CXXXI.
733 4609 804 4621 —
845 4581 924 4634 De
973 4581 1239 4703 episqopis
1262 4581 1365 4703 ἔλυε
1387 4577 1658 4646 fratribus
1715 4590 1899 4630 nocere
1927 4575 2015 4629 de-

1037 4666 1085 4703 si
1127 4665 1257 4703 eran
1289 4693 1300 4702 .

1037 4654 1300 4704 siderant.

393 4723 501 4794 (Ea:
531 4721 673 4776 decr.
708 4722 991 4788 Bonifacii
1043 4725 1246 4790 papae.)
1278 4721 1433 4774 Sicut
1486 4717 1672 4772 omnis
1703 4717 1802 4787 qui
1828 4715 2016 4786 diligit

316 4812 549 4866 fratrem
582 4827 768 4876 suum,
803 4826 868 4863 ex
921 4811 1032 4862 Deo
1064 4814 1149 4861 est
1180 4825 1192 4861 :
1228 4809 1308 4860 ita
1336 4808 1522 4861 omnis
1572 4805 1673 4877 qui
1711 4806 1832 4860 odit
1875 4821 2013 4875 pro-

317 4901 559 4966 ximum,
584 4915 650 4954 ex
681 4899 910 4953 diabolo
956 4903 1058 4952 est.
1093 4897 1402 4950 Dilectione
1435 4895 1585 4949 enim
1636 4895 1756 4948 sola
1801 4894 2012 4948 discer-

314 4991 474 5044 nitur
506 4988 655 5060 quis,
678 5004 742 5041 ex
769 5003 883 5057 quo
915 4985 1144 5055 genitus
1176 4985 1548 5054 approbetur,
1590 4983 1812 5037 dicente
1839 4985 2013 5038 Joan-

315 5095 388 5133 ne
426 5077 527 5132 :In
558 5077 663 5130 hoc
725 5074 1013 5128 manifesti
1063 5079 1196 5125 sunt
1238 5072 1341 5125 lilii
1398 5072 1518 5137 Dei,
1563 5077 1619 5124 et
1648 5070 1753 5125 filii
1779 5070 2008 5125 diaboli.

317 5166 516 5222 Omnis
545 5165 643 5236 qui
676 5180 791 5217 non
823 5162 959 5216 facit
991 5161 1297 5230 justitiam,
1360 5176 1428 5213 ex
1485 5161 1598 5214 Deo
1647 5176 1766 5213 non
1818 5165 1922 5227 est,
1957 5164 2015 5213 et

313 5273 430 5310 non
456 5254 644 5324 diligit
666 5253 902 5307 fratrem
937 5266 1126 5303 suum.
1176 5249 1460 5312 Quoniam
1499 5249 1622 5302 ha’c
1669 5252 1756 5303 est
1785 5264 2010 5302 annun-

314 5345 476 5398 tiatio
527 5359 701 5414 quam
749 5341 819 5394 ab
879 5339 1043 5393 initio
1111 5338 1372 5401 audistis,
1423 5342 1488 5391 ut
1535 5337 1788 5407 diligatis
1839 5339 2013 5391 alter-

314 5439 526 5486 utrum.
569 5433 633 5486 Et
683 5435 813 5501 post
874 5428 1222 5500 paululum:
1292 5425 1491 5481 Omnis
1553 5427 1652 5497 qui
1728 5425 1846 5480 odit
1906 5426 2014 5478 fra-

313 5527 459 5575 trem
497 5536 685 5586 suum,
739 5519 1030 5573 homicida
1077 5522 1184 5571 est.
1223 5517 1291 5569 Et
1339 5515 1490 5569 scitis
1537 5514 1816 5587 quoniam
1879 5529 2011 5567 om-

313 5609 406 5664 nis
493 5609 780 5663 homicida
864 5624 983 5662 non
1033 5605 1209 5660 habet
1273 5605 1449 5660 vitam
1501 5609 1777 5659 aeternam
1833 5601 1894 5657 in
1952 5618 2013 5656 se

2108 573 2204 622 tur
2234 567 2370 638 quia
2425 566 2676 618 fraterna
2709 562 2981 616 societate
3013 560 3307 614 dividitur.
3340 559 3480 612 Nam
3512 564 3566 611 et
3615 559 3662 611 si
3692 575 3818 612 ma-

2110 671 2217 708 nus
2248 670 2360 707 non
2393 657 2617 707 moveat
2649 651 2719 704 ad
2771 649 3168 716 occidendum,
3193 664 3296 719 pro
3327 664 3394 701 eo
3426 653 3620 702 tamen
3674 647 3816 717 quia

2110 742 2350 796 immitis
2376 746 2460 795 est
2488 741 2559 794 ad
2591 739 2936 804 nocendum,
2973 739 3091 808 jam
3125 754 3158 790 a
3214 737 3330 790 Deo
3381 736 3672 790 homicida
3716 741 3811 789 te-

2109 838 2299 886 netur.
2338 831 2483 884 Vivit
2530 827 2644 894 ille,
2676 833 2733 882 et
2758 828 2860 881 iste
2887 827 3006 896 jam
3053 826 3386 879 interfector
3425 824 3808 878 convincitur.

2111 922 2253 974 Cum
2302 920 2480 990 igitur
2509 919 2597 972 his
2644 917 2944 988 prteceptis
3010 916 3210 969 beatus
3267 915 3556 983 apostolus
3600 914 3812 966 Paulus

2110 1025 2361 1062 consona
2399 1006 2804 1078 praedicatione
2835 1005 3162 1070 concordet,
3185 1003 3414 1056 dicens:
3451 1002 3545 1055 Sol
3581 1017 3699 1054 non
3719 1016 3814 1053 oc-

2111 1097 2260 1152 cidat
2289 1113 2462 1167 super
2491 1095 2846 1149 iracundiam
2871 1098 3114 1146 vestram
3143 1109 3155 1157 ;
3207 1097 3262 1145 et
3301 1107 3314 1145 :
3369 1090 3551 1146 Nolite
3618 1090 3814 1143 locum

2113 1188 2248 1240 dare
2286 1185 2538 1250 diabolo,
2573 1183 2768 1238 relatae
2823 1188 2957 1235 sunt
3014 1181 3178 1234 nobis
3208 1181 3594 1251 quorumdam
3627 1194 3816 1231 sacer-

2112 1276 2311 1329 dotum
2333 1289 2594 1344 personae
2649 1271 2711 1325 in
2745 1275 2962 1325 tantam
3015 1269 3417 1323 obstinationis
3475 1267 3811 1322 etferbuisse

2114 1362 2478 1427 discordiam,
2544 1364 2610 1414 ut
2661 1376 2777 1414 non
2808 1359 2993 1412 solum
3020 1358 3147 1410 illos
3200 1357 3270 1410 ab
3297 1357 3380 1410 ira
3411 1371 3646 1410 ocoasus
3677 1354 3816 1408 solis

2114 1466 2229 1504 non
2259 1454 2504 1517 revocet,
2539 1449 2637 1502 sed
2681 1465 2751 1501 ne
2807 1463 3022 1500 annosa
3052 1445 3283 1516 quidem
3324 1445 3633 1498 transactio
3664 1448 3818 1497 tein-

2113 1554 2320 1609 porum
2377 1539 2448 1592 ad
2504 1538 2720 1594 bonum
2772 1534 3066 1588 charitatis
3117 1534 3373 1586 reclinet.
3445 1532 3668 1601 Quippe
3749 1533 3812 1584 in

2114 1643 2361 1698 quorum
2417 1625 2686 1680 cordibus
2736 1624 2816 1677 ita
2863 1625 2938 1677 sol
2977 1622 3215 1693 justitiae.
3255 1622 3512 1676 Christus
3541 1619 3814 1674 occubuit

2117 1722 2180 1768 ut
2231 1716 2300 1769 ad
2359 1715 2556 1768 lumen
2587 1713 2878 1766 charitatis
2957 1711 3146 1764 redire
3179 1709 3264 1762 vix
3312 1711 3552 1780 possint.
3599 1711 3822 1762 Horum

2047 1777 2085 1830 Β
2118 1803 2294 1872 igitur
2323 1807 2380 1856 et
2417 1801 2692 1854 similium
2723 1799 3176 1853 discordantium
3210 1777 3447 1850 fratrum
3473 1796 3818 1861 oblationes,

2108 1892 2273 1961 juxta
2302 1889 2528 1960 antiqui
2553 1890 2786 1942 canonis
2829 1887 3244 1944 deﬁnitionem,
3272 1887 3425 1938 nullo
3458 1885 3629 1938 modo
3673 1885 3820 1937 reci-

2115 1979 2354 2047 piendas
2408 1993 2528 2030 esse
2565 1993 2882 2031 censemus.
2942 1975 3200 2028 Personis
3238 1981 3430 2027 tamen
3483 1973 3824 2027 discordan-

2115 2067 2261 2120 tium
2289 2067 2345 2120 id
2375 2065 2607 2137 speciali
2632 2065 2963 2118 delinitioue
2987 2062 3374 2134 praecipimus,
3400 2066 3480 2126 ut,
3503 2067 3821 2130 antequam

2117 2172 2210 2209 eos
2233 2153 2620 2208 reconciliatio
2655 2149 2787 2206 vera
2837 2152 3107 2216 innectat,
3153 2151 3346 2203 nullus
3418 2165 3617 2202 eorum
3659 2165 3817 2202 acce-

2115 2243 2250 2296 dere
2291 2242 2361 2295 ad
2417 2243 2592 2295 altare
2642 2239 2870 2294 Domini
2898 2240 3125 2302 audeat,
3158 2238 3244 2291 vel
3275 2237 3516 2303 gratiam
3548 2253 3818 2290 commu-

2117 2329 2308 2383 nionis
2338 2334 2547 2382 sanctae
2583 2328 2862 2399 percipiat
2889 2343 2904 2380 :
2936 2327 3034 2380 sed
3086 2326 3378 2395 geminato
3423 2332 3683 2394 tempore
3712 2339 3822 2393 per

2117 2418 2515 2489 paenitentiam
2553 2416 3024 2487 compensabant,
3060 2431 3175 2485 quo
3237 2414 3537 2468 discordia!
3601 2412 3815 2466 servie-

2117 2511 2274 2561 runt.
2308 2505 2467 2570 Quod
2487 2505 2534 2558 si
2567 2520 2716 2558 unus
2749 2519 2973 2569 eorum,
3007 2503 3119 2555 alio
3151 2506 3578 2567 contemnente,
3622 2501 3691 2554 ad
3725 2517 3820 2553 sa-

2118 2594 2500 2649 tisfactionem
2529 2592 2820 2647 charitatis
2850 2591 3185 2654 cucurrerit,
3218 2607 3283 2644 ex
3309 2607 3376 2644 eo
3407 2596 3665 2660 tempore
3689 2591 3817 2658 jam

2119 2683 2394 2754 paciﬁcus
2422 2682 2572 2735 intra
2605 2681 2906 2735 Ecclesiam
2939 2680 3267 2748 recipietur,
3299 2695 3365 2732 ex
3424 2695 3538 2749 quo
3567 2679 3639 2732 ad
3677 2694 3819 2731 con-

2124 2773 2375 2827 cordiam
2433 2771 2726 2825 festinasse
2785 2769 3147 2823 convincitur
3200 2785 3212 2822 :
3271 2767 3559 2822 sententia
3619 2772 3816 2821 tamen

2125 2860 2408 2931 superiori
2435 2864 2676 2924 servata,
2712 2864 2774 2911 ut
2805 2863 3032 2928 tempus
3087 2857 3238 2927 quod
3275 2857 3332 2910 in
3369 2857 3514 2910 iram
3546 2856 3821 2926 expendit

2123 2949 2478 3019 geminatum
2518 2947 2577 3000 in
2601 2946 2952 3017 paenitentiae
2985 2944 3371 2998 satisfactione
3400 2945 3706 3014 persolvat.

2046 3048 2086 3103 C
2124 3054 2253 3108 CAP.
2283 3051 2522 3107 CXXXII.
2559 3081 2618 3092 ο·-
2675 3053 2740 3105 Ut
2777 3051 2958 3103 nullus
3003 3050 3069 3103 de
3124 3051 3368 3117 episcopo
3396 3064 3490 3102 suo
3545 3051 3819 3118 querelam

2189 3125 2377 3194 faciat,
2413 3125 2522 3177 nisi
2545 3125 2704 3191 prius
2727 3137 2845 3175 eum
2884 3121 2948 3174 de
2968 3120 3152 3173 eadem
3179 3136 3316 3188 saepe
3347 3123 3669 3188 interpellet.

2122 3215 2233 3284 (Ea-
2318 3212 2458 3266 decr.
2524 3210 2843 3265 Alexandri
2911 3224 3090 3278 papae,
3166 3209 3411 3280 omnibus
3494 3209 3817 3263 orthodomis

2119 3303 2318 3366 missis,
2351 3315 2470 3368 cap.
2495 3301 2573 3364 2.)
2605 3298 2660 3353 Si
2686 3298 2816 3368 quis
2873 3312 3008 3366 erga
3056 3295 3388 3366 episcopum
3451 3297 3538 3350 vel
3594 3303 3817 3351 actores

2122 3387 2385 3442 Ecclesiae
2417 3387 2735 3458 quamlibet
2767 3386 3060 3456 querelam
3091 3384 3300 3438 habere
3351 3384 3568 3454 justam
3634 3386 3818 3440 credi-

2121 3479 2288 3544 derit,
2321 3493 2439 3531 non
2469 3476 2628 3547 prius
2688 3475 2964 3544 primates
3010 3480 3103 3527 aut
3159 3473 3300 3527 alios
3355 3474 3524 3527 adeat
3568 3474 3815 3544 judices,

2123 3582 2297 3636 quam
2329 3566 2536 3636 ipsosa
2573 3564 2781 3635 quibus
2837 3579 2896 3616 se
2953 3562 3155 3616 laesum
3213 3561 3458 3616 aestimat
3513 3563 3821 3618 conveniat

2122 3654 2529 3709 familiariter:
2565 3669 2679 3706 non
2728 3653 2926 3716 semel,
2975 3652 3072 3706 sed
3123 3650 3455 3721 saepissime,
3506 3656 3568 3704 ut
3623 3653 3692 3705 ab
3736 3653 3819 3706 eis

2123 3747 2222 3796 aut
2279 3758 2432 3796 suam
2481 3742 2765 3812 justitiam
2819 3740 3082 3809 accipiat,
3119 3745 3218 3792 aut
3255 3739 3703 3793 excusationem.
3761 3742 3819 3795 Si

2126 3837 2315 3885 autem
2347 3847 2508 3884 secus
2531 3830 2727 3900 egerit.
2763 3830 2832 3882 ab
2864 3829 3002 3899 ipsis
3030 3833 3085 3881 et
3130 3828 3200 3882 ab
3243 3829 3368 3880 aliis
3413 3830 3824 3884 communione

2127 3919 2403 3992 privetur,
2437 3924 2709 3990 tanquam
2734 3919 3130 3988 apostolorum
3170 3917 3534 3988 aliorumque
3588 3919 3823 3972 Patrum

2125 4012 2509 4076 contemptor.

2127 4114 2255 4170 CAP.
2308 4113 2572 4169 CXXXIII.
2624 4141 2697 4154 -—
2756 4115 2822 4167 Ut
2860 4112 3098 4179 episcopi
3151 4126 3185 4164 a
3242 4111 3351 4166 solo
3411 4111 3640 4165 Domino
3704 4114 3820 4167 sint

2783 4182 3153 4251 dijudicandi.

2200 4274 2308 4341 (Ea:
2359 4273 2502 4328 decr.
2534 4273 2816 4328 Clementis
2853 4288 3009 4341 pap.,
3042 4287 3166 4341 cap.
3201 4274 3313 4338 38.)
3374 4271 3680 4342 Episcopos
3719 4288 3820 4326 au-

2125 4367 2241 4417 tem
2272 4379 2305 4416 a
2335 4363 2452 4416 solo
2489 4362 2732 4415 Domino
2757 4360 3101 4430 judicandos
3158 4365 3259 4414 aut
3304 4361 3729 4429 iremovendos,
3765 4368 3824 4416 et

2123 4467 2238 4506 non
2277 4451 2348 4505 ab
2380 4451 2506 4504 aliis
2528 4466 2648 4504 esse
2677 4449 2928 4503 dicebat:
2959 4448 3094 4519 quia
3157 4448 3244 4501 sui
3298 4452 3450 4513 sunt,
3505 4466 3625 4502 non
3679 4451 3821 4505 alte-

2121 4539 2261 4595 rius.
2322 4539 2390 4592 Et
2446 4539 2572 4610 quis
2620 4544 2705 4592 est
2735 4538 2834 4608 qui
2869 4538 3103 4591 alterius
3143 4537 3364 4607 judicet
3389 4539 3822 4594 servum?Nam

2123 4629 2173 4681 si
2197 4628 2304 4681 ista
2334 4644 2448 4681 non
2470 4627 2772 4697 patiuntur
2799 4626 3080 4692 homines,
3142 4643 3247 4680 nec
3274 4628 3422 4681 Deus
3460 4627 3720 4694 deorum,
3769 4634 3827 4682 et

2126 4717 2401 4771 Dominus
2453 4715 2875 4770 dominantium
2926 4715 3048 4769 haec
3073 4716 3358 4770 ullatenus
3387 4716 3622 4787 patitur.
3660 4717 3818 4771 Unde

2124 4811 2180 4860 et
2217 4822 2322 4876 per
2350 4806 2657 4876 prophetas
2707 4805 2816 4859 sibi
2864 4809 3036 4859 testes
3082 4821 3203 4858 esse
3260 4804 3485 4859 dicebat
3539 4821 3645 4875 per
3675 4823 3822 4877 quos

2124 4894 2397 4948 Dominus
2440 4894 2714 4964 loquitur,
2751 4893 2944 4947 dicens
2978 4910 2991 4947 :
3048 4894 3184 4947 Ecce
3235 4893 3430 4948 excoxi
3466 4899 3542 4961 te,
3575 4895 3675 4948 sed
3706 4912 3824 4950 non

2123 4983 2286 5054 quasi
2335 4990 2639 5053 argentum
2694 4998 2707 5035 :
2751 4982 2898 5051 elegi
2941 4987 2993 5035 te
3047 4982 3106 5035 in
3164 4983 3387 5037 camino
3440 4971 3818 5053 paupertatis.

2125 5073 2365 5142 Propter
2395 5087 2502 5134 me,
2529 5076 2766 5141 propter
2795 5086 2884 5154 me
2927 5069 3131 5124 faciam
3165 5077 3226 5124 ut
3273 5088 3390 5126 non
3423 5072 3816 5143 blasphemer;

2124 5165 2180 5215 et
2207 5160 2450 5230 gloriam
2485 5175 2673 5214 meam
2705 5158 2869 5212 alteri
2899 5174 3016 5212 non
3044 5159 3210 5213 dabo.

2123 5267 2252 5322 CAP.
2289 5267 2548 5321 CXXXIV.
2607 5295 2675 5308 —
2731 5267 2907 5337 Nimis
2967 5265 3264 5319 timendum
3304 5271 3356 5320 et
3401 5267 3822 5337 praecidendum

2595 5353 2658 5390 ne
2694 5334 3042 5404 offendantur
3083 5340 3339 5406 episcopi.

2192 5426 2357 5497 (Cap.
2382 5426 2640 5480 Evariin
2667 5441 2797 5494 pap.
2854 5427 2930 5480 VI
2969 5425 3218 5480 omxibus
3235 5441 3336 5494 per
3365 5425 3672 5494 Egi/ptum
3701 5430 3823 5494 fra-

2122 5515 2297 5570 tribus
2325 5514 2598 5584 missum.)
2635 5513 2817 5567 Nimis
2853 5513 3109 5568 timenda
3148 5519 3252 5581 est,
3286 5514 3514 5581 fratres,
3543 5515 3665 5570 haec
3695 5534 3822 5573 sen-

2119 5601 2321 5670 tentia,
2344 5607 2402 5657 et
2437 5601 2873 5673 praevidendum
2931 5600 3090 5657 vobis
3120 5617 3192 5658 ne
3227 5601 3530 5658 offendatis
3557 5620 3656 5658 eos
3719 5608 3820 5677 qui
