3956 6308
77 398 178 449 3589

1065 396 1542 452 DECRETORUM
1587 396 1776 452 LIBRI
1814 397 1924 453 XX.
1966 426 2037 438 —
2075 399 2281 453 LIBER
2324 397 2603 453 PRIMUS.

3481 400 3583 453 590

76 526 297 574 tantam
330 537 365 573 a
390 519 636 575 Domino
681 523 1021 591 potestatem
1072 520 1302 574 habent.
1340 523 1403 574 Et
1441 521 1567 573 ideo
1597 520 1788 590 potius
1818 522 1863 573 Α
1902 520 2176 590 quoniam
2203 525 2318 573 tam
2354 520 2675 573 sacerdotes
2705 534 2877 589 quam
2902 518 3111 589 reliqui
3165 520 3360 573 ﬁdeles
3391 536 3592 574 omnes

78 606 455 672 obaudiendi,
488 605 782 673 diligendi,
816 609 872 657 et
905 621 1263 676 summopere
1294 612 1425 659 sunt
1453 607 1784 671 venerandi,

79 700 129 747 et
159 710 278 746 non
330 694 691 756 detrahendi,
740 693 825 745 vel
878 694 1163 747 lacerandi
1222 698 1320 747 aut
1359 694 1645 763 ejiciendi,
1688 694 1787 747 sed

80 782 373 850 portandi,
400 788 455 835 ct
478 781 711 834 amandi
766 781 890 851 ipso
922 781 1145 834 dicente
1194 782 1433 835 Domino
1492 801 1507 837 :
1550 782 1658 845 Qui
1690 798 1788 834 vos

86 870 262 933 audit,
306 886 396 922 me
455 869 659 922 audit:
712 874 769 921 et
813 869 913 938 qui
964 885 1061 921 vos
1108 868 1347 937 spernit,
1410 886 1499 922 me
1548 869 1785 939 spernit.

86 959 214 1011 Ideo
251 960 373 1011 haec
404 959 562 1010 vobis
605 963 661 1010 et
693 958 960 1010 omnibus
992 957 1259 1010 ﬁdelibus
1306 957 1626 1023 scribimus,
1677 956 1791 1010 fra-

88 1054 219 1106 tres,
256 1052 322 1100 ut
357 1048 427 1100 ab
465 1046 554 1099 his
586 1063 684 1099 vos
734 1046 983 1099 caveatis
1025 1050 1081 1099 et
1128 1045 1371 1115 posteris
1417 1045 1616 1099 vestris
1675 1061 1791 1098 non

90 1137 305 1189 malum
338 1136 431 1189 sed
480 1135 695 1188 bonum
743 1135 1073 1203 exemplum
1122 1134 1481 1204 relinquatis,
1520 1134 1790 1203 quoniam

90 1224 302 1293 injuria
334 1224 737 1293 episcoporum
769 1224 840 1277 ad
871 1222 1161 1277 Christum
1194 1223 1463 1292 pertinet,
1489 1224 1652 1293 cujus
1673 1222 1793 1276 vice

89 1314 430 1383 funguntur.

91 1420 225 1472 CAP.
284 1418 521 1471 CXXXV.
573 1448 641 1455 —
695 1420 767 1471 De
811 1419 1075 1485 episcopis
1124 1418 1221 1484 qui
1267 1416 1334 1469 ab
1392 1416 1638 1470 omnibus
1680 1418 1794 1471 suis

194 1488 583 1555 criminantur,
618 1492 677 1541 ut
698 1504 877 1541 eorum
908 1490 1214 1541 criminatio
1234 1503 1339 1540 non
1368 1490 1687 1556 recipiatur.

160 1579 269 1641 (Ea:
306 1579 466 1645 epist.
492 1578 681 1632 Calist.
715 1593 891 1645 pupae,
928 1592 1049 1643 cap.
1099 1576 1169 1645 t.)
1203 1576 1463 1629 Callistus
1498 1565 1796 1645 episcopus

95 1666 356 1719 Ecclesiae
380 1665 673 1718 catholica
726 1665 884 1718 urbis
938 1667 1230 1727 Romanae,
1278 1665 1579 1718 Benedicto
1638 1665 1799 1718 fratri

92 1759 147 1806 et
209 1753 503 1822 episcopo,
577 1754 813 1806 salutem
894 1754 952 1805 in
1025 1754 1269 1806 Christo.
1359 1754 1800 1807 Criminationes

93 1858 227 1895 vero
290 1848 491 1894 contra
550 1841 839 1895 doctorem
910 1858 1080 1894 nemo
1125 1842 1396 1911 suscipiat
1438 1858 1450 1894 :
1498 1843 1634 1911 quia
1685 1860 1801 1895 non

97 1936 329 1999 oportet
361 1931 509 1983 ﬁlios
538 1936 728 1999 patres
770 1932 1206 2000 reprehendere,
1261 1946 1365 1983 nec
1395 1947 1586 1983 servos
1615 1932 1807 1985 domi-

102 2036 203 2071 nos
234 2019 505 2071 lacerare.
542 2018 665 2073 Filii
707 2034 842 2088 ergo
897 2023 1030 2070 sunt
1080 2019 1375 2071 doctorum
1425 2034 1621 2072 omnes
1665 2036 1807 2089 quos

103 2108 441 2160 instruunt:
476 2110 533 2159 et
564 2107 706 2161 sicut
745 2107 849 2160 ﬁlii
882 2111 1071 2175 patres
1101 2107 1375 2171 carnales,
1410 2107 1488 2160 sic
1520 2112 1577 2161 et
1613 2107 1671 2161 hi
1704 2124 1809 2178 pa-

107 2201 219 2247 tres
249 2195 465 2248 debent
494 2195 732 2265 diligere
764 2194 1062 2265 spiritales.
1096 2195 1220 2248 Non
1246 2196 1400 2248 enim
1429 2196 1572 2249 bene
1610 2195 1810 2249 vivunt

108 2284 204 2353 qui
236 2299 354 2336 non
397 2286 544 2337 recte
570 2284 826 2350 credunt,
882 2289 980 2336 aut
1007 2288 1196 2353 patres
1226 2283 1671 2353 reprehendunt,
1720 2285 1807 2338 vel

109 2372 420 2425 detrahunt
457 2372 592 2426 suis.
650 2373 915 2425 Doctores
948 2388 1104 2441 ergo,
1157 2372 1257 2442 qui
1300 2377 1353 2425 et
1383 2377 1572 2443 patres
1600 2390 1807 2427 vocan-

110 2466 220 2525 tur,
264 2460 447 2529 magis
478 2460 741 2529 portandi
788 2477 959 2530 quam
1007 2460 1464 2529 reprehendendi
1511 2466 1664 2527 sunt,
1699 2461 1809 2514 nisi

110 2549 166 2600 in
190 2554 343 2601 recta
373 2548 483 2601 ﬁde
528 2548 859 2602 erraverint.
916 2548 1116 2601 Nullus
1165 2564 1301 2615 ergo
1356 2549 1653 2603 doctorum
1706 2566 1811 2620 per

110 2637 320 2706 scripta
368 2641 683 2701 accusetur,
741 2652 847 2691 nec
896 2636 1006 2689 nisi
1053 2637 1209 2690 ﬁdeli
1257 2642 1313 2690 et
1368 2637 1647 2707 legitimo,
1710 2638 1809 2709 qui

110 2726 284 2779 etiam
350 2725 909 2795 irreprehensibilem
967 2724 1139 2778 vitam
1184 2741 1247 2779 ac
1315 2727 1809 2781 conversationem

108 2815 297 2876 ducat,
357 2813 673 2867 accusatori
740 2813 1098 2883 respondeat.
1157 2813 1301 2877 Quia
1356 2815 1657 2885 indignum
1727 2819 1812 2868 est

109 2909 172 2956 ut
202 2902 401 2956 doctor
451 2903 625 2955 stulto
674 2912 729 2955 et
783 2902 1013 2955 indocto
1053 2906 1223 2972 atque
1280 2902 1811 2973 reprehensibiliter

110 2992 320 3045 viventi
377 2992 717 3061 respondeat
761 2991 923 3060 juxta
975 2991 1277 3043 stultitiam
1328 3007 1511 3054 suam,
1589 2992 1810 3045 dicente

1896 625 2180 663 summam
2209 609 2418 662 debent
2468 608 2678 662 habere
2713 624 2908 661 curam
2954 608 3022 660 de
3073 608 3159 661 his
3191 608 3289 679 qui
3330 614 3589 678 pereunt,

1896 704 2179 767 quatenus
2261 713 2461 751 eorum
2542 697 2947 766 redargutione
3002 702 3099 749 aut
3156 696 3515 765 corrigantur
3563 714 3595 750 a

1896 786 2159 856 peccatis,
2194 791 2311 849 aut,
2344 786 2391 838 si
2420 784 2839 854 incorrigibiles
2882 785 3275 855 apparuerint,
3308 785 3377 837 ab
3411 784 3594 838 Eccle-

1899 873 1982 927 sia
2017 877 2374 943 separentur.

2255 962 2380 1015 CAP.
2425 961 2713 1015 CXXXVII.
2748 990 2816 999 —-
2850 964 2919 1014 De
2949 961 3132 1014 eadem
3163 976 3239 1014 re.

1973 1049 2084 1117 (Ea:
2141 1047 2283 1102 decr.
2362 1050 2643 1104 Clementis
2688 1064 2844 1117 pap.,
2901 1064 3019 1117 cap.
3088 1052 3194 1114 l7.)
3235 1048 3347 1119 Ipsi
3406 1051 3598 1102 autem

1901 1136 2156 1206 episcopi
2195 1136 2242 1188 si
2285 1137 2755 1202 exorbitaverint,
2815 1138 2886 1189 ab
2962 1137 3082 1189 istis
3134 1153 3249 1190 non
3326 1143 3459 1191 sunt
3511 1154 3599 1190 re-

1900 1226 2296 1296 prehendendi
2348 1227 2433 1279 vel
2501 1226 2801 1295 arguendi,
2863 1226 2961 1279 sed
3014 1225 3299 1294 portandi.
3363 1225 3474 1279 nisi
3540 1226 3602 1279 in

1902 1314 2015 1368 ﬁde
2056 1314 2390 1367 erraverint.
2441 1313 2511 1366 Hi
2566 1328 2704 1383 ergo
2761 1329 2932 1383 super
2990 1313 3097 1366 hoc
3143 1318 3294 1377 sunt,
3346 1330 3461 1367 non
3519 1314 3601 1367 illi

1904 1418 2077 1471 super
2125 1402 2310 1455 istos:
2364 1400 2638 1471 quoniam
2688 1401 2872 1471 major
2914 1416 2947 1453 a
3002 1401 3227 1454 minore
3274 1418 3391 1455 non
3440 1402 3603 1471 argui

1904 1505 2011 1543 nec
2065 1489 2308 1558 judicari
2353 1493 2562 1558 potest.
2623 1489 2821 1541 Nullus
2872 1505 2929 1541 se
2974 1488 3210 1541 extollat
3239 1505 3374 1559 erga
3417 1490 3606 1543 docto-

1907 1593 1997 1629 res
2029 1594 2091 1629 ac
2144 1576 2448 1645 magistros
2492 1592 2672 1628 suos:
2730 1575 2865 1645 quia
2918 1576 3229 1645 discipulus
3282 1592 3455 1647 super
3485 1594 3605 1630 ma-

1907 1666 2150 1735 gistrum
2209 1681 2312 1717 nec
2361 1680 2479 1717 esse
2554 1665 2721 1718 debet
2779 1680 2884 1717 nec
2938 1670 3143 1735 potest.
3227 1666 3427 1718 Nullus
3476 1666 3611 1719 velit

1911 1754 2023 1807 dici
2068 1758 2291 1807 sanctus
2339 1757 2647 1823 antequam
2700 1752 2790 1817 sit,
2837 1753 2932 1805 sed
2971 1754 3131 1822 prius
3188 1753 3257 1806 sit
3296 1758 3359 1806 ut
3422 1754 3610 1807 verius

1919 1842 2155 1895 dicatur.
2203 1843 2491 1910 Prtecepta
2549 1840 2774 1895 Domini
2822 1842 3236 1912 doctorumque
3311 1858 3376 1895 ac
3429 1842 3611 1911 magi-

1917 1934 2165 1984 strorum
2216 1929 2379 1983 factis
2455 1929 2713 2000 quotidie
2779 1929 3114 1998 adimplere,
3178 1932 3234 1982 et
3288 1929 3348 1983 in
3404 1930 3613 1984 Christi

1916 2019 2148 2073 nomine
2178 2034 2281 2089 pro
2316 2017 2562 2071 inimicis
2593 2034 2756 2070 orare
2784 2022 3025 2087 oportet.

2282 2108 2409 2161 CAP.
2448 2106 2754 2160 CXXXVIII.
2784 2136 2853 2144 —-
2887 2106 2967 2159 De
2996 2106 3179 2159 eadem
3207 2122 3283 2161 re.

1986 2196 2095 2265 (Ea:
2118 2196 2275 2264 epist.
2339 2194 2560 2248 Eusebii
2607 2210 2788 2263 papae,
2831 2210 2951 2262 cap.
3003 2195 3113 2261 20.)
3166 2196 3403 2249 Necesse
3458 2196 3615 2249 enim

1916 2289 2003 2337 est
2042 2290 2104 2337 ut
2160 2288 2408 2336 rectores
2458 2299 2491 2335 a
2547 2282 2786 2335 subditis
2844 2282 3176 2342 timeantur,
3236 2282 3305 2336 ab
3362 2282 3615 2354 ipsisque

1916 2372 2293 2439 corrigantur,
2331 2375 2393 2423 ut
2430 2371 2683 2424 humana
2712 2369 3018 2424 formidine
3070 2386 3301 2439 peccare
3334 2377 3615 2441 metuant,

1918 2457 2014 2526 qui
2040 2456 2229 2509 divina
2255 2457 2472 2526 judicia
2513 2474 2626 2511 non
2675 2457 3000 2511 formidant.
3058 2459 3374 2513 Deteriores
3404 2461 3617 2532 quippe

1916 2549 2049 2598 sunt
2103 2546 2202 2615 qui
2270 2545 2567 2599 doctorum
2623 2546 2800 2599 vitam
2850 2562 3149 2613 moresque
3215 2554 3614 2618 corrumpunt,

1916 2633 2006 2686 his
2050 2633 2147 2702 qui
2204 2633 2547 2687 substantias
2607 2634 2853 2687 aliorum
2906 2634 3239 2705 praediaque
3314 2636 3615 2706 diripiunt.

1920 2720 2033 2790 Ipsi
2080 2720 2315 2790 quidem
2366 2736 2433 2774 ea
2480 2736 2609 2791 quae
2662 2726 2822 2775 extra
2878 2738 2999 2781 nos,
3048 2721 3181 2776 licet
3234 2730 3428 2778 nostra
3482 2726 3613 2792 sint,

1919 2808 2224 2877 auferunt;
2299 2809 2474 2863 nostri
2530 2825 2759 2880 quoque
2822 2810 3187 2877 detractores,
3278 2816 3335 2865 et
3392 2829 3619 2866 morum

1919 2902 2282 2967 corruptores
2354 2902 2702 2965 nostrorum,
2791 2898 2907 2951 sive
2966 2899 3065 2969 qui
3141 2899 3445 2954 adversum
3517 2917 3622 2955 nos

1920 2990 2239 3055 armantur,
2272 2985 2503 3055 proprie
2535 3002 2641 3039 nos
2700 2985 2810 3056 ipsi
2840 2985 3156 3058 decipiunt,
3189 2994 3244 3041 et
3299 2989 3426 3043 ideo
3468 2990 3623 3059 juste

108 3080 445 3150 Scriptura:
502 3080 625 3132 Non
673 3080 1017 3148 respondeas
1071 3080 1243 3132 stulto
1298 3078 1459 3148 juxta
1512 3080 1809 3133 stultitiam
1843 3087 1884 3142 Ο
1922 3073 2163 3128 infames
2231 3078 2387 3141 sunt,
2476 3078 2536 3127 et
2606 3075 2811 3128 merito
2891 3074 2963 3129 ab
3044 3075 3292 3130 Ecclesia
3372 3084 3624 3133 extorres

112 3184 296 3222 suam.
340 3168 461 3221 Non
510 3168 651 3220 bene
699 3167 837 3220 vivit
887 3167 985 3238 qui
1039 3183 1152 3220 non
1200 3172 1350 3221 recte
1409 3168 1607 3222 credit.
1668 3168 1819 3221 Nihil

116 3257 251 3311 mali
282 3256 406 3310 vult
437 3256 536 3325 qui
567 3255 751 3310 ﬁdelis
782 3262 886 3309 est.
949 3253 1007 3309 Si
1055 3255 1185 3325 quis
1236 3255 1421 3309 ﬁdelis
1473 3261 1580 3324 est,
1631 3256 1820 3311 videat

112 3362 184 3401 ne
210 3346 353 3398 falsa
384 3344 672 3414 loquatur,
705 3347 767 3397 ut
819 3344 1086 3414 cuiquam
1118 3343 1350 3397 insidias
1400 3350 1591 3414 ponat.
1658 3345 1821 3399 Fide-

113 3435 182 3488 lis
210 3434 388 3487 homo
417 3449 645 3502 semper
673 3432 917 3487 fideliter
948 3432 1088 3501 agit,
1120 3438 1176 3485 et
1222 3431 1470 3486 inﬁdelis
1497 3432 1698 3486 callide
1729 3432 1818 3485 in-

115 3523 378 3589 sidiatur,
432 3525 601 3592 atque
644 3520 840 3575 ﬁdeles
872 3525 928 3574 et
964 3521 1059 3591 pie
1100 3537 1164 3574 ac
1195 3521 1348 3591 juste
1395 3521 1647 3575 viventes
1690 3537 1819 3591 per-

118 3612 251 3665 dere
286 3610 493 3664 nititur
522 3610 656 3680 quia
687 3610 889 3663 similis
937 3608 1184 3663 similem
1233 3609 1339 3663 sibi
1399 3610 1622 3680 queerit.
1684 3610 1818 3664 Inﬁ-

116 3701 259 3755 delis
304 3715 440 3753 vero
497 3699 670 3752 homo
733 3703 996 3752 mortuus
1053 3702 1135 3751 est
1191 3697 1252 3751 in
1281 3714 1517 3768 corpore
1574 3698 1817 3760 vivente,

120 3790 365 3844 Econtra
394 3802 687 3841 sermones
717 3787 901 3841 ﬁdelis
958 3786 1208 3840 hominis
1260 3786 1434 3840 vitam
1489 3788 1822 3842 custodiunt

119 3878 469 3932 auditorum.
514 3877 809 3930 Doctorem
850 3874 1004 3929 enim
1035 3876 1399 3941 catholicum,
1432 3880 1487 3931 et
1532 3877 1819 3948 praecipue

120 3966 350 4021 Domini
383 3964 753 4026 sacerdotem,
786 3964 927 4017 sicut
977 3965 1136 4017 nullo
1168 3980 1362 4018 errore
1408 3965 1712 4035 implicari,
1741 3967 1820 4018 ita

119 4055 280 4107 nulla
335 4056 561 4123 oportet
614 4051 1037 4105 machinatione
1084 4058 1183 4106 aut
1229 4052 1539 4122 cupiditate
1596 4052 1817 4117 violari,

121 4142 343 4196 dicente
371 4142 664 4211 Scriptura
700 4129 890 4194 sancta
923 4156 937 4195 :
990 4142 1121 4195 Post
1170 4141 1655 4211 concupiscentias
1696 4147 1821 4196 tuas

126 4248 233 4285 non
264 4247 385 4297 eas,
418 4235 475 4284 et
504 4246 535 4282 a
564 4229 855 4283 voluntate
897 4235 996 4283 tua
1031 4230 1320 4285 averteris.

125 4339 248 4392 Car.
300 4336 560 4390 CXXXVI.
596 4364 665 4375 ——
720 4336 1010 4404 Episcopos
1064 4350 1098 4387 a
1152 4336 1266 4388 suis
1322 4334 1510 4389 ovibus
1559 4350 1666 4389 non
1728 4352 1814 4390 re-

388 4406 815 4476 prehendendos,
858 4408 968 4459 nisi
1006 4407 1064 4458 in
1090 4407 1196 4474 ﬁde
1233 4410 1549 4460 erraverint.

192 4497 309 4563 (Ea:
338 4498 501 4565 epist.
549 4496 799 4549 Anacteti
849 4509 1029 4563 papae,
1079 4495 1289 4561 scripta
1336 4494 1582 4547 omnibus
1624 4494 1827 4549 Christi

126 4585 517 4651 sacerdotibus,
574 4598 694 4652 cap.
766 4582 838 4654 1.)
878 4583 1082 4636 Doctor
1118 4587 1311 4636 autem
1341 4582 1427 4636 vel
1472 4587 1668 4653 pastor
1725 4584 1820 4636 Ec-

128 4673 331 4739 clesiae,
375 4671 423 4724 si
468 4687 500 4725 a
554 4670 819 4724 ﬁdelibus
863 4668 1287 4733 exorbitaverit,
1335 4669 1444 4721 erit
1482 4687 1514 4723 a
1561 4668 1825 4723 ﬁdelibus

128 4759 520 4830 corrigendus.
550 4757 659 4812 Sed
715 4774 820 4828 pro
879 4756 1137 4828 reprobis
1198 4755 1457 4810 moribus
1508 4756 1689 4827 magis
1743 4761 1827 4811 est

125 4849 479 4914 tolerandas,
509 4863 683 4919 quam
716 4846 1173 4917 distringendus;
1198 4845 1335 4917 quia
1362 4849 1608 4900 rectores
1645 4847 1828 4901 Eccle-

127 4939 281 4992 siaaa
340 4936 584 4991 Domino
623 4939 757 4989 sunt
803 4935 1120 5006 judicandi,
1171 4935 1316 4988 sicut
1372 4935 1451 4988 ait
1498 4936 1825 5005 Propheta:

130 5028 275 5081 Deus
321 5025 482 5079 stetit
524 5025 584 5078 in
640 5040 934 5095 synagoga
976 5024 1236 5091 deorum,
1288 5023 1349 5077 in
1388 5023 1579 5077 medio
1636 5029 1828 5078 autem

130 5117 263 5170 deos
289 5113 581 5169 discernit.
619 5114 778 5168 Unde
810 5118 1037 5183 oportet
1062 5128 1537 5183 unumquemque
1571 5112 1826 5179 ﬁdelem,

131 5205 174 5259 si
229 5205 438 5259 viderit
503 5207 602 5256 aut
647 5201 984 5271 cognoverit
1054 5202 1249 5272 plebes
1348 5217 1478 5254 suas
1563 5201 1832 5256 adversus

130 5298 419 5363 pastorem
459 5308 629 5346 suum
658 5301 989 5353 tumescere,
1032 5295 1131 5345 aut
1187 5292 1404 5344 clerum
1453 5288 1832 5345 detractioni-

132 5383 231 5436 bus
263 5397 486 5448 vacare,
518 5381 627 5435 hoc
664 5380 866 5434 vitium
896 5395 1003 5450 pro
1044 5378 1261 5433 viribus
1309 5377 1645 5448 exstirpare,
1696 5396 1831 5449 pru-

135 5471 452 5542 denterque
478 5471 765 5539 corrigere
804 5472 1070 5539 satagat:
1106 5484 1210 5521 nec
1265 5466 1346 5521 eis
1374 5466 1436 5520 in
1483 5468 1830 5538 quibuscun-

135 5577 243 5632 que
300 5559 551 5630 negotiis
592 5558 836 5626 misceri,
870 5558 914 5611 si
969 5556 1390 5627 incorrigibiles
1438 5558 1834 5627 apparuerint,

137 5656 444 5721 antequam
514 5664 616 5702 suo
666 5647 1110 5702 reconcilientur
1162 5645 1403 5714 doctori,
1467 5651 1831 5715 praesumat:

1928 3179 2094 3234 ﬁunt

2284 3268 2412 3321 CAP.
2457 3267 2715 3321 CXXXIX.
2746 3296 2819 3309 —
2847 3270 2924 3323 De
2968 3270 3153 3323 eadem
3188 3286 3267 3324 re.

1998 3357 2107 3419 (Em
2137 3355 2331 3409 decret.
2394 3357 2526 3408 Gaii
2559 3371 2739 3426 papae,
2802 3372 2922 3425 cap.
2977 3359 3058 3425 7.)
3116 3359 3259 3413 Oves
3310 3375 3445 3413 vero
3494 3376 3624 3431 quae

1925 3444 2142 3515 pastori
2173 3460 2276 3497 suo
2304 3444 2623 3497 commissae
2682 3444 2918 3509 fuerint,
2971 3461 3102 3499 eum
3160 3462 3266 3501 nec
3308 3448 3625 3518 reprehen-

1928 3533 2085 3599 dere,
2138 3532 2247 3586 nisi
2282 3549 2314 3584 a
2368 3537 2521 3585 recta
2577 3531 2687 3585 ﬁde
2747 3532 3171 3602 exorbitaverit,
3223 3535 3452 3603 debent,
3521 3552 3626 3589 nec

1930 3621 2215 3675 ullatenus
2269 3636 2531 3673 accusare
2589 3625 2874 3689 possunt:
2929 3623 3067 3691 quia
3124 3624 3272 3677 facta
3331 3630 3627 3694 pastorum

1927 3726 2127 3764 eorum
2164 3709 2352 3779 gladio
2405 3708 2664 3762 ferienda
2722 3724 2836 3762 non
2884 3714 3037 3775 sunt,
3091 3727 3425 3783 quanquam
3476 3718 3627 3767 recte

1926 3797 2401 3869 reprehendenda
2429 3797 2747 3851 videantur.

1928 3906 2057 3960 CAP.
2093 3905 2239 3959 CXL.
2272 3934 2340 3943 ——
2368 3906 2439 3957 De
2485 3905 2773 3968 infamatis
2812 3907 2862 3956 et
2901 3903 3219 3960 dilaceratis
3257 3909 3541 3976 episcopis,
3580 3912 3631 3963 et

2332 3990 2367 4027 a
2389 3975 2705 4027 civitatibus
2740 3978 2984 4043 propriis
3018 3977 3214 4043 pulsis.

2000 4064 2104 4132 (Ea:
2150 4062 2345 4116 decret.
2399 4063 2636 4116 Evarist.
2682 4077 2842 4129 papae
2896 4063 3141 4115 omnibus
3195 4078 3293 4130 per
3336 4066 3633 4133 Egyptum

1926 4151 2198 4218 fratribus
2240 4153 2446 4213 missis,
2498 4165 2617 4217 cap.
2658 4149 2762 4217 18.)
2804 4148 3143 4202 Audivimus
3173 4150 3327 4203 enim
3351 4152 3631 4221 quosdam

1927 4256 1961 4292 a
1990 4239 2148 4292 vobis
2196 4238 2502 4290 infamatos
2554 4242 2609 4290 et
2650 4236 2987 4295 dilaceratos
3046 4236 3357 4307 episc0pos,
3416 4256 3447 4292 a
3495 4240 3630 4295 civi-

1929 4327 2143 4381 tatibus
2208 4324 2460 4395 propriis
2515 4325 2733 4394 pulsos,
2788 4324 2888 4394 qui
2930 4324 3066 4377 alibi
3111 4326 3363 4396 episcopi
3419 4329 3632 4383 consti-

1934 4414 2021 4468 tui
2060 4430 2177 4467 non
2230 4418 2488 4483 possunt,
2533 4411 2639 4464 nisi
2696 4411 2756 4464 in
2813 4411 3135 4465 civitatibus
3184 4428 3302 4466 non
3355 4414 3631 4483 minimis,

1934 4508 1990 4557 et
2020 4502 2162 4556 alios
2200 4501 2258 4555 in
2322 4501 2424 4568 eis,
2493 4500 2631 4570 ipsis
2688 4500 3030 4567 viventibus,
3077 4502 3433 4557 constitutos.
3502 4505 3634 4559 Ideo

1932 4592 2055 4645 haec
2112 4590 2271 4644 vobis
2356 4589 2682 4657 scribimus,
2742 4595 2808 4643 ut
2854 4589 3043 4643 sciatis
3118 4590 3226 4645 hoc
3280 4608 3397 4646 non
3440 4593 3634 4662 licere,

1935 4680 2034 4734 sed
2054 4677 2319 4750 proprios
2371 4677 2625 4731 revocari
2664 4681 2721 4730 et
2766 4677 3137 4749 integerrime
3189 4681 3415 4735 restitui
3464 4683 3636 4739 debe-

1934 4783 2018 4822 re.
2065 4767 2194 4821 Illos
2241 4782 2374 4820 vero
2423 4764 2521 4836 qui
2570 4765 2893 4820 adulterina
2939 4767 3192 4823 fmditate
3264 4786 3394 4824 suas
3463 4788 3636 4843 spon-

1936 4873 2048 4925 sas,
2099 4872 2240 4926 quas
2284 4860 2342 4909 et
2412 4869 2617 4908 uxores
2678 4871 2879 4909 eorum
2938 4857 3176 4928 praeﬁxo
3252 4863 3453 4913 tenore
3515 4877 3638 4915 esse

1936 4943 2336 5014 intelligimus,
2394 4947 2613 5009 tenent,
2674 4943 2802 5013 ejici
2860 4948 2922 4997 ut
2963 4946 3275 5014 adulteros,
3324 4951 3495 5017 atque
3544 4948 3637 5001 in-

1938 5032 2117 5086 fames
2146 5030 2292 5098 ﬁeri,
2354 5046 2566 5102 eosque
2620 5031 2691 5085 ab
2723 5032 3119 5087 ecclesiasticis
3177 5034 3488 5089 honoribus
3554 5052 3641 5090 ar-

1940 5122 2056 5176 ceri
2117 5120 2409 5190 jubemus.
2486 5118 2544 5173 Si
2610 5124 2801 5173 autem
2880 5121 3173 5176 adversus-
3205 5138 3303 5177 eos
3388 5124 3641 5195 aliquam

1941 5211 2235 5281 querelam
2291 5207 2624 5275 habueritis,
2657 5208 2748 5262 his
2776 5208 3018 5278 peractis
3056 5210 3469 5280 inquirendum
3508 5213 3640 5284 erit,

1944 5302 2001 5351 et
2022 5297 2361 5351 auctoritate
2383 5297 2556 5367 hujus
2582 5303 2788 5351 sanctae
2819 5296 2965 5351 sedis
3011 5298 3461 5355 terminandum.

1944 5404 2075 5459 CAP.
2104 5403 2279 5458 CXLI.
2307 5434 2376 5443 —
2410 5406 2477 5459 Ut
2521 5406 2799 5476 episcopus
2846 5419 2951 5457 non
3006 5403 3344 5474 dijudicetur
3385 5410 3481 5476 qui
3527 5410 3644 5464 suis

2476 5477 2636 5529 rebus
2661 5480 2739 5529 est
2775 5477 3077 5544 expoliatus
3091 5517 3104 5530 .

2020 5559 2139 5631 (Ea:
2180 5561 2381 5616 decret.
2451 5562 2641 5615 Felicis
2687 5576 2848 5631 papa
2898 5566 3137 5632 episcop.
3191 5578 3289 5632 per
3348 5568 3646 5637 Egyptum

1947 5650 2153 5715 missis,
2206 5664 2330 5719 cap.
2398 5649 2503 5717 l0.)
2554 5648 2753 5704 Nullus
2826 5650 2980 5705 enim
3021 5651 3322 5724 episcopus
3383 5656 3483 5726 qui
3530 5658 3647 5710 suis
