3956 6358
345 379 444 432 591

1424 375 1826 431 BURCHARDI
1866 370 2398 429 WORMACIENSIS
2437 367 2771 424 EPISCOPI.

3747 366 3858 420 592

343 502 426 550 est
444 496 616 550 rebus
685 494 1050 564 exspoliatus,
1101 497 1200 547 aut
1250 511 1280 546 ει
1319 511 1377 547 se
1429 494 1498 548 de
1547 495 1778 564 propria
1832 493 1888 547 vi
1942 497 2116 548 autA
2156 489 2398 544 licenter
2426 488 2693 558 appellet,
2744 491 2800 540 et
2819 486 2985 540 adeat
3037 485 3360 556 apostolicae
3425 485 3576 539 sedis
3625 485 3861 556 pontiﬁ-

344 601 536 638 errore
621 587 815 654 pulsus
875 591 1184 653 antequam
1246 583 1445 636 omnia
1500 583 1608 636 sibi
1663 583 1852 636 ablata
1905 581 2044 652 legi-

344 674 450 728 bus
499 674 894 735 restituantur,
937 677 994 724 et
1048 672 1171 740 ipse
1219 671 1450 741 paciﬁcc
1504 687 1723 724 annum
1773 671 1860 724 vel
1913 672 2042 741 plus

346 762 434 816 sui
539 761 765 814 fruatur
861 761 1204 820 honoribus,
1293 759 1529 829 sedique
1621 759 1873 830 propria;
1971 759 2042 813 sit

341 851 683 920 regulariter
751 850 1064 913 restitutus,
1133 850 1296 918 juxta
1383 848 1715 902 canonicam
1803 848 2042 902 institu-

342 939 558 992 tionem
629 937 899 1002 accusari,
988 938 1194 1004 vocari,
1257 936 1525 1006 judicari,
1600 941 1700 990 aut
1778 934 2041 990 damnari

350 1030 558 1097 potest.

751 1113 887 1167 CAP.
923 1111 1118 1164 CXLII.
1143 1141 1211 1149 —
1247 1114 1319 1165 De
1347 1111 1532 1164 eadem
1551 1127 1628 1164 re.

417 1203 527 1262 (E1:
570 1200 766 1253 decret.
799 1200 1018 1267 Stepha.
1047 1214 1205 1267 papae
1242 1199 1490 1252 omnibus
1540 1201 1804 1268 episcopis
1836 1201 2034 1265 missis,

341 1305 460 1358 cap.
495 1288 571 1358 6)
615 1289 812 1341 Nullus
852 1287 1001 1340 enim
1059 1287 1482 1357 episcoporum,
1518 1288 1654 1340 dum
1697 1287 1813 1339 suis
1868 1287 2040 1340 fuerit

339 1378 509 1430 rebus
528 1375 893 1445 exspoliatus,
927 1381 1025 1427 aut
1070 1393 1101 1427 a
1144 1375 1276 1428 sede
1328 1375 1561 1444 propria
1592 1375 1848 1444 qualibet
1877 1391 2036 1428 occa-

338 1465 497 1517 sione
521 1464 739 1532 pulsus,
769 1463 939 1516 debet
962 1463 1212 1516 accusari
1246 1479 1262 1513 :
1295 1470 1394 1516 aut
1433 1480 1463 1515 a
1513 1479 1804 1532 quoquam
1853 1462 1906 1515 ei
1935 1479 2036 1532 po-

339 1557 449 1606 test
483 1552 698 1604 crimen
729 1551 918 1620 objici,
967 1552 1301 1621 priusquam
1349 1551 1716 1621 integerrime
1753 1557 2036 1605 restaure-

341 1644 454 1705 tur,
489 1640 760 1693 etomnia
797 1655 926 1709 qum
978 1640 1031 1692 ei
1074 1639 1264 1692 abluta
1311 1655 1652 1710 quocunque
1701 1646 1833 1693 sunt
1870 1641 2039 1709 inge—

336 1728 452 1791 nio,
490 1728 728 1796 legibus,
772 1727 1237 1796 redintegrentur
1284 1731 1338 1780 et
1389 1727 1510 1796 ipse
1555 1727 1801 1797 propriae
1824 1728 1941 1780 sedi
1983 1731 2038 1780 et

338 1815 582 1886 pristino
629 1815 800 1868 statui
858 1815 1196 1883 regulariter
1243 1815 1557 1868 reddatur:
1596 1815 1673 1867 ita
1732 1820 1791 1868 ut
1834 1831 2033 1869 omnes

334 1904 746 1973 possessiones,
802 1909 859 1956 et
908 1910 1110 1956 cuncta
1159 1903 1264 1955 sibi
1314 1902 1521 1974 injuste
1576 1903 1816 1972 sublata,
1866 1908 2034 1974 atque

337 1990 554 2044 fructus
600 2006 818 2055 omnes,
879 1997 1010 2042 ante
1043 1996 1374 2059 conceptam
1412 1991 1856 2055 accusationem,
1922 1989 2036 2060 pri-

335 2084 514 2133 mates
546 2084 601 2131 et
626 2079 872 2148 synodus
927 2079 1194 2148 episcopo
1241 2079 1309 2132 de
1347 2088 1478 2149 quo
1535 2079 1724 2148 agitur
1775 2079 2034 2132 funditus

334 2168 655 2221 restituant.
717 2167 860 2230 Quia
909 2169 1014 2220 hoc
1073 2183 1188 2220 non
1238 2168 1425 2220 solum
1474 2167 1881 2232 ecclesiasticae,
1935 2168 2032 2222 sed

335 2255 506 2307 etiam
567 2256 760 2308 saeculi
803 2256 956 2324 leges
1016 2255 1140 2307 ﬁeri
1193 2255 1540 2324 prohibent:
1588 2272 1773 2325 neque
1824 2255 2033 2325 aliquis

336 2359 556 2408 eorum,
591 2349 690 2396 aut
745 2341 1116 2396 Ecclesiarum
1161 2349 1476 2409 auctorum,
1532 2345 1616 2396 vel
1666 2343 2032 2397 defensorum

338 2431 405 2485 ad
447 2431 666 2502 aliquos
715 2431 874 2500 prius
925 2430 1178 2484 accusari
1225 2431 1411 2493 debet,
1463 2447 1633 2500 quam
1684 2432 1806 2502 ipse
1854 2432 2033 2485 chari-

333 2519 531 2583 tative,
572 2519 656 2573 bis
687 2524 786 2572 aut
814 2524 900 2572 ter
937 2519 1009 2572 ab
1059 2519 1139 2572 eis
1179 2519 1278 2590 qui
1309 2535 1366 2572 se
1412 2521 1578 2572 laesos
1607 2521 1912 2586 aestimant,
1945 2520 2030 2574 vel

334 2623 431 2661 eos
459 2624 562 2678 pro
608 2607 896 2677 aliquibus
944 2608 1225 2661 erratibus
1264 2607 1551 2676 corripere
1600 2607 1862 2678 cupiunt,
1904 2625 2031 2662 con-

297 2696 596 2749 ‘veniatur
628 2712 640 2749 :
677 2703 739 2748 ut
766 2696 836 2748 ab
874 2695 954 2747 eis
996 2701 1096 2748 aut
1148 2695 1485 2749 familiarem
1544 2697 2026 2764 emendationem,

333 2788 433 2837 aut
449 2783 665 2853 justam
717 2764 993 2852 percipiat
1041 2784 1482 2837 excusationem.
1535 2783 1693 2846 Quod
1746 2783 1845 2854 qui
1881 2800 2026 2854 pra:-

333 2871 660 2941 sumpserit,
710 2871 1002 2924 liminibus
1064 2877 1326 2925 arceatur
1385 2871 1666 2938 Ecclesiae,
1721 2888 1903 2942 usque
1959 2873 2027 2926 ad

334 2959 678 3030 condignam
719 2959 1180 3012 satisfactionem.

725 3049 834 3102 CAP
883 3047 1108 3102 CXLIII.
1139 3078 1208 3086 —
1239 3049 1317 3100 De
1341 3048 1524 3102 eadem
1561 3064 1640 3104 re.

407 3137 528 3204 (Ea:
571 3135 766 3190 decret.
813 3134 967 3189 Sinti
1006 3151 1164 3204 papa
1212 3137 1490 3204 Hispaniae
1519 3137 1784 3204 episcopis
1825 3137 2029 3201 missis,

333 3239 453 3293 cap.
484 3224 677 3289 6.)His
720 3224 910 3277 taliter
954 3223 1347 3290 consideratis,
1390 3231 1560 3294 atque
1609 3240 1740 3277 cum
1774 3225 2028 3295 reliquo-

331 3328 460 3365 rum
487 3313 880 3382 episcoporum
914 3311 1176 3378 decretis,
1219 3319 1496 3382 tanquam
1536 3311 1796 3366 omnium
1835 3328 2030 3366 curam

331 3405 592 3466 gerentes
633 3405 870 3469 propter
897 3399 1046 3453 sedis
1103 3400 1350 3470 propriae
1381 3401 1601 3470 apicem
1670 3400 2032 3454 decernimus

332 3491 398 3539 ut
428 3502 596 3540 nemo
629 3487 969 3557 pontiﬁcum
1011 3488 1260 3558 aliquem
1288 3489 1405 3541 suis
1445 3490 1613 3542 rebus
1652 3489 2031 3560 exspoliatum

334 3573 686 3644 episcopum,
721 3581 818 3627 aut
850 3591 881 3627 a
925 3575 1055 3628 sede
1105 3577 1352 3645 pulsum,
1403 3576 1894 3630 excommunicare
1935 3581 2035 3630 aut

329 3661 584 3730 judicare
623 3667 973 3730 praesumat:
1022 3663 1158 3733 quia
1214 3680 1328 3716 non
1375 3670 1459 3717 est
1505 3664 1873 3734 privilegium
1916 3682 2030 3735 quo

334 3749 636 3817 exspoliari
668 3751 847 3818 possit
870 3751 989 3818 jam
1030 3751 1294 3804 nudatus.
1342 3751 1399 3804 Si
1449 3753 1577 3821 quis
1626 3759 1819 3806 autem
1870 3753 2034 3806 aliter

334 3852 501 3905 agere
567 3838 1017 3907 praesumpserit,
1077 3839 1215 3892 sciat
1277 3856 1578 3893 censuram
1654 3841 1824 3910 hujus
1882 3842 2031 3894 sedis

333 3940 460 3977 cum
493 3926 759 3979 omnibus
802 3927 1077 3979 membris
1123 3927 1240 3980 suis
1289 3928 1397 3981 sibi
1428 3945 1542 3981 non
1599 3929 1946 3993 defuturam,
1975 3935 2031 3984 et

331 4012 478 4066 sicut
508 4014 708 4083 egerit,
755 4014 834 4066 ita
883 4015 1134 4085 recipiet.
1173 4016 1230 4070 Si
1279 4016 1444 4082 bene,
1499 4016 1662 4070 bene.
1721 4016 1779 4072 Si
1835 4035 2028 4089 grave,

328 4115 517 4170 grave.
572 4102 627 4156 Si
691 4103 958 4172 pessime,
1009 4103 1272 4174 pessime.
1323 4105 1609 4168 Quoniam
1673 4106 1881 4177 dignus
1947 4114 2031 4161 est

329 4190 621 4259 operarius
655 4193 912 4245 mercede
940 4209 1060 4245 sua.

2069 1776 2107 1828 Β

2161 595 2304 644 cem,
2336 578 2436 649 qui
2484 582 2584 630 aut
2636 592 2739 645 per
2789 591 2866 640 se,
2904 580 3002 628 aut
3053 591 3157 645 per
3226 575 3467 627 vicarios
3523 591 3681 635 suos,
3736 575 3862 643 ejus

2154 664 2449 721 retractari
2485 663 2781 734 negotium
2822 669 3110 733 procuret.
3171 664 3236 716 Et
3271 663 3409 716 dum
3456 663 3660 716 iterato
3701 662 3861 732 judi-

2155 755 2243 808 cio
2267 753 2523 825 pontifex
2553 768 2779 806 causam
2827 768 2990 805 suam
3034 753 3180 822 agit,
3216 753 3407 806 nullus
3457 753 3602 806 alius
3641 753 3701 806 in
3735 754 3863 822 ejus

2156 845 2278 897 loco
2323 844 2684 910 subrogetur,
2745 846 3010 911 ponatur,
3046 847 3146 894 aut
3177 842 3476 894 ordinetur
3529 841 3858 912 episcopus.

2159 930 2465 998 Quoniam,
2536 945 2869 999 quanquam
2935 929 3512 999 comprovincialibus
3571 930 3863 999 episcopis

2151 1019 2398 1072 accusati
2427 1034 2657 1070 causam
2717 1016 3000 1087 pontiﬁcis
3071 1017 3310 1070 scrutari
3369 1017 3555 1078 liceat,
3618 1033 3741 1070 non
3774 1024 3859 1070 ta-

2151 1124 2284 1162 men
2305 1105 2534 1161 deﬁniri
2563 1107 2884 1159 inconsulto
2925 1109 3184 1160 Romano
3216 1105 3483 1176 pontiﬁce
3506 1106 3859 1176 permissum

2151 1201 2234 1250 est
2266 1213 2278 1249 :
2311 1211 2442 1248 cum
2496 1195 2662 1248 beato
2719 1195 2884 1247 Petro
2938 1195 3211 1262 apostolo,
3253 1210 3367 1246 non
3417 1195 3487 1247 ab
3531 1193 3644 1247 alio
3681 1211 3859 1265 quam

2155 1286 2227 1338 ab
2254 1283 2377 1353 ipso
2431 1283 2646 1337 dictum
2680 1283 2751 1335 sit
2808 1283 3096 1336 Domino:
3157 1282 3526 1352 Qumcunque
3581 1283 3860 1352 ligaveris

2149 1388 2323 1442 super
2344 1378 2579 1439 terram,
2609 1376 2781 1424 erunt
2821 1370 2997 1434 ligata
3028 1376 3086 1424 et
3143 1371 3202 1424 in
3231 1371 3424 1424 caelis:
3477 1376 3535 1424 et
3582 1386 3860 1441 quascun-

2149 1477 2260 1531 que
2292 1460 2522 1513 solveris
2554 1475 2726 1528 super
2763 1465 2998 1526 terram,
3039 1465 3207 1512 erunt
3254 1461 3436 1513 soluta
3478 1466 3534 1513 et
3561 1460 3623 1512 in
3673 1460 3856 1513 ccelis.

2149 1550 2206 1604 Si
2231 1550 2360 1618 quis
2389 1549 2673 1618 putaverit
2702 1565 2759 1600 se
2789 1565 2818 1600 a
2850 1548 3084 1618 proprio
3116 1549 3562 1617 metropolitano
3599 1550 3854 1618 gravari,

2148 1638 2302 1706 apud
2369 1635 2664 1706 primatim
2719 1635 3046 1699 dimceseos,
3129 1642 3228 1689 aut
3279 1653 3454 1705 penes
3528 1637 3860 1706 apostolicae

2149 1725 2482 1778 universalis
2533 1725 2788 1777 Ecclesiae
2847 1740 3052 1794 papam
3110 1724 3414 1792 judicetur.
3484 1728 3863 1778 Accusatores

2147 1820 2205 1867 et
2237 1813 2624 1866 accusationes
2661 1828 2801 1881 quas
2853 1813 3009 1880 leges
3048 1811 3242 1865 saeculi
3281 1829 3398 1865 non
3459 1813 3765 1879 asciscant,
3804 1820 3863 1867 et

2147 1916 2250 1954 nos
2281 1899 2634 1954 unanimiter
2667 1901 3091 1963 submovemus,
3131 1917 3202 1954 ne
3234 1901 3335 1954 ﬁat
3366 1901 3682 1954 indistricta
3718 1918 3860 1971 pro-

2144 1989 2373 2042 batione
2401 1987 2688 2057 impietas,
2740 2004 2871 2040 cum
2903 1995 3058 2040 recta
3115 1989 3188 2040 sit
3225 1988 3430 2058 judicii
3472 1989 3530 2041 in
3577 1990 3862 2042 electione

2142 2076 2442 2130 sententia.
2503 2076 2562 2130 Si
2613 2076 2740 2146 quis
2799 2091 2938 2145 erga
2987 2077 3324 2146 episcopum
3373 2078 3458 2129 vel
3490 2081 3711 2130 actores
3743 2077 3861 2130 Ec-

2143 2165 2327 2218 clesiae
2353 2181 2412 2218 se
2441 2163 2739 2235 proprium
2772 2164 3074 2217 crediderit
3105 2164 3312 2217 habere
3354 2166 3673 2234 negotium,
3731 2182 3858 2218 non

2143 2252 2303 2322 prius
2327 2253 2491 2306 adeat
2531 2252 2775 2321 judices,
2822 2269 2995 2322 quam
3039 2253 3108 2305 ad
3156 2270 3250 2306 eos
3298 2260 3555 2307 recurrat
3598 2254 3865 2308 charita-

2143 2342 2215 2395 tis
2245 2341 2432 2394 studio
2477 2357 2490 2393 :
2521 2346 2585 2393 ut
2623 2341 2892 2393 familiari
2926 2341 3212 2412 colloquio
3262 2342 3619 2401 commoniti,
3662 2359 3733 2395 ea
3763 2360 3860 2396 sa-

2143 2446 2281 2483 nare
2329 2429 2575 2483 debeant
2629 2445 2757 2498 quze
2824 2429 2883 2482 in
2956 2432 3376 2499 querimoniam
3459 2431 3856 2485 deducuntur.

2143 2518 2304 2582 Quod
2351 2518 2398 2570 si
2429 2519 2594 2571 aliter
2643 2519 2843 2587 egerit,
2896 2521 3304 2572 communione
3347 2522 3620 2589 privetur.
3668 2520 3858 2574 Nemo

2143 2607 2481 2677 pontiﬁcum
2512 2606 2780 2675 deinceps
2809 2607 3061 2676 aliquem
3101 2608 3433 2677 episcopum
3489 2609 3604 2662 suis
3639 2624 3858 2678 exspo-

2150 2694 2354 2747 liatum
2407 2694 2597 2760 rebus,
2661 2700 2762 2747 aut
2813 2711 2842 2747 a
2895 2695 3028 2748 sede
3061 2696 3292 2764 pulsum
3347 2695 3854 2749 excommunicare

2145 2787 2246 2834 aut
2268 2781 2526 2851 judicare
2580 2787 2935 2848 praesumat:
2987 2782 3123 2851 quia
3177 2799 3292 2836 non
3343 2790 3428 2836 est
3477 2783 3856 2865 privilegium

2142 2887 2258 2940 quo
2299 2870 2533 2942 spoliari
2561 2870 2737 2940 possit
2771 2872 2890 2940 jam
2931 2871 3200 2924 nudatus.
3245 2871 3372 2924 Pari
3407 2877 3604 2924 tenore
3647 2872 3851 2926 decer-

2141 2958 2335 3011 nimus
2366 2974 2480 3011 non
2509 2957 2665 3012 credi
2695 2958 3009 3011 accusatori
3061 2959 3182 3028 qui,
3231 2959 3462 3012 absente
3494 2961 3850 3029 adversario,

2065 3057 2107 3110 ρ
2145 3062 2370 3099 causam
2441 3046 2808 3116 suggesserit,
2871 3052 3004 3099 ante
3060 3045 3356 3116 utriusque
3405 3047 3580 3116 partis
3627 3048 3850 3101 discus-

2144 3135 2359 3187 sionem
2403 3150 2416 3188 :
2449 3151 2553 3188 nec
2591 3141 2947 3188 accusatores
2977 3151 3082 3188 nec
3111 3140 3282 3188 testes
3307 3135 3538 3205 suscipi,
3567 3135 3667 3206 qui
3729 3155 3852 3192 non

2140 3227 2273 3275 sunt
2305 3222 2516 3276 idonei.
2558 3223 2794 3288 Placuit,
2830 3224 2876 3275 si
2927 3229 3222 3276 accusatus
3253 3225 3339 3276 vel
3371 3224 3674 3278 damnatus
3716 3227 3853 3295 epi—

2141 3327 2339 3381 scopus
2398 3311 2771 3381 appellaverit
2820 3313 3142 3365 Romanum
3201 3313 3553 3381 pontiﬁcem.
3617 3313 3676 3366 id
3728 3321 3854 3368 sta-

2139 3399 2418 3454 tuendum
2449 3399 2604 3470 quod
2660 3399 2781 3469 ipse
2811 3400 2961 3470 juste
3004 3400 3306 3454 censuerit.
3361 3402 3425 3455 Et
3477 3418 3681 3468 omnes
3745 3405 3853 3473 qui

2139 3487 2409 3540 adversus
2439 3489 2632 3541 Patres
2659 3493 2978 3556 armantur,
3032 3489 3273 3542 infames
3325 3505 3445 3542 esse
3495 3506 3799 3542 censemus
3837 3509 3851 3546 :

2143 3589 2328 3644 neque
2361 3590 2457 3628 eos
2487 3575 2584 3644 qui
2617 3591 2747 3628 cum
2777 3575 3025 3629 inimicis
3058 3583 3374 3642 morantur,
3406 3577 3477 3630 ad
3530 3579 3854 3631 accusatio-

2140 3680 2274 3718 nem
2315 3665 2401 3717 vel
2457 3664 2524 3718 ad
2585 3665 2982 3718 testimonium
3053 3665 3432 3734 recipiendos.
3505 3666 3722 3719 Placuit
3786 3675 3856 3721 ut

2139 3769 2369 3823 semper
2407 3753 2467 3806 in
2528 3754 2884 3806 accusatione
2943 3753 3282 3807 clericorum
3332 3755 3520 3823 primo
3570 3771 3850 3823 persona,

2139 3842 2302 3907 ﬁdes,
2334 3841 2449 3894 vita
2492 3847 2548 3893 et
2605 3842 2956 3894 conversatio
3004 3842 3524 3912 blasphemantium
3575 3859 3850 3913 perscru-

2139 3934 2313 3983 tetur.
2373 3930 2514 3982 Nam
2559 3930 2701 3983 ﬁdes
2746 3947 2946 3984 omnes
3009 3937 3168 3984 actus
3230 3932 3479 3984 hominis
3513 3933 3846 4001 przecedcre

2139 4017 2309 4070 debet
2349 4034 2361 4070 :
2411 4017 2546 4087 quia
2596 4017 2804 4071 dubius
2854 4018 2913 4072 in
2973 4019 3104 4084 ﬁde,
3158 4019 3406 4072 inﬁdelis
3442 4025 3544 4074 est.
3607 4021 3719 4073 Nec
3761 4022 3849 4075 eis

2139 4105 2375 4159 omnino
2427 4123 2548 4158 esse
2603 4107 2952 4160 credendum
3011 4108 3110 4177 qui
3149 4109 3401 4161 veritatis
3451 4108 3624 4162 ﬁdem
3680 4108 3852 4179 igno-

2138 4197 2284 4258 rant,
2329 4208 2429 4245 nec
2483 4197 2650 4245 rectae
2684 4195 3127 4248 conversationis
3159 4196 3333 4249 vitam
3360 4197 3576 4250 ducunt
3610 4214 3621 4250 :
3688 4214 3846 4267 quo-

328 4296 709 4381 CAPLCXU“
741 4299 922 4381 _“Ut
971 4301 1209 4381 θρίξεορε
1255 4301 1538 4353 criminan-
1583 4302 1746 4354 [ὥρη
1803 4307 2017 4371 αροειο,
2050 4329 2093 4381 D
2139 4281 2290 4334 niam
2330 4281 2470 4334 tales
2495 4282 2658 4335 facile
2698 4287 2753 4335 et
2782 4283 3178 4338 indifferenter
3229 4286 3494 4362 lacerant,
3547 4291 3603 4338 et
3647 4286 3840 4339 crimi-

434 4367 598 4440 licam
672 4369 943 4440 appellent
997 4370 1190 4440 sedem,
1247 4376 1300 4423 et
1376 4373 1638 4440 pleraque
1704 4367 2019 4426 alia—circa

424 4437 698 4504 judicium
735 4439 1092 4492 observanda.

397 4540 504 4611 (Ea:
527 4542 720 4597 aecrcl.
779 4545 929 4597 Julii
956 4561 1113 4612 papa
1162 4545 1480 4601 Orientalib.
1523 4551 1787 4617 episcopis
1813 4550 2014 4614 missis,

323 4644 444 4697 cap.
490 4631 598 4700 l8.)
640 4631 708 4684 Ut
744 4648 942 4685 omnes
992 4633 1242 4703 episcopi
1271 4634 1372 4703 qui
1421 4635 1477 4688 in
1517 4636 1858 4706 quibusdam
1886 4653 2018 4705 gra-

321 4716 574 4770 vioribus
633 4720 933 4787 pulsantur
986 4721 1070 4772 vel
1122 4721 1499 4775 criminantur
1556 4723 1759 4789 causis,
1793 4726 2017 4794 quoties

319 4821 550 4858 necesse
588 4806 783 4874 fuerit,
832 4807 1010 4860 libere
1062 4810 1432 4876 apostolicam
1482 4813 1774 4880 appellent
1797 4814 2012 4879 sedem,

318 4899 491 4964 atque
519 4895 587 4947 ad
621 4911 746 4948 eam
781 4895 945 4965 quasi
967 4896 1035 4949 ad
1061 4902 1299 4950 matrem
1331 4899 1686 4968 confugiant,
1719 4905 1781 4953 ut
1823 4901 1893 4954 ab
1927 4917 2011 4966 ea,

315 4983 463 5036 sicut
517 4999 745 5052 semper
794 4984 918 5046 fuit,
983 4985 1074 5053 pie
1144 4985 1473 5051 fulciantur,
1527 4987 1908 5041 defendantur
1961 4995 2017 5043 et

313 5069 648 5124 liberentur.
709 5072 882 5140 Cujus
961 5073 1318 5140 dispositioni
1365 5090 1565 5127 omnes
1632 5075 1879 5144 majores
1935 5093 2015 5128 ec-

311 5159 651 5212 clesiasticas
677 5176 896 5224 causas,
948 5164 1004 5212 et
1047 5162 1444 5230 episcoporum
1489 5162 1725 5230 judicia,
1776 5163 2014 5233 antiqua.

309 5251 694 5317 apostolorum
727 5265 1046 5318 eorumque
1079 5265 1470 5302 successorum
1521 5256 1691 5318 atque
1724 5267 2008 5306 canonum

307 5336 614 5389 auctoritas
673 5338 995 5391 reservavit.
1059 5338 1342 5400 Quoniam
1391 5339 1696 5407 culpantur
1757 5339 2011 5409 episcopi

305 5423 441 5492 quia
471 5425 634 5477 aliter
665 5441 797 5488 erga
833 5427 1033 5478 fratres
1074 5427 1297 5488 egerint
1325 5442 1498 5494 quam
1553 5426 1811 5495 ejusdem
1862 5429 2010 5483 sedis

301 5526 468 5580 papa-
503 5513 624 5565 ﬁeri
650 5514 947 5581 placuerit,
983 5513 1196 5583 placuit
1229 5519 1289 5565 ut
1333 5519 1627 5567 accusatus
1656 5516 1743 5568 vel
1779 5515 2006 5585 judica-

300 5601 392 5651 tus
421 5613 455 5651 a
479 5602 1056 5670 comprovincialibus
1102 5601 1164 5654 in
1193 5602 1388 5672 aliqua
1433 5618 1466 5656 a
1496 5618 1666 5657 causa
1699 5605 2002 5676 episcopus

2130 4383 2343 4432 nantur
2371 4385 2522 4432 recte
2579 4384 2635 4433 et
2669 4379 2762 4450 pie
2812 4380 3082 4434 viventes.
3155 4383 3284 4435 Ideo
3332 4383 3581 4452 suspicio
3629 4399 3834 4437 eorum

2128 4467 2486 4521 discutienda
2526 4472 2615 4521 est
2650 4469 2838 4538 primo
2873 4475 2928 4521 et
2956 4470 3314 4538 corrigenda.
3352 4471 3546 4540 Neque
3601 4487 3835 4525 accusa-

2126 4555 2344 4608 toribus
2374 4556 2670 4625 suspectis,
2721 4558 2805 4610 vel
2848 4559 2916 4610 de
2965 4558 3332 4612 inimicorum
3385 4560 3651 4613 domibus
3703 4577 3836 4630 pro-

2125 4641 2430 4695 deuntibus
2469 4643 2836 4696 credendum.

2128 4731 2253 4783 CAP.
2288 4729 2476 4783 CXLV.
2509 4759 2578 4770 —
2635 4731 2932 4800 Episcopus
2989 4735 3040 4786 si
3093 4734 3160 4786 ab
3203 4735 3384 4802 aliquo
3427 4735 3704 4804 pulsatur,
3733 4752 3838 4805 per

2484 4821 2759 4886 episcopos
2788 4821 3002 4887 judices
3032 4838 3196 4876 causa
3226 4826 3472 4888 ﬁniatur.

2197 4906 2306 4975 (E1:
2371 4907 2559 4959 concil.
2623 4908 2890 4976 Spalensi,
2958 4925 3077 4978 cap.
3163 4913 3239 4976 8.)
3303 4912 3360 4966 Si
3435 4913 3735 4982 episcopus
3804 4932 3834 4968 a

2126 5010 2417 5064 quoquam
2490 4995 2792 5063 impetitur
2841 4998 2924 5050 vel
2983 4998 3078 5051 ille
3131 5001 3383 5070 aliquam
3452 5002 3833 5070 quaestionem

2124 5080 2404 5141 retulerit,
2448 5099 2552 5152 per
2572 5083 2869 5155 episcopos
2917 5087 3139 5155 judices
3182 5105 3350 5142 causa
3400 5090 3680 5143 ﬁniatur:
3715 5091 3832 5145 sive

2124 5183 2268 5236 quos
2299 5169 2379 5221 eis
2413 5169 2687 5239 primates
2727 5173 3010 5242 dederint,
3046 5176 3162 5230 sive
3184 5193 3328 5248 quos
3361 5177 3473 5247 ipsi
3505 5177 3721 5233 vicinos
3761 5197 3832 5235 ex

2128 5271 2406 5310 consensu
2437 5260 2733 5329 elegerint.

2123 5343 2247 5398 CAP.
2283 5345 2499 5400 CXLVI.
2532 5379 2600 5387 —-
2657 5353 2726 5402 De
2786 5354 3051 5420 episc0pis
3086 5353 3369 5422 judicibus
3412 5371 3543 5423 quos
3587 5371 3824 5412 commu-

2635 5440 2720 5490 nis
2751 5453 3033 5494 consensus
3062 5441 3298 5508 elegerit.

2188 5520 2496 5590 (Ereodem
2525 5539 2693 5590 conc.,
2726 5542 2845 5595 cap.
2897 5530 2972 5594 9.)
3023 5529 3247 5583 Iudices
3286 5536 3476 5584 autem
3525 5533 3821 5604 episcopos

2116 5625 2260 5679 quos
2289 5612 2608 5667 communis
2641 5629 2952 5671 consensus
2979 5618 3234 5688 elegerit,
3283 5635 3404 5675 non
3433 5620 3602 5676 liceat
3639 5639 3815 5694 quem
