3956 6306
123 337 228 387 593

124 468 303 523 quam
355 467 671 522 provocare

125 540 495 593 contumacia
542 540 697 593 nolle
747 541 1145 610 obtemperare
1186 543 1495 611 judicibns,
1550 562 1678 598 cum
1726 545 1832 598 hoc

128 629 333 697 primae
384 628 530 682 sedis
579 628 850 698 episcopo
893 629 1063 682 fuerit
1095 632 1417 699 probatum,
1475 634 1570 685 det
1612 633 1830 687 litteras

127 722 189 767 ut
237 717 436 769 nullus
487 714 538 768 ei
589 716 973 770 communicet
1024 717 1449 787 episcoporum,
1502 722 1683 773 donec
1729 721 1831 774 ob-

128 809 433 874 temperet.

130 876 257 928 CAP.
321 875 567 929 CXLVII.
624 904 692 915 —
746 877 830 948 Uti
872 878 1111 944 episcopi
1152 880 1620 945 comprovinciates
1672 895 1827 948 pere-

544 948 707 1012 grina
727 947 946 1014 judicia
974 963 1079 1000 non
1107 952 1411 1015 patiantur.

197 1037 309 1101 (Ea:
355 1035 550 1087 decret.
591 1034 829 1087 Fabiani
871 1051 1030 1104 papa:
1077 1037 1288 1089 Hilario
1333 1040 1575 1105 episcopo
1623 1040 1823 1102 missis,

130 1139 248 1191 cap.
302 1124 408 1187 l6.)
456 1122 763 1191 Peregrina
804 1140 933 1175 vero
974 1124 1208 1192 judicia,
1255 1125 1409 1177 salva
1455 1125 1514 1179 in
1562 1126 1828 1179 omnibus

131 1212 440 1280 apostolica
460 1212 819 1278 auctoritate,
843 1212 1097 1282 generali
1120 1213 1413 1267 sanctione
1433 1215 1821 1283 prohibemus.

131 1298 277 1361 Quia
304 1300 607 1369 indignum
654 1306 738 1353 est
769 1306 831 1353 ut
860 1301 930 1353 ab
968 1300 1178 1354 exteris
1220 1301 1514 1369 judicetur
1556 1303 1655 1371 qui
1688 1319 1826 1372 pro-

132 1388 401 1441 vinciales
442 1394 498 1441 et
538 1406 571 1442 a
603 1405 660 1442 se
706 1391 912 1442 electos
957 1390 1127 1443 debet
1172 1390 1382 1443 habere
1425 1390 1666 1459 judices,
1717 1391 1825 1446 nisi

133 1478 307 1530 fuerit
333 1478 705 1546 appellatum.
744 1478 899 1531 Unde
932 1484 1177 1548 oportet,
1214 1478 1260 1531 si
1289 1478 1495 1548 aliquis
1525 1479 1822 1549 episcopo-

128 1582 256 1618 rum
290 1581 463 1635 super
508 1566 677 1618 certis
709 1571 1003 1619 accusetur
1041 1566 1398 1632 criminibus,
1446 1572 1506 1620 ut
1537 1569 1605 1620 ab
1636 1568 1823 1621 omni-

128 1653 234 1707 bus
289 1653 556 1707 audiatur
592 1653 691 1723 qui
721 1658 853 1706 sunt
882 1654 941 1707 in
988 1654 1278 1723 provincia
1326 1655 1606 1726 episcopis
1640 1673 1651 1708 :
1687 1657 1819 1726 quia

1124 332 1601 391 DECRETORUM
1641 336 1827 391 LIBRI
1866 338 1975 393 XX.
2009 366 2079 378 —
2116 338 2326 393 LIBER
2364 338 2640 393 PRIMUS.

722 468 736 505 :
781 456 839 505 et
884 452 1142 523 quisquis
1188 454 1458 524 probatus
1503 455 1676 509 fuerit
1728 472 1828 525 pro
1861 459 1895 510 A

1994 490 2140 528 nam.
2174 476 2239 529 Et
2268 491 2386 529 non
2438 476 2744 530 damnetur
2786 479 3018 549 praesul,
3076 479 3185 533 nisi
3229 481 3287 535 in
3342 483 3465 538 LXX
3493 484 3637 539 duo-

3533 342 3642 396 594

1940 563 2045 615 bus
2079 564 2301 617 idoneis
2327 565 2587 617 testibus.

1941 669 2067 721 ΟΑΡ.
2140 669 2301 723 CLII.
2365 701 2434 709 —-
2497 671 2649 735 Quod
2713 674 2927 726 inimici
2988 678 3324 729 accusatores
3372 691 3482 731 esse
3530 693 3637 732 non

2671 747 2902 811 possint.

2012 826 2119 897 (Ea:
2148 827 2344 881 decret.
2391 830 2643 883 Anacteti
2676 846 2856 898 papae,
2902 831 3149 884 omnibus
3195 835 3457 903 episcopis
3504 838 3634 889 mis-

1936 916 2033 979 sis,
2082 931 2202 983 cap.
2243 918 2357 985 37.)
2400 919 2766 970 Accusatores
2797 924 2989 972 autem
3038 926 3095 972 et
3134 925 3303 973 testes
3350 938 3471 975 esse
3519 939 3635 978 non

1936 1008 2173 1071 possunt
2225 1003 2325 1073 qui
2356 1004 2413 1056 in
2449 1005 2704 1074 proximo
2752 1006 2880 1058 facti
2914 1012 3049 1060 sunt
3094 1007 3335 1075 inimici,
3387 1026 3459 1063 ne
3502 1010 3635 1064 irati

1935 1106 2142 1142 nocere
2174 1090 2425 1159 cupiant,
2477 1108 2548 1145 ne
2584 1093 2702 1145 laesi
2736 1093 2928 1145 ulcisci
2977 1112 3034 1147 se
3067 1096 3258 1149 velint.
3295 1098 3357 1150 In
3403 1098 3633 1152 offensis

1934 1178 2114 1248 igitur
2166 1186 2559 1233 accusatorum
2611 1187 2668 1235 et
2712 1182 2945 1237 testium
2998 1184 3231 1238 allectus
3284 1190 3630 1255 querendus

1935 1271 2041 1333 est,
2074 1271 2129 1319 et
2160 1283 2275 1319 non
2310 1274 2620 1339 suspectus.

1933 1372 2062 1426 CAP.
2135 1372 2312 1427 CLIII.
2380 1403 2449 1413 —
2510 1377 2573 1448 Ut
2629 1377 2866 1448 episcopi
2916 1382 3288 1448 accusatorum
3346 1381 3626 1448 episcopo—

2390 1461 2513 1498 rum
2536 1446 2750 1513 judices
2780 1462 2891 1499 esse
2916 1447 3159 1501 debeant.

2002 1530 2121 1600 (Ea:
2169 1532 2361 1585 decret.
2416 1535 2643 1587 Damasi
2696 1550 2871 1602 papa,
2922 1550 3041 1602 cap.
3094 1538 3168 1599 3.)
3221 1537 3623 1591 Accusatornm

1933 1619 2333 1689 episcoporum
2377 1621 2593 1689 judices
2638 1637 2759 1674 esse
2800 1622 3156 1675 decernimus
3204 1623 3496 1693 episcopos
3540 1640 3626 1677 sa-

128 1758 240 1796 non
295 1747 523 1812 oportet
566 1746 887 1797 accusatum
945 1742 1153 1797 alicubi
1208 1760 1378 1813 quam
1438 1744 1497 1797 in
1544 1744 1666 1798 foro
1714 1762 1817 1800 suo
1849 1735 1889 1788 Β
1930 1709 2172 1776 plentes’
2207 1713 2356 1761 reae
2383 1713 2438 1760 et
2458 1715 2607 1777 “me
2638 1709 2912 1761 mlentes'

125 1830 331 1884 audiri.

125 1920 251 1973 CAP.
291 1919 564 1974 CXLVIII.
614 1950 681 1958 —-
732 1922 806 1975 De
853 1924 1096 1989 episcopo
1145 1924 1451 1985 criminato,
1489 1925 1540 1976 si
1577 1924 1816 1991 judicem

662 1997 965 2059 suspectum
998 1993 1269 2047 habuerit.

190 2060 310 2125 (Ea:
343 2060 539 2114 decret.
586 2062 823 2129 ejusdem
866 2063 939 2115 ad
976 2064 1217 2116 eumdem
1258 2065 1565 2132 episcopum
1610 2066 1811 2129 missis,

122 2165 238 2217 cap.
272 2150 389 2220 27.)
420 2148 474 2202 Si
514 2150 641 2219 quis
675 2166 806 2203 vero
855 2150 1157 2219 episcopus
1195 2151 1443 2219 judicem
1486 2158 1813 2220 suspectum

122 2236 405 2301 habuerit,
439 2242 496 2289 et
537 2236 738 2289 viderit
790 2253 847 2289 se
880 2238 1187 2305 ingravari,
1236 2238 1412 2290 libere
1452 2239 1639 2292 sedem
1673 2256 1813 2308 apo-

121 2325 380 2377 stolicam
437 2326 706 2394 appellet.
752 2326 1154 2395 Appellantem
1203 2335 1395 2380 autem
1446 2344 1560 2380 non
1608 2328 1815 2381 habeat

120 2412 349 2466 afﬂictio
379 2414 515 2478 ulla,
568 2418 665 2466 ant
693 2414 1036 2467 detentionis
1064 2415 1361 2484 iniuriosae
1404 2416 1683 2481 custodia,
1717 2418 1811 2471 sed

120 2503 286 2554 liceat
313 2503 651 2572 appellatori
693 2503 1110 2557 conviciantum
1150 2521 1377 2558 causam
1412 2505 1812 2574 appellationis

122 2590 374 2643 remedio
421 2591 716 2644 sublevare
750 2609 762 2645 :
793 2592 923 2644 licet
973 2593 1145 2645 etiam
1178 2593 1238 2646 in
1269 2593 1450 2645 causis
1493 2593 1809 2645 criminali-

117 2678 221 2731 bus
280 2680 597 2749 appellare,
665 2696 769 2733 nec
829 2681 1155 2750 appellandi
1216 2698 1319 2734 vox
1383 2682 1699 2752 denegetur
1756 2682 1806 2735 ei

118 2783 285 2836 quem
314 2768 374 2819 in
400 2768 743 2837 supplicium
772 2769 1051 2822 sententia
1083 2770 1414 2823 destinarat.

118 2855 243 2909 CAP.
298 2856 513 2910 CXLIX.
566 2885 637 2897 —
684 2858 745 2911 Si
784 2860 907 2926 quis
940 2861 1217 2926 episcopus
1261 2862 1319 2911 in
1366 2861 1588 2913 crimine
1626 2858 1806 2911 deten-

187 2932 273 2979 tus
319 2930 507 2991 fuerit,
547 2932 597 2980 et
635 2943 739 2981 non
768 2934 943 2996 potest
982 2932 1244 2997 plurimos
1275 2945 1615 2995 congregare.
1650 2946 1683 2982 a
1712 2932 1810 2984 XII

183 2998 447 3065 episcopis
474 2998 753 3052 audiatur.

185 3070 297 3134 (Ea:
357 3069 544 3121 concil.
602 3069 884 3136 Carthag.,
948 3084 1069 3136 cap.
1129 3069 1237 3137 12.)
1297 3070 1444 3123 Felix
1503 3071 1804 3139 episcopus

118 3156 259 3208 dixit
288 3172 300 3209 :
335 3156 614 3225 Suggere,
666 3157 980 3211 secundum
1012 3162 1223 3211 statuta
1251 3164 1509 3212 veterum
1543 3160 1807 3213 concilio-

114 3260 264 3309 rum,
299 3250 362 3297 ut
408 3245 455 3296 si
508 3245 637 3314 quis
680 3246 1004 3314 episcopus,
1057 3247 1209 3315 quod
1259 3263 1374 3300 non
1422 3253 1709 3316 optamus,
1746 3249 1803 3301 in

113 3338 339 3386 reatum
390 3333 640 3402 aliquem
697 3335 1021 3401 incurrerit,
1081 3341 1137 3388 et
1175 3336 1353 3389 nimia
1400 3337 1703 3389 necessitas
1753 3337 1804 3390 ei

114 3419 290 3472 fuerit
332 3435 446 3472 non
494 3436 655 3488 posse
706 3421 982 3489 plurimos
1031 3438 1378 3491 congregare
1422 3439 1540 3475 :ne
1589 3422 1645 3475 in
1696 3423 1803 3476 cri-

114 3508 272 3560 mine
319 3513 631 3573 remaneat,
667 3525 699 3561 a
743 3509 835 3562 XII
880 3510 1180 3578 episcopis,
1212 3515 1268 3563 et
1310 3510 1605 3579 presbyter
1649 3528 1679 3563 a
1711 3527 1802 3564 sex

113 3594 417 3664 episcopis,
475 3611 605 3648 cum
651 3597 887 3665 proprio
939 3613 1041 3649 suo
1100 3597 1363 3668 episcopo
1410 3597 1695 3659 audiatur,
1751 3604 1807 3652 et

114 3682 385 3737 diaconus
409 3700 441 3735 a
469 3684 670 3738 tribus.

115 3773 245 3826 CAP.
289 3772 391 3827 CL.
423 3802 492 3811 -—
524 3775 595 3826 De
641 3776 886 3841 episcopo
932 3777 1239 3836 criminato,
1280 3779 1329 3828 si
1370 3778 1610 3842 episcopi
1660 3793 1803 3830 com-

254 3846 614 3910 provinciales
644 3848 701 3897 in
730 3846 846 3912 ejus
875 3848 1251 3899 criminatione
1288 3846 1658 3902 dissenserint.

183 3934 295 3997 (Ea:
322 3932 509 3985 concil.
552 3934 854 4000 Antioche,
906 3949 1025 4001 cap.
1075 3933 1185 4003 14.)
1236 3934 1294 3988 Si
1328 3934 1456 4004 quis
1506 3935 1806 4005 episcopus

112 4020 177 4073 de
211 4020 381 4073 certis
426 4019 762 4073 criminibus
811 4020 1180 4090 dijudicatur,
1214 4025 1270 4074 et
1299 4022 1593 4092 contingat
1642 4024 1710 4076 de
1738 4040 1804 4076 eo

111 4108 617 4178 comprovinciales
659 4108 954 4179 episcopos
1004 4110 1304 4177 dissidere,
1352 4127 1483 4163 cum
1520 4111 1805 4180 judicatus

110 4198 179 4251 ab
224 4197 353 4250 aliis
396 4197 673 4250 innocens
706 4198 975 4265 creditur,
1022 4215 1151 4251 reus
1192 4199 1261 4251 ab
1292 4198 1417 4252 aliis
1464 4199 1801 4266 aestimatur,

113 4291 348 4356 propter
412 4286 583 4355 hujus
650 4286 1036 4356 ambiguitatis
1110 4287 1527 4341 absolutionem
1596 4292 1877 4344 sancteeD

111 4375 328 4444 synodo
363 4373 577 4443 placuit
608 4379 673 4427 ut
716 4375 1190 4445 metropolitanus
1228 4376 1529 4446 episcopus
1560 4394 1590 4429 a
1623 4377 1807 4430 vicina

112 4463 405 4531 provincia
445 4462 665 4531 judices
715 4462 857 4515 alios
887 4470 1179 4528 convocet,
1225 4464 1324 4534 qui
1355 4464 1805 4518 controversiam

112 4553 336 4613 tollant,
388 4554 444 4604 et
474 4556 537 4603 ut
582 4567 685 4621 per
721 4568 819 4605 eos
864 4552 1034 4606 simul
1067 4558 1123 4605 et
1152 4568 1255 4622 per
1299 4552 1807 4622 comprovinciales

111 4640 406 4709 episcopos
437 4639 594 4707 quod
621 4639 838 4709 justum
869 4640 1040 4693 fuerit
1071 4640 1251 4693 visum
1293 4642 1661 4711 approbetur.

250 4727 383 4780 CAP.
417 4726 544 4781 CLI.
572 4757 637 4764 ——
669 4730 735 4782 Ut
766 4730 1029 4795 episcopis
1054 4730 1235 4783 nullus
1266 4731 1435 4783 laicus
1465 4733 1665 4784 crimen

716 4802 990 4866 imponere
1013 4804 1202 4867 possit.

178 4870 287 4937 (Ea:
318 4867 517 4922 decret.
568 4868 798 4935 Sylvest.
831 4885 1006 4937 papa,
1037 4886 1155 4938 cap.
1208 4870 1283 4939 l.)
1328 4872 1390 4923 In
1436 4886 1719 4925 consensu
1753 4876 1809 4924 et

110 4956 530 5025 subscriptione
604 4956 865 5010 omnium
929 4958 1303 5011 constitutum
1355 4975 1439 5011 est
1492 4964 1554 5012 ut
1616 4961 1807 5012 nullus

109 5045 283 5097 laicus
318 5043 607 5114 episcopo,
650 5046 737 5097 vel
771 5045 941 5099 alicui
995 5046 1051 5099 in
1103 5046 1396 5099 ordinibus
1444 5047 1651 5116 posito,
1698 5048 1806 5100 cri-

109 5149 237 5186 men
269 5132 503 5202 aliquod
556 5134 735 5202 possit
765 5134 995 5188 inferre.
1043 5136 1107 5187 Et
1151 5141 1214 5187 ut
1245 5136 1541 5204 presbyter
1570 5152 1681 5188 non
1711 5137 1804 5190 ad-

106 5237 301 5274 versus
345 5221 703 5289 episcopum,
736 5239 850 5275 non
892 5222 1164 5275 diaconus
1195 5224 1466 5275 adversus
1514 5225 1809 5294 presbyte-

106 5325 255 5374 rum,
292 5326 408 5361 non
439 5310 821 5363 subdiaconus
862 5312 1131 5364 adversus
1181 5312 1505 5374 diaconum,
1542 5328 1655 5365 non
1688 5328 1812 5365 aro-

110 5400 257 5468 lytus
289 5397 563 5450 adversus
605 5398 1041 5465 subdiaconum,
1086 5416 1203 5452 non
1236 5399 1513 5452 exorcista
1542 5401 1811 5452 adversus

111 5486 418 5555 acolytum,
489 5501 603 5537 non
673 5486 855 5539 lector
921 5487 1190 5540 adversus
1268 5486 1626 5552 exorcistam,
1695 5504 1810 5540 non

112 5574 383 5627 ostiarius
435 5574 706 5628 adversus
759 5575 1051 5641 lectorem,
1105 5575 1201 5629 det
1244 5575 1660 5629 accusationem
1710 5576 1810 5629 ali-

1925 1812 2053 1866 CAP.
2115 1812 2286 1885 CLIV.
2341 1842 2414 1854 —
2468 1815 2713 1879 Qualiter
2763 1820 3047 1869 accusatus
3100 1818 3378 1885 episcopus
3432 1818 3621 1872 discu—

1995 1884 2209 1958 tiendus
2257 1887 2329 1937 sit
2372 1886 2525 1958 apud
2551 1885 2909 1958 patriarchas
2960 1888 3042 1941 vel
3068 1884 3358 1956 primates,
3391 1893 3441 1942 et
3490 1894 3621 1958 quot

1994 1954 2220 2007 testibus
2248 1954 2495 2009 convinci
2525 1956 2731 2009 debeat.

1994 2062 2103 2123 (Em
2148 2061 2291 2113 decr.
2358 2062 2643 2129 Zepherini
2692 2078 2849 2129 papae
2912 2063 3156 2117 omnibus
3211 2079 3311 2132 per
3372 2065 3619 2119 Siciliam

1922 2151 2227 2203 constitutis
2292 2152 2555 2217 episcopis
2631 2152 2850 2216 missis,
2918 2167 3038 2219 cap.
3112 2152 3205 2221 2.)
3272 2153 3616 2208 Patriarchas

1921 2251 2054 2289 vero
2107 2238 2191 2289 vel
2234 2238 2508 2306 primates
2577 2246 2902 2292 accusatum
2965 2239 3332 2294 discutientes
3389 2242 3617 2311 episco-

1920 2340 2081 2394 pum,
2110 2341 2224 2377 non
2254 2328 2384 2379 ante
2404 2325 2739 2378 sententiam
2774 2327 3066 2395 proferant
3085 2328 3385 2393 ﬁnitivam,
3419 2346 3613 2399 quam,

1920 2412 2229 2482 apostolica
2296 2413 2471 2466 fultus
2544 2414 2919 2480 auctoritate,
2988 2422 3085 2469 aut
3150 2433 3313 2470 reum
3379 2434 3435 2470 se
3492 2418 3615 2488 ipse

1919 2499 2291 2566 confiteatur,
2374 2505 2471 2553 aut
2562 2517 2664 2571 per
2736 2502 3066 2555 innocentes
3144 2509 3200 2556 et
3275 2506 3615 2573 regulariter

1919 2587 2274 2640 examinatus
2328 2588 2694 2642 convincatur
2748 2596 2957 2654 testes,
3016 2592 3114 2660 qui
3185 2592 3436 2645 minores
3493 2609 3613 2646 non

1917 2676 2032 2728 sint
2108 2692 2347 2728 numero
2413 2693 2583 2746 quam
2664 2678 2746 2730 illi
2823 2679 3087 2748 discipuli
3162 2680 3398 2733 fuerunt
3468 2698 3612 2751 quos

1919 2763 2193 2817 Dominus
2242 2765 2309 2818 ad
2356 2766 2751 2834 adjumentnm
2784 2768 3176 2837 apostolorum
3220 2768 3430 2837 eligere
3470 2785 3611 2839 pras-

1915 2852 2085 2921 cepit.

2094 2942 2219 2995 CAP.
2256 2942 2402 2997 CLV.
2436 2971 2505 2983 —
2534 2946 2608 2996 De
2636 2945 2968 3011 patriarchis
3002 2950 3051 2998 et
3078 2946 3427 3012 primatibus.

1990 3030 2111 3099 (Em
2135 3030 2278 3082 decr.
2314 3031 2603 3083 Clementis
2632 3047 2791 3100 pap.,
2818 3047 2937 3099 cap.
2973 3032 3049 3100 9.)
3084 3034 3143 3084 In
3172 3032 3285 3084 illis
3315 3049 3447 3086 vero
3474 3033 3607 3087 civi-

1917 3118 2125 3171 tatibus
2156 3122 2213 3171 in
2246 3118 2453 3188 quibus
2484 3120 2618 3171 olim
2665 3120 2815 3187 apud
2857 3120 3115 3173 ethnicos
3145 3120 3316 3189 primi
3348 3120 3607 3176 flamines

1914 3221 2134 3272 eorum,
2170 3212 2340 3275 atque
2376 3206 2545 3276 primi
2594 3207 2737 3275 legis
2771 3208 3032 3260 doctores
3077 3214 3258 3273 erant,
3312 3210 3605 3279 episcopo-

1914 3309 2042 3345 rum
2074 3292 2349 3361 primates
2390 3294 2545 3362 poni,
2582 3295 2664 3347 vel
2697 3294 3066 3365 patriarchas,
3118 3296 3216 3364 qui
3247 3296 3605 3366 reliquorum

1914 3380 2310 3450 episcoporum
2353 3383 2593 3450 judicia,
2646 3388 2702 3435 et
2733 3383 2970 3451 majora,
3003 3384 3224 3453 quoties
3258 3400 3485 3437 necesse
3516 3385 3604 3436 fo-

1914 3475 2020 3533 ret,
2069 3469 2297 3535 negotia
2329 3468 2387 3521 in
2430 3470 2541 3522 fide
2583 3470 2889 3539 agitarent,
2940 3476 2997 3524 et
3028 3471 3343 3525 secundum
3381 3472 3605 3525 Domini

1912 3556 2283 3622 voluntatem,
2330 3556 2476 3609 sicut
2522 3558 2699 3610 sancti
2746 3558 3165 3611 constitu‘runt
3207 3560 3471 3628 apostoli,
3525 3559 3602 3613 ita

1913 3649 1978 3697 ut
2007 3660 2078 3697 ne
2100 3644 2229 3714 quis
2262 3645 2469 3714 injuste
2501 3647 2917 3714 periclitaretur
2943 3647 3267 3701 deﬁnirent.

2064 3742 2189 3795 CAP.
2226 3742 2397 3796 CLVI.
2426 3774 2493 3781 —
2523 3746 2593 3796 De
2630 3746 2897 3797 vocatione
2926 3747 3168 3799 accusati
3191 3747 3445 3813 episcopi.

1986 3829 2093 3899 (Em
2121 3832 2279 3898 epist.
2312 3831 2538 3885 Damasi
2576 3849 2753 3901 papz,
2805 3834 2879 3886 ad
2920 3834 3178 3901 Stephan.
3212 3837 3261 3886 et
3299 3832 3372 3885 ad
3415 3834 3600 3886 concit.

1912 3916 2159 3987 Africa.)
2217 3918 2442 3971 Vocatio
2492 3920 2643 3971 enim
2692 3919 2759 3972 ad
2812 3921 3113 3989 synodum,
3166 3919 3331 3989 juxta
3381 3920 3605 3972 decreta

1914 4006 2144 4059 Patrum
2195 4007 2485 4072 canonica,
2530 4007 2652 4075 ejus
2686 4008 2783 4076 qui
2824 4008 3138 4076 impetitur,
3174 4007 3605 4059 rationabilibus

1913 4094 2133 4163 scriptis
2192 4111 2295 4163 per
2350 4094 2596 4164 spatium
2654 4096 2778 4148 fieri
2837 4095 3004 4147 debet
3063 4111 3381 4164 congruum
3434 4100 3603 4162 atque

1911 4183 2266 4236 canonicum.
2324 4183 2486 4247 Quia,
2540 4183 2648 4235 nisi
2682 4184 2951 4236 canonice
3003 4190 3231 4235 vocatus
3280 4182 3453 4235 fuerit
3500 4199 3603 4234 suo

1915 4276 2191 4340 tempore,
2244 4276 2302 4324 et
2340 4272 2613 4324 canonica
2665 4271 3040 4337 ordinatione,
3092 4272 3223 4323 licet
3271 4272 3487 4323 venerit
3533 4270 3603 4323 ad

1916 4362 2280 4423 conventum,
2342 4358 2402 4411 in
2450 4374 2789 4429 quacunque.
2842 4358 3195 4423 necessitate,
3242 4358 3347 4410 nisi
3405 4361 3605 4427 sponte

1915 4447 2178 4510 voluerit,
2211 4448 2538 4500 nullatenus
2568 4448 2684 4500 suis
2715 4448 3083 4516 respondebit
3128 4446 3556 4499 insidiatoribus
3590 4460 3603 4499 :

1917 4534 2188 4605 quoniam
2218 4551 2319 4587 nec
2340 4536 2531 4588 saeculi
2556 4535 2709 4605 leges
2732 4536 2837 4589 hoc
2858 4536 3198 4604 permittunt
3221 4534 3365 4599 tieri,
3389 4540 3607 4604 quanto

1919 4623 2098 4693 magis
2129 4623 2334 4675 divinae
2353 4622 2381 4673 ?

1918 4728 2044 4781 CAP.
2078 4727 2278 4781 CLVII.
2311 4756 2381 4767 —
2429 4731 2493 4782 Ut
2521 4732 2781 4797 primates
2824 4729 2888 4781 de
2917 4734 3166 4781 accusata
3212 4729 3455 4795 episc0po
3504 4742 3610 4779 non

1985 4803 2112 4851 ante
2167 4801 2483 4851 sentientium
2523 4804 2807 4867 proferant
2854 4800 3243 4859 damnationis,
3304 4814 3466 4867 quam
3516 4802 3611 4848 aut

1910 4915 1930 4929 ,
1986 4884 2135 4921 reum
2191 4874 2424 4936 seipsum
2454 4874 2791 4936 conﬁteatnr,
2844 4873 2941 4923 aut
3001 4872 3248 4924 canonice
3296 4885 3395 4936 per
3450 4870 3611 4919 inno-

1989 4947 2159 4992 centes
2193 4946 2347 4993 testes
2378 4944 2745 4993 convincatur.

1991 5044 2101 5111 (Ea:
2139 5047 2295 5113 epist.
2335 5045 2528 5099 Felicis
2574 5062 2665 5113 pa.
2704 5048 2931 5099 Paterno
2981 5049 3113 5113 epis.
3156 5047 3330 5110 miss.,
3378 5060 3498 5111 cap.
3530 5042 3612 5111 4.)

1921 5134 2197 5186 Primates
2227 5149 2453 5203 quoque
2493 5139 2819 5186 accusatum
2854 5135 3224 5187 discntientes
3256 5136 3608 5201 episcopum,

1920 5238 2032 5274 non
2064 5228 2194 5274 ante
2244 5222 2586 5275 sententiam
2628 5223 2921 5291 proferant
2969 5222 3379 5283 damnationis,
3415 5237 3610 5290 quam,

1919 5310 2227 5377 apostolica
2260 5310 2439 5363 fretus
2466 5311 2823 5376 auctoritate,
2858 5318 2955 5363 aut
2995 5326 3153 5362 reum
3186 5311 3437 5377 seipsum
3478 5325 3612 5361 con-

1921 5397 2173 5463 ﬁteatur,
2223 5405 2323 5452 aut.
2351 5416 2453 5468 per
2501 5400 2827 5453 innocentes
2872 5406 2928 5451 et
2957 5399 3225 5452 canonice
3268 5397 3617 5450 examinatos

1922 5486 2265 5553 regulariter
2309 5492 2478 5540 testes
2524 5490 2895 5540 convincatur
2948 5488 3123 5539 Aliter
3162 5502 3458 5538 cenSemus
3488 5485 3615 5537 irri-

1924 5578 2037 5625 tam
2073 5589 2193 5625 esse
2226 5580 2275 5626 ct
2327 5575 2596 5645 injustam
2630 5578 3023 5647 ep‘scopurum
3076 5575 3523 5640 damnationem,
3564 5580 3615 5627 et
