3956 6296
315 287 416 340 595
1387 285 1795 341 BURCHARDI
1832 281 2369 340 WORMACIENSIS
2406 280 2719 337 EPISCOPI
2731 321 2742 333 .
3715 287 3820 340 596

312 407 522 463 idcirco
571 424 604 462 a
645 407 862 479 synodo
893 407 1311 461 retractandam
1342 424 1354 462 :
1389 407 1466 462 ita
1495 413 1561 463 ut
1603 408 1886 480 oppressis
1935 409 2006 463 ab
2036 408 2084 462 A
2121 411 2312 460 matur
2360 405 2596 460 facultas
2639 419 2823 458 causae
2853 406 3216 475 peragendae,
3263 405 3310 459 si
3349 422 3408 460 se
3439 405 3510 461 ad
3543 407 3702 462 diem
3736 425 3825 462 oc-

315 495 677 550 omnibusin
707 494 927 549 cunctis
960 495 1332 549 subveniatur
1359 495 1560 549 causis.
2121 510 2349 548 currere
2396 509 2513 548 non
2557 492 2826 557 noluisse,
2866 493 2962 547 sed
3002 510 3114 547 non
3164 494 3420 564 potuisse
3469 496 3820 566 probaverit.

315 602 443 657 CAP.
495 602 722 657 CLVIII.
774 631 842 641 —-
896 601 1083 667 Qualis
1129 603 1338 670 primas
1383 616 1493 655 csse
1537 602 1621 654 vel
1674 601 1809 670 quid
1852 616 2011 668 agere
2121 582 2265 636 Ῑ¹¹ι¹ἀ
2296 597 2428 670 νεεΓο
2456 580 2692 670 Placuit;
2736 585 2824 670 gnta
2860 597 2998 670 cum
3031 597 3200 651 agere
3235 582 3468 670 Coeperit
3512 583 3573 636 in
3607 583 3826 654 ePisco'

1057 672 1264 726 debeat.
1682 669 1691 670 ί
2121 686 2331 740 porum
2368 669 2606 740 judicio,
2641 669 2688 722 si
2723 669 2899 724 fuerit
2944 670 3290 723 accusatoris
3337 687 3580 741 persona
3625 672 3824 742 culpa-

389 760 499 828 (Ea:
562 776 640 814 rc.
710 759 784 814 ad
836 760 1173 816 Gennadium
1227 761 1528 814 Patricium
1582 764 1632 813 et
1687 761 2012 814 Emarchum
2121 759 2272 824 bilis,
2306 759 2376 812 ad
2423 759 2786 828 arguendum
2840 774 2954 811 non
2993 758 3352 828 admittatur,
3398 759 3509 812 nisi
3554 760 3824 831 proprias

315 847 574 917 Africae.)
607 846 926 908 Concilium
973 863 1108 899 vero
1155 847 1564 900 catholicorum
1609 847 2010 918 episcoporum
2122 862 2338 913 causas,
2367 862 2485 900 non
2516 852 2704 900 tamen
2742 847 3166 911 ecclesiasticas,
3203 863 3452 902 asserere
3482 849 3750 902 voluerit.

317 935 617 989 admoneri
673 935 984 1006 prwcipite,
1046 940 1109 987 ut
1157 934 1464 1004 primatem
1514 951 1628 988 non
1687 951 1753 988 ex
1809 951 1879 988 ori

2283 952 2456 1006 CLXI.
2490 981 2559 991 —
2593 953 2673 1005 De
2713 954 2956 1006 Mawimo
2984 954 3229 1021 episcopo
3277 955 3452 1007 variis
3495 955 3821 1009 criminibus

317 1022 446 1088 loci,
497 1022 826 1093 postpositis
869 1022 997 1074 vitae
1043 1021 1520 1095 meritis,‘faciat,
1555 1021 1828 1092 quoniam
1858 1021 2012 1091 apud
2191 1025 2486 1087 inﬁrmato,
2535 1029 2585 1076 et
2614 1023 2688 1075 ad
2731 1026 2996 1091 synodum
3027 1027 3224 1092 saepius
3268 1029 3452 1079 vocato
3493 1028 3591 1094 qui
3636 1029 3824 1080 venire

317 1110 622 1164 Dominum
669 1125 781 1162 non
814 1110 1022 1178 gradus
1067 1109 1407 1178 elegantior,
1440 1109 1537 1163 sed
1582 1110 1712 1163 vitae
1757 1108 2012 1162 melioris
2193 1098 2243 1146 θί
2271 1109 2326 1148 εθ
2355 1109 2612 1148 excusare
2640 1097 2972 1163 "egw-739ml-

317 1197 462 1250 actio
509 1196 936 1266 comprobatur.
989 1197 1113 1266 Ipse
1160 1213 1294 1250 vero
1347 1197 1564 1266 primas
1610 1212 1726 1249 non
1775 1197 2008 1267 passim,
2194 1200 2298 1268 (Ea:
2355 1202 2512 1269 epist.
2567 1201 2852 1266 Boni/acii
2894 1216 3054 1269 papa:
3110 1201 3183 1254 ad
3235 1203 3514 1271 episcopos
3569 1203 3821 1271 Galliae.)

316 1285 462 1339 sicut
490 1285 670 1338 moris
719 1291 824 1349 est,
850 1301 955 1353 per
995 1286 1175 1354 villas,
1215 1285 1308 1338 sed
1341 1285 1402 1338 in
1435 1301 1566 1353 una,
1609 1285 1770 1355 juxta
1812 1301 2011 1339 eorum
2125 1289 2442 1342 Bonifacius
2493 1289 2795 1360 episcopus
2845 1290 3136 1355 Patroclo,
3195 1290 3488 1360 Remigio,
3550 1291 3821 1357 Maximo,

317 1373 677 1439 electionem,
706 1373 930 1426 civitate
962 1373 1225 1428 resideat.
2123 1377 2360 1442 Hilario,
2426 1378 2653 1442 Severo,
2707 1377 2956 1441 Juliano,
3018 1378 3291 1443 Castorio,
3348 1377 3607 1439 Leontio,
3664 1380 3825 1433 Con-

317 1479 447 1532 CAP.
481 1478 666 1533 CLIX.
695 1508 760 1516 —
809 1479 876 1531 Ut
921 1477 1162 1546 episcopi
1187 1479 1529 1544 singularum
1560 1479 1798 1545 gentium
1837 1493 1879 1532 ε(

2260 1465 2392 1531 tino,
2441 1465 2663 1530 Joanni,
2705 1466 2990 1531 Montano,
3047 1465 3283 1531 Marino,
3331 1471 3389 1519 et
3431 1466 3651 1520 caateris
3700 1466 3822 1537 epi-

781 1551 902 1616 quis
933 1551 1075 1601 inter
1102 1563 1186 1602 eos
1217 1551 1288 1602 sit
1318 1551 1548 1617 primus.
2124 1553 2313 1622 scopis
2343 1569 2448 1622 per
2496 1553 2702 1608 Gallias
2751 1558 2807 1606 et
2836 1570 2938 1623 per
2984 1559 3203 1623 septem
3240 1554 3560 1623 provincias
3606 1555 3828 1608 consti-

391 1647 502 1714 (Ea:
566 1646 776 1714 epistol.
845 1645 1098 1698 Anacleti
1166 1660 1356 1714 papa,
1431 1645 1676 1698 omnibus
1750 1647 2012 1714 episcopis
2045 1685 2085 1739 Β
2125 1641 2280 1694 tutis.
2331 1640 2645 1694 Valentinus
2693 1655 2798 1695 nos
2842 1640 3031 1694 clerici
3081 1641 3322 1695 civitatis
3353 1642 3638 1711 adierunt,
3688 1659 3828 1713 pro-

319 1732 534 1800 missa.)
577 1733 735 1786 Beati
783 1732 956 1786 etiam
1008 1733 1250 1802 apostoli
1297 1732 1448 1786 inter
1477 1749 1535 1787 se
1584 1737 1908 1787 statuerunt
1951 1739 2016 1787 ut
2046 1728 2084 1739 ”
2125 1732 2406 1799 ponentes
2461 1728 2723 1783 libellum
2777 1734 2834 1783 et
2877 1729 3122 1783 crimina
3171 1746 3296 1800 quae
3345 1730 3650 1786 Maximum
3705 1735 3831 1785 tota

319 1821 572 1893 episcopi
619 1820 976 1892 singularum
1019 1821 1230 1874 scirent
1263 1820 1519 1891 gentium
1568 1822 1695 1891 quis
1725 1821 1875 1875 inter
1919 1837 2015 1875 eos
2121 1819 2416 1887 provincia
2459 1819 2663 1872 asserit
2691 1819 3064 1873 commisisse.
3116 1821 3386 1890 Delegata
3421 1821 3590 1874 toties
3619 1820 3829 1890 cogni-

320 1910 543 1980 primus
574 1913 739 1969 esset,
793 1913 1073 1978 quatenus
1101 1909 1173 1962 ad
1220 1925 1350 1963 eum
1399 1909 1585 1980 potior
1613 1925 1813 1963 eorum
1857 1909 2011 1963 solli-
2124 1907 2301 1973 tione,
2334 1906 2499 1960 illum
2538 1907 2846 1961 constituta
2877 1923 3105 1977 semper
3147 1908 3555 1978 subterfugisse
3578 1909 3829 1979 judicia,

321 1997 513 2052 citudo
573 1997 906 2067 pertineret.
967 1998 1105 2051 Nam
1165 2003 1221 2051 et
1280 1998 1432 2052 inter
1485 1999 1677 2052 beatos
1732 1998 2016 2068 apostolos
2125 2010 2230 2048 nec
2274 1994 2576 2049 confusum
2619 1995 2962 2049 conscientia
2994 1996 3314 2064 festinasse,
3360 2002 3421 2050 ut
3450 1997 3499 2050 si
3549 2003 3697 2050 esset
3739 1998 3832 2051 in-

321 2087 587 2158 qumdam
610 2086 718 2140 fuit
738 2085 1018 2140 discretio.
1050 2087 1134 2154 Et,
1163 2086 1295 2140 licet
1316 2103 1516 2140 omnes
1543 2090 1731 2140 essent
1753 2087 2014 2157 apostoli,
2125 2097 2356 2149 nocens,
2384 2083 2772 2138 exterminatis
2791 2085 3082 2151 omnibus,
3107 2089 3452 2155 purgaretur
3475 2102 3488 2140 :
3508 2102 3638 2156 quae
3654 2086 3831 2140 toties

322 2177 487 2229 Petro
528 2179 722 2228 tamen
752 2191 786 2227 a
817 2173 1060 2228 Domino
1091 2179 1177 2228 est
1221 2190 1575 2240 concessum,
1626 2178 1682 2228 et
1708 2174 1820 2244 ipsi
1866 2174 2020 2229 inter
2128 2170 2354 2225 decreta
2384 2188 2451 2225 ex
2483 2177 2804 2226 nostrarum
2851 2189 3078 2244 quoque
3122 2173 3447 2227 chartarum
3491 2174 3830 2229 instructio-

323 2279 381 2316 se
424 2262 677 2332 idipsum
722 2261 1029 2316 voluerunt
1058 2268 1122 2315 ut
1150 2262 1390 2332 reliquis
1440 2263 1709 2316 omnibus
1749 2268 2021 2332 praeesset
2127 2275 2199 2313 ne
2243 2259 2634 2328 cognovimus.
2684 2259 2792 2324 Qui
2840 2261 3155 2314 econtrario
3199 2260 3461 2331 probavit
3505 2262 3573 2316 de
3614 2279 3675 2317 se
3727 2263 3832 2317 illa

324 2350 598 2420 apostolis
632 2349 869 2421 Cephas,
924 2349 979 2404 id
1011 2355 1114 2416 est,
1149 2354 1212 2403 ut
1261 2351 1459 2403 Petrus
1501 2350 1889 2420 principatum
1933 2357 2020 2404 te-
2129 2364 2255 2418 quae
2287 2347 2438 2401 dicta
2479 2352 2632 2415 sunt,
2684 2348 2819 2418 quia
2863 2349 2931 2402 ad
2963 2365 3027 2402 ea
3074 2349 3440 2416 confutanda,
3473 2366 3603 2403 cum
3633 2355 3834 2405 essent

323 2442 488 2493 neret
518 2439 886 2508 apostolatus.
938 2437 1047 2502 Qui
1078 2443 1133 2491 et
1167 2439 1428 2492 eamdem
1476 2438 1721 2492 formam
1752 2439 1868 2492 suis
1900 2456 2021 2492 suc-
2128 2436 2453 2503 innumera,
2501 2453 2533 2489 a
2564 2437 2955 2491 decessoribus
3001 2439 3145 2491 meis
3197 2438 3561 2508 provincialis
3603 2444 3688 2493 est
3724 2440 3829 2494 de-

324 2526 640 2580 cessoribus
689 2531 745 2579 et
792 2525 1030 2596 reliquis
1077 2525 1358 2596 episcopis
1407 2526 1715 2579 tenendam
1769 2527 2021 2580 tradide-
2129 2525 2320 2594 legata
2367 2525 2637 2595 cognitio.
2677 2525 3001 2580 Conventus
3050 2526 3222 2579 etiam
3256 2525 3467 2580 dicitur
3495 2528 3719 2595 vitasse,
3771 2534 3833 2583 et

324 2619 479 2669 runt.
535 2616 600 2668 Et
657 2631 774 2669 non
813 2615 1000 2668 solum
1053 2614 1162 2668 hoc
1216 2614 1276 2668 in
1328 2616 1480 2668 Novo
1531 2615 1894 2669 Testamento
1939 2621 2024 2669 est
2132 2613 2372 2666 minime
2422 2613 2617 2667 adesse
2649 2615 2894 2668 voluisse
2924 2632 2936 2668 :
2971 2620 3028 2668 et
3067 2616 3256 2669 nullus
3305 2616 3530 2670 dubitat
3566 2617 3720 2687 quod
3751 2618 3839 2672 ita

325 2703 720 2770 constitutum,
757 2703 854 2757 sed
889 2703 1063 2756 etiam
1094 2703 1154 2755 in
1184 2703 1372 2756 Veteri
1404 2702 1529 2756 fuit.
1568 2703 1725 2757 Unde
1749 2704 2024 2774 scriptum
2125 2701 2414 2771 judicium
2467 2717 2680 2755 nocens
2711 2702 3071 2773 subterfugit,
3107 2705 3596 2774 quemadmodum
3640 2710 3706 2759 ut
3733 2707 3835 2760 ab-

327 2797 459 2846 est:
498 2792 675 2845 Moses
729 2794 785 2843 et
831 2793 1023 2844 Aaron
1070 2790 1130 2843 in
1174 2790 1565 2844 sacerdotibus
1617 2791 1760 2861 ejus,
1809 2791 1869 2845 id
1917 2797 2021 2860 est,
2134 2790 2388 2844 solvatur
2433 2790 2534 2860 qui
2565 2795 2650 2844 est
2692 2791 2968 2845 innocens
3003 2792 3253 2862 quaerit:
3287 2793 3383 2847 sed
3431 2798 3616 2847 astuta
3664 2795 3838 2849 cavil-

326 2880 502 2951 primi
552 2878 702 2932 inter
733 2894 832 2931 eos
871 2878 1122 2932 fuerunt.
1172 2880 1235 2932 Et
1264 2879 1527 2948 quamvis
1554 2878 1635 2932 ita
1676 2879 1749 2932 sit
1792 2879 2025 2933 ordina-
2133 2879 2269 2933 latio
2332 2893 2534 2932 eorum
2601 2879 2703 2950 qui
2758 2880 2999 2934 versutis
3064 2881 3353 2951 agendum
3410 2882 3649 2936 credunt
3711 2900 3837 2937 esse

327 2970 473 3023 tum,
523 2978 694 3014 nemo
725 2965 919 3014 tamen
951 2962 1104 3030 quod
1150 2978 1317 3015 suum
1348 2967 1434 3015 est
1462 2967 1699 3033 quaerat,
1747 2963 1842 3016 sed
1875 2965 2030 3034 quod
2057 2966 2097 3021 C
2134 2967 2410 3034 consiliis,
2446 2984 2742 3038 nunquam
2789 2969 3131 3025 innocentiae
3160 2987 3367 3024 nomen
3398 2971 3654 3041 accipiet.
3685 2972 3837 3027 Con-

331 3051 587 3105 alterius.
642 3049 798 3103 Unde
846 3049 926 3102 ait
969 3050 1168 3102 beatus
1218 3050 1508 3119 apostolus
1552 3052 1808 3104 Paulus:
1843 3052 2027 3105 Unus-
2135 3055 2328 3110 litetur
2376 3056 2532 3110 enim
2585 3056 2654 3109 de
2705 3058 2974 3112 omnibus
3022 3057 3284 3128 quisquis
3328 3075 3386 3111 se
3437 3059 3837 3130 subterfugere

333 3138 575 3209 quisque
624 3138 847 3207 placeat
889 3137 1151 3205 proximo
1196 3152 1296 3187 suo
1328 3136 1387 3189 in
1421 3136 1635 3189 bonum
1676 3138 1747 3191 ad
1777 3138 2025 3192 aedilica-
2127 3144 2410 3214 judicium
2457 3145 2830 3199 dilationibus
2859 3151 3041 3216 putat.
3073 3146 3274 3200 Veniet
3301 3153 3496 3201 tamen
3525 3148 3838 3217 aliquando

330 3226 565 3279 tionem.
619 3225 685 3277 Et
735 3223 880 3277 sicut
937 3222 1058 3293 ipse
1109 3223 1368 3278 Salvator
1414 3223 1531 3276 suis
1564 3224 1643 3277 ait
1688 3225 2023 3296 discipulis:
2134 3233 2230 3286 ille
2261 3235 2359 3303 qui
2392 3233 2519 3286 talis
2549 3233 2890 3303 perhibetur
2918 3235 2979 3288 in
3015 3235 3288 3288 medium.
3329 3237 3441 3289 Nec
3488 3237 3727 3305 prodest
3753 3237 3840 3290 illi

333 3309 441 3374 Olli
477 3309 661 3379 major
707 3312 792 3361 est
829 3311 1101 3375 vestrum.
1138 3307 1248 3361 erit
1289 3307 1550 3361 minister
1601 3315 1805 3364 vester-
1840 3311 1908 3364 Et
1937 3327 2027 3364 ΥΘ·
2133 3322 2304 3375 toties
2344 3321 2598 3389 latuisse,
2644 3323 2814 3376 toties
2853 3323 3284 3393 subterfugisse,
3335 3340 3508 3395 quem
3557 3323 3644 3378 sui
3677 3331 3842 3379 actus

335 3399 508 3468 liqua.
2135 3416 2191 3464 et
2218 3410 2543 3476 commissa,
2577 3428 2924 3483 quocunque
2961 3413 3193 3482 fugerit,
3229 3429 3294 3468 ea
3323 3430 3451 3484 quae
3480 3414 3842 3484 objiciuntur

335 3505 465 3559 CAP.
515 3504 661 3559 CLX.
715 3531 785 3544 —-
834 3504 901 3558 Ut
961 3505 1240 3570 episcopus
1296 3509 1580 3557 accusatus
1637 3519 1744 3558 non
1788 3519 2027 3559 commu-
2134 3497 2238 3566 illi,
2268 3499 2314 3552 si
2354 3516 2486 3552 vera
2525 3506 2678 3567 sunt,
2726 3501 2968 3554 crimina
3016 3510 3463 3572 persequuntur.
3514 3502 3841 3557 Debueram

474 3577 632 3628 nione
655 3577 922 3642 privetur,
955 3576 1065 3627 nisi
1085 3574 1172 3627 die
1195 3578 1403 3627 statuta
1427 3577 1606 3628 venire
1633 3576 1883 3630 noluerit.
2135 3588 2367 3657 quidem
2396 3589 2516 3658 jam
2567 3605 2719 3642 nunc
2743 3589 2977 3660 dignam
3012 3606 3116 3660 pro
3151 3592 3273 3660 ejus
3317 3591 3590 3645 accusatis
3633 3592 3692 3644 in
3729 3608 3839 3645 [ιο-

403 3680 524 3747 (Ea:
553 3679 738 3732 concil.
775 3678 1068 3745 Carthag.,
1118 3693 1239 3746 cap.
1278 3679 1386 3749 19.)
1420 3679 1684 3732 Aurelius
1733 3681 2030 3750 episcopus
2137 3682 2252 3730 stro
2297 3677 2516 3744 judicio
2565 3678 2804 3746 actibus,
2855 3678 2954 3748 qui
3001 3679 3393 3748 cognitionem
3439 3685 3494 3734 et
3542 3679 3838 3735 decretum

331 3768 474 3822 dixit
512 3784 524 3820 :
568 3766 838 3836 Quisquis
881 3766 1280 3836 episcoporum
1328 3774 1644 3834 accusatur,
1695 3769 1764 3821 ad
1809 3768 2027 3839 prima-
2129 3765 2412 3834 judicium
2447 3781 2598 3836 saepe
2635 3766 2976 3821 declinando
3007 3767 3253 3821 credidit
3281 3768 3662 3830 illudendum,
3698 3770 3839 3823 dare

327 3859 443 3908 tem
480 3853 786 3924 provincia:
829 3853 1010 3922 ipsius
1044 3869 1271 3905 causam
1316 3854 1534 3907 deferat
1576 3860 1890 3922 accusator,
1926 3871 2030 3909 nec
2137 3853 2499 3906 sententiam.
2554 3857 2623 3907 At
2670 3871 2739 3907 ne
2795 3855 3011 3926 aliquid
3069 3857 3357 3925 praecoqui
3405 3856 3642 3910 forsitan
3690 3857 3843 3927 judi-

330 3959 364 3997 a
412 3941 821 3995 communione
867 3941 1246 4010 suspendatur
1291 3941 1384 3995 cui
1428 3942 1646 3995 crimen
1690 3943 2026 4008 intenditur,
2137 3946 2311 4006 caret,
2363 3946 2418 3995 et
2463 3941 2571 3995 sibi
2619 3943 2720 4012 qui
2780 3944 2980 3997 absens
3037 3949 3140 4009 est,
3184 3945 3315 3997 licet
3369 3946 3442 3998 sit
3492 3945 3765 4015 quaesitus
3805 3963 3839 3999 a

329 4030 442 4084 nisi
467 4029 512 4082 si
544 4030 609 4083 ad
632 4045 860 4082 causam
884 4045 1044 4082 suam
1069 4029 1390 4096 dicendam,
1413 4031 2028 4100 electorumjudicium
2137 4030 2326 4095 nobis,
2350 4036 2701 4085 reservatum
2745 4048 2868 4085 esse
2918 4032 3061 4086 nihil
3100 4033 3336 4100 diceret,
3388 4034 3699 4087 maluimus
3751 4035 3840 4088 in-

330 4119 423 4173 die
453 4121 662 4171 statuta
695 4117 900 4170 litteris
949 4123 1234 4183 evocatus,
1268 4117 1506 4172 minime
1556 4119 1884 4184 occurrerit,
1925 4119 2032 4173 hoc
2136 4119 2498 4188 tcrcapedine
2549 4121 2826 4190 temporis
2875 4121 3007 4175 data
3055 4121 3291 4187 differri,
3343 4139 3472 4176 cum
3507 4123 3614 4176 hoc
3661 4123 3836 4177 etiam

331 4212 434 4275 est,
463 4208 612 4260 infra
644 4207 893 4276 spatium
929 4206 1140 4259 mensis
1185 4223 1250 4259 ex
1287 4223 1351 4259 ea
1381 4207 1471 4260 die
1501 4223 1613 4277 qua
1645 4224 1776 4261 eum
1809 4208 2025 4261 litteras
2058 4245 2099 4298 Β
2140 4206 2262 4276 ejus
2311 4213 2661 4262 accusatores
2703 4213 3042 4263 assererent.
3097 4211 3175 4263 De
3211 4211 3371 4280 cujus
3416 4211 3838 4265 intentionibus

329 4297 612 4366 accepisse
661 4294 1000 4348 constiterit.
1051 4295 1210 4358 Quod
1247 4295 1291 4347 si
1322 4296 1541 4364 aliquas
1573 4312 1736 4348 veras
1781 4296 2026 4349 necessi-
2060 4294 2088 4298 ⁷
2140 4301 2195 4347 et
2249 4297 2508 4350 moribus
2566 4296 2638 4350 sit
2694 4305 2976 4353 secretum
3016 4300 3350 4364 maximum,
3419 4304 3579 4353 tanto
3649 4301 3836 4371 magis

329 4384 460 4439 tatis
505 4400 702 4438 causas
749 4383 1094 4454 probaverit,
1142 4383 1350 4453 quibus
1384 4400 1517 4438 eum
1565 4401 1862 4438 occurrere
1913 4401 2028 4438 non
2139 4383 2465 4438 damnanda
2494 4385 2871 4450 committere,
2923 4388 3152 4457 quando
3185 4387 3404 4440 tardius
3437 4403 3495 4441 se
3525 4389 3834 4443 constituto

329 4471 580 4544 potuisse
630 4471 999 4525 manifestum
1047 4471 1140 4536 sit,
1175 4488 1361 4526 causae
1411 4489 1528 4526 suae
1573 4474 1828 4527 dicendae
1880 4473 2030 4527 intra
2131 4473 2351 4541 judicio
2392 4478 2776 4543 praesentaret.
2831 4475 3009 4540 Quem
3043 4476 3486 4530 Manichaeorum
3515 4477 3834 4532 involutum

329 4562 573 4614 alterum
626 4575 886 4613 mensem
935 4560 1218 4630 integram
1273 4560 1482 4615 habeat
1526 4561 1875 4616 facultatem.
1931 4564 2029 4615 Ve-
2139 4561 2382 4631 caligine
2416 4567 2685 4631 arguunt,
2719 4565 2989 4634 turpique
3039 4568 3188 4617 secta
3232 4563 3392 4617 olim.
3428 4566 3512 4618 Ita
3558 4581 3687 4618 cum
3718 4582 3836 4619 non

329 4665 459 4704 rum
498 4652 628 4719 post
676 4664 934 4702 mensem
983 4649 1294 4702 secundum
1343 4666 1458 4703 non
1491 4650 1879 4704 communicet
1927 4651 2030 4705 do-
2138 4655 2330 4720 posset
2376 4649 2606 4704 abluere
2651 4651 2910 4706 animum
2960 4652 3188 4707 sordida
3237 4654 3686 4723 improbatione,
3733 4655 3834 4709 ob-

329 4753 437 4791 nec
480 4737 858 4790 examinetur.
910 4736 968 4790 Si
998 4741 1192 4790 autem
1241 4738 1310 4791 ad
1357 4737 1659 4791 consilium
1709 4738 2027 4792 universale
2133 4738 2395 4808 jectaque
2436 4739 2488 4791 ei
2519 4745 2677 4808 gesta
2718 4741 3010 4809 synodalia
3049 4741 3426 4810 proferentes,
3477 4745 3531 4794 et
3560 4741 3837 4794 commis—

329 4825 483 4880 infra
531 4826 668 4879 anni
726 4825 974 4896 spatium
1031 4841 1328 4880 occurrere
1383 4827 1654 4889 noluerit,
1706 4832 1769 4879 ut
1815 4827 1902 4880 vel
1950 4827 2028 4880 ibi
2137 4825 2213 4878 sis
2245 4826 2569 4881 involutum
2610 4829 2870 4898 undique
2916 4829 3170 4899 ﬂagitiis,
3224 4830 3449 4883 nullum
3493 4829 3546 4882 ei
3577 4829 3836 4883 sanitatis

330 4931 502 4969 causa
541 4915 665 4984 ejus
711 4914 1073 4981 terminetur,
1123 4915 1244 4984 ipse
1275 4916 1334 4968 in
1381 4931 1439 4967 se
1487 4915 1869 4969 damnationis
1899 4899 2029 4970 seu;
2137 4914 2400 4968 habuisse
2432 4921 2774 4984 respectum,
2829 4933 3002 4988 quem
3049 4917 3243 4972 furore
3288 4934 3390 4971 suo
3422 4922 3478 4971 et
3524 4916 3726 4971 insana
3758 4924 3838 4971 te-

329 5003 570 5058 tentiam
622 5003 829 5058 dixisse
875 5003 1186 5073 judicetur.
1231 5005 1508 5073 Tempore
1559 5020 1693 5056 sane
1744 5020 1858 5074 quo
1916 5021 2028 5058 non
2138 5003 2400 5056 maritate
2431 5004 2500 5057 ad
2543 5005 2904 5058 saecularium
2950 5022 3182 5076 quoque
3225 5005 3510 5075 judicium
3559 5005 3836 5060 tribunali

329 5091 737 5159 communicat,
789 5107 860 5145 ne
912 5091 973 5145 in
1016 5109 1117 5145 sua
1150 5091 1396 5145 Ecclesia
1443 5092 1528 5144 vel
1571 5091 1844 5161 parochia
1874 5109 2028 5146 com-
2138 5091 2435 5146 subditum
2485 5093 2811 5163 quaestioni,
2856 5096 3007 5165 quod
3060 5095 3117 5148 in
3161 5095 3258 5148 vili
3312 5111 3540 5166 quoque
3587 5112 3837 5164 persona

330 5181 603 5234 municet.
639 5183 946 5233 Accusator
993 5185 1186 5232 autem
1222 5179 1364 5248 ejus,
1398 5180 1443 5231 si
1489 5195 1784 5249 nunquam
1828 5180 2028 5234 diebus
2138 5180 2537 5250 turpissimum
2571 5187 2674 5248 est,
2709 5183 3043 5253 objicerent.
3092 5185 3420 5239 Pervenisse
3461 5201 3592 5238 eum
3623 5185 3694 5238 ad
3727 5186 3836 5238 110-

329 5285 515 5323 causze
563 5267 811 5322 dicendae
855 5268 1120 5333 defuerit,
1164 5285 1196 5320 a
1225 5267 1633 5321 communione
1682 5284 1800 5320 non
1845 5285 2028 5322 remo-
2137 5269 2354 5322 micidii
2382 5269 2593 5324 damna
2621 5278 2902 5336 asserunt,
2957 5274 3133 5342 gestis
3177 5273 3414 5343 prolatis
3445 5274 3503 5327 in
3554 5274 3831 5328 medium.

330 5363 547 5410 veatur.
592 5358 650 5412 Si
696 5372 831 5410 vero
884 5356 1198 5426 aliquando
1242 5355 1508 5422 defuerit,
1557 5355 1893 5408 subtrahens
1944 5374 2023 5424 se,
2137 5357 2204 5410 Et
2232 5357 2384 5412 hunc
2416 5360 2609 5427 talem,
2645 5365 2774 5430 post
2817 5366 2974 5415 tanta
3005 5362 3218 5430 talique
3251 5363 3574 5424 commissa,
3608 5363 3833 5434 episco-

329 5445 594 5499 restituto
622 5445 681 5498 in
726 5444 1134 5498 communione
1167 5443 1458 5513 episcopo,
1510 5441 1631 5512 ipse
1666 5449 2028 5499 removeatur
2136 5451 2302 5515 patus
2339 5447 2525 5501 adhuc
2575 5448 2681 5502 sibi
2716 5465 2926 5503 nomen
2973 5449 3033 5503 in
3064 5450 3180 5503 suis
3221 5451 3476 5504 latibulis
3519 5451 3829 5519 vindicare,

331 5550 366 5587 a
390 5533 794 5588 communione
825 5537 1120 5587 accusator
1148 5548 1160 5585 :
1193 5533 1273 5585 ita
1301 5536 1494 5586 tamen
1526 5536 1586 5585 ut
1613 5547 1721 5586 nec
1763 5531 1873 5603 ipsi
1903 5533 2024 5588 adi-
2135 5534 2193 5588 in
2226 5535 2475 5605 propriae
2509 5535 2752 5592 civitatis
2789 5537 3109 5605 infamiam,
3144 5539 3335 5593 nimiis
3380 5540 3673 5594 doloribus
3704 5557 3833 5594 con-
