3956 6306
171 294 275 345 597

1162 289 1643 348 DECRETORUM
1686 291 1870 348 LIBRI
1908 294 2014 349 XX.
2060 322 2127 332 —-
2168 292 2377 348 LIBER
2417 292 2693 348 PRIMUS.

3572 293 3675 347 598

172 418 517 486 queruntur,
552 418 609 468 et
639 418 895 467 sanctum
934 429 1147 468 nomen
1193 414 1536 468 vindicando
1580 414 1687 468 sibi
1719 416 1862 469 velle
1894 416 1940 468 Α
1979 415 2154 470 nandi
2182 415 2518 486 priusquam
2567 431 2625 468 se
2667 415 2904 469 crimine
2947 432 3062 487 quo
3117 421 3457 486 premuntur
3504 433 3675 471 exue-

172 506 453 574 polluere.
490 503 757 574 Ideoque,
794 503 999 556 fratres
1030 502 1347 562 clarissimi,
1390 504 1524 573 quia
1553 504 1872 558 audiendus

170 595 262 648 hic
292 598 644 663 praesentare
691 609 749 646 se
784 592 984 658 noluit,
1036 606 1143 645 nec
1185 592 1474 644 convictus
1517 591 1756 644 forsitan
1803 590 1872 644 ab

171 681 571 734 accusantibus
602 696 663 734 se
694 680 1001 734 defendere
1032 680 1245 748 possit:
1282 681 1459 749 digna
1495 680 1729 734 tandem
1768 681 1870 733 ali-

170 770 402 838 quando
450 775 824 840 praesentatus
854 769 1166 839 episcopali
1193 769 1410 838 judicio
1452 769 1872 839 pronuntiatio-

170 856 259 908 nis
292 873 545 928 congrue
590 858 749 912 feriri
789 857 1078 911 sententia
1115 858 1457 926 judicamus.
1511 858 1870 927 Quamquam

170 944 253 998 illi
298 962 427 999 cum
480 947 682 1000 edocta
713 946 944 1011 fuerint,
977 946 1218 999 sciamus
1248 946 1419 1014 hujus
1465 946 1716 998 nominis
1754 961 1873 999 non

171 1048 291 1086 esse
316 1035 622 1103 jacturam,
668 1034 767 1105 qui
800 1035 1080 1105 pudorem
1136 1050 1435 1105 nunquam
1468 1034 1737 1087 habuisse
1783 1050 1870 1087 sa-

171 1123 412 1176 cerdotii
442 1124 799 1192 perhibetur,
835 1129 891 1176 et
917 1124 1106 1177 locum
1140 1139 1308 1175 suum
1354 1140 1455 1175 nec
1488 1123 1713 1176 modico
1741 1124 1869 1191 qui-

172 1210 301 1263 dem
333 1216 593 1281 tempore
622 1211 954 1277 custodisse,
990 1211 1326 1264 dilationem
1369 1211 1652 1269 dedimus,
1687 1215 1742 1263 et
1772 1210 1868 1262 de-

169 1300 454 1353 crevimus
510 1306 753 1353 vestram
829 1300 1036 1353 debere
1112 1299 1258 1352 intra
1326 1299 1677 1368 provinciam
1750 1314 1870 1351 esse

164 1388 472 1457 judicium,
511 1394 565 1440 et
595 1403 941 1458 congregare
969 1388 1250 1457 synodum
1297 1392 1426 1439 ante
1472 1387 1622 1440 diem
1658 1386 1867 1440 Kalen-

170 1476 375 1529 darum
409 1476 837 1541 Novembrium,
864 1481 948 1542 ut,
1001 1476 1048 1529 si
1080 1476 1273 1528 adesse
1326 1476 1566 1529 voluerit
1596 1491 1867 1545 praesens,

168 1566 215 1617 si
244 1565 505 1632 conlidit,
538 1565 606 1618 ad
638 1565 859 1634 objecta
891 1564 1267 1635 respondeat:
1301 1565 1348 1617 si
1375 1565 1569 1617 adesse
1599 1565 1870 1633 neglexe-

168 1653 262 1717 rit,
295 1653 634 1707 dilationem
664 1653 963 1708 sententiaa
1001 1654 1071 1706 de
1117 1653 1378 1706 absentia
1432 1668 1549 1705 non
1598 1653 1866 1706 lucretur.

170 1744 313 1795 Nam
357 1743 721 1796 manifestum
751 1742 1011 1796 conﬁteri
1057 1758 1189 1795 eum
1224 1742 1293 1794 de
1333 1742 1592 1807 crimine,
1643 1741 1764 1812 qui,
1809 1742 1867 1795 in

167 1830 329 1884 dulto
357 1836 413 1883 et
458 1832 625 1884 toties
668 1832 928 1901 delegato
948 1825 1207 1900 'judicio,
1268 1829 1557 1900 purgandi
1596 1847 1653 1883 se
1706 1846 1870 1883 occa-

169 1918 329 1971 sione
388 1935 502 1972 non
558 1919 764 1974 utitur.
836 1919 986 1972 Nihil
1046 1918 1200 1972 enim
1261 1919 1499 1971 interest
1555 1924 1748 1971 utrum
1808 1918 1869 1971 in

167 2007 441 2077 praesenti
490 2008 747 2061 examine
803 2008 996 2061 omnia
1042 2024 1171 2077 quae
1225 2007 1371 2060 dicta
1431 2013 1558 2060 sunt
1616 2023 1871 2076 compro-

170 2097 414 2150 bentur:
464 2112 594 2149 cum
638 2096 761 2166 ipsa
812 2112 1040 2165 quoque
1102 2112 1205 2164 pro
1258 2094 1612 2148 confessione
1662 2110 1867 2164 procu-

168 2190 291 2238 rata
319 2185 486 2238 toties
530 2189 750 2238 constet
797 2185 1080 2239 absentia.
1136 2184 1246 2238 Nos
1297 2189 1487 2236 autem
1522 2199 1624 2252 per
1666 2199 1867 2236 omnes

170 2273 489 2343 provincias
528 2272 743 2327 litteras
782 2273 1116 2343 dirigemus,
1166 2288 1237 2325 ne
1289 2272 1710 2325 excusationem
1759 2271 1868 2324 sibi

169 2362 548 2432 ignorationis
601 2363 891 2427 obtendat,
927 2367 988 2415 ut
1025 2362 1095 2414 ad
1141 2360 1491 2431 provinciam
1525 2361 1717 2414 venire
1770 2377 1865 2413 co-

166 2456 353 2520 gatur,
390 2455 447 2505 et
475 2451 591 2504 illic
619 2468 679 2504 se
717 2452 1026 2504 constituto
1053 2454 1397 2518 praesentare
1422 2448 1663 2517 judicio.
1696 2449 1868 2512 Quid-

166 2541 302 2609 quid
355 2545 548 2593 autem
600 2545 784 2593 vestra
838 2539 1084 2592 charitas
1137 2539 1206 2591 de
1265 2538 1369 2590 hac
1427 2554 1595 2590 causa
1644 2538 1867 2590 duxerit

164 2628 610 2693 decernendum,
652 2644 779 2681 cum
814 2628 885 2681 ad
915 2644 1015 2680 nos
1057 2627 1302 2680 relatum
1334 2626 1526 2691 fuerit,
1557 2631 1769 2687 nostra,
1807 2632 1867 2678 ut

162 2717 455 2780 condecet,
490 2732 717 2769 necesse
748 2722 832 2769 est
858 2715 1195 2768 auctoritate
1228 2714 1507 2767 firmetur.

164 2805 288 2859 CAP.
325 2804 525 2858 CLXII.
563 2833 635 2844 —
672 2805 750 2855 De
782 2806 1029 2871 episcopo
1059 2804 1336 2870 inculpato
1365 2805 1462 2871 qui
1498 2802 1572 2854 ad
1599 2802 1863 2869 synodum

576 2879 795 2928 vocatus
820 2877 1000 2927 venire
1039 2878 1447 2941 contempserat.

232 2964 332 3034 (De
376 2963 582 3030 synodo
638 2963 788 3031 apud
833 2964 1073 3016 Altheim
1125 2961 1318 3015 habita
1362 2977 1483 3029 cap.
1535 2962 1641 3030 10).
1694 2960 1861 3015 Rich-
1896 2983 1935 3035 ρ

160 3053 372 3106 winum
431 3052 765 3121 episcopum
806 3051 905 3121 qui
950 3056 1147 3102 contra
1196 3053 1523 3102 sanctorum
1576 3066 1857 3102 canonum

160 3143 489 3195 sanctiones
520 3140 1024 3208 Strazburgensem
1067 3137 1373 3191 Ecclesiam
1418 3138 1643 3203 invasit,
1689 3154 1857 3209 quem

160 3232 227 3284 ad
285 3237 543 3283 sanctam
596 3228 877 3298 synodum
928 3242 1030 3295 per
1060 3226 1274 3279 litteras
1316 3231 1541 3279 nostras
1589 3227 1859 3279 invitavi-

159 3336 305 3385 mus,
377 3324 435 3371 et
502 3317 695 3369 venire
735 3322 1130 3380 contemnens,
1186 3331 1289 3367 nec
1348 3314 1621 3367 vicarium
1693 3331 1858 3367 suum

159 3407 332 3469 misit,
366 3404 703 3458 auctoritate
735 3403 932 3456 sancti.
971 3403 1287 3471 Petri,’ego
1318 3404 1570 3456 Joannes
1618 3401 1859 3455 vicarius

159 3493 478 3564 apostolici,
514 3509 576 3545 ex
611 3491 897 3561 praecepto
936 3497 1144 3543 sanctas
1198 3491 1494 3559 praesentis
1534 3490 1733 3560 synodi
1765 3490 1857 3542 in-

151 3582 451 3653 jungendo
502 3597 771 3633 vocamus
818 3581 1046 3643 iterum,
1080 3585 1136 3631 et
1176 3579 1542 3648 praecipimus
1577 3584 1859 3647 quatenus

156 3673 226 3726 ad
284 3670 615 3733 concilium,
674 3668 730 3721 id
787 3672 888 3735 est,
949 3668 1071 3738 May
1128 3668 1435 3737 Moguntiaz
1494 3666 1770 3719 indictum
1828 3683 1860 3718 a

157 3760 610 3829 metropolitano
659 3757 929 3827 episcopo
961 3774 1082 3822 suo,
1118 3758 1188 3809 ad
1220 3756 1585 3826 praesentiam
1619 3771 1857 3808 venera-

154 3850 285 3904 bilis
344 3847 603 3917 Herigeri
655 3845 1067 3915 archiepiscopi
1115 3850 1172 3899 et
1223 3845 1573 3897 confratrum
1623 3859 1857 3897 suorum

153 3938 367 4004 veniat,
434 3953 552 3989 suae
611 3934 1019 3989 inobedieutiae
1082 3938 1138 3986 et
1194 3932 1580 4003 perversitatis
1641 3931 1855 3985 ibidem

147 4028 365 4097 justam
398 4024 678 4077 rationem
728 4023 1073 4076 redditurus.
1127 4022 1225 4076 Sin
1265 4027 1456 4074 autem
1505 4021 1860 4090 negligenter

153 4121 208 4169 et
232 4117 341 4169 hoc
384 4130 555 4183 agere
605 4111 1053 4182 parvipenderit,
1110 4111 1396 4164 abstineat
1441 4126 1499 4162 se
1547 4126 1579 4161 a
1628 4109 1858 4179 proprio

152 4205 358 4274 gradu,
389 4204 591 4265 donec,
624 4202 865 4255 Romam
896 4200 1152 4265 veniens,
1199 4214 1390 4252 coram
1437 4197 1669 4251 domino
1709 4214 1855 4267 papa

153 4296 207 4345 et
238 4295 435 4344 sancta
476 4287 718 4342 Ecclesia
745 4287 939 4339 reddat
964 4285 1265 4340 rationem.

153 4381 279 4435 CAP.
341 4378 567 4433 CLXIII.
626 4405 698 4417 —
753 4375 857 4441 Qui
910 4377 1173 4499 qiz’gates
1224 4377 1355 4440 sint,
1414 4376 1509 4444 qui
1545 4374 1853 4442 metropoli-

226 4540 337 4609 (Ea:
386 4552 504 4604 cap.
552 4536 738 4589 concil.
783 4536 985 4599 Niceni,
1038 4550 1157 4602 quae
1203 4533 1397 4587 addita
1439 4538 1564 4587 sunt
1606 4549 1639 4587 a
1680 4534 1856 4587 Felice

150 4632 345 4697 papa).
383 4625 659 4678 Primates
706 4622 790 4675 illi
838 4628 895 4675 et
938 4639 1051 4675 non
1107 4622 1201 4674 alii
1253 4622 1381 4686 sint,
1432 4639 1602 4691 quam
1654 4622 1752 4692 qui
1795 4622 1852 4674 in

158 4717 388 4769 Nicaena
470 4713 690 4783 synodo
774 4715 909 4764 sunt
993 4712 1309 4764 constituti.
1398 4711 1624 4781 Reliqui
1698 4727 1850 4772 vero,

156 4804 253 4874 qui
285 4802 629 4867 metropoles
670 4805 873 4853 tenent
903 4799 1089 4867 sedes,
1123 4799 1538 4869 archiepiscopi
1581 4803 1857 4852 vocantur

156 4899 212 4946 et
242 4907 362 4944 non
404 4889 680 4959 primates
710 4905 721 4942 :
758 4890 914 4942 salva
944 4888 1001 4941 in
1034 4888 1300 4941 omnibus
1347 4888 1673 4957 apostolicae
1707 4888 1855 4941 sedis

157 4978 461 5047 dignitate,
515 4992 640 5043 quae
689 4974 742 5027 ei
793 4975 863 5027 ab
896 4974 1019 5042 ipso
1078 4975 1315 5027 Domino
1364 4980 1446 5027 est
1484 4990 1770 5038 concessa,
1801 4978 1855 5026 et

154 5070 352 5137 postea
379 5083 408 5114 a
436 5063 643 5116 sanctis
674 5063 933 5116 Patribus
961 5063 1249 5116 roborata.

158 5156 285 5209 CAP.
346 5153 562 5205 CLXIV.
605 5180 677 5192 —
703 5151 853 5217 Quod
894 5152 1147 5218 neganda
1192 5153 1268 5204 sit
1315 5152 1582 5203 accusatis
1638 5152 1855 5203 licentia

227 5224 563 5278 criminandi
608 5225 930 5290 priusquam
959 5239 1012 5275 sc
1059 5225 1283 5275 crimine
1316 5224 1582 5279 caruerint.
1618 5226 1665 5274 et
1694 5223 1851 5286 fami-

227 5296 459 5347 liaribus
507 5299 666 5360 atque
716 5300 902 5361 sponte
932 5296 1209 5357 confessis.
1244 5299 1293 5346 et
1335 5296 1431 5361 qui
1462 5294 1703 5345 hesterno
1746 5293 1853 5355 die,

226 5370 323 5419 aut
354 5365 625 5433 perendie,
650 5370 745 5418 aut
775 5369 898 5418 ante
926 5366 1150 5429 fuerunt
1181 5366 1415 5417 inimici.

228 5454 337 5523 (Ea:
366 5453 515 5507 decr.
556 5454 824 5520 Stephani
860 5468 1021 5522 papa:
1060 5454 1303 5506 omnibus
1342 5454 1603 5520 episcopis
1650 5453 1851 5511 missis,

158 5560 279 5614 cap.
341 5542 447 5612 II).
502 5543 565 5597 Et
613 5542 875 5611 neganda
925 5547 1009 5595 est
1065 5541 1338 5596 accusatis
1392 5540 1621 5594 licentia
1664 5539 1854 5593 crimi-

1982 506 2134 560 rint:
2185 505 2322 576 quia
2365 521 2478 559 non
2527 510 2612 559 est
2653 505 3001 558 credendum
3052 510 3248 558 contra
3287 506 3426 559 alios
3476 522 3676 560 eorum

1983 593 2328 648 confessioni
2374 592 2473 664 qui
2535 592 2871 646 criminibus
2931 593 3206 664 implicati
3250 600 3401 659 sunt,
3448 594 3557 648 nisi
3613 610 3674 649 se

1982 683 2141 751 prius
2202 680 2576 753 probaverint
2627 681 2962 735 innocentes
3026 682 3299 751 quoniam
3354 682 3676 751 periculosa

1983 776 2068 825 est
2120 777 2177 825 et
2214 771 2435 825 admitti
2482 787 2598 825 non
2646 770 2815 824 debet
2853 771 2935 823 rei
2984 771 3251 824 adversus
3296 786 3675 841 quaecumque

1980 859 2276 930 professio.
2317 859 2637 913 Familiares
2682 875 2817 911 vero
2857 864 2911 912 et
2963 864 3164 928 sponte
3195 859 3456 926 confessi,
3506 864 3676 930 atque

1981 947 2290 1001 sceleribus
2363 946 2590 1013 irretiti,
2664 962 2781 999 non
2854 946 3064 999 debent
3120 945 3367 1011 admitti,
3444 962 3546 1000 nec
3618 946 3676 1001 hi

1980 1036 2080 1107 qui
2108 1037 2373 1090 hesterna
2403 1036 2516 1104 die,
2546 1040 2643 1089 aut
2669 1035 2963 1106 perendie,
2995 1040 3095 1089 aut
3136 1041 3266 1088 ante
3292 1036 3527 1088 fuerunt
3556 1035 3673 1089 ini-

1982 1126 2136 1179 mici.

1983 1214 2110 1268 CAP.
2162 1214 2351 1269 CLXV.
2384 1244 2453 1252 —
2493 1213 2574 1265 De
2615 1214 3083 1266 criminationibus
3130 1214 3390 1266 adversus
3437 1212 3674 1267 doctores

2174 1300 2281 1338 non
2309 1284 2687 1352 suscipiendis,
2729 1289 2778 1337 et
2807 1284 2871 1336 de
2895 1285 3199 1353 peregrinis
3220 1283 3474 1352 judiciis.

2054 1390 2297 1461 (Eusebii
2340 1405 2471 1458 pap.
2523 1405 2640 1456 cap.
2713 1388 2814 1455 I7.)
2847 1390 2908 1442 Et
2964 1389 3095 1442 licet
3140 1389 3259 1443 hinc
3306 1388 3529 1459 possint
3572 1404 3667 1457 ge-

1980 1479 2254 1533 neraliter
2309 1477 2459 1530 dicta
2507 1478 2785 1543 sufficere,
2838 1483 2903 1530 ut
2951 1477 3038 1530 vel
3091 1477 3440 1530 declinemus
3487 1482 3673 1529 errata

1981 1568 2067 1621 vel
2121 1566 2508 1621 custodiamus
2557 1565 2867 1619 catholica:
2908 1565 2979 1617 ab
3014 1564 3284 1634 apostolis
3336 1570 3529 1617 tamen
3573 1580 3669 1617 eo-

1980 1672 2227 1727 rumque
2258 1654 2671 1709 successoribas
2727 1653 2992 1706 novimus
3049 1653 3444 1715 constitutum,
3488 1652 3674 1706 crimi-

1982 1744 2244 1798 nationes
2291 1743 2559 1797 adversus
2590 1743 2847 1795 doctores
2892 1758 3005 1795 non
3056 1741 3265 1795 debere
3305 1741 3517 1811 suscipi
3569 1757 3673 1794 nec

1978 1832 2283 1901 peregrina
2345 1831 2564 1900 judicia
2604 1830 2749 1891 ﬁeri,
2803 1846 2988 1900 neque
3041 1846 3393 1900 quemquam
3444 1830 3673 1883 alterius

1970 1921 2182 1991 judicis
2211 1936 2383 1989 quam
2416 1919 2503 1972 sui
2533 1918 2815 1971 sententia
2844 1919 3050 1971 debere
3078 1918 3412 1987 constringi,

1978 2028 2106 2082 CAP.
2158 2025 2377 2080 CLXVI.
2436 2054 2504 2064 —
2566 2026 2631 2078 Ut
2679 2023 2941 2076 adversus
2988 2024 3255 2077 doctorem
3310 2025 3672 2077 accusationes

2584 2110 2734 2147 nemo
2781 2097 3063 2162 suscipiat.

2048 2189 2155 2256 (Em
2184 2186 2373 2240 concil.
2428 2185 2696 2254 Spalensi,
2739 2199 2859 2252 cap.
2902 2186 2977 2247 3.)
3025 2182 3423 2236 Accusationes
3470 2181 3668 2235 adver-

1976 2293 2070 2329 sus
2101 2276 2389 2329 doctorem
2436 2288 2605 2326 nemo
2639 2272 2943 2341 suscipiat:
2990 2272 3125 2341 quia
3172 2288 3289 2324 non
3336 2276 3525 2341 potest
3570 2271 3672 2324 hu-

1974 2382 2148 2420 mano
2178 2363 2547 2418 condemnari
2588 2362 2868 2428 examine,
2912 2377 3081 2431 quem
3121 2362 3266 2414 Deus
3308 2377 3410 2413 suo
3452 2359 3670 2430 judicio

1976 2454 2304 2509 reservavit.

1975 2563 2103 2616 CAP.
2140 2560 2430 2615 CLXXVII.
2472 2587 2539 2597 —
2573 2559 2639 2611 Ut
2668 2572 2817 2610 nemo
2861 2559 3171 2678 episcopum
3213 2554 3363 2624 apud
3390 2555 3671 2609 saeculares

2706 2642 2891 2678 accuse
2921 2669 2932 2678 .

2706 2642 2932 2680 αοοιιεθι.

2046 2720 2164 2783 (Ea:
2194 2720 2349 2786 epist.
2404 2718 2594 2770 Felicis
2624 2731 2782 2783 papae
2838 2717 3210 2782 Egyptiorum
3243 2716 3506 2783 episcopis
3539 2716 3668 2767 mis-

2001 2822 2082 2871 sa,
2115 2822 2234 2875 cap.
2272 2806 2348 2875 I.)
2385 2806 2452 2859 Ut
2473 2820 2642 2857 nemo
2669 2804 2997 2873 episcopum
3046 2819 3219 2873 penes
3250 2802 3549 2855 saeculares
3579 2817 3666 2854 ar-

1974 2896 2151 2949 bitros
2180 2898 2423 2961 accuset,
2455 2893 2551 2946 sed
2585 2893 2731 2961 apud
2766 2908 3018 2944 summos
3044 2890 3336 2960 primates.

1974 3003 2100 3058 CAP.
2146 3001 2412 3057 CLXVIII.
2450 3030 2518 3039 —
2556 3003 2631 3054 De
2671 3001 2936 3066 episcopis
2986 3001 3044 3051 in
3082 2998 3358 3066 judicium
3415 2998 3669 3051 saeculari:

2606 3086 2712 3124 non
2741 3070 3015 3123 vocandis.

2042 3162 2148 3231 (Ex
2206 3160 2414 3228 epistol.
2472 3161 2746 3225 Bonifacii
2804 3174 2963 3226 papae
3005 3158 3078 3210 ad
3146 3160 3378 3226 episcop.
3427 3154 3664 3224 Gallia).

1970 3249 2168 3302 Nullus
2220 3246 2539 3315 episcopus,
2590 3261 2778 3315 neque
2826 3261 2926 3312 pro
2966 3244 3138 3304 civili,
3174 3260 3357 3312 neque.
3406 3260 3507 3313 pro
3556 3244 3666 3296 cri-

1972 3335 2167 3389 minali
2221 3350 2409 3399 causa,
2468 3335 2619 3402 apud
2677 3333 2937 3401 quamvis
2980 3332 3231 3399 judicem
3282 3331 3396 3383 sive
3440 3331 3665 3384 civilem

1967 3424 2083 3475 sive
2140 3421 2451 3475 militarem
2533 3422 2880 3490 producatur
2932 3422 3013 3472 vel
3070 3420 3422 3472 exhibeatur.
3500 3417 3666 3487 Magi-

1968 3518 2175 3565 stratus
2205 3512 2358 3563 enim
2391 3510 2490 3580 qui
2521 3510 2628 3562 hoc
2668 3509 2872 3577 jubere
2906 3525 3076 3560 ausus
3125 3508 3316 3572 fuerit,
3359 3506 3663 3560 amissione

1967 3600 2178 3669 cinguli
2210 3598 2687 3652 condemnatione
2716 3598 3013 3664 plectetur.

1968 3708 2095 3760 CAP.
2151 3704 2366 3759 CLXIX.
2421 3733 2494 3743 —
2546 3705 2613 3757 Ut
2657 3718 2768 3785 non
2810 3707 3089 3786 accusetur
3136 3704 3415 3770 episcopus
3463 3717 3497 3754 a
3549 3702 3663 3754 cri-

2691 3789 2934 3827 7121110318.

2040 3868 2150 3934 (Ea:
2180 3865 2390 3934 epistol.
2421 3863 2614 3919 Felicis
2657 3879 2815 3933 papae
2848 3863 3179 3931 supradictis
3220 3864 3485 3930 episcopis
3530 3863 3662 3914 mis-

1966 3969 2050 4017 sa,
2096 3970 2222 4023 cap.
2274 3952 2381 4019 18).
2433 3952 2667 4016 Quoties
2711 3952 3008 4019 episcopus
3064 3966 3235 4017 super
3281 3950 3450 4002 certis
3493 3965 3663 4002 accu—

1967 4046 2124 4093 satur
2179 4039 2537 4104 criminibus,
2596 4038 2643 4091 si
2692 4040 2830 4090 tales
2885 4037 3097 4089 fuerint
3154 4042 3509 4089 accusatores
3563 4035 3663 4105 qui

1963 4130 2113 4197 juste
2166 4133 2222 4181 et
2262 4127 2531 4180 canonice
2586 4126 2760 4193 recipi
2816 4125 3079 4189 debeant,
3142 4124 3355 4193 synodo
3407 4124 3663 4189 legitima

1968 4216 2026 4269 in
2072 4232 2173 4268 suo
2222 4220 2483 4285 tempore
2542 4221 2907 4279 congregata,
2962 4213 3030 4263 ab
3079 4212 3343 4265 omnibus
3392 4212 3660 4265 canonice

1964 4305 2230 4359 audiatur
2277 4304 2377 4373 qui
2425 4308 2556 4355 sunt
2608 4303 2666 4355 in
2717 4300 3004 4372 provincia
3056 4300 3356 4367 episcopis.
3408 4300 3569 4363 Quod
3614 4300 3660 4351 si

1965 4391 2208 4461 legitimi
2240 4407 2355 4444 non
2395 4390 2609 4444 fuerint
2656 4394 3027 4451 accusatores,
3062 4405 3174 4439 non
3222 4388 3491 4457 fatigetur
3533 4387 3659 4458 epi-

1966 4496 2207 4549 sc0pus:
2271 4479 2407 4549 quia
2461 4479 2780 4531 sacerdotes
2838 4478 2901 4530 ad
2970 4476 3403 4529 sacrificandum
3469 4481 3660 4529 vocari

1965 4569 2196 4635 debent,
2232 4584 2345 4620 non
2393 4567 2463 4619 ad
2510 4566 2881 4635 litigandum:
2921 4582 3024 4617 nec
3061 4566 3139 4617 illi
3175 4566 3271 4634 qui
3322 4566 3515 4619 throni
3563 4565 3660 4618 Dei

1963 4662 2256 4720 vocantur,
2290 4671 2592 4725 pravorum
2614 4654 2913 4707 hominum
2937 4654 3160 4707 insidiis
3188 4654 3398 4708 debent
3420 4654 3654 4717 turbari,

1964 4746 2059 4799 sed
2092 4745 2267 4798 libere
2299 4744 2519 4799 Christo
2552 4744 2835 4797 famulari.

1966 4852 2091 4906 CAP.
2151 4852 2337 4905 CLXX.
2386 4882 2453 4889 —
2505 4851 2657 4915 Quod
2704 4852 2887 4902 nullus
2950 4852 3229 4916 episcopus
3285 4854 3443 4902 eastra
3507 4865 3659 4903 suam

2279 4925 2615 4990 provinciam
2653 4922 2727 4974 ad
2756 4922 3031 4987 judicium
3062 4923 3337 4973 invitetur.

2036 5013 2142 5081 (Ea:
2175 5011 2366 5064 decret.
2400 5010 2539 5063 Julii
2566 5026 2743 5078 papaz,
2779 5010 3064 5063 Orientali.
3099 5011 3260 5076 episc.
3293 5010 3493 5069 missis,
3535 5022 3656 5075 cap.

1968 5100 2077 5167 18.)
2125 5100 2325 5154 Nullus
2355 5101 2653 5168 episcopus
2689 5101 2842 5151 extra
2885 5115 3043 5149 suam
3076 5096 3425 5165 pravinciam
3462 5097 3532 5148 ad
3559 5096 3660 5164 ju—

1966 5189 2179 5243 dicium
2212 5189 2550 5242 devocetur:
2609 5188 2727 5249 sed,
2783 5193 2979 5240 vocato
3019 5204 3086 5238 eo
3137 5185 3408 5238 canonice
3454 5185 3658 5237 inloco

1965 5295 2239 5347 congruo,
2272 5283 2529 5346 tempore
2561 5276 2839 5347 synodali,
2894 5276 2962 5328 ab
2997 5275 3265 5327 omnibus
3294 5274 3660 5339 comprovin-

1966 5367 2206 5422 cialibus
2257 5366 2536 5437 episcopis
2567 5366 2866 5419 audiatur:
2918 5364 3048 5432 quin
3099 5362 3438 5415 concordem
3490 5378 3662 5430 super

1967 5472 2097 5508 eum
2171 5455 2621 5523 canonicamque
2676 5454 2885 5506 debent.
2940 5450 3197 5519 proferre
3278 5449 3654 5501 sententiam:

1966 5544 2120 5614 quia,
2180 5544 2225 5597 si
2278 5544 2385 5599 hoc
2425 5543 2761 5603 minoribus,
2822 5548 2938 5595 tam
2994 5538 3213 5593 clericis
3271 5554 3445 5610 quam
3503 5538 3661 5592 laicis
