  <div class='ocr_page' id='page_1' title='image "/cluster/home/n/w/nwhite01/storage/ocr_20150623/140/umn.31951002477433x/333.png"; bbox 0 0 3956 6304; ppageno 0'>
   <div class='ocr_carea' id='block_1_1' title="bbox 270 314 375 367">
    <p class='ocr_par' dir='ltr' id='par_1_1' title="bbox 270 314 375 367">
     <span class='ocr_line' id='line_1_1' title="bbox 270 314 375 367; baseline -0.01 0"><span class='ocrx_word' id='word_1_1' title='bbox 270 314 375 367; x_wconf 82' lang='lat'><strong>599</strong></span> 
     </span>
    </p>
   </div>
   <div class='ocr_carea' id='block_1_2' title="bbox 1346 303 2685 364">
    <p class='ocr_par' dir='ltr' id='par_1_2' title="bbox 1346 303 2685 364">
     <span class='ocr_line' id='line_1_2' title="bbox 1346 303 2685 364; baseline -0.004 -2"><span class='ocrx_word' id='word_1_2' title='bbox 1346 308 1749 364; x_wconf 78' lang='lat' dir='ltr'><strong>BUBCHARDI</strong></span> <span class='ocrx_word' id='word_1_3' title='bbox 1786 305 2313 362; x_wconf 80' lang='lat' dir='ltr'><strong>WORMACIENSIS</strong></span> <span class='ocrx_word' id='word_1_4' title='bbox 2350 303 2685 360; x_wconf 85' lang='lat' dir='ltr'><strong>EPlSCOPI.</strong></span> 
     </span>
    </p>
   </div>
   <div class='ocr_carea' id='block_1_3' title="bbox 3682 304 3787 356">
    <p class='ocr_par' dir='ltr' id='par_1_3' title="bbox 3682 304 3787 356">
     <span class='ocr_line' id='line_1_3' title="bbox 3682 304 3787 356; baseline 0 0"><span class='ocrx_word' id='word_1_5' title='bbox 3682 304 3787 356; x_wconf 84' lang='lat'><strong>600</strong></span> 
     </span>
    </p>
   </div>
   <div class='ocr_carea' id='block_1_4' title="bbox 269 427 3784 501">
    <p class='ocr_par' dir='ltr' id='par_1_4' title="bbox 269 427 3784 501">
     <span class='ocr_line' id='line_1_4' title="bbox 269 427 3784 501; baseline -0.002 -14"><span class='ocrx_word' id='word_1_6' title='bbox 269 447 602 487; x_wconf 90' lang='lat' dir='ltr'><strong>concessum</strong></span> <span class='ocrx_word' id='word_1_7' title='bbox 653 435 757 497; x_wconf 89' lang='lat' dir='ltr'><strong>est,</strong></span> <span class='ocrx_word' id='word_1_8' title='bbox 801 433 1017 501; x_wconf 91' lang='lat' dir='ltr'><strong>quanto</strong></span> <span class='ocrx_word' id='word_1_9' title='bbox 1072 429 1254 499; x_wconf 90' lang='lat' dir='ltr'><strong>magis</strong></span> <span class='ocrx_word' id='word_1_10' title='bbox 1300 430 1369 484; x_wconf 92' lang='lat' dir='ltr'><strong>de</strong></span> <span class='ocrx_word' id='word_1_11' title='bbox 1415 429 1696 500; x_wconf 86' lang='lat' dir='ltr'><strong>episcopis</strong></span> <span class='ocrx_word' id='word_1_12' title='bbox 1739 445 1962 484; x_wconf 78' lang='lat' dir='ltr'><strong>servare</strong></span> <span class='ocrx_word' id='word_1_13' title='bbox 1992 432 2036 484; x_wconf 84' lang='grc' dir='ltr'><strong>Α</strong></span> <span class='ocrx_word' id='word_1_14' title='bbox 2077 429 2235 482; x_wconf 93' lang='lat' dir='ltr'><strong>omni</strong></span> <span class='ocrx_word' id='word_1_15' title='bbox 2266 428 2482 482; x_wconf 86' lang='lat' dir='ltr'><strong>mundo</strong></span> <span class='ocrx_word' id='word_1_16' title='bbox 2510 427 2749 481; x_wconf 83' lang='lat' dir='ltr'><strong>infamia</strong></span> <span class='ocrx_word' id='word_1_17' title='bbox 2779 431 3068 481; x_wconf 89' lang='lat' dir='ltr'><strong>notantur.</strong></span> <span class='ocrx_word' id='word_1_18' title='bbox 3102 427 3378 483; x_wconf 75' lang='lat' dir='ltr'><strong>Similiter</strong></span> <span class='ocrx_word' id='word_1_19' title='bbox 3407 432 3463 482; x_wconf 90' lang='lat' dir='ltr'><strong>et</strong></span> <span class='ocrx_word' id='word_1_20' title='bbox 3493 429 3784 482; x_wconf 86' lang='lat' dir='ltr'><strong>incestuo-</strong></span> 
     </span>
    </p>
   </div>
   <div class='ocr_carea' id='block_1_5' title="bbox 267 517 1968 588">
    <p class='ocr_par' dir='ltr' id='par_1_5' title="bbox 267 517 1968 588">
     <span class='ocr_line' id='line_1_5' title="bbox 267 517 1968 588; baseline -0.004 -12"><span class='ocrx_word' id='word_1_21' title='bbox 267 520 578 576; x_wconf 85' lang='lat' dir='ltr'><strong>convenit?</strong></span> <span class='ocrx_word' id='word_1_22' title='bbox 618 521 759 574; x_wconf 86' lang='lat' dir='ltr'><strong>Nam</strong></span> <span class='ocrx_word' id='word_1_23' title='bbox 787 519 833 571; x_wconf 87' lang='lat' dir='ltr'><strong>si</strong></span> <span class='ocrx_word' id='word_1_24' title='bbox 863 519 984 588; x_wconf 90' lang='lat' dir='ltr'><strong>ipse</strong></span> <span class='ocrx_word' id='word_1_25' title='bbox 1049 517 1556 587; x_wconf 80' lang='lat' dir='ltr'><strong>metropolitanum</strong></span> <span class='ocrx_word' id='word_1_26' title='bbox 1607 522 1705 571; x_wconf 87' lang='lat' dir='ltr'><strong>aut</strong></span> <span class='ocrx_word' id='word_1_27' title='bbox 1745 517 1968 587; x_wconf 90' lang='lat' dir='ltr'><strong>judices</strong></span> 
     </span>
    </p>
   </div>
   <div class='ocr_carea' id='block_1_6' title="bbox 272 603 1970 676">
    <p class='ocr_par' dir='ltr' id='par_1_6' title="bbox 272 603 1970 676">
     <span class='ocr_line' id='line_1_6' title="bbox 272 603 1970 676; baseline -0.003 -14"><span class='ocrx_word' id='word_1_28' title='bbox 272 613 562 676; x_wconf 90' lang='lat' dir='ltr'><strong>suspectos</strong></span> <span class='ocrx_word' id='word_1_29' title='bbox 593 605 872 667; x_wconf 85' lang='lat' dir='ltr'><strong>habuerit,</strong></span> <span class='ocrx_word' id='word_1_30' title='bbox 925 609 1024 658; x_wconf 90' lang='lat' dir='ltr'><strong>aut</strong></span> <span class='ocrx_word' id='word_1_31' title='bbox 1077 604 1307 657; x_wconf 89' lang='lat' dir='ltr'><strong>infestos</strong></span> <span class='ocrx_word' id='word_1_32' title='bbox 1355 603 1614 670; x_wconf 82' lang='lat' dir='ltr'><strong>senserit,</strong></span> <span class='ocrx_word' id='word_1_33' title='bbox 1654 606 1806 675; x_wconf 91' lang='lat' dir='ltr'><strong>apud</strong></span> <span class='ocrx_word' id='word_1_34' title='bbox 1857 604 1970 673; x_wconf 86' lang='lat' dir='ltr'><strong>pri-</strong></span> 
     </span>
    </p>
   </div>
   <div class='ocr_carea' id='block_1_7' title="bbox 271 692 1972 764">
    <p class='ocr_par' dir='ltr' id='par_1_7' title="bbox 271 692 1972 764">
     <span class='ocr_line' id='line_1_7' title="bbox 271 692 1972 764; baseline -0.003 -15"><span class='ocrx_word' id='word_1_35' title='bbox 271 702 493 750; x_wconf 91' lang='lat' dir='ltr'><strong>matum</strong></span> <span class='ocrx_word' id='word_1_36' title='bbox 524 696 852 762; x_wconf 84' lang='lat' dir='ltr'><strong>dioeceseos,</strong></span> <span class='ocrx_word' id='word_1_37' title='bbox 899 700 998 747; x_wconf 88' lang='lat' dir='ltr'><strong>aut</strong></span> <span class='ocrx_word' id='word_1_38' title='bbox 1033 695 1180 764; x_wconf 91' lang='lat' dir='ltr'><strong>apud</strong></span> <span class='ocrx_word' id='word_1_39' title='bbox 1233 695 1506 747; x_wconf 80' lang='lat' dir='ltr'><strong>Romana</strong></span> <span class='ocrx_word' id='word_1_40' title='bbox 1552 692 1701 746; x_wconf 86' lang='lat' dir='ltr'>sedis</span> <span class='ocrx_word' id='word_1_41' title='bbox 1743 692 1972 762; x_wconf 88' lang='lat' dir='ltr'><strong>pontiﬁ-</strong></span> 
     </span>
    </p>
   </div>
   <div class='ocr_carea' id='block_1_8' title="bbox 273 784 728 854">
    <p class='ocr_par' dir='ltr' id='par_1_8' title="bbox 273 784 728 854">
     <span class='ocr_line' id='line_1_8' title="bbox 273 784 728 854; baseline -0.004 -16"><span class='ocrx_word' id='word_1_42' title='bbox 273 801 396 838; x_wconf 88' lang='lat' dir='ltr'><strong>cem</strong></span> <span class='ocrx_word' id='word_1_43' title='bbox 419 784 728 854; x_wconf 88' lang='lat' dir='ltr'><strong>judicetur.</strong></span> 
     </span>
    </p>
   </div>
   <div class='ocr_carea' id='block_1_9' title="bbox 276 882 1971 952">
    <p class='ocr_par' dir='ltr' id='par_1_9' title="bbox 276 882 1971 952">
     <span class='ocr_line' id='line_1_9' title="bbox 276 882 1971 952; baseline -0.003 -11"><span class='ocrx_word' id='word_1_44' title='bbox 276 888 406 942; x_wconf 77' lang='lat' dir='ltr'><strong>CAP.</strong></span> <span class='ocrx_word' id='word_1_45' title='bbox 457 886 674 941; x_wconf 84' lang='lat' dir='ltr'><strong>CLXXI.</strong></span> <span class='ocrx_word' id='word_1_46' title='bbox 725 915 793 926; x_wconf 93' lang='lat'><strong><em>—</em></strong></span> <span class='ocrx_word' id='word_1_47' title='bbox 838 886 917 939; x_wconf 91' lang='lat' dir='ltr'><strong>De</strong></span> <span class='ocrx_word' id='word_1_48' title='bbox 962 883 1366 938; x_wconf 84' lang='lat' dir='ltr'><strong>accusatoribus</strong></span> <span class='ocrx_word' id='word_1_49' title='bbox 1410 888 1461 937; x_wconf 89' lang='lat' dir='ltr'><strong>et</strong></span> <span class='ocrx_word' id='word_1_50' title='bbox 1506 882 1726 936; x_wconf 73' lang='lat' dir='ltr'><strong>testibus</strong></span> <span class='ocrx_word' id='word_1_51' title='bbox 1768 884 1971 952; x_wconf 87' lang='lat' dir='ltr'><strong>episco-</strong></span> 
     </span>
    </p>
   </div>
   <div class='ocr_carea' id='block_1_10' title="bbox 1011 970 1224 1023">
    <p class='ocr_par' dir='ltr' id='par_1_10' title="bbox 1011 970 1224 1023">
     <span class='ocr_line' id='line_1_10' title="bbox 1011 970 1224 1023; baseline -0.009 -14"><span class='ocrx_word' id='word_1_52' title='bbox 1011 970 1224 1023; x_wconf 86' lang='lat' dir='ltr'><strong>porum.</strong></span> 
     </span>
    </p>
   </div>
   <div class='ocr_carea' id='block_1_11' title="bbox 348 1041 1973 1115">
    <p class='ocr_par' dir='ltr' id='par_1_11' title="bbox 348 1041 1973 1115">
     <span class='ocr_line' id='line_1_11' title="bbox 348 1041 1973 1115; baseline -0.002 -17"><span class='ocrx_word' id='word_1_53' title='bbox 348 1045 458 1115; x_wconf 76' lang='lat' dir='ltr'><strong>(Ea:</strong></span> <span class='ocrx_word' id='word_1_54' title='bbox 485 1045 628 1098; x_wconf 85' lang='lat' dir='ltr'><strong>decr.</strong></span> <span class='ocrx_word' id='word_1_55' title='bbox 673 1044 858 1098; x_wconf 86' lang='lat' dir='ltr'><strong>Calist.</strong></span> <span class='ocrx_word' id='word_1_56' title='bbox 894 1057 1053 1112; x_wconf 71' lang='lat' dir='ltr'><strong>papa</strong></span> <span class='ocrx_word' id='word_1_57' title='bbox 1099 1043 1363 1110; x_wconf 82' lang='lat' dir='ltr'><strong>episcopis</strong></span> <span class='ocrx_word' id='word_1_58' title='bbox 1413 1056 1513 1109; x_wconf 87' lang='lat' dir='ltr'><strong>per</strong></span> <span class='ocrx_word' id='word_1_59' title='bbox 1565 1041 1801 1096; x_wconf 77' lang='lat' dir='ltr'><strong><em>Galliam</em></strong></span> <span class='ocrx_word' id='word_1_60' title='bbox 1849 1056 1973 1096; x_wconf 88' lang='lat' dir='ltr'><strong>con-</strong></span> 
     </span>
    </p>
   </div>
   <div class='ocr_carea' id='block_1_12' title="bbox 305 1128 1976 1201">
    <p class='ocr_par' dir='ltr' id='par_1_12' title="bbox 305 1128 1976 1201">
     <span class='ocr_line' id='line_1_12' title="bbox 305 1128 1976 1201; baseline -0.004 -14"><span class='ocrx_word' id='word_1_61' title='bbox 305 1136 534 1196; x_wconf 89' lang='lat' dir='ltr'><strong>stitutis,</strong></span> <span class='ocrx_word' id='word_1_62' title='bbox 566 1147 685 1201; x_wconf 85' lang='lat' dir='ltr'><strong>cap.</strong></span> <span class='ocrx_word' id='word_1_63' title='bbox 723 1131 826 1200; x_wconf 84' lang='lat' dir='ltr'><strong>l7).</strong></span> <span class='ocrx_word' id='word_1_64' title='bbox 859 1131 1069 1186; x_wconf 87' lang='lat' dir='ltr'><strong>Omnes</strong></span> <span class='ocrx_word' id='word_1_65' title='bbox 1099 1145 1235 1198; x_wconf 90' lang='lat' dir='ltr'><strong>ergo</strong></span> <span class='ocrx_word' id='word_1_66' title='bbox 1258 1129 1356 1200; x_wconf 85' lang='lat' dir='ltr'><strong>qui</strong></span> <span class='ocrx_word' id='word_1_67' title='bbox 1378 1128 1437 1181; x_wconf 93' lang='lat' dir='ltr'><strong>in</strong></span> <span class='ocrx_word' id='word_1_68' title='bbox 1468 1133 1624 1182; x_wconf 88' lang='lat' dir='ltr'><strong>recta</strong></span> <span class='ocrx_word' id='word_1_69' title='bbox 1653 1128 1765 1182; x_wconf 92' lang='lat' dir='ltr'><strong>ﬁde</strong></span> <span class='ocrx_word' id='word_1_70' title='bbox 1784 1143 1976 1197; x_wconf 91' lang='lat' dir='ltr'><strong>suspe-</strong></span> 
     </span>
    </p>
   </div>
   <div class='ocr_carea' id='block_1_13' title="bbox 278 1217 1974 1287">
    <p class='ocr_par' dir='ltr' id='par_1_13' title="bbox 278 1217 1974 1287">
     <span class='ocr_line' id='line_1_13' title="bbox 278 1217 1974 1287; baseline -0.005 -12"><span class='ocrx_word' id='word_1_71' title='bbox 278 1222 352 1275; x_wconf 90' lang='lat' dir='ltr'><strong>cti</strong></span> <span class='ocrx_word' id='word_1_72' title='bbox 383 1227 534 1287; x_wconf 90' lang='lat' dir='ltr'><strong>sunt,</strong></span> <span class='ocrx_word' id='word_1_73' title='bbox 565 1221 627 1273; x_wconf 90' lang='lat' dir='ltr'><strong>in</strong></span> <span class='ocrx_word' id='word_1_74' title='bbox 677 1219 1095 1272; x_wconf 72' lang='lat' dir='ltr'><strong>accusationem</strong></span> <span class='ocrx_word' id='word_1_75' title='bbox 1142 1217 1523 1281; x_wconf 83' lang='lat' dir='ltr'><strong>sacerdotum,</strong></span> <span class='ocrx_word' id='word_1_76' title='bbox 1563 1220 1620 1268; x_wconf 89' lang='lat' dir='ltr'><strong>et</strong></span> <span class='ocrx_word' id='word_1_77' title='bbox 1645 1231 1844 1268; x_wconf 92' lang='lat' dir='ltr'><strong>eorum</strong></span> <span class='ocrx_word' id='word_1_78' title='bbox 1875 1231 1974 1267; x_wconf 90' lang='lat' dir='ltr'><strong>su-</strong></span> 
     </span>
    </p>
   </div>
   <div class='ocr_carea' id='block_1_14' title="bbox 279 1303 1973 1380">
    <p class='ocr_par' dir='ltr' id='par_1_14' title="bbox 279 1303 1973 1380">
     <span class='ocr_line' id='line_1_14' title="bbox 279 1303 1973 1380; baseline -0.004 -18"><span class='ocrx_word' id='word_1_79' title='bbox 279 1325 382 1380; x_wconf 92' lang='lat' dir='ltr'><strong>per</strong></span> <span class='ocrx_word' id='word_1_80' title='bbox 411 1325 656 1380; x_wconf 91' lang='lat' dir='ltr'><strong>quorum</strong></span> <span class='ocrx_word' id='word_1_81' title='bbox 688 1308 799 1362; x_wconf 87' lang='lat' dir='ltr'><strong>tide</strong></span> <span class='ocrx_word' id='word_1_82' title='bbox 831 1323 948 1361; x_wconf 91' lang='lat' dir='ltr'><strong>non</strong></span> <span class='ocrx_word' id='word_1_83' title='bbox 976 1307 1295 1373; x_wconf 84' lang='lat' dir='ltr'><strong>hasitatur,</strong></span> <span class='ocrx_word' id='word_1_84' title='bbox 1331 1305 1572 1357; x_wconf 91' lang='lat' dir='ltr'><strong>minime</strong></span> <span class='ocrx_word' id='word_1_85' title='bbox 1601 1303 1973 1373; x_wconf 83' lang='lat' dir='ltr'><strong>recipiantur,</strong></span> 
     </span>
    </p>
   </div>
   <div class='ocr_carea' id='block_1_15' title="bbox 281 1391 1974 1462">
    <p class='ocr_par' dir='ltr' id='par_1_15' title="bbox 281 1391 1974 1462">
     <span class='ocr_line' id='line_1_15' title="bbox 281 1391 1974 1462; baseline -0.002 -12"><span class='ocrx_word' id='word_1_86' title='bbox 281 1404 336 1452; x_wconf 93' lang='lat' dir='ltr'><strong>et</strong></span> <span class='ocrx_word' id='word_1_87' title='bbox 381 1398 440 1450; x_wconf 93' lang='lat' dir='ltr'><strong>in</strong></span> <span class='ocrx_word' id='word_1_88' title='bbox 487 1396 818 1450; x_wconf 89' lang='lat' dir='ltr'><strong>testimonio</strong></span> <span class='ocrx_word' id='word_1_89' title='bbox 877 1395 1038 1450; x_wconf 89' lang='lat' dir='ltr'><strong>dubii</strong></span> <span class='ocrx_word' id='word_1_90' title='bbox 1101 1394 1440 1448; x_wconf 84' lang='lat' dir='ltr'><strong>habeantur.</strong></span> <span class='ocrx_word' id='word_1_91' title='bbox 1505 1391 1791 1446; x_wconf 90' lang='lat' dir='ltr'><strong>Inﬁrmari</strong></span> <span class='ocrx_word' id='word_1_92' title='bbox 1837 1407 1974 1462; x_wconf 90' lang='lat' dir='ltr'><strong>ergo</strong></span> 
     </span>
    </p>
   </div>
   <div class='ocr_carea' id='block_1_16' title="bbox 281 1479 1972 1555">
    <p class='ocr_par' dir='ltr' id='par_1_16' title="bbox 281 1479 1972 1555">
     <span class='ocr_line' id='line_1_16' title="bbox 281 1479 1972 1555; baseline -0.004 -16"><span class='ocrx_word' id='word_1_93' title='bbox 281 1489 505 1555; x_wconf 90' lang='lat' dir='ltr'><strong>oportet</strong></span> <span class='ocrx_word' id='word_1_94' title='bbox 556 1501 754 1538; x_wconf 88' lang='lat' dir='ltr'><strong>eorum</strong></span> <span class='ocrx_word' id='word_1_95' title='bbox 815 1500 1008 1537; x_wconf 88' lang='lat' dir='ltr'><strong>vocem</strong></span> <span class='ocrx_word' id='word_1_96' title='bbox 1069 1483 1138 1537; x_wconf 87' lang='lat' dir='ltr'><strong>de</strong></span> <span class='ocrx_word' id='word_1_97' title='bbox 1194 1497 1439 1552; x_wconf 68' lang='lat' dir='ltr'><strong>quorum</strong></span> <span class='ocrx_word' id='word_1_98' title='bbox 1500 1480 1611 1534; x_wconf 89' lang='lat' dir='ltr'><strong>ﬁde</strong></span> <span class='ocrx_word' id='word_1_99' title='bbox 1659 1479 1972 1545; x_wconf 85' lang='lat' dir='ltr'><strong>dubitatur,</strong></span> 
     </span>
    </p>
   </div>
   <div class='ocr_carea' id='block_1_17' title="bbox 285 1568 1978 1639">
    <p class='ocr_par' dir='ltr' id='par_1_17' title="bbox 285 1568 1978 1639">
     <span class='ocr_line' id='line_1_17' title="bbox 285 1568 1978 1639; baseline -0.003 -12"><span class='ocrx_word' id='word_1_100' title='bbox 285 1590 388 1628; x_wconf 91' lang='lat' dir='ltr'><strong>nec</strong></span> <span class='ocrx_word' id='word_1_101' title='bbox 425 1573 506 1626; x_wconf 89' lang='lat' dir='ltr'><strong>eis</strong></span> <span class='ocrx_word' id='word_1_102' title='bbox 545 1573 780 1627; x_wconf 92' lang='lat' dir='ltr'><strong>omnino</strong></span> <span class='ocrx_word' id='word_1_103' title='bbox 835 1579 922 1626; x_wconf 91' lang='lat' dir='ltr'><strong>est</strong></span> <span class='ocrx_word' id='word_1_104' title='bbox 978 1571 1323 1625; x_wconf 88' lang='lat' dir='ltr'><strong>credendum</strong></span> <span class='ocrx_word' id='word_1_105' title='bbox 1381 1569 1479 1639; x_wconf 91' lang='lat' dir='ltr'><strong>qui</strong></span> <span class='ocrx_word' id='word_1_106' title='bbox 1536 1573 1748 1622; x_wconf 87' lang='lat' dir='ltr'><strong>rectam</strong></span> <span class='ocrx_word' id='word_1_107' title='bbox 1801 1568 1978 1622; x_wconf 88' lang='lat' dir='ltr'><strong>ﬁdem</strong></span> 
     </span>
    </p>
   </div>
   <div class='ocr_carea' id='block_1_18' title="bbox 283 1657 1977 1733">
    <p class='ocr_par' dir='ltr' id='par_1_18' title="bbox 283 1657 1977 1733">
     <span class='ocr_line' id='line_1_18' title="bbox 283 1657 1977 1733; baseline -0.004 -18"><span class='ocrx_word' id='word_1_108' title='bbox 283 1663 571 1733; x_wconf 80' lang='lat' dir='ltr'><strong>ignorant.</strong></span> <span class='ocrx_word' id='word_1_109' title='bbox 604 1661 989 1725; x_wconf 80' lang='lat' dir='ltr'><strong>Quarendum</strong></span> <span class='ocrx_word' id='word_1_110' title='bbox 1019 1675 1156 1729; x_wconf 85' lang='lat' dir='ltr'><strong>ergo</strong></span> <span class='ocrx_word' id='word_1_111' title='bbox 1210 1665 1295 1712; x_wconf 89' lang='lat' dir='ltr'><strong>est</strong></span> <span class='ocrx_word' id='word_1_112' title='bbox 1327 1658 1384 1711; x_wconf 91' lang='lat' dir='ltr'><strong>in</strong></span> <span class='ocrx_word' id='word_1_113' title='bbox 1428 1657 1646 1726; x_wconf 90' lang='lat' dir='ltr'><strong>judicio</strong></span> <span class='ocrx_word' id='word_1_114' title='bbox 1698 1657 1860 1727; x_wconf 89' lang='lat' dir='ltr'><strong>cujus</strong></span> <span class='ocrx_word' id='word_1_115' title='bbox 1908 1657 1977 1709; x_wconf 90' lang='lat' dir='ltr'><strong>sit</strong></span> 
     </span>
    </p>
   </div>
   <div class='ocr_carea' id='block_1_19' title="bbox 285 1743 1977 1816">
    <p class='ocr_par' dir='ltr' id='par_1_19' title="bbox 285 1743 1977 1816">
     <span class='ocr_line' id='line_1_19' title="bbox 285 1743 1977 1816; baseline -0.004 -14"><span class='ocrx_word' id='word_1_116' title='bbox 285 1749 726 1802; x_wconf 85' lang='lat' dir='ltr'><strong>conversationis</strong></span> <span class='ocrx_word' id='word_1_117' title='bbox 773 1764 835 1801; x_wconf 90' lang='lat' dir='ltr'><strong>ac</strong></span> <span class='ocrx_word' id='word_1_118' title='bbox 862 1747 997 1801; x_wconf 90' lang='lat' dir='ltr'><strong>ﬁdei</strong></span> <span class='ocrx_word' id='word_1_119' title='bbox 1036 1747 1083 1800; x_wconf 91' lang='lat' dir='ltr'><strong>is</strong></span> <span class='ocrx_word' id='word_1_120' title='bbox 1122 1745 1222 1816; x_wconf 90' lang='lat' dir='ltr'><strong>qui</strong></span> <span class='ocrx_word' id='word_1_121' title='bbox 1268 1751 1513 1812; x_wconf 89' lang='lat' dir='ltr'><strong>accusat,</strong></span> <span class='ocrx_word' id='word_1_122' title='bbox 1562 1749 1618 1798; x_wconf 89' lang='lat' dir='ltr'><strong>et</strong></span> <span class='ocrx_word' id='word_1_123' title='bbox 1662 1743 1711 1796; x_wconf 92' lang='lat' dir='ltr'><strong>is</strong></span> <span class='ocrx_word' id='word_1_124' title='bbox 1742 1744 1840 1815; x_wconf 89' lang='lat' dir='ltr'><strong>qui</strong></span> <span class='ocrx_word' id='word_1_125' title='bbox 1881 1759 1977 1796; x_wconf 91' lang='lat' dir='ltr'><strong>ac-</strong></span> 
     </span>
    </p>
   </div>
   <div class='ocr_carea' id='block_1_20' title="bbox 285 1831 1979 1906">
    <p class='ocr_par' dir='ltr' id='par_1_20' title="bbox 285 1831 1979 1906">
     <span class='ocr_line' id='line_1_20' title="bbox 285 1831 1979 1906; baseline -0.003 -17"><span class='ocrx_word' id='word_1_126' title='bbox 285 1840 534 1901; x_wconf 89' lang='lat' dir='ltr'><strong>cusatur,</strong></span> <span class='ocrx_word' id='word_1_127' title='bbox 578 1831 851 1906; x_wconf 85' lang='lat' dir='ltr'><strong>quoniam</strong></span> <span class='ocrx_word' id='word_1_128' title='bbox 883 1834 942 1888; x_wconf 91' lang='lat' dir='ltr'><strong>hi</strong></span> <span class='ocrx_word' id='word_1_129' title='bbox 993 1834 1093 1904; x_wconf 85' lang='lat' dir='ltr'><strong>qui</strong></span> <span class='ocrx_word' id='word_1_130' title='bbox 1137 1848 1254 1886; x_wconf 91' lang='lat' dir='ltr'><strong>non</strong></span> <span class='ocrx_word' id='word_1_131' title='bbox 1295 1838 1429 1886; x_wconf 92' lang='lat' dir='ltr'><strong>sunt</strong></span> <span class='ocrx_word' id='word_1_132' title='bbox 1478 1837 1646 1885; x_wconf 87' lang='lat' dir='ltr'><strong>recta</strong></span> <span class='ocrx_word' id='word_1_133' title='bbox 1689 1847 1979 1884; x_wconf 87' lang='lat' dir='ltr'><strong>conversa-</strong></span> 
     </span>
    </p>
   </div>
   <div class='ocr_carea' id='block_1_21' title="bbox 287 1920 1980 1993">
    <p class='ocr_par' dir='ltr' id='par_1_21' title="bbox 287 1920 1980 1993">
     <span class='ocr_line' id='line_1_21' title="bbox 287 1920 1980 1993; baseline -0.003 -16"><span class='ocrx_word' id='word_1_134' title='bbox 287 1923 458 1977; x_wconf 86' lang='lat' dir='ltr'><strong>tionis</strong></span> <span class='ocrx_word' id='word_1_135' title='bbox 491 1939 555 1977; x_wconf 91' lang='lat' dir='ltr'><strong>ac</strong></span> <span class='ocrx_word' id='word_1_136' title='bbox 583 1923 737 1989; x_wconf 85' lang='lat' dir='ltr'><strong>ﬁdei,</strong></span> <span class='ocrx_word' id='word_1_137' title='bbox 771 1927 826 1977; x_wconf 88' lang='lat' dir='ltr'><strong>et</strong></span> <span class='ocrx_word' id='word_1_138' title='bbox 865 1938 1112 1993; x_wconf 90' lang='lat' dir='ltr'><strong>quorum</strong></span> <span class='ocrx_word' id='word_1_139' title='bbox 1162 1921 1277 1974; x_wconf 87' lang='lat' dir='ltr'><strong>vita</strong></span> <span class='ocrx_word' id='word_1_140' title='bbox 1316 1927 1400 1974; x_wconf 84' lang='lat' dir='ltr'><strong>est</strong></span> <span class='ocrx_word' id='word_1_141' title='bbox 1455 1920 1810 1984; x_wconf 90' lang='lat' dir='ltr'><strong>accusabilis,</strong></span> <span class='ocrx_word' id='word_1_142' title='bbox 1863 1936 1980 1973; x_wconf 90' lang='lat' dir='ltr'><strong>non</strong></span> 
     </span>
    </p>
   </div>
   <div class='ocr_carea' id='block_1_22' title="bbox 288 2006 1978 2082">
    <p class='ocr_par' dir='ltr' id='par_1_22' title="bbox 288 2006 1978 2082">
     <span class='ocr_line' id='line_1_22' title="bbox 288 2006 1978 2082; baseline -0.004 -18"><span class='ocrx_word' id='word_1_143' title='bbox 288 2010 653 2082; x_wconf 89' lang='lat' dir='ltr'><strong>permittendi</strong></span> <span class='ocrx_word' id='word_1_144' title='bbox 711 2013 844 2064; x_wconf 90' lang='lat' dir='ltr'><strong>sunt</strong></span> <span class='ocrx_word' id='word_1_145' title='bbox 893 2026 988 2063; x_wconf 78' lang='lat' dir='ltr'><strong>eos</strong></span> <span class='ocrx_word' id='word_1_146' title='bbox 1028 2023 1330 2062; x_wconf 84' lang='lat' dir='ltr'><strong>accusare:</strong></span> <span class='ocrx_word' id='word_1_147' title='bbox 1394 2011 1450 2060; x_wconf 89' lang='lat' dir='ltr'><strong>et</strong></span> <span class='ocrx_word' id='word_1_148' title='bbox 1507 2021 1755 2077; x_wconf 92' lang='lat' dir='ltr'><strong>quorum</strong></span> <span class='ocrx_word' id='word_1_149' title='bbox 1817 2006 1978 2072; x_wconf 87' lang='lat' dir='ltr'><strong>ﬁdes,</strong></span> 
     </span>
    </p>
   </div>
   <div class='ocr_carea' id='block_1_23' title="bbox 287 2094 1982 2166">
    <p class='ocr_par' dir='ltr' id='par_1_23' title="bbox 287 2094 1982 2166">
     <span class='ocr_line' id='line_1_23' title="bbox 287 2094 1982 2166; baseline -0.003 -14"><span class='ocrx_word' id='word_1_150' title='bbox 287 2099 420 2166; x_wconf 91' lang='lat' dir='ltr'><strong>vita,</strong></span> <span class='ocrx_word' id='word_1_151' title='bbox 454 2104 511 2152; x_wconf 89' lang='lat' dir='ltr'><strong>et</strong></span> <span class='ocrx_word' id='word_1_152' title='bbox 538 2098 773 2152; x_wconf 90' lang='lat' dir='ltr'><strong>libertas</strong></span> <span class='ocrx_word' id='word_1_153' title='bbox 801 2097 1074 2163; x_wconf 87' lang='lat' dir='ltr'><strong>nescitur,</strong></span> <span class='ocrx_word' id='word_1_154' title='bbox 1119 2100 1177 2149; x_wconf 89' lang='lat' dir='ltr'><strong>et</strong></span> <span class='ocrx_word' id='word_1_155' title='bbox 1217 2095 1356 2148; x_wconf 88' lang='lat' dir='ltr'><strong>viles</strong></span> <span class='ocrx_word' id='word_1_156' title='bbox 1383 2109 1647 2162; x_wconf 89' lang='lat' dir='ltr'><strong>persona</strong></span> <span class='ocrx_word' id='word_1_157' title='bbox 1691 2094 1752 2147; x_wconf 91' lang='lat' dir='ltr'><strong>in</strong></span> <span class='ocrx_word' id='word_1_158' title='bbox 1781 2109 1982 2147; x_wconf 90' lang='lat' dir='ltr'><strong>eorum</strong></span> 
     </span>
    </p>
   </div>
   <div class='ocr_carea' id='block_1_24' title="bbox 287 2182 1983 2256">
    <p class='ocr_par' dir='ltr' id='par_1_24' title="bbox 287 2182 1983 2256">
     <span class='ocr_line' id='line_1_24' title="bbox 287 2182 1983 2256; baseline -0.004 -15"><span class='ocrx_word' id='word_1_159' title='bbox 287 2203 403 2241; x_wconf 92' lang='lat' dir='ltr'><strong>non</strong></span> <span class='ocrx_word' id='word_1_160' title='bbox 451 2186 803 2256; x_wconf 86' lang='lat' dir='ltr'><strong>recipiantur</strong></span> <span class='ocrx_word' id='word_1_161' title='bbox 850 2184 1284 2238; x_wconf 87' lang='lat' dir='ltr'><strong>accusationem.</strong></span> <span class='ocrx_word' id='word_1_162' title='bbox 1323 2182 1620 2237; x_wconf 82' lang='lat' dir='ltr'><strong>Rimanda</strong></span> <span class='ocrx_word' id='word_1_163' title='bbox 1667 2197 1802 2235; x_wconf 91' lang='lat' dir='ltr'><strong>vero</strong></span> <span class='ocrx_word' id='word_1_164' title='bbox 1847 2187 1983 2235; x_wconf 89' lang='lat' dir='ltr'><strong>sunt</strong></span> 
     </span>
    </p>
   </div>
   <div class='ocr_carea' id='block_1_25' title="bbox 291 2271 1986 2342">
    <p class='ocr_par' dir='ltr' id='par_1_25' title="bbox 291 2271 1986 2342">
     <span class='ocr_line' id='line_1_25' title="bbox 291 2271 1986 2342; baseline -0.003 -13"><span class='ocrx_word' id='word_1_165' title='bbox 291 2279 684 2329; x_wconf 90' lang='lat' dir='ltr'><strong>accusatorum</strong></span> <span class='ocrx_word' id='word_1_166' title='bbox 717 2274 1060 2328; x_wconf 90' lang='lat' dir='ltr'><strong>enucleatim</strong></span> <span class='ocrx_word' id='word_1_167' title='bbox 1108 2287 1394 2342; x_wconf 90' lang='lat' dir='ltr'><strong>persona,</strong></span> <span class='ocrx_word' id='word_1_168' title='bbox 1429 2287 1558 2341; x_wconf 86' lang='lat' dir='ltr'><strong>qua</strong></span> <span class='ocrx_word' id='word_1_169' title='bbox 1608 2271 1730 2324; x_wconf 88' lang='lat' dir='ltr'><strong>sine</strong></span> <span class='ocrx_word' id='word_1_170' title='bbox 1775 2271 1986 2341; x_wconf 88' lang='lat' dir='ltr'><strong>scripto</strong></span> 
     </span>
    </p>
   </div>
   <div class='ocr_carea' id='block_1_26' title="bbox 289 2359 1983 2432">
    <p class='ocr_par' dir='ltr' id='par_1_26' title="bbox 289 2359 1983 2432">
     <span class='ocr_line' id='line_1_26' title="bbox 289 2359 1983 2432; baseline -0.003 -15"><span class='ocrx_word' id='word_1_171' title='bbox 289 2363 541 2428; x_wconf 86' lang='lat' dir='ltr'><strong>difﬁcile,</strong></span> <span class='ocrx_word' id='word_1_172' title='bbox 573 2379 678 2432; x_wconf 91' lang='lat' dir='ltr'><strong>per</strong></span> <span class='ocrx_word' id='word_1_173' title='bbox 707 2362 986 2430; x_wconf 87' lang='lat' dir='ltr'><strong>scriptum</strong></span> <span class='ocrx_word' id='word_1_174' title='bbox 1030 2365 1225 2414; x_wconf 90' lang='lat' dir='ltr'><strong>autem</strong></span> <span class='ocrx_word' id='word_1_175' title='bbox 1257 2374 1556 2429; x_wconf 86' lang='lat' dir='ltr'><strong>nunquam</strong></span> <span class='ocrx_word' id='word_1_176' title='bbox 1589 2359 1983 2428; x_wconf 87' lang='lat' dir='ltr'><strong>recipiantur:</strong></span> 
     </span>
    </p>
   </div>
   <div class='ocr_carea' id='block_1_27' title="bbox 291 2447 1988 2520">
    <p class='ocr_par' dir='ltr' id='par_1_27' title="bbox 291 2447 1988 2520">
     <span class='ocr_line' id='line_1_27' title="bbox 291 2447 1988 2520; baseline -0.003 -17"><span class='ocrx_word' id='word_1_177' title='bbox 291 2449 428 2520; x_wconf 88' lang='lat' dir='ltr'><strong>quia</strong></span> <span class='ocrx_word' id='word_1_178' title='bbox 465 2465 569 2519; x_wconf 90' lang='lat' dir='ltr'><strong>per</strong></span> <span class='ocrx_word' id='word_1_179' title='bbox 601 2448 946 2519; x_wconf 90' lang='lat' dir='ltr'><strong>scripturam</strong></span> <span class='ocrx_word' id='word_1_180' title='bbox 977 2449 1170 2502; x_wconf 86' lang='lat' dir='ltr'><strong>nullus</strong></span> <span class='ocrx_word' id='word_1_181' title='bbox 1201 2448 1453 2502; x_wconf 90' lang='lat' dir='ltr'><strong>accusari</strong></span> <span class='ocrx_word' id='word_1_182' title='bbox 1476 2452 1665 2517; x_wconf 90' lang='lat' dir='ltr'><strong>potest</strong></span> <span class='ocrx_word' id='word_1_183' title='bbox 1689 2463 1703 2500; x_wconf 89' lang='lat'><strong>:</strong></span> <span class='ocrx_word' id='word_1_184' title='bbox 1730 2447 1828 2500; x_wconf 89' lang='lat' dir='ltr'><strong>sed</strong></span> <span class='ocrx_word' id='word_1_185' title='bbox 1860 2462 1988 2516; x_wconf 89' lang='lat' dir='ltr'><strong>pro-</strong></span> 
     </span>
    </p>
   </div>
   <div class='ocr_carea' id='block_1_28' title="bbox 289 2533 1985 2608">
    <p class='ocr_par' dir='ltr' id='par_1_28' title="bbox 289 2533 1985 2608">
     <span class='ocr_line' id='line_1_28' title="bbox 289 2533 1985 2608; baseline -0.004 -17"><span class='ocrx_word' id='word_1_186' title='bbox 289 2537 418 2608; x_wconf 89' lang='lat' dir='ltr'><strong>pria</strong></span> <span class='ocrx_word' id='word_1_187' title='bbox 449 2553 601 2603; x_wconf 88' lang='lat' dir='ltr'><strong>voce,</strong></span> <span class='ocrx_word' id='word_1_188' title='bbox 639 2542 694 2591; x_wconf 91' lang='lat' dir='ltr'><strong>et</strong></span> <span class='ocrx_word' id='word_1_189' title='bbox 740 2542 1024 2608; x_wconf 81' lang='lat' dir='ltr'><strong>prasente</strong></span> <span class='ocrx_word' id='word_1_190' title='bbox 1072 2553 1138 2590; x_wconf 88' lang='lat' dir='ltr'><strong>eo</strong></span> <span class='ocrx_word' id='word_1_191' title='bbox 1196 2551 1367 2606; x_wconf 87' lang='lat' dir='ltr'><strong>quem</strong></span> <span class='ocrx_word' id='word_1_192' title='bbox 1412 2551 1674 2588; x_wconf 83' lang='lat' dir='ltr'><strong>accusare</strong></span> <span class='ocrx_word' id='word_1_193' title='bbox 1717 2533 1985 2597; x_wconf 83' lang='lat' dir='ltr'><strong>voluerit,</strong></span> 
     </span>
    </p>
   </div>
   <div class='ocr_carea' id='block_1_29' title="bbox 293 2623 1988 2696">
    <p class='ocr_par' dir='ltr' id='par_1_29' title="bbox 293 2623 1988 2696">
     <span class='ocr_line' id='line_1_29' title="bbox 293 2623 1988 2696; baseline -0.004 -16"><span class='ocrx_word' id='word_1_194' title='bbox 293 2642 455 2680; x_wconf 90' lang='lat' dir='ltr'><strong>suam</strong></span> <span class='ocrx_word' id='word_1_195' title='bbox 505 2625 748 2696; x_wconf 89' lang='lat' dir='ltr'><strong>quisque</strong></span> <span class='ocrx_word' id='word_1_196' title='bbox 797 2631 930 2695; x_wconf 90' lang='lat' dir='ltr'><strong>agat</strong></span> <span class='ocrx_word' id='word_1_197' title='bbox 988 2625 1426 2690; x_wconf 89' lang='lat' dir='ltr'><strong>accusationem,</strong></span> <span class='ocrx_word' id='word_1_198' title='bbox 1472 2639 1595 2686; x_wconf 90' lang='lat' dir='ltr'><strong>nec,</strong></span> <span class='ocrx_word' id='word_1_199' title='bbox 1643 2623 1874 2676; x_wconf 86' lang='lat' dir='ltr'><strong>absente</strong></span> <span class='ocrx_word' id='word_1_200' title='bbox 1921 2637 1988 2674; x_wconf 91' lang='lat' dir='ltr'><strong>eo</strong></span> 
     </span>
    </p>
   </div>
   <div class='ocr_carea' id='block_1_30' title="bbox 293 2710 1987 2785">
    <p class='ocr_par' dir='ltr' id='par_1_30' title="bbox 293 2710 1987 2785">
     <span class='ocr_line' id='line_1_30' title="bbox 293 2710 1987 2785; baseline -0.004 -17"><span class='ocrx_word' id='word_1_201' title='bbox 293 2731 466 2785; x_wconf 87' lang='lat' dir='ltr'><strong>quem</strong></span> <span class='ocrx_word' id='word_1_202' title='bbox 501 2730 763 2768; x_wconf 88' lang='lat' dir='ltr'><strong>accusare</strong></span> <span class='ocrx_word' id='word_1_203' title='bbox 803 2715 1062 2781; x_wconf 89' lang='lat' dir='ltr'><strong>voluerit,</strong></span> <span class='ocrx_word' id='word_1_204' title='bbox 1111 2713 1416 2784; x_wconf 91' lang='lat' dir='ltr'><strong>quisquam</strong></span> <span class='ocrx_word' id='word_1_205' title='bbox 1459 2716 1752 2765; x_wconf 88' lang='lat' dir='ltr'><strong>accusator</strong></span> <span class='ocrx_word' id='word_1_206' title='bbox 1791 2710 1987 2764; x_wconf 89' lang='lat' dir='ltr'><strong>creda-</strong></span> 
     </span>
    </p>
   </div>
   <div class='ocr_carea' id='block_1_31' title="bbox 293 2799 1988 2873">
    <p class='ocr_par' dir='ltr' id='par_1_31' title="bbox 293 2799 1988 2873">
     <span class='ocr_line' id='line_1_31' title="bbox 293 2799 1988 2873; baseline -0.004 -17"><span class='ocrx_word' id='word_1_207' title='bbox 293 2809 406 2856; x_wconf 90' lang='lat' dir='ltr'><strong>tur.</strong></span> <span class='ocrx_word' id='word_1_208' title='bbox 463 2802 736 2857; x_wconf 90' lang='lat' dir='ltr'><strong>Similiter</strong></span> <span class='ocrx_word' id='word_1_209' title='bbox 785 2807 958 2855; x_wconf 88' lang='lat' dir='ltr'><strong>testes</strong></span> <span class='ocrx_word' id='word_1_210' title='bbox 1011 2818 1114 2873; x_wconf 90' lang='lat' dir='ltr'><strong>per</strong></span> <span class='ocrx_word' id='word_1_211' title='bbox 1167 2815 1590 2872; x_wconf 89' lang='lat' dir='ltr'><strong>quamcumque</strong></span> <span class='ocrx_word' id='word_1_212' title='bbox 1645 2799 1988 2868; x_wconf 90' lang='lat' dir='ltr'><strong>scripturam</strong></span> 
     </span>
    </p>
   </div>
   <div class='ocr_carea' id='block_1_32' title="bbox 295 2886 1992 2955">
    <p class='ocr_par' dir='ltr' id='par_1_32' title="bbox 295 2886 1992 2955">
     <span class='ocr_line' id='line_1_32' title="bbox 295 2886 1992 2955; baseline -0.004 -11"><span class='ocrx_word' id='word_1_213' title='bbox 295 2891 689 2945; x_wconf 88' lang='lat' dir='ltr'><strong>testimonium</strong></span> <span class='ocrx_word' id='word_1_214' title='bbox 722 2905 838 2943; x_wconf 90' lang='lat' dir='ltr'><strong>non</strong></span> <span class='ocrx_word' id='word_1_215' title='bbox 887 2890 1097 2955; x_wconf 88' lang='lat' dir='ltr'><strong>dicant,</strong></span> <span class='ocrx_word' id='word_1_216' title='bbox 1130 2905 1233 2943; x_wconf 90' lang='lat' dir='ltr'><strong>nec</strong></span> <span class='ocrx_word' id='word_1_217' title='bbox 1281 2889 1351 2942; x_wconf 91' lang='lat' dir='ltr'><strong>de</strong></span> <span class='ocrx_word' id='word_1_218' title='bbox 1400 2888 1526 2941; x_wconf 92' lang='lat' dir='ltr'><strong>aliis</strong></span> <span class='ocrx_word' id='word_1_219' title='bbox 1564 2887 1748 2940; x_wconf 88' lang='lat' dir='ltr'><strong>causis</strong></span> <span class='ocrx_word' id='word_1_220' title='bbox 1777 2886 1864 2939; x_wconf 88' lang='lat' dir='ltr'><strong>vel</strong></span> <span class='ocrx_word' id='word_1_221' title='bbox 1895 2901 1992 2939; x_wconf 88' lang='lat' dir='ltr'><strong>ne-</strong></span> 
     </span>
    </p>
   </div>
   <div class='ocr_carea' id='block_1_33' title="bbox 2081 516 3786 586">
    <p class='ocr_par' dir='ltr' id='par_1_33' title="bbox 2081 516 3786 586">
     <span class='ocr_line' id='line_1_33' title="bbox 2081 516 3786 586; baseline 0 -16"><span class='ocrx_word' id='word_1_222' title='bbox 2081 535 2191 582; x_wconf 88' lang='lat' dir='ltr'><strong>sos,</strong></span> <span class='ocrx_word' id='word_1_223' title='bbox 2222 516 2557 581; x_wconf 88' lang='lat' dir='ltr'><strong>homicidas,</strong></span> <span class='ocrx_word' id='word_1_224' title='bbox 2590 516 2871 586; x_wconf 82' lang='lat' dir='ltr'><strong>perjuros,</strong></span> <span class='ocrx_word' id='word_1_225' title='bbox 2924 521 3200 585; x_wconf 88' lang='lat' dir='ltr'><strong>raptores,</strong></span> <span class='ocrx_word' id='word_1_226' title='bbox 3252 517 3558 582; x_wconf 85' lang='lat' dir='ltr'><strong>maleficos,</strong></span> <span class='ocrx_word' id='word_1_227' title='bbox 3613 533 3786 570; x_wconf 90' lang='lat' dir='ltr'><strong>vene-</strong></span> 
     </span>
    </p>
   </div>
   <div class='ocr_carea' id='block_1_34' title="bbox 2081 604 3787 675">
    <p class='ocr_par' dir='ltr' id='par_1_34' title="bbox 2081 604 3787 675">
     <span class='ocr_line' id='line_1_34' title="bbox 2081 604 3787 675; baseline -0.001 -15"><span class='ocrx_word' id='word_1_228' title='bbox 2081 606 2241 673; x_wconf 87' lang='lat' dir='ltr'><strong>ﬁcos,</strong></span> <span class='ocrx_word' id='word_1_229' title='bbox 2266 605 2575 666; x_wconf 88' lang='lat' dir='ltr'><strong>adulteros,</strong></span> <span class='ocrx_word' id='word_1_230' title='bbox 2605 605 2674 658; x_wconf 90' lang='lat' dir='ltr'><strong>de</strong></span> <span class='ocrx_word' id='word_1_231' title='bbox 2695 604 2862 658; x_wconf 87' lang='lat' dir='ltr'><strong>bellis</strong></span> <span class='ocrx_word' id='word_1_232' title='bbox 2883 605 3187 673; x_wconf 83' lang='lat' dir='ltr'><strong>fugientes,</strong></span> <span class='ocrx_word' id='word_1_233' title='bbox 3212 610 3267 658; x_wconf 92' lang='lat' dir='ltr'><strong>et</strong></span> <span class='ocrx_word' id='word_1_234' title='bbox 3293 606 3393 675; x_wconf 88' lang='lat' dir='ltr'><strong>qui</strong></span> <span class='ocrx_word' id='word_1_235' title='bbox 3412 605 3652 675; x_wconf 91' lang='lat' dir='ltr'><strong>indigna</strong></span> <span class='ocrx_word' id='word_1_236' title='bbox 3676 605 3787 658; x_wconf 90' lang='lat' dir='ltr'><strong>sibi</strong></span> 
     </span>
    </p>
   </div>
   <div class='ocr_carea' id='block_1_35' title="bbox 2082 693 3789 765">
    <p class='ocr_par' dir='ltr' id='par_1_35' title="bbox 2082 693 3789 765">
     <span class='ocr_line' id='line_1_35' title="bbox 2082 693 3789 765; baseline -0.001 -17"><span class='ocrx_word' id='word_1_237' title='bbox 2082 700 2285 765; x_wconf 88' lang='lat' dir='ltr'><strong>petunt</strong></span> <span class='ocrx_word' id='word_1_238' title='bbox 2318 695 2440 747; x_wconf 87' lang='lat' dir='ltr'><strong>loca</strong></span> <span class='ocrx_word' id='word_1_239' title='bbox 2467 699 2682 760; x_wconf 89' lang='lat' dir='ltr'><strong>tenere,</strong></span> <span class='ocrx_word' id='word_1_240' title='bbox 2719 698 2816 746; x_wconf 90' lang='lat' dir='ltr'><strong>aut</strong></span> <span class='ocrx_word' id='word_1_241' title='bbox 2836 693 3128 746; x_wconf 86' lang='lat' dir='ltr'><strong>facultates</strong></span> <span class='ocrx_word' id='word_1_242' title='bbox 3161 695 3418 747; x_wconf 83' lang='lat' dir='ltr'><strong>Ecclesia</strong></span> <span class='ocrx_word' id='word_1_243' title='bbox 3441 695 3789 748; x_wconf 89' lang='lat' dir='ltr'><strong>abstrahunt</strong></span> 
     </span>
    </p>
   </div>
   <div class='ocr_carea' id='block_1_36' title="bbox 2082 781 3784 852">
    <p class='ocr_par' dir='ltr' id='par_1_36' title="bbox 2082 781 3784 852">
     <span class='ocr_line' id='line_1_36' title="bbox 2082 781 3784 852; baseline 0.001 -17"><span class='ocrx_word' id='word_1_244' title='bbox 2082 783 2312 852; x_wconf 85' lang='lat' dir='ltr'><strong>injuste,</strong></span> <span class='ocrx_word' id='word_1_245' title='bbox 2369 787 2425 835; x_wconf 91' lang='lat' dir='ltr'><strong>et</strong></span> <span class='ocrx_word' id='word_1_246' title='bbox 2478 781 2576 851; x_wconf 88' lang='lat' dir='ltr'><strong>qui</strong></span> <span class='ocrx_word' id='word_1_247' title='bbox 2619 781 2821 835; x_wconf 82' lang='lat' dir='ltr'><strong>fratres</strong></span> <span class='ocrx_word' id='word_1_248' title='bbox 2867 781 3296 835; x_wconf 88' lang='lat' dir='ltr'><strong>calumniantur</strong></span> <span class='ocrx_word' id='word_1_249' title='bbox 3353 788 3449 836; x_wconf 91' lang='lat' dir='ltr'><strong>aut</strong></span> <span class='ocrx_word' id='word_1_250' title='bbox 3486 784 3784 845; x_wconf 79' lang='lat' dir='ltr'><strong>accusant,</strong></span> 
     </span>
    </p>
   </div>
   <div class='ocr_carea' id='block_1_37' title="bbox 2083 870 3787 941">
    <p class='ocr_par' dir='ltr' id='par_1_37' title="bbox 2083 870 3787 941">
     <span class='ocr_line' id='line_1_37' title="bbox 2083 870 3787 941; baseline 0 -17"><span class='ocrx_word' id='word_1_251' title='bbox 2083 877 2138 924; x_wconf 91' lang='lat' dir='ltr'><strong>et</strong></span> <span class='ocrx_word' id='word_1_252' title='bbox 2160 887 2274 924; x_wconf 92' lang='lat' dir='ltr'><strong>non</strong></span> <span class='ocrx_word' id='word_1_253' title='bbox 2306 870 2549 941; x_wconf 83' lang='lat' dir='ltr'><strong>probant</strong></span> <span class='ocrx_word' id='word_1_254' title='bbox 2577 888 2586 923; x_wconf 93' lang='lat'><strong>:</strong></span> <span class='ocrx_word' id='word_1_255' title='bbox 2621 870 2702 920; x_wconf 76' lang='lat' dir='ltr'><strong>vel</strong></span> <span class='ocrx_word' id='word_1_256' title='bbox 2739 870 2836 938; x_wconf 82' lang='lat' dir='ltr'><strong>qui</strong></span> <span class='ocrx_word' id='word_1_257' title='bbox 2855 876 3054 923; x_wconf 88' lang='lat' dir='ltr'><strong>contra</strong></span> <span class='ocrx_word' id='word_1_258' title='bbox 3073 870 3407 925; x_wconf 89' lang='lat' dir='ltr'><strong>innocentes</strong></span> <span class='ocrx_word' id='word_1_259' title='bbox 3428 870 3787 940; x_wconf 90' lang='lat' dir='ltr'><strong>principium</strong></span> 
     </span>
    </p>
   </div>
   <div class='ocr_carea' id='block_1_38' title="bbox 2084 959 3789 1028">
    <p class='ocr_par' dir='ltr' id='par_1_38' title="bbox 2084 959 3789 1028">
     <span class='ocr_line' id='line_1_38' title="bbox 2084 959 3789 1028; baseline -0.001 -15"><span class='ocrx_word' id='word_1_260' title='bbox 2084 959 2308 1014; x_wconf 91' lang='lat' dir='ltr'><strong>animos</strong></span> <span class='ocrx_word' id='word_1_261' title='bbox 2338 959 2408 1011; x_wconf 90' lang='lat' dir='ltr'><strong>ad</strong></span> <span class='ocrx_word' id='word_1_262' title='bbox 2450 959 2803 1012; x_wconf 76' lang='lat' dir='ltr'><strong>iracundiam</strong></span> <span class='ocrx_word' id='word_1_263' title='bbox 2840 964 3168 1028; x_wconf 86' lang='lat' dir='ltr'><strong>provocant,</strong></span> <span class='ocrx_word' id='word_1_264' title='bbox 3201 965 3260 1014; x_wconf 88' lang='lat' dir='ltr'><strong>et</strong></span> <span class='ocrx_word' id='word_1_265' title='bbox 3299 976 3499 1013; x_wconf 89' lang='lat' dir='ltr'><strong>omnes</strong></span> <span class='ocrx_word' id='word_1_266' title='bbox 3543 960 3789 1012; x_wconf 88' lang='lat' dir='ltr'><strong>anathe-</strong></span> 
     </span>
    </p>
   </div>
   <div class='ocr_carea' id='block_1_39' title="bbox 2085 1047 3790 1116">
    <p class='ocr_par' dir='ltr' id='par_1_39' title="bbox 2085 1047 3790 1116">
     <span class='ocr_line' id='line_1_39' title="bbox 2085 1047 3790 1116; baseline -0.001 -15"><span class='ocrx_word' id='word_1_267' title='bbox 2085 1047 2402 1114; x_wconf 88' lang='lat' dir='ltr'><strong>matizatos,</strong></span> <span class='ocrx_word' id='word_1_268' title='bbox 2460 1047 2546 1100; x_wconf 85' lang='lat' dir='ltr'><strong>vel</strong></span> <span class='ocrx_word' id='word_1_269' title='bbox 2600 1062 2706 1116; x_wconf 91' lang='lat' dir='ltr'><strong>pro</strong></span> <span class='ocrx_word' id='word_1_270' title='bbox 2756 1047 2871 1100; x_wconf 92' lang='lat' dir='ltr'><strong>suis</strong></span> <span class='ocrx_word' id='word_1_271' title='bbox 2901 1047 3209 1101; x_wconf 89' lang='lat' dir='ltr'><strong>sceleribus</strong></span> <span class='ocrx_word' id='word_1_272' title='bbox 3265 1049 3336 1101; x_wconf 90' lang='lat' dir='ltr'><strong>ab</strong></span> <span class='ocrx_word' id='word_1_273' title='bbox 3391 1048 3637 1101; x_wconf 84' lang='lat' dir='ltr'><strong>Ecclesia</strong></span> <span class='ocrx_word' id='word_1_274' title='bbox 3698 1063 3790 1100; x_wconf 82' lang='lat' dir='ltr'><strong>ex-</strong></span> 
     </span>
    </p>
   </div>
   <div class='ocr_carea' id='block_1_40' title="bbox 2085 1134 3789 1205">
    <p class='ocr_par' dir='ltr' id='par_1_40' title="bbox 2085 1134 3789 1205">
     <span class='ocr_line' id='line_1_40' title="bbox 2085 1134 3789 1205; baseline -0.001 -17"><span class='ocrx_word' id='word_1_275' title='bbox 2085 1135 2298 1205; x_wconf 91' lang='lat' dir='ltr'><strong>pulsos,</strong></span> <span class='ocrx_word' id='word_1_276' title='bbox 2327 1141 2384 1188; x_wconf 90' lang='lat' dir='ltr'><strong>et</strong></span> <span class='ocrx_word' id='word_1_277' title='bbox 2409 1151 2606 1188; x_wconf 91' lang='lat' dir='ltr'><strong>omnes</strong></span> <span class='ocrx_word' id='word_1_278' title='bbox 2653 1151 2796 1205; x_wconf 91' lang='lat' dir='ltr'><strong>quos</strong></span> <span class='ocrx_word' id='word_1_279' title='bbox 2849 1135 3244 1189; x_wconf 83' lang='lat' dir='ltr'><strong>ecclesiastica</strong></span> <span class='ocrx_word' id='word_1_280' title='bbox 3275 1136 3363 1190; x_wconf 89' lang='lat' dir='ltr'><strong>vel</strong></span> <span class='ocrx_word' id='word_1_281' title='bbox 3404 1134 3599 1189; x_wconf 78' lang='lat' dir='ltr'><strong>saeculi</strong></span> <span class='ocrx_word' id='word_1_282' title='bbox 3628 1135 3789 1204; x_wconf 83' lang='lat' dir='ltr'><strong>leges</strong></span> 
     </span>
    </p>
   </div>
   <div class='ocr_carea' id='block_1_41' title="bbox 2084 1223 3783 1294">
    <p class='ocr_par' dir='ltr' id='par_1_41' title="bbox 2084 1223 3783 1294">
     <span class='ocr_line' id='line_1_41' title="bbox 2084 1223 3783 1294; baseline -0.001 -16"><span class='ocrx_word' id='word_1_283' title='bbox 2084 1224 2326 1278; x_wconf 85' lang='lat' dir='ltr'><strong>infames</strong></span> <span class='ocrx_word' id='word_1_284' title='bbox 2378 1223 2792 1294; x_wconf 87' lang='lat' dir='ltr'><strong>pronuntiant:</strong></span> <span class='ocrx_word' id='word_1_285' title='bbox 2853 1239 2955 1276; x_wconf 91' lang='lat' dir='ltr'><strong>nec</strong></span> <span class='ocrx_word' id='word_1_286' title='bbox 3015 1240 3207 1277; x_wconf 91' lang='lat' dir='ltr'><strong>servos</strong></span> <span class='ocrx_word' id='word_1_287' title='bbox 3267 1230 3396 1278; x_wconf 90' lang='lat' dir='ltr'><strong>ante</strong></span> <span class='ocrx_word' id='word_1_288' title='bbox 3461 1223 3783 1294; x_wconf 80' lang='lat' dir='ltr'><strong>legitimam</strong></span> 
     </span>
    </p>
   </div>
   <div class='ocr_carea' id='block_1_42' title="bbox 2084 1311 3787 1382">
    <p class='ocr_par' dir='ltr' id='par_1_42' title="bbox 2084 1311 3787 1382">
     <span class='ocr_line' id='line_1_42' title="bbox 2084 1311 3787 1382; baseline -0.001 -17"><span class='ocrx_word' id='word_1_289' title='bbox 2084 1312 2429 1377; x_wconf 90' lang='lat' dir='ltr'><strong>libertatem,</strong></span> <span class='ocrx_word' id='word_1_290' title='bbox 2491 1328 2594 1365; x_wconf 92' lang='lat' dir='ltr'><strong>nec</strong></span> <span class='ocrx_word' id='word_1_291' title='bbox 2630 1311 2993 1382; x_wconf 67' lang='lat' dir='ltr'><strong>panitentes,</strong></span> <span class='ocrx_word' id='word_1_292' title='bbox 3043 1329 3148 1365; x_wconf 90' lang='lat' dir='ltr'><strong>nec</strong></span> <span class='ocrx_word' id='word_1_293' title='bbox 3197 1312 3476 1382; x_wconf 88' lang='lat' dir='ltr'><strong>digamos,</strong></span> <span class='ocrx_word' id='word_1_294' title='bbox 3531 1329 3636 1366; x_wconf 90' lang='lat' dir='ltr'><strong>nec</strong></span> <span class='ocrx_word' id='word_1_295' title='bbox 3685 1329 3787 1365; x_wconf 91' lang='lat' dir='ltr'><strong>eos</strong></span> 
     </span>
    </p>
   </div>
   <div class='ocr_carea' id='block_1_43' title="bbox 2086 1400 3790 1472">
    <p class='ocr_par' dir='ltr' id='par_1_43' title="bbox 2086 1400 3790 1472">
     <span class='ocr_line' id='line_1_43' title="bbox 2086 1400 3790 1472; baseline 0 -18"><span class='ocrx_word' id='word_1_296' title='bbox 2086 1401 2185 1472; x_wconf 90' lang='lat' dir='ltr'><strong>qui</strong></span> <span class='ocrx_word' id='word_1_297' title='bbox 2216 1401 2387 1454; x_wconf 84' lang='lat' dir='ltr'><strong>curia</strong></span> <span class='ocrx_word' id='word_1_298' title='bbox 2415 1400 2760 1468; x_wconf 90' lang='lat' dir='ltr'><strong>deserviunt,</strong></span> <span class='ocrx_word' id='word_1_299' title='bbox 2815 1401 2900 1455; x_wconf 81' lang='lat' dir='ltr'><strong>vel</strong></span> <span class='ocrx_word' id='word_1_300' title='bbox 2932 1400 3032 1471; x_wconf 91' lang='lat' dir='ltr'><strong>qui</strong></span> <span class='ocrx_word' id='word_1_301' title='bbox 3064 1417 3182 1454; x_wconf 93' lang='lat' dir='ltr'><strong>non</strong></span> <span class='ocrx_word' id='word_1_302' title='bbox 3238 1406 3371 1454; x_wconf 91' lang='lat' dir='ltr'><strong>sunt</strong></span> <span class='ocrx_word' id='word_1_303' title='bbox 3421 1401 3630 1470; x_wconf 87' lang='lat' dir='ltr'><strong>integri</strong></span> <span class='ocrx_word' id='word_1_304' title='bbox 3664 1417 3790 1454; x_wconf 87' lang='lat' dir='ltr'><strong>cor-</strong></span> 
     </span>
    </p>
   </div>
   <div class='ocr_carea' id='block_1_44' title="bbox 2085 1488 3784 1559">
    <p class='ocr_par' dir='ltr' id='par_1_44' title="bbox 2085 1488 3784 1559">
     <span class='ocr_line' id='line_1_44' title="bbox 2085 1488 3784 1559; baseline -0.001 -17"><span class='ocrx_word' id='word_1_305' title='bbox 2085 1506 2243 1559; x_wconf 85' lang='lat' dir='ltr'><strong>pore,</strong></span> <span class='ocrx_word' id='word_1_306' title='bbox 2274 1494 2373 1541; x_wconf 92' lang='lat' dir='ltr'><strong>aut</strong></span> <span class='ocrx_word' id='word_1_307' title='bbox 2400 1503 2593 1541; x_wconf 90' lang='lat' dir='ltr'><strong>sanam</strong></span> <span class='ocrx_word' id='word_1_308' title='bbox 2618 1504 2731 1541; x_wconf 90' lang='lat' dir='ltr'><strong>non</strong></span> <span class='ocrx_word' id='word_1_309' title='bbox 2763 1488 2978 1541; x_wconf 87' lang='lat' dir='ltr'><strong>habent</strong></span> <span class='ocrx_word' id='word_1_310' title='bbox 3009 1493 3258 1542; x_wconf 87' lang='lat' dir='ltr'><strong>mentem</strong></span> <span class='ocrx_word' id='word_1_311' title='bbox 3285 1490 3374 1542; x_wconf 88' lang='lat' dir='ltr'><strong>vel</strong></span> <span class='ocrx_word' id='word_1_312' title='bbox 3401 1489 3784 1554; x_wconf 85' lang='lat' dir='ltr'><strong>intellectum,</strong></span> 
     </span>
    </p>
   </div>
   <div class='ocr_carea' id='block_1_45' title="bbox 2087 1575 3784 1632">
    <p class='ocr_par' dir='ltr' id='par_1_45' title="bbox 2087 1575 3784 1632">
     <span class='ocr_line' id='line_1_45' title="bbox 2087 1575 3784 1632; baseline 0 -2"><span class='ocrx_word' id='word_1_313' title='bbox 2087 1582 2186 1630; x_wconf 91' lang='lat' dir='ltr'><strong>aut</strong></span> <span class='ocrx_word' id='word_1_314' title='bbox 2245 1575 2637 1630; x_wconf 89' lang='lat' dir='ltr'><strong>inobedicntes</strong></span> <span class='ocrx_word' id='word_1_315' title='bbox 2705 1581 3028 1629; x_wconf 90' lang='lat' dir='ltr'><strong>sanctorum</strong></span> <span class='ocrx_word' id='word_1_316' title='bbox 3081 1577 3320 1630; x_wconf 84' lang='lat' dir='ltr'><strong>decretis</strong></span> <span class='ocrx_word' id='word_1_317' title='bbox 3379 1577 3649 1630; x_wconf 87' lang='lat' dir='ltr'><strong>existunt.</strong></span> <span class='ocrx_word' id='word_1_318' title='bbox 3713 1577 3784 1632; x_wconf 85' lang='lat' dir='ltr'><strong>Hi</strong></span> 
     </span>
    </p>
   </div>
   <div class='ocr_carea' id='block_1_46' title="bbox 2010 1664 3788 1757">
    <p class='ocr_par' dir='ltr' id='par_1_46' title="bbox 2010 1664 3788 1757">
     <span class='ocr_line' id='line_1_46' title="bbox 2010 1664 3788 1757; baseline -0.001 -39"><span class='ocrx_word' id='word_1_319' title='bbox 2010 1703 2051 1757; x_wconf 76' lang='grc' dir='ltr'>Β</span> <span class='ocrx_word' id='word_1_320' title='bbox 2091 1681 2290 1718; x_wconf 90' lang='lat' dir='ltr'><strong>omnes</strong></span> <span class='ocrx_word' id='word_1_321' title='bbox 2321 1680 2424 1717; x_wconf 89' lang='lat' dir='ltr'><strong>nec</strong></span> <span class='ocrx_word' id='word_1_322' title='bbox 2452 1664 2519 1716; x_wconf 92' lang='lat' dir='ltr'><strong>ad</strong></span> <span class='ocrx_word' id='word_1_323' title='bbox 2548 1680 2732 1717; x_wconf 87' lang='lat' dir='ltr'><strong>sacros</strong></span> <span class='ocrx_word' id='word_1_324' title='bbox 2762 1665 2973 1734; x_wconf 91' lang='lat' dir='ltr'><strong>gradus</strong></span> <span class='ocrx_word' id='word_1_325' title='bbox 3005 1664 3210 1718; x_wconf 90' lang='lat' dir='ltr'><strong>debent</strong></span> <span class='ocrx_word' id='word_1_326' title='bbox 3244 1665 3502 1735; x_wconf 86' lang='lat' dir='ltr'><strong>provehi,</strong></span> <span class='ocrx_word' id='word_1_327' title='bbox 3535 1681 3640 1718; x_wconf 88' lang='lat' dir='ltr'><strong>nec</strong></span> <span class='ocrx_word' id='word_1_328' title='bbox 3665 1665 3788 1732; x_wconf 92' lang='lat' dir='ltr'><strong>isti,</strong></span> 
     </span>
    </p>
   </div>
   <div class='ocr_carea' id='block_1_47' title="bbox 2089 1751 3791 1823">
    <p class='ocr_par' dir='ltr' id='par_1_47' title="bbox 2089 1751 3791 1823">
     <span class='ocr_line' id='line_1_47' title="bbox 2089 1751 3791 1823; baseline -0.001 -16"><span class='ocrx_word' id='word_1_329' title='bbox 2089 1769 2194 1808; x_wconf 89' lang='lat' dir='ltr'><strong>nec</strong></span> <span class='ocrx_word' id='word_1_330' title='bbox 2223 1751 2432 1814; x_wconf 87' lang='lat' dir='ltr'><strong>liberti,</strong></span> <span class='ocrx_word' id='word_1_331' title='bbox 2480 1767 2668 1822; x_wconf 90' lang='lat' dir='ltr'><strong>neque</strong></span> <span class='ocrx_word' id='word_1_332' title='bbox 2713 1753 2978 1822; x_wconf 89' lang='lat' dir='ltr'><strong>suspecti,</strong></span> <span class='ocrx_word' id='word_1_333' title='bbox 3013 1769 3202 1823; x_wconf 90' lang='lat' dir='ltr'><strong>neque</strong></span> <span class='ocrx_word' id='word_1_334' title='bbox 3242 1758 3451 1807; x_wconf 83' lang='lat' dir='ltr'><strong>rectam</strong></span> <span class='ocrx_word' id='word_1_335' title='bbox 3483 1752 3658 1807; x_wconf 89' lang='lat' dir='ltr'><strong>ﬁdem</strong></span> <span class='ocrx_word' id='word_1_336' title='bbox 3697 1754 3791 1807; x_wconf 89' lang='lat' dir='ltr'><strong>vel</strong></span> 
     </span>
    </p>
   </div>
   <div class='ocr_carea' id='block_1_48' title="bbox 2087 1840 3793 1910">
    <p class='ocr_par' dir='ltr' id='par_1_48' title="bbox 2087 1840 3793 1910">
     <span class='ocr_line' id='line_1_48' title="bbox 2087 1840 3793 1910; baseline 0 -15"><span class='ocrx_word' id='word_1_337' title='bbox 2087 1841 2322 1910; x_wconf 88' lang='lat' dir='ltr'><strong>dignam</strong></span> <span class='ocrx_word' id='word_1_338' title='bbox 2355 1840 2844 1895; x_wconf 85' lang='lat' dir='ltr'><strong>conversationem</strong></span> <span class='ocrx_word' id='word_1_339' title='bbox 2892 1857 3011 1894; x_wconf 92' lang='lat' dir='ltr'><strong>non</strong></span> <span class='ocrx_word' id='word_1_340' title='bbox 3059 1842 3357 1910; x_wconf 87' lang='lat' dir='ltr'><strong>habentes,</strong></span> <span class='ocrx_word' id='word_1_341' title='bbox 3403 1857 3662 1896; x_wconf 91' lang='lat' dir='ltr'><strong>summos</strong></span> <span class='ocrx_word' id='word_1_342' title='bbox 3694 1859 3793 1895; x_wconf 88' lang='lat' dir='ltr'><strong>sa—</strong></span> 
     </span>
    </p>
   </div>
   <div class='ocr_carea' id='block_1_49' title="bbox 2089 1930 2924 2000">
    <p class='ocr_par' dir='ltr' id='par_1_49' title="bbox 2089 1930 2924 2000">
     <span class='ocr_line' id='line_1_49' title="bbox 2089 1930 2924 2000; baseline -0.002 -16"><span class='ocrx_word' id='word_1_343' title='bbox 2089 1930 2342 1984; x_wconf 89' lang='lat' dir='ltr'><strong>cerdotes</strong></span> <span class='ocrx_word' id='word_1_344' title='bbox 2371 1934 2612 2000; x_wconf 89' lang='lat' dir='ltr'><strong>possunt</strong></span> <span class='ocrx_word' id='word_1_345' title='bbox 2641 1945 2924 1984; x_wconf 85' lang='lat' dir='ltr'><strong>accusare.</strong></span> 
     </span>
    </p>
   </div>
   <div class='ocr_carea' id='block_1_50' title="bbox 2091 2017 3795 2087">
    <p class='ocr_par' dir='ltr' id='par_1_50' title="bbox 2091 2017 3795 2087">
     <span class='ocr_line' id='line_1_50' title="bbox 2091 2017 3795 2087; baseline 0.001 -15"><span class='ocrx_word' id='word_1_346' title='bbox 2091 2017 2218 2072; x_wconf 79' lang='lat' dir='ltr'><strong>CAP.</strong></span> <span class='ocrx_word' id='word_1_347' title='bbox 2288 2018 2550 2074; x_wconf 86' lang='lat' dir='ltr'><strong>CLXXIV.</strong></span> <span class='ocrx_word' id='word_1_348' title='bbox 2619 2047 2688 2058; x_wconf 97' lang='lat'><strong>—</strong></span> <span class='ocrx_word' id='word_1_349' title='bbox 2757 2021 2829 2071; x_wconf 91' lang='lat' dir='ltr'><strong>De</strong></span> <span class='ocrx_word' id='word_1_350' title='bbox 2894 2021 3139 2087; x_wconf 85' lang='lat' dir='ltr'><strong>episcopo</strong></span> <span class='ocrx_word' id='word_1_351' title='bbox 3200 2024 3469 2087; x_wconf 88' lang='lat' dir='ltr'><strong>accusato,</strong></span> <span class='ocrx_word' id='word_1_352' title='bbox 3525 2024 3576 2073; x_wconf 83' lang='lat' dir='ltr'><strong>et</strong></span> <span class='ocrx_word' id='word_1_353' title='bbox 3629 2036 3795 2074; x_wconf 81' lang='lat' dir='ltr'><strong>accu-</strong></span> 
     </span>
    </p>
   </div>
   <div class='ocr_carea' id='block_1_51' title="bbox 2407 2107 3468 2176">
    <p class='ocr_par' dir='ltr' id='par_1_51' title="bbox 2407 2107 3468 2176">
     <span class='ocr_line' id='line_1_51' title="bbox 2407 2107 3468 2176; baseline 0.004 -17"><span class='ocrx_word' id='word_1_354' title='bbox 2407 2107 2678 2160; x_wconf 75' lang='lat' dir='ltr'><strong>satoribus</strong></span> <span class='ocrx_word' id='word_1_355' title='bbox 2709 2107 3055 2176; x_wconf 78' lang='lat' dir='ltr'><strong>recipiendis,</strong></span> <span class='ocrx_word' id='word_1_356' title='bbox 3087 2112 3138 2162; x_wconf 87' lang='lat' dir='ltr'><strong>et</strong></span> <span class='ocrx_word' id='word_1_357' title='bbox 3176 2112 3468 2163; x_wconf 81' lang='lat' dir='ltr'><strong>vocatione.</strong></span> 
     </span>
    </p>
   </div>
   <div class='ocr_carea' id='block_1_52' title="bbox 2163 2195 3799 2266">
    <p class='ocr_par' dir='ltr' id='par_1_52' title="bbox 2163 2195 3799 2266">
     <span class='ocr_line' id='line_1_52' title="bbox 2163 2195 3799 2266; baseline 0.001 -17"><span class='ocrx_word' id='word_1_358' title='bbox 2163 2195 2268 2262; x_wconf 76' lang='lat' dir='ltr'><strong>(Ea:</strong></span> <span class='ocrx_word' id='word_1_359' title='bbox 2311 2195 2454 2248; x_wconf 74' lang='lat' dir='ltr'><strong>decr.</strong></span> <span class='ocrx_word' id='word_1_360' title='bbox 2506 2196 2696 2249; x_wconf 86' lang='lat' dir='ltr'><strong>Felicis</strong></span> <span class='ocrx_word' id='word_1_361' title='bbox 2733 2211 2892 2264; x_wconf 77' lang='lat' dir='ltr'><strong>papa</strong></span> <span class='ocrx_word' id='word_1_362' title='bbox 2941 2199 3204 2266; x_wconf 84' lang='lat' dir='ltr'><strong>episcopis</strong></span> <span class='ocrx_word' id='word_1_363' title='bbox 3247 2213 3346 2266; x_wconf 88' lang='lat' dir='ltr'><strong>per</strong></span> <span class='ocrx_word' id='word_1_364' title='bbox 3389 2197 3625 2253; x_wconf 81' lang='lat' dir='ltr'><strong>Galliam</strong></span> <span class='ocrx_word' id='word_1_365' title='bbox 3671 2212 3799 2250; x_wconf 90' lang='lat' dir='ltr'><strong>con-</strong></span> 
     </span>
    </p>
   </div>
   <div class='ocr_carea' id='block_1_53' title="bbox 2091 2283 3800 2355">
    <p class='ocr_par' dir='ltr' id='par_1_53' title="bbox 2091 2283 3800 2355">
     <span class='ocr_line' id='line_1_53' title="bbox 2091 2283 3800 2355; baseline 0 -18"><span class='ocrx_word' id='word_1_366' title='bbox 2091 2285 2297 2337; x_wconf 85' lang='lat' dir='ltr'><strong>stitutis</strong></span> <span class='ocrx_word' id='word_1_367' title='bbox 2329 2286 2530 2349; x_wconf 87' lang='lat' dir='ltr'><strong>missis,</strong></span> <span class='ocrx_word' id='word_1_368' title='bbox 2554 2300 2675 2353; x_wconf 85' lang='lat' dir='ltr'><strong>cap.</strong></span> <span class='ocrx_word' id='word_1_369' title='bbox 2713 2286 2788 2348; x_wconf 89' lang='lat'><strong>9.)</strong></span> <span class='ocrx_word' id='word_1_370' title='bbox 2826 2283 2881 2337; x_wconf 92' lang='lat' dir='ltr'><strong>Si</strong></span> <span class='ocrx_word' id='word_1_371' title='bbox 2923 2284 3052 2354; x_wconf 91' lang='lat' dir='ltr'><strong>quis</strong></span> <span class='ocrx_word' id='word_1_372' title='bbox 3101 2285 3404 2355; x_wconf 88' lang='lat' dir='ltr'><strong>episcopus</strong></span> <span class='ocrx_word' id='word_1_373' title='bbox 3448 2285 3519 2340; x_wconf 91' lang='lat' dir='ltr'><strong>ab</strong></span> <span class='ocrx_word' id='word_1_374' title='bbox 3547 2285 3659 2338; x_wconf 89' lang='lat' dir='ltr'><strong>illis</strong></span> <span class='ocrx_word' id='word_1_375' title='bbox 3708 2301 3800 2337; x_wconf 88' lang='lat' dir='ltr'><strong>ac-</strong></span> 
     </span>
    </p>
   </div>
   <div class='ocr_carea' id='block_1_54' title="bbox 2092 2373 3794 2444">
    <p class='ocr_par' dir='ltr' id='par_1_54' title="bbox 2092 2373 3794 2444">
     <span class='ocr_line' id='line_1_54' title="bbox 2092 2373 3794 2444; baseline 0 -18"><span class='ocrx_word' id='word_1_376' title='bbox 2092 2373 2445 2427; x_wconf 85' lang='lat' dir='ltr'><strong>cusatoribus</strong></span> <span class='ocrx_word' id='word_1_377' title='bbox 2505 2374 2605 2444; x_wconf 93' lang='lat' dir='ltr'><strong>qui</strong></span> <span class='ocrx_word' id='word_1_378' title='bbox 2662 2373 2978 2444; x_wconf 89' lang='lat' dir='ltr'><strong>recipiendi</strong></span> <span class='ocrx_word' id='word_1_379' title='bbox 3051 2379 3183 2428; x_wconf 88' lang='lat' dir='ltr'><strong>sunt</strong></span> <span class='ocrx_word' id='word_1_380' title='bbox 3234 2375 3408 2429; x_wconf 90' lang='lat' dir='ltr'><strong>fuerit</strong></span> <span class='ocrx_word' id='word_1_381' title='bbox 3475 2380 3794 2440; x_wconf 86' lang='lat' dir='ltr'><strong>accusatus,</strong></span> 
     </span>
    </p>
   </div>
   <div class='ocr_carea' id='block_1_55' title="bbox 2095 2461 3794 2531">
    <p class='ocr_par' dir='ltr' id='par_1_55' title="bbox 2095 2461 3794 2531">
     <span class='ocr_line' id='line_1_55' title="bbox 2095 2461 3794 2531; baseline -0.001 -17"><span class='ocrx_word' id='word_1_382' title='bbox 2095 2466 2400 2531; x_wconf 88' lang='lat' dir='ltr'><strong>postquam</strong></span> <span class='ocrx_word' id='word_1_383' title='bbox 2447 2461 2569 2531; x_wconf 89' lang='lat' dir='ltr'><strong>ipse</strong></span> <span class='ocrx_word' id='word_1_384' title='bbox 2617 2461 2688 2514; x_wconf 92' lang='lat' dir='ltr'><strong>ab</strong></span> <span class='ocrx_word' id='word_1_385' title='bbox 2719 2461 2799 2513; x_wconf 89' lang='lat' dir='ltr'><strong>eis</strong></span> <span class='ocrx_word' id='word_1_386' title='bbox 2848 2462 3184 2516; x_wconf 88' lang='lat' dir='ltr'><strong>charitative</strong></span> <span class='ocrx_word' id='word_1_387' title='bbox 3232 2467 3545 2516; x_wconf 91' lang='lat' dir='ltr'><strong>conventus</strong></span> <span class='ocrx_word' id='word_1_388' title='bbox 3597 2461 3794 2529; x_wconf 84' lang='lat' dir='ltr'><strong>fuerit,</strong></span> 
     </span>
    </p>
   </div>
   <div class='ocr_carea' id='block_1_56' title="bbox 2095 2549 3799 2622">
    <p class='ocr_par' dir='ltr' id='par_1_56' title="bbox 2095 2549 3799 2622">
     <span class='ocr_line' id='line_1_56' title="bbox 2095 2549 3799 2622; baseline 0.001 -19"><span class='ocrx_word' id='word_1_389' title='bbox 2095 2555 2160 2603; x_wconf 88' lang='lat' dir='ltr'><strong>ut</strong></span> <span class='ocrx_word' id='word_1_390' title='bbox 2204 2549 2387 2620; x_wconf 91' lang='lat' dir='ltr'><strong>ipsam</strong></span> <span class='ocrx_word' id='word_1_391' title='bbox 2427 2565 2654 2602; x_wconf 89' lang='lat' dir='ltr'><strong>causam</strong></span> <span class='ocrx_word' id='word_1_392' title='bbox 2689 2550 2974 2617; x_wconf 89' lang='lat' dir='ltr'><strong>emendet,</strong></span> <span class='ocrx_word' id='word_1_393' title='bbox 3009 2556 3064 2604; x_wconf 88' lang='lat' dir='ltr'><strong>et</strong></span> <span class='ocrx_word' id='word_1_394' title='bbox 3109 2567 3233 2605; x_wconf 89' lang='lat' dir='ltr'><strong>eam</strong></span> <span class='ocrx_word' id='word_1_395' title='bbox 3283 2552 3569 2622; x_wconf 85' lang='lat' dir='ltr'><strong>corrigere</strong></span> <span class='ocrx_word' id='word_1_396' title='bbox 3600 2552 3799 2604; x_wconf 91' lang='lat' dir='ltr'><strong>nolue-</strong></span> 
     </span>
    </p>
   </div>
   <div class='ocr_carea' id='block_1_57' title="bbox 2095 2636 3798 2709">
    <p class='ocr_par' dir='ltr' id='par_1_57' title="bbox 2095 2636 3798 2709">
     <span class='ocr_line' id='line_1_57' title="bbox 2095 2636 3798 2709; baseline 0.001 -19"><span class='ocrx_word' id='word_1_397' title='bbox 2095 2636 2190 2699; x_wconf 86' lang='lat' dir='ltr'><strong>rit,</strong></span> <span class='ocrx_word' id='word_1_398' title='bbox 2223 2653 2342 2690; x_wconf 89' lang='lat' dir='ltr'><strong>non</strong></span> <span class='ocrx_word' id='word_1_399' title='bbox 2375 2637 2534 2705; x_wconf 91' lang='lat' dir='ltr'><strong>olim,</strong></span> <span class='ocrx_word' id='word_1_400' title='bbox 2581 2638 2674 2690; x_wconf 89' lang='lat' dir='ltr'><strong>sed</strong></span> <span class='ocrx_word' id='word_1_401' title='bbox 2716 2643 2851 2691; x_wconf 90' lang='lat' dir='ltr'><strong>tunc</strong></span> <span class='ocrx_word' id='word_1_402' title='bbox 2883 2639 2949 2692; x_wconf 89' lang='lat' dir='ltr'><strong>ad</strong></span> <span class='ocrx_word' id='word_1_403' title='bbox 2997 2655 3250 2692; x_wconf 91' lang='lat' dir='ltr'><strong>summos</strong></span> <span class='ocrx_word' id='word_1_404' title='bbox 3305 2639 3578 2709; x_wconf 90' lang='lat' dir='ltr'><strong>primates</strong></span> <span class='ocrx_word' id='word_1_405' title='bbox 3626 2655 3798 2692; x_wconf 89' lang='lat' dir='ltr'><strong>causa</strong></span> 
     </span>
    </p>
   </div>
   <div class='ocr_carea' id='block_1_58' title="bbox 2099 2725 3798 2798">
    <p class='ocr_par' dir='ltr' id='par_1_58' title="bbox 2099 2725 3798 2798">
     <span class='ocr_line' id='line_1_58' title="bbox 2099 2725 3798 2798; baseline 0.002 -20"><span class='ocrx_word' id='word_1_406' title='bbox 2099 2725 2223 2796; x_wconf 88' lang='lat' dir='ltr'><strong>ejus</strong></span> <span class='ocrx_word' id='word_1_407' title='bbox 2271 2726 2542 2779; x_wconf 89' lang='lat' dir='ltr'><strong>canonice</strong></span> <span class='ocrx_word' id='word_1_408' title='bbox 2597 2725 2903 2780; x_wconf 89' lang='lat' dir='ltr'><strong>deferatur.</strong></span> <span class='ocrx_word' id='word_1_409' title='bbox 2953 2727 3062 2791; x_wconf 89' lang='lat' dir='ltr'><strong>Qui</strong></span> <span class='ocrx_word' id='word_1_410' title='bbox 3095 2728 3153 2780; x_wconf 92' lang='lat' dir='ltr'><strong>in</strong></span> <span class='ocrx_word' id='word_1_411' title='bbox 3185 2744 3438 2798; x_wconf 89' lang='lat' dir='ltr'><strong>congruo</strong></span> <span class='ocrx_word' id='word_1_412' title='bbox 3488 2729 3613 2782; x_wconf 91' lang='lat' dir='ltr'><strong>loco</strong></span> <span class='ocrx_word' id='word_1_413' title='bbox 3645 2727 3798 2782; x_wconf 87' lang='lat' dir='ltr'><strong>infra</strong></span> 
     </span>
    </p>
   </div>
   <div class='ocr_carea' id='block_1_59' title="bbox 2099 2813 3800 2885">
    <p class='ocr_par' dir='ltr' id='par_1_59' title="bbox 2099 2813 3800 2885">
     <span class='ocr_line' id='line_1_59' title="bbox 2099 2813 3800 2885; baseline 0.001 -18"><span class='ocrx_word' id='word_1_414' title='bbox 2099 2814 2281 2885; x_wconf 90' lang='lat' dir='ltr'><strong>ipsam</strong></span> <span class='ocrx_word' id='word_1_415' title='bbox 2331 2813 2683 2883; x_wconf 90' lang='lat' dir='ltr'><strong>provinciam</strong></span> <span class='ocrx_word' id='word_1_416' title='bbox 2742 2820 2999 2885; x_wconf 89' lang='lat' dir='ltr'><strong>tempore</strong></span> <span class='ocrx_word' id='word_1_417' title='bbox 3059 2831 3335 2885; x_wconf 91' lang='lat' dir='ltr'><strong>congruo,</strong></span> <span class='ocrx_word' id='word_1_418' title='bbox 3384 2815 3442 2868; x_wconf 91' lang='lat' dir='ltr'><strong>id</strong></span> <span class='ocrx_word' id='word_1_419' title='bbox 3501 2821 3587 2868; x_wconf 90' lang='lat' dir='ltr'><strong>est</strong></span> <span class='ocrx_word' id='word_1_420' title='bbox 3627 2819 3800 2868; x_wconf 87' lang='lat' dir='ltr'><strong>autu-</strong></span> 
     </span>
    </p>
   </div>
   <div class='ocr_carea' id='block_1_60' title="bbox 2102 2902 3798 2973">
    <p class='ocr_par' dir='ltr' id='par_1_60' title="bbox 2102 2902 3798 2973">
     <span class='ocr_line' id='line_1_60' title="bbox 2102 2902 3798 2973; baseline 0.001 -17"><span class='ocrx_word' id='word_1_421' title='bbox 2102 2903 2278 2956; x_wconf 91' lang='lat' dir='ltr'><strong>mnali</strong></span> <span class='ocrx_word' id='word_1_422' title='bbox 2327 2903 2412 2955; x_wconf 80' lang='lat' dir='ltr'><strong>vel</strong></span> <span class='ocrx_word' id='word_1_423' title='bbox 2463 2902 2682 2970; x_wconf 85' lang='lat' dir='ltr'><strong>astivo,</strong></span> <span class='ocrx_word' id='word_1_424' title='bbox 2730 2903 3036 2956; x_wconf 90' lang='lat' dir='ltr'><strong>concilium</strong></span> <span class='ocrx_word' id='word_1_425' title='bbox 3091 2904 3431 2973; x_wconf 89' lang='lat' dir='ltr'><strong>regulariter</strong></span> <span class='ocrx_word' id='word_1_426' title='bbox 3481 2919 3798 2958; x_wconf 90' lang='lat' dir='ltr'><strong>convocare</strong></span> 
     </span>
    </p>
   </div>
   <div class='ocr_carea' id='block_1_61' title="bbox 296 2975 1984 3062">
    <p class='ocr_par' dir='ltr' id='par_1_61' title="bbox 296 2975 1984 3050">
     <span class='ocr_line' id='line_1_61' title="bbox 296 2975 1984 3050; baseline -0.003 -19"><span class='ocrx_word' id='word_1_427' title='bbox 296 2979 468 3050; x_wconf 91' lang='lat' dir='ltr'><strong>gotiis</strong></span> <span class='ocrx_word' id='word_1_428' title='bbox 497 2978 894 3031; x_wconf 90' lang='lat' dir='ltr'><strong>testimonium</strong></span> <span class='ocrx_word' id='word_1_429' title='bbox 925 2978 1134 3041; x_wconf 88' lang='lat' dir='ltr'><strong>dicant,</strong></span> <span class='ocrx_word' id='word_1_430' title='bbox 1174 2977 1280 3030; x_wconf 80' lang='lat' dir='ltr'><strong>nisi</strong></span> <span class='ocrx_word' id='word_1_431' title='bbox 1311 2977 1380 3030; x_wconf 89' lang='lat' dir='ltr'><strong>de</strong></span> <span class='ocrx_word' id='word_1_432' title='bbox 1412 2976 1501 3030; x_wconf 90' lang='lat' dir='ltr'><strong>bis</strong></span> <span class='ocrx_word' id='word_1_433' title='bbox 1530 2991 1660 3045; x_wconf 82' lang='lat' dir='ltr'><strong>qua</strong></span> <span class='ocrx_word' id='word_1_434' title='bbox 1701 2975 1806 3028; x_wconf 92' lang='lat' dir='ltr'><strong>sub</strong></span> <span class='ocrx_word' id='word_1_435' title='bbox 1838 2990 1984 3044; x_wconf 86' lang='lat' dir='ltr'><strong>pra-</strong></span> 
     </span>
    </p>
   </div>
   <div class='ocr_carea' id='block_1_62' title="bbox 2166 2975 3801 3062">
    <p class='ocr_par' dir='ltr' id='par_1_62' title="bbox 2170 2990 3801 3062">
     <span class='ocr_line' id='line_1_62' title="bbox 2170 2990 3801 3062; baseline 0.001 -19"><span class='ocrx_word' id='word_1_436' title='bbox 2170 2990 2408 3056; x_wconf 91' lang='lat' dir='ltr'><strong>bebunt,</strong></span> <span class='ocrx_word' id='word_1_437' title='bbox 2469 2990 2545 3044; x_wconf 90' lang='lat' dir='ltr'><strong>ita</strong></span> <span class='ocrx_word' id='word_1_438' title='bbox 2614 2997 2679 3044; x_wconf 91' lang='lat' dir='ltr'><strong>ut</strong></span> <span class='ocrx_word' id='word_1_439' title='bbox 2749 2991 2818 3044; x_wconf 91' lang='lat' dir='ltr'><strong>ab</strong></span> <span class='ocrx_word' id='word_1_440' title='bbox 2899 2991 3165 3046; x_wconf 91' lang='lat' dir='ltr'><strong>omnibus</strong></span> <span class='ocrx_word' id='word_1_441' title='bbox 3230 2992 3487 3062; x_wconf 86' lang='lat' dir='ltr'><strong>ejusdem</strong></span> <span class='ocrx_word' id='word_1_442' title='bbox 3559 2991 3801 3062; x_wconf 89' lang='lat' dir='ltr'><strong>provin-</strong></span> 
     </span>
    </p>
   </div>
   <div class='ocr_carea' id='block_1_63' title="bbox 297 3063 1991 3120">
    <p class='ocr_par' dir='ltr' id='par_1_63' title="bbox 297 3063 1991 3120">
     <span class='ocr_line' id='line_1_63' title="bbox 297 3063 1991 3120; baseline -0.003 0"><span class='ocrx_word' id='word_1_443' title='bbox 297 3067 475 3120; x_wconf 89' lang='lat' dir='ltr'><strong>sentia</strong></span> <span class='ocrx_word' id='word_1_444' title='bbox 521 3081 716 3118; x_wconf 85' lang='lat' dir='ltr'><strong>eorum</strong></span> <span class='ocrx_word' id='word_1_445' title='bbox 751 3070 872 3118; x_wconf 88' lang='lat' dir='ltr'><strong>acta</strong></span> <span class='ocrx_word' id='word_1_446' title='bbox 904 3081 1024 3118; x_wconf 91' lang='lat' dir='ltr'><strong>esse</strong></span> <span class='ocrx_word' id='word_1_447' title='bbox 1074 3071 1409 3120; x_wconf 89' lang='lat' dir='ltr'><strong>noscuntur.</strong></span> <span class='ocrx_word' id='word_1_448' title='bbox 1463 3063 1816 3118; x_wconf 81' lang='lat' dir='ltr'><strong>Accusatoris</strong></span> <span class='ocrx_word' id='word_1_449' title='bbox 1859 3079 1991 3115; x_wconf 85' lang='lat' dir='ltr'><strong>vero</strong></span> 
     </span>
    </p>
   </div>
   <div class='ocr_carea' id='block_1_64' title="bbox 296 3151 1988 3223">
    <p class='ocr_par' dir='ltr' id='par_1_64' title="bbox 296 3151 1988 3223">
     <span class='ocr_line' id='line_1_64' title="bbox 296 3151 1988 3223; baseline -0.003 -15"><span class='ocrx_word' id='word_1_450' title='bbox 296 3152 708 3223; x_wconf 87' lang='lat' dir='ltr'><strong>consanguinei</strong></span> <span class='ocrx_word' id='word_1_451' title='bbox 741 3153 1010 3206; x_wconf 89' lang='lat' dir='ltr'><strong>adversus</strong></span> <span class='ocrx_word' id='word_1_452' title='bbox 1054 3169 1150 3206; x_wconf 90' lang='lat' dir='ltr'><strong>eos</strong></span> <span class='ocrx_word' id='word_1_453' title='bbox 1194 3152 1592 3205; x_wconf 88' lang='lat' dir='ltr'><strong>testimonium</strong></span> <span class='ocrx_word' id='word_1_454' title='bbox 1633 3167 1738 3204; x_wconf 90' lang='lat' dir='ltr'><strong>nec</strong></span> <span class='ocrx_word' id='word_1_455' title='bbox 1777 3151 1988 3216; x_wconf 91' lang='lat' dir='ltr'><strong>dicant,</strong></span> 
     </span>
    </p>
   </div>
   <div class='ocr_carea' id='block_1_65' title="bbox 299 3240 1991 3309">
    <p class='ocr_par' dir='ltr' id='par_1_65' title="bbox 299 3240 1991 3309">
     <span class='ocr_line' id='line_1_65' title="bbox 299 3240 1991 3309; baseline -0.003 -13"><span class='ocrx_word' id='word_1_456' title='bbox 299 3259 403 3296; x_wconf 91' lang='lat' dir='ltr'><strong>nec</strong></span> <span class='ocrx_word' id='word_1_457' title='bbox 451 3258 648 3295; x_wconf 92' lang='lat' dir='ltr'><strong>eorum</strong></span> <span class='ocrx_word' id='word_1_458' title='bbox 682 3241 1015 3298; x_wconf 81' lang='lat' dir='ltr'><strong>familiares.</strong></span> <span class='ocrx_word' id='word_1_459' title='bbox 1063 3241 1148 3293; x_wconf 78' lang='lat' dir='ltr'><strong>vel</strong></span> <span class='ocrx_word' id='word_1_460' title='bbox 1203 3241 1272 3293; x_wconf 90' lang='lat' dir='ltr'><strong>de</strong></span> <span class='ocrx_word' id='word_1_461' title='bbox 1321 3240 1586 3294; x_wconf 86' lang='lat' dir='ltr'><strong>domibus</strong></span> <span class='ocrx_word' id='word_1_462' title='bbox 1615 3255 1810 3292; x_wconf 90' lang='lat' dir='ltr'><strong>eorum</strong></span> <span class='ocrx_word' id='word_1_463' title='bbox 1854 3255 1991 3309; x_wconf 85' lang='lat' dir='ltr'><strong>pro-</strong></span> 
     </span>
    </p>
   </div>
   <div class='ocr_carea' id='block_1_66' title="bbox 299 3327 1993 3396">
    <p class='ocr_par' dir='ltr' id='par_1_66' title="bbox 299 3327 1993 3396">
     <span class='ocr_line' id='line_1_66' title="bbox 299 3327 1993 3396; baseline -0.004 -12"><span class='ocrx_word' id='word_1_464' title='bbox 299 3331 574 3385; x_wconf 88' lang='lat' dir='ltr'><strong>deuntes:</strong></span> <span class='ocrx_word' id='word_1_465' title='bbox 606 3329 726 3396; x_wconf 88' lang='lat' dir='ltr'><strong>sed,</strong></span> <span class='ocrx_word' id='word_1_466' title='bbox 769 3329 816 3382; x_wconf 89' lang='lat' dir='ltr'><strong>si</strong></span> <span class='ocrx_word' id='word_1_467' title='bbox 855 3328 1142 3382; x_wconf 89' lang='lat' dir='ltr'><strong>voluerint</strong></span> <span class='ocrx_word' id='word_1_468' title='bbox 1189 3335 1247 3380; x_wconf 90' lang='lat' dir='ltr'><strong>et</strong></span> <span class='ocrx_word' id='word_1_469' title='bbox 1303 3328 1360 3380; x_wconf 88' lang='lat' dir='ltr'><strong>in</strong></span> <span class='ocrx_word' id='word_1_470' title='bbox 1399 3327 1643 3381; x_wconf 90' lang='lat' dir='ltr'><strong>invicem</strong></span> <span class='ocrx_word' id='word_1_471' title='bbox 1691 3342 1993 3380; x_wconf 88' lang='lat' dir='ltr'><strong>consense-</strong></span> 
     </span>
    </p>
   </div>
   <div class='ocr_carea' id='block_1_67' title="bbox 301 3416 1989 3489">
    <p class='ocr_par' dir='ltr' id='par_1_67' title="bbox 301 3416 1989 3489">
     <span class='ocr_line' id='line_1_67' title="bbox 301 3416 1989 3489; baseline -0.003 -16"><span class='ocrx_word' id='word_1_472' title='bbox 301 3421 434 3486; x_wconf 86' lang='lat' dir='ltr'><strong>rint,</strong></span> <span class='ocrx_word' id='word_1_473' title='bbox 469 3420 619 3473; x_wconf 91' lang='lat' dir='ltr'><strong>inter</strong></span> <span class='ocrx_word' id='word_1_474' title='bbox 669 3434 727 3472; x_wconf 90' lang='lat' dir='ltr'><strong>se</strong></span> <span class='ocrx_word' id='word_1_475' title='bbox 772 3421 1037 3489; x_wconf 89' lang='lat' dir='ltr'><strong>parentes</strong></span> <span class='ocrx_word' id='word_1_476' title='bbox 1070 3417 1462 3482; x_wconf 83' lang='lat' dir='ltr'><strong>testificentur,</strong></span> <span class='ocrx_word' id='word_1_477' title='bbox 1497 3421 1553 3471; x_wconf 87' lang='lat' dir='ltr'><strong>et</strong></span> <span class='ocrx_word' id='word_1_478' title='bbox 1581 3433 1696 3470; x_wconf 93' lang='lat' dir='ltr'><strong>non</strong></span> <span class='ocrx_word' id='word_1_479' title='bbox 1729 3416 1786 3469; x_wconf 94' lang='lat' dir='ltr'><strong>in</strong></span> <span class='ocrx_word' id='word_1_480' title='bbox 1815 3416 1989 3469; x_wconf 90' lang='lat' dir='ltr'><strong>alios:</strong></span> 
     </span>
    </p>
   </div>
   <div class='ocr_carea' id='block_1_68' title="bbox 301 3503 1996 3575">
    <p class='ocr_par' dir='ltr' id='par_1_68' title="bbox 301 3503 1996 3575">
     <span class='ocr_line' id='line_1_68' title="bbox 301 3503 1996 3575; baseline -0.004 -12"><span class='ocrx_word' id='word_1_481' title='bbox 301 3525 406 3563; x_wconf 88' lang='lat' dir='ltr'><strong>nec</strong></span> <span class='ocrx_word' id='word_1_482' title='bbox 434 3513 789 3561; x_wconf 80' lang='lat' dir='ltr'><strong>accusatores</strong></span> <span class='ocrx_word' id='word_1_483' title='bbox 820 3507 909 3560; x_wconf 90' lang='lat' dir='ltr'><strong>vel</strong></span> <span class='ocrx_word' id='word_1_484' title='bbox 940 3512 1114 3560; x_wconf 88' lang='lat' dir='ltr'><strong>testes</strong></span> <span class='ocrx_word' id='word_1_485' title='bbox 1145 3507 1396 3575; x_wconf 88' lang='lat' dir='ltr'><strong>suspecti</strong></span> <span class='ocrx_word' id='word_1_486' title='bbox 1439 3505 1823 3575; x_wconf 89' lang='lat' dir='ltr'><strong>recipiantur:</strong></span> <span class='ocrx_word' id='word_1_487' title='bbox 1859 3503 1996 3575; x_wconf 89' lang='lat' dir='ltr'><strong>quia</strong></span> 
     </span>
    </p>
   </div>
   <div class='ocr_carea' id='block_1_69' title="bbox 302 3593 1996 3668">
    <p class='ocr_par' dir='ltr' id='par_1_69' title="bbox 302 3593 1996 3668">
     <span class='ocr_line' id='line_1_69' title="bbox 302 3593 1996 3668; baseline -0.002 -18"><span class='ocrx_word' id='word_1_488' title='bbox 302 3597 747 3668; x_wconf 89' lang='lat' dir='ltr'><strong>propinquitatis</strong></span> <span class='ocrx_word' id='word_1_489' title='bbox 779 3600 834 3648; x_wconf 91' lang='lat' dir='ltr'><strong>et</strong></span> <span class='ocrx_word' id='word_1_490' title='bbox 865 3593 1269 3648; x_wconf 87' lang='lat' dir='ltr'><strong>familiaritatis</strong></span> <span class='ocrx_word' id='word_1_491' title='bbox 1317 3611 1380 3648; x_wconf 91' lang='lat' dir='ltr'><strong>ac</strong></span> <span class='ocrx_word' id='word_1_492' title='bbox 1426 3593 1837 3648; x_wconf 91' lang='lat' dir='ltr'><strong>dominationis</strong></span> <span class='ocrx_word' id='word_1_493' title='bbox 1867 3593 1996 3647; x_wconf 80' lang='lat' dir='ltr'><strong>affe-</strong></span> 
     </span>
    </p>
   </div>
   <div class='ocr_carea' id='block_1_70' title="bbox 299 3684 1246 3754">
    <p class='ocr_par' dir='ltr' id='par_1_70' title="bbox 299 3684 1246 3754">
     <span class='ocr_line' id='line_1_70' title="bbox 299 3684 1246 3754; baseline -0.003 -14"><span class='ocrx_word' id='word_1_494' title='bbox 299 3686 411 3740; x_wconf 90' lang='lat' dir='ltr'><strong>ctio</strong></span> <span class='ocrx_word' id='word_1_495' title='bbox 443 3685 739 3739; x_wconf 88' lang='lat' dir='ltr'><strong>veritatem</strong></span> <span class='ocrx_word' id='word_1_496' title='bbox 771 3684 1050 3754; x_wconf 89' lang='lat' dir='ltr'><strong>impedire</strong></span> <span class='ocrx_word' id='word_1_497' title='bbox 1083 3685 1246 3737; x_wconf 90' lang='lat' dir='ltr'><strong>solet.</strong></span> 
     </span>
    </p>
   </div>
   <div class='ocr_carea' id='block_1_71' title="bbox 653 3787 1632 3844">
    <p class='ocr_par' dir='ltr' id='par_1_71' title="bbox 653 3787 1632 3844">
     <span class='ocr_line' id='line_1_71' title="bbox 653 3787 1632 3844; baseline -0.004 0"><span class='ocrx_word' id='word_1_498' title='bbox 653 3789 782 3844; x_wconf 80' lang='lat' dir='ltr'><strong>CAP.</strong></span> <span class='ocrx_word' id='word_1_499' title='bbox 829 3789 1075 3844; x_wconf 83' lang='lat' dir='ltr'><strong>CLXXII.</strong></span> <span class='ocrx_word' id='word_1_500' title='bbox 1118 3820 1186 3828; x_wconf 89' lang='lat'><strong>-—</strong></span> <span class='ocrx_word' id='word_1_501' title='bbox 1221 3789 1298 3843; x_wconf 87' lang='lat' dir='ltr'><strong>De</strong></span> <span class='ocrx_word' id='word_1_502' title='bbox 1327 3787 1512 3840; x_wconf 86' lang='lat' dir='ltr'><strong>eadem</strong></span> <span class='ocrx_word' id='word_1_503' title='bbox 1549 3802 1632 3840; x_wconf 89' lang='lat' dir='ltr'><strong>re.</strong></span> 
     </span>
    </p>
   </div>
   <div class='ocr_carea' id='block_1_72' title="bbox 371 3876 1993 3949">
    <p class='ocr_par' dir='ltr' id='par_1_72' title="bbox 371 3876 1993 3949">
     <span class='ocr_line' id='line_1_72' title="bbox 371 3876 1993 3949; baseline -0.002 -17"><span class='ocrx_word' id='word_1_504' title='bbox 371 3878 478 3949; x_wconf 75' lang='lat' dir='ltr'><strong>(Ea:</strong></span> <span class='ocrx_word' id='word_1_505' title='bbox 507 3878 648 3932; x_wconf 87' lang='lat' dir='ltr'><strong>decr.</strong></span> <span class='ocrx_word' id='word_1_506' title='bbox 696 3879 918 3932; x_wconf 88' lang='lat' dir='ltr'><strong>Damasi</strong></span> <span class='ocrx_word' id='word_1_507' title='bbox 943 3893 1120 3945; x_wconf 68' lang='lat' dir='ltr'><strong>papae,</strong></span> <span class='ocrx_word' id='word_1_508' title='bbox 1165 3877 1436 3943; x_wconf 84' lang='lat' dir='ltr'><strong>Stephano</strong></span> <span class='ocrx_word' id='word_1_509' title='bbox 1469 3879 1517 3928; x_wconf 89' lang='lat' dir='ltr'><strong>et</strong></span> <span class='ocrx_word' id='word_1_510' title='bbox 1559 3876 1825 3928; x_wconf 84' lang='lat' dir='ltr'><strong>universis</strong></span> <span class='ocrx_word' id='word_1_511' title='bbox 1871 3877 1993 3944; x_wconf 85' lang='lat' dir='ltr'><strong>epi-</strong></span> 
     </span>
    </p>
   </div>
   <div class='ocr_carea' id='block_1_73' title="bbox 297 3964 1994 4036">
    <p class='ocr_par' dir='ltr' id='par_1_73' title="bbox 297 3964 1994 4036">
     <span class='ocr_line' id='line_1_73' title="bbox 297 3964 1994 4036; baseline -0.004 -14"><span class='ocrx_word' id='word_1_512' title='bbox 297 3969 471 4036; x_wconf 87' lang='lat' dir='ltr'><strong>scopis</strong></span> <span class='ocrx_word' id='word_1_513' title='bbox 527 3969 738 4032; x_wconf 72' lang='lat' dir='ltr'><strong>Africa</strong></span> <span class='ocrx_word' id='word_1_514' title='bbox 788 3967 990 4030; x_wconf 85' lang='lat' dir='ltr'><strong>missis,</strong></span> <span class='ocrx_word' id='word_1_515' title='bbox 1049 3980 1170 4033; x_wconf 88' lang='lat' dir='ltr'><strong>cap.</strong></span> <span class='ocrx_word' id='word_1_516' title='bbox 1234 3964 1338 4032; x_wconf 90' lang='lat' dir='ltr'><strong>l0.)</strong></span> <span class='ocrx_word' id='word_1_517' title='bbox 1395 3967 1762 4016; x_wconf 86' lang='lat' dir='ltr'><strong>Accusatores</strong></span> <span class='ocrx_word' id='word_1_518' title='bbox 1800 3969 1994 4016; x_wconf 90' lang='lat' dir='ltr'><strong>autem</strong></span> 
     </span>
    </p>
   </div>
   <div class='ocr_carea' id='block_1_74' title="bbox 298 4052 1994 4128">
    <p class='ocr_par' dir='ltr' id='par_1_74' title="bbox 298 4052 1994 4128">
     <span class='ocr_line' id='line_1_74' title="bbox 298 4052 1994 4128; baseline -0.004 -17"><span class='ocrx_word' id='word_1_519' title='bbox 298 4057 695 4128; x_wconf 89' lang='lat' dir='ltr'><strong>episcoporum</strong></span> <span class='ocrx_word' id='word_1_520' title='bbox 726 4059 782 4108; x_wconf 90' lang='lat' dir='ltr'><strong>et</strong></span> <span class='ocrx_word' id='word_1_521' title='bbox 811 4059 1000 4117; x_wconf 89' lang='lat' dir='ltr'><strong>testes,</strong></span> <span class='ocrx_word' id='word_1_522' title='bbox 1051 4069 1223 4124; x_wconf 91' lang='lat' dir='ltr'><strong>super</strong></span> <span class='ocrx_word' id='word_1_523' title='bbox 1267 4052 1475 4123; x_wconf 89' lang='lat' dir='ltr'><strong>quibus</strong></span> <span class='ocrx_word' id='word_1_524' title='bbox 1521 4053 1826 4122; x_wconf 85' lang='lat' dir='ltr'><strong>rogitastis,</strong></span> <span class='ocrx_word' id='word_1_525' title='bbox 1859 4053 1994 4105; x_wconf 87' lang='lat' dir='ltr'><strong>abs-</strong></span> 
     </span>
    </p>
   </div>
   <div class='ocr_carea' id='block_1_75' title="bbox 297 4141 1992 4218">
    <p class='ocr_par' dir='ltr' id='par_1_75' title="bbox 297 4141 1992 4218">
     <span class='ocr_line' id='line_1_75' title="bbox 297 4141 1992 4218; baseline -0.004 -19"><span class='ocrx_word' id='word_1_526' title='bbox 297 4161 409 4218; x_wconf 91' lang='lat' dir='ltr'><strong>que</strong></span> <span class='ocrx_word' id='word_1_527' title='bbox 440 4145 555 4198; x_wconf 89' lang='lat' dir='ltr'><strong>nlla</strong></span> <span class='ocrx_word' id='word_1_528' title='bbox 602 4144 841 4198; x_wconf 87' lang='lat' dir='ltr'><strong>infamia</strong></span> <span class='ocrx_word' id='word_1_529' title='bbox 879 4147 977 4196; x_wconf 90' lang='lat' dir='ltr'><strong>aut</strong></span> <span class='ocrx_word' id='word_1_530' title='bbox 1021 4141 1340 4212; x_wconf 88' lang='lat' dir='ltr'><strong>suspicione</strong></span> <span class='ocrx_word' id='word_1_531' title='bbox 1386 4141 1470 4194; x_wconf 90' lang='lat' dir='ltr'><strong>vel</strong></span> <span class='ocrx_word' id='word_1_532' title='bbox 1529 4142 1826 4194; x_wconf 85' lang='lat' dir='ltr'><strong>manifesta</strong></span> <span class='ocrx_word' id='word_1_533' title='bbox 1873 4157 1992 4194; x_wconf 92' lang='lat' dir='ltr'><strong>ma-</strong></span> 
     </span>
    </p>
   </div>
   <div class='ocr_carea' id='block_1_76' title="bbox 295 4229 1992 4302">
    <p class='ocr_par' dir='ltr' id='par_1_76' title="bbox 295 4229 1992 4302">
     <span class='ocr_line' id='line_1_76' title="bbox 295 4229 1992 4302; baseline -0.004 -14"><span class='ocrx_word' id='word_1_534' title='bbox 295 4235 442 4300; x_wconf 92' lang='lat' dir='ltr'><strong>cula,</strong></span> <span class='ocrx_word' id='word_1_535' title='bbox 476 4238 529 4288; x_wconf 90' lang='lat' dir='ltr'><strong>et</strong></span> <span class='ocrx_word' id='word_1_536' title='bbox 559 4249 692 4287; x_wconf 89' lang='lat' dir='ltr'><strong>vera</strong></span> <span class='ocrx_word' id='word_1_537' title='bbox 733 4232 846 4286; x_wconf 89' lang='lat' dir='ltr'><strong>ﬁde</strong></span> <span class='ocrx_word' id='word_1_538' title='bbox 899 4231 1147 4302; x_wconf 90' lang='lat' dir='ltr'><strong>pleniter</strong></span> <span class='ocrx_word' id='word_1_539' title='bbox 1193 4230 1455 4283; x_wconf 88' lang='lat' dir='ltr'><strong>instructi</strong></span> <span class='ocrx_word' id='word_1_540' title='bbox 1487 4245 1607 4282; x_wconf 90' lang='lat' dir='ltr'><strong>esse</strong></span> <span class='ocrx_word' id='word_1_541' title='bbox 1655 4229 1860 4283; x_wconf 90' lang='lat' dir='ltr'><strong>debent</strong></span> <span class='ocrx_word' id='word_1_542' title='bbox 1889 4245 1902 4283; x_wconf 88' lang='lat'><strong>:</strong></span> <span class='ocrx_word' id='word_1_543' title='bbox 1936 4234 1992 4282; x_wconf 91' lang='lat' dir='ltr'><strong>et</strong></span> 
     </span>
    </p>
   </div>
   <div class='ocr_carea' id='block_1_77' title="bbox 289 4317 1988 4393">
    <p class='ocr_par' dir='ltr' id='par_1_77' title="bbox 289 4317 1988 4393">
     <span class='ocr_line' id='line_1_77' title="bbox 289 4317 1988 4393; baseline -0.002 -18"><span class='ocrx_word' id='word_1_544' title='bbox 289 4323 430 4376; x_wconf 87' lang='lat' dir='ltr'><strong>tales</strong></span> <span class='ocrx_word' id='word_1_545' title='bbox 460 4322 656 4393; x_wconf 89' lang='lat' dir='ltr'><strong>quales</strong></span> <span class='ocrx_word' id='word_1_546' title='bbox 707 4321 775 4374; x_wconf 90' lang='lat' dir='ltr'><strong>ad</strong></span> <span class='ocrx_word' id='word_1_547' title='bbox 807 4320 1188 4374; x_wconf 88' lang='lat' dir='ltr'><strong>sacerdotium</strong></span> <span class='ocrx_word' id='word_1_548' title='bbox 1223 4319 1434 4388; x_wconf 88' lang='lat' dir='ltr'><strong>eligere</strong></span> <span class='ocrx_word' id='word_1_549' title='bbox 1469 4317 1664 4372; x_wconf 90' lang='lat' dir='ltr'><strong>divina</strong></span> <span class='ocrx_word' id='word_1_550' title='bbox 1685 4318 1851 4387; x_wconf 89' lang='lat' dir='ltr'><strong>jubet</strong></span> <span class='ocrx_word' id='word_1_551' title='bbox 1887 4335 1988 4372; x_wconf 92' lang='lat' dir='ltr'><strong>au-</strong></span> 
     </span>
    </p>
   </div>
   <div class='ocr_carea' id='block_1_78' title="bbox 294 4405 1994 4476">
    <p class='ocr_par' dir='ltr' id='par_1_78' title="bbox 294 4405 1994 4476">
     <span class='ocr_line' id='line_1_78' title="bbox 294 4405 1994 4476; baseline -0.003 -12"><span class='ocrx_word' id='word_1_552' title='bbox 294 4410 542 4465; x_wconf 88' lang='lat' dir='ltr'><strong>ctoritas.</strong></span> <span class='ocrx_word' id='word_1_553' title='bbox 578 4408 862 4473; x_wconf 85' lang='lat' dir='ltr'><strong>Quoniam</strong></span> <span class='ocrx_word' id='word_1_554' title='bbox 907 4408 1243 4472; x_wconf 84' lang='lat' dir='ltr'><strong>sacerdotes,</strong></span> <span class='ocrx_word' id='word_1_555' title='bbox 1302 4411 1363 4460; x_wconf 91' lang='lat' dir='ltr'><strong>ut</strong></span> <span class='ocrx_word' id='word_1_556' title='bbox 1406 4407 1775 4476; x_wconf 91' lang='lat' dir='ltr'><strong>antiquorum</strong></span> <span class='ocrx_word' id='word_1_557' title='bbox 1819 4405 1994 4459; x_wconf 90' lang='lat' dir='ltr'><strong>tradit</strong></span> 
     </span>
    </p>
   </div>
   <div class='ocr_carea' id='block_1_79' title="bbox 295 4494 1989 4566">
    <p class='ocr_par' dir='ltr' id='par_1_79' title="bbox 295 4494 1989 4566">
     <span class='ocr_line' id='line_1_79' title="bbox 295 4494 1989 4566; baseline -0.004 -12"><span class='ocrx_word' id='word_1_558' title='bbox 295 4499 619 4565; x_wconf 87' lang='lat' dir='ltr'><strong>auctoritas,</strong></span> <span class='ocrx_word' id='word_1_559' title='bbox 655 4498 945 4553; x_wconf 89' lang='lat' dir='ltr'><strong>criminari</strong></span> <span class='ocrx_word' id='word_1_560' title='bbox 977 4513 1090 4551; x_wconf 94' lang='lat' dir='ltr'><strong>non</strong></span> <span class='ocrx_word' id='word_1_561' title='bbox 1135 4501 1392 4566; x_wconf 88' lang='lat' dir='ltr'><strong>possunt,</strong></span> <span class='ocrx_word' id='word_1_562' title='bbox 1425 4512 1530 4549; x_wconf 90' lang='lat' dir='ltr'><strong>nec</strong></span> <span class='ocrx_word' id='word_1_563' title='bbox 1558 4495 1617 4548; x_wconf 91' lang='lat' dir='ltr'><strong>in</strong></span> <span class='ocrx_word' id='word_1_564' title='bbox 1665 4511 1760 4548; x_wconf 89' lang='lat' dir='ltr'><strong>eos</strong></span> <span class='ocrx_word' id='word_1_565' title='bbox 1789 4494 1989 4548; x_wconf 88' lang='lat' dir='ltr'><strong>testiﬁ-</strong></span> 
     </span>
    </p>
   </div>
   <div class='ocr_carea' id='block_1_80' title="bbox 293 4586 1991 4660">
    <p class='ocr_par' dir='ltr' id='par_1_80' title="bbox 293 4586 1991 4660">
     <span class='ocr_line' id='line_1_80' title="bbox 293 4586 1991 4660; baseline -0.005 -17"><span class='ocrx_word' id='word_1_566' title='bbox 293 4589 408 4643; x_wconf 86' lang='lat' dir='ltr'><strong>cari</strong></span> <span class='ocrx_word' id='word_1_567' title='bbox 441 4587 543 4660; x_wconf 90' lang='lat' dir='ltr'><strong>qui</strong></span> <span class='ocrx_word' id='word_1_568' title='bbox 572 4588 640 4641; x_wconf 92' lang='lat' dir='ltr'><strong>ad</strong></span> <span class='ocrx_word' id='word_1_569' title='bbox 691 4587 958 4642; x_wconf 91' lang='lat' dir='ltr'><strong>eumdem</strong></span> <span class='ocrx_word' id='word_1_570' title='bbox 991 4602 1104 4640; x_wconf 93' lang='lat' dir='ltr'><strong>non</strong></span> <span class='ocrx_word' id='word_1_571' title='bbox 1150 4586 1381 4654; x_wconf 87' lang='lat' dir='ltr'><strong>debent,</strong></span> <span class='ocrx_word' id='word_1_572' title='bbox 1413 4601 1516 4638; x_wconf 90' lang='lat' dir='ltr'><strong>nec</strong></span> <span class='ocrx_word' id='word_1_573' title='bbox 1557 4588 1818 4653; x_wconf 89' lang='lat' dir='ltr'><strong>possunt,</strong></span> <span class='ocrx_word' id='word_1_574' title='bbox 1851 4600 1991 4654; x_wconf 90' lang='lat' dir='ltr'><strong>pro-</strong></span> 
     </span>
    </p>
   </div>
   <div class='ocr_carea' id='block_1_81' title="bbox 294 4679 768 4733">
    <p class='ocr_par' dir='ltr' id='par_1_81' title="bbox 294 4679 768 4733">
     <span class='ocr_line' id='line_1_81' title="bbox 294 4679 768 4733; baseline 0 -1"><span class='ocrx_word' id='word_1_575' title='bbox 294 4679 425 4733; x_wconf 87' lang='lat' dir='ltr'><strong>vehi</strong></span> <span class='ocrx_word' id='word_1_576' title='bbox 455 4679 740 4732; x_wconf 91' lang='lat' dir='ltr'><strong>honorem</strong></span> <span class='ocrx_word' id='word_1_577' title='bbox 753 4718 768 4732; x_wconf 94' lang='lat'><strong>.</strong></span> 
     </span>
    </p>
   </div>
   <div class='ocr_carea' id='block_1_82' title="bbox 453 4764 1826 4830">
    <p class='ocr_par' dir='ltr' id='par_1_82' title="bbox 453 4764 1826 4830">
     <span class='ocr_line' id='line_1_82' title="bbox 453 4764 1826 4830; baseline -0.006 -9"><span class='ocrx_word' id='word_1_578' title='bbox 453 4767 581 4822; x_wconf 80' lang='lat' dir='ltr'><strong>CAP.</strong></span> <span class='ocrx_word' id='word_1_579' title='bbox 618 4764 891 4820; x_wconf 79' lang='lat' dir='ltr'><strong>CLXXIII.</strong></span> <span class='ocrx_word' id='word_1_580' title='bbox 921 4793 988 4802; x_wconf 87' lang='lat'><strong>—-</strong></span> <span class='ocrx_word' id='word_1_581' title='bbox 1019 4765 1150 4830; x_wconf 68' lang='lat' dir='ltr'><strong>Qua</strong></span> <span class='ocrx_word' id='word_1_582' title='bbox 1169 4765 1280 4817; x_wconf 91' lang='lat' dir='ltr'><strong>sint</strong></span> <span class='ocrx_word' id='word_1_583' title='bbox 1308 4764 1540 4828; x_wconf 81' lang='lat' dir='ltr'><strong>infames</strong></span> <span class='ocrx_word' id='word_1_584' title='bbox 1569 4775 1826 4828; x_wconf 71' lang='lat' dir='ltr'><strong>persona.</strong></span> 
     </span>
    </p>
   </div>
   <div class='ocr_carea' id='block_1_83' title="bbox 363 4847 1988 4925">
    <p class='ocr_par' dir='ltr' id='par_1_83' title="bbox 363 4847 1988 4925">
     <span class='ocr_line' id='line_1_83' title="bbox 363 4847 1988 4925; baseline -0.006 -15"><span class='ocrx_word' id='word_1_585' title='bbox 363 4855 468 4925; x_wconf 79' lang='lat' dir='ltr'><strong>(Ea:</strong></span> <span class='ocrx_word' id='word_1_586' title='bbox 506 4857 664 4924; x_wconf 84' lang='lat' dir='ltr'><strong>epist.</strong></span> <span class='ocrx_word' id='word_1_587' title='bbox 716 4853 980 4922; x_wconf 84' lang='lat' dir='ltr'><strong>Stephani</strong></span> <span class='ocrx_word' id='word_1_588' title='bbox 1022 4867 1180 4922; x_wconf 75' lang='lat' dir='ltr'><strong>papae</strong></span> <span class='ocrx_word' id='word_1_589' title='bbox 1228 4851 1302 4905; x_wconf 89' lang='lat' dir='ltr'><strong>ad</strong></span> <span class='ocrx_word' id='word_1_590' title='bbox 1353 4847 1691 4918; x_wconf 86' lang='lat' dir='ltr'><strong>Hilarium.)</strong></span> <span class='ocrx_word' id='word_1_591' title='bbox 1744 4847 1988 4902; x_wconf 79' lang='lat' dir='ltr'><strong>lnt‘ames</strong></span> 
     </span>
    </p>
   </div>
   <div class='ocr_carea' id='block_1_84' title="bbox 293 4935 1992 5012">
    <p class='ocr_par' dir='ltr' id='par_1_84' title="bbox 293 4935 1992 5012">
     <span class='ocr_line' id='line_1_84' title="bbox 293 4935 1992 5012; baseline -0.005 -13"><span class='ocrx_word' id='word_1_592' title='bbox 293 4949 485 5000; x_wconf 92' lang='lat' dir='ltr'><strong>autem</strong></span> <span class='ocrx_word' id='word_1_593' title='bbox 526 4959 648 4997; x_wconf 91' lang='lat' dir='ltr'><strong>esse</strong></span> <span class='ocrx_word' id='word_1_594' title='bbox 705 4958 799 4996; x_wconf 90' lang='lat' dir='ltr'><strong>eas</strong></span> <span class='ocrx_word' id='word_1_595' title='bbox 857 4957 1130 5012; x_wconf 86' lang='lat' dir='ltr'><strong>personas</strong></span> <span class='ocrx_word' id='word_1_596' title='bbox 1162 4939 1404 4994; x_wconf 90' lang='lat' dir='ltr'><strong>dicimus</strong></span> <span class='ocrx_word' id='word_1_597' title='bbox 1459 4953 1587 5008; x_wconf 82' lang='lat' dir='ltr'><strong>qua</strong></span> <span class='ocrx_word' id='word_1_598' title='bbox 1636 4952 1739 5007; x_wconf 90' lang='lat' dir='ltr'><strong>pro</strong></span> <span class='ocrx_word' id='word_1_599' title='bbox 1797 4935 1992 5006; x_wconf 87' lang='lat' dir='ltr'><strong>aliqua</strong></span> 
     </span>
    </p>
   </div>
   <div class='ocr_carea' id='block_1_85' title="bbox 290 5025 1988 5104">
    <p class='ocr_par' dir='ltr' id='par_1_85' title="bbox 290 5025 1988 5104">
     <span class='ocr_line' id='line_1_85' title="bbox 290 5025 1988 5104; baseline -0.005 -15"><span class='ocrx_word' id='word_1_600' title='bbox 290 5035 459 5104; x_wconf 90' lang='lat' dir='ltr'><strong>culpa</strong></span> <span class='ocrx_word' id='word_1_601' title='bbox 488 5035 762 5086; x_wconf 90' lang='lat' dir='ltr'><strong>notantur</strong></span> <span class='ocrx_word' id='word_1_602' title='bbox 780 5030 1018 5085; x_wconf 85' lang='lat' dir='ltr'><strong>infamia</strong></span> <span class='ocrx_word' id='word_1_603' title='bbox 1043 5046 1056 5096; x_wconf 91' lang='lat'><strong>;</strong></span> <span class='ocrx_word' id='word_1_604' title='bbox 1090 5029 1144 5083; x_wconf 94' lang='lat' dir='ltr'><strong>id</strong></span> <span class='ocrx_word' id='word_1_605' title='bbox 1177 5033 1279 5093; x_wconf 87' lang='lat' dir='ltr'><strong>est,</strong></span> <span class='ocrx_word' id='word_1_606' title='bbox 1307 5043 1506 5081; x_wconf 90' lang='lat' dir='ltr'><strong>omnes</strong></span> <span class='ocrx_word' id='word_1_607' title='bbox 1525 5025 1622 5096; x_wconf 91' lang='lat' dir='ltr'><strong>qui</strong></span> <span class='ocrx_word' id='word_1_608' title='bbox 1653 5025 1988 5080; x_wconf 84' lang='lat' dir='ltr'><strong>Christiana</strong></span> 
     </span>
    </p>
   </div>
   <div class='ocr_carea' id='block_1_86' title="bbox 288 5113 1988 5194">
    <p class='ocr_par' dir='ltr' id='par_1_86' title="bbox 288 5113 1988 5194">
     <span class='ocr_line' id='line_1_86' title="bbox 288 5113 1988 5194; baseline -0.005 -18"><span class='ocrx_word' id='word_1_609' title='bbox 288 5123 430 5194; x_wconf 89' lang='lat' dir='ltr'><strong>legis</strong></span> <span class='ocrx_word' id='word_1_610' title='bbox 460 5136 723 5175; x_wconf 91' lang='lat' dir='ltr'><strong>normam</strong></span> <span class='ocrx_word' id='word_1_611' title='bbox 768 5119 1064 5189; x_wconf 89' lang='lat' dir='ltr'><strong>abjiciunt,</strong></span> <span class='ocrx_word' id='word_1_612' title='bbox 1098 5122 1149 5171; x_wconf 88' lang='lat' dir='ltr'><strong>et</strong></span> <span class='ocrx_word' id='word_1_613' title='bbox 1179 5122 1390 5170; x_wconf 89' lang='lat' dir='ltr'><strong>statuta</strong></span> <span class='ocrx_word' id='word_1_614' title='bbox 1439 5113 1816 5168; x_wconf 87' lang='lat' dir='ltr'><strong>ecclesiastica</strong></span> <span class='ocrx_word' id='word_1_615' title='bbox 1844 5129 1988 5168; x_wconf 90' lang='lat' dir='ltr'><strong>con-</strong></span> 
     </span>
    </p>
   </div>
   <div class='ocr_carea' id='block_1_87' title="bbox 286 5203 1986 5275">
    <p class='ocr_par' dir='ltr' id='par_1_87' title="bbox 286 5203 1986 5275">
     <span class='ocr_line' id='line_1_87' title="bbox 286 5203 1986 5275; baseline -0.006 -9"><span class='ocrx_word' id='word_1_616' title='bbox 286 5216 583 5266; x_wconf 87' lang='lat' dir='ltr'><strong>temnunt.</strong></span> <span class='ocrx_word' id='word_1_617' title='bbox 621 5209 897 5265; x_wconf 88' lang='lat' dir='ltr'><strong>Similiter</strong></span> <span class='ocrx_word' id='word_1_618' title='bbox 925 5209 1098 5275; x_wconf 91' lang='lat' dir='ltr'><strong>fures,</strong></span> <span class='ocrx_word' id='word_1_619' title='bbox 1151 5205 1480 5274; x_wconf 85' lang='lat' dir='ltr'><strong>sacrilegos,</strong></span> <span class='ocrx_word' id='word_1_620' title='bbox 1525 5208 1578 5257; x_wconf 92' lang='lat' dir='ltr'><strong>et</strong></span> <span class='ocrx_word' id='word_1_621' title='bbox 1608 5218 1807 5256; x_wconf 90' lang='lat' dir='ltr'><strong>omnes</strong></span> <span class='ocrx_word' id='word_1_622' title='bbox 1833 5203 1986 5272; x_wconf 89' lang='lat' dir='ltr'><strong>capi-</strong></span> 
     </span>
    </p>
   </div>
   <div class='ocr_carea' id='block_1_88' title="bbox 286 5291 1988 5363">
    <p class='ocr_par' dir='ltr' id='par_1_88' title="bbox 286 5291 1988 5363">
     <span class='ocr_line' id='line_1_88' title="bbox 286 5291 1988 5363; baseline -0.005 -11"><span class='ocrx_word' id='word_1_623' title='bbox 286 5299 496 5352; x_wconf 90' lang='lat' dir='ltr'><strong>talibus</strong></span> <span class='ocrx_word' id='word_1_624' title='bbox 525 5297 858 5352; x_wconf 91' lang='lat' dir='ltr'><strong>criminibus</strong></span> <span class='ocrx_word' id='word_1_625' title='bbox 889 5295 1158 5360; x_wconf 90' lang='lat' dir='ltr'><strong>irretitos,</strong></span> <span class='ocrx_word' id='word_1_626' title='bbox 1192 5294 1580 5363; x_wconf 90' lang='lat' dir='ltr'><strong>sepulcrorum</strong></span> <span class='ocrx_word' id='word_1_627' title='bbox 1613 5307 1844 5362; x_wconf 89' lang='lat' dir='ltr'><strong>quoque</strong></span> <span class='ocrx_word' id='word_1_628' title='bbox 1869 5291 1988 5344; x_wconf 91' lang='lat' dir='ltr'><strong>vio-</strong></span> 
     </span>
    </p>
   </div>
   <div class='ocr_carea' id='block_1_89' title="bbox 288 5384 1987 5454">
    <p class='ocr_par' dir='ltr' id='par_1_89' title="bbox 288 5384 1987 5454">
     <span class='ocr_line' id='line_1_89' title="bbox 288 5384 1987 5454; baseline -0.005 -13"><span class='ocrx_word' id='word_1_629' title='bbox 288 5389 519 5451; x_wconf 88' lang='lat' dir='ltr'><strong>latores,</strong></span> <span class='ocrx_word' id='word_1_630' title='bbox 575 5390 633 5440; x_wconf 89' lang='lat' dir='ltr'><strong>et</strong></span> <span class='ocrx_word' id='word_1_631' title='bbox 679 5384 1072 5454; x_wconf 86' lang='lat' dir='ltr'><strong>apostolorum</strong></span> <span class='ocrx_word' id='word_1_632' title='bbox 1120 5387 1291 5452; x_wconf 90' lang='lat' dir='ltr'><strong>atque</strong></span> <span class='ocrx_word' id='word_1_633' title='bbox 1345 5395 1730 5433; x_wconf 90' lang='lat' dir='ltr'><strong>successorum</strong></span> <span class='ocrx_word' id='word_1_634' title='bbox 1789 5395 1987 5433; x_wconf 90' lang='lat' dir='ltr'><strong>eorum</strong></span> 
     </span>
    </p>
   </div>
   <div class='ocr_carea' id='block_1_90' title="bbox 287 5468 1988 5545">
    <p class='ocr_par' dir='ltr' id='par_1_90' title="bbox 287 5468 1988 5545">
     <span class='ocr_line' id='line_1_90' title="bbox 287 5468 1988 5545; baseline -0.005 -17"><span class='ocrx_word' id='word_1_635' title='bbox 287 5475 555 5545; x_wconf 90' lang='lat' dir='ltr'><strong>religiosa</strong></span> <span class='ocrx_word' id='word_1_636' title='bbox 584 5479 905 5527; x_wconf 88' lang='lat' dir='ltr'><strong>sanctorum</strong></span> <span class='ocrx_word' id='word_1_637' title='bbox 957 5473 1192 5526; x_wconf 90' lang='lat' dir='ltr'><strong>Patrum</strong></span> <span class='ocrx_word' id='word_1_638' title='bbox 1241 5472 1450 5522; x_wconf 89' lang='lat' dir='ltr'><strong>statuta</strong></span> <span class='ocrx_word' id='word_1_639' title='bbox 1500 5468 1740 5522; x_wconf 90' lang='lat' dir='ltr'><strong>libenter</strong></span> <span class='ocrx_word' id='word_1_640' title='bbox 1769 5468 1988 5521; x_wconf 90' lang='lat' dir='ltr'><strong>violan-</strong></span> 
     </span>
    </p>
   </div>
   <div class='ocr_carea' id='block_1_91' title="bbox 286 5556 1988 5633">
    <p class='ocr_par' dir='ltr' id='par_1_91' title="bbox 286 5556 1988 5633">
     <span class='ocr_line' id='line_1_91' title="bbox 286 5556 1988 5633; baseline -0.004 -15"><span class='ocrx_word' id='word_1_641' title='bbox 286 5569 391 5630; x_wconf 89' lang='lat' dir='ltr'><strong>tes,</strong></span> <span class='ocrx_word' id='word_1_642' title='bbox 420 5567 475 5617; x_wconf 90' lang='lat' dir='ltr'><strong>et</strong></span> <span class='ocrx_word' id='word_1_643' title='bbox 505 5577 705 5616; x_wconf 89' lang='lat' dir='ltr'><strong>omnes</strong></span> <span class='ocrx_word' id='word_1_644' title='bbox 735 5562 832 5633; x_wconf 91' lang='lat' dir='ltr'><strong>qui</strong></span> <span class='ocrx_word' id='word_1_645' title='bbox 863 5561 1133 5616; x_wconf 89' lang='lat' dir='ltr'><strong>adversus</strong></span> <span class='ocrx_word' id='word_1_646' title='bbox 1188 5560 1380 5613; x_wconf 87' lang='lat' dir='ltr'><strong>Patres</strong></span> <span class='ocrx_word' id='word_1_647' title='bbox 1418 5561 1738 5625; x_wconf 89' lang='lat' dir='ltr'><strong>armantur,</strong></span> <span class='ocrx_word' id='word_1_648' title='bbox 1788 5556 1887 5628; x_wconf 90' lang='lat' dir='ltr'><strong>qui</strong></span> <span class='ocrx_word' id='word_1_649' title='bbox 1927 5557 1988 5611; x_wconf 89' lang='lat' dir='ltr'><strong>in</strong></span> 
     </span>
    </p>
   </div>
   <div class='ocr_carea' id='block_1_92' title="bbox 2101 3079 3798 3150">
    <p class='ocr_par' dir='ltr' id='par_1_92' title="bbox 2101 3079 3798 3150">
     <span class='ocr_line' id='line_1_92' title="bbox 2101 3079 3798 3150; baseline 0.001 -19"><span class='ocrx_word' id='word_1_650' title='bbox 2101 3079 2202 3132; x_wconf 84' lang='lat' dir='ltr'><strong>cia</strong></span> <span class='ocrx_word' id='word_1_651' title='bbox 2236 3079 2519 3149; x_wconf 89' lang='lat' dir='ltr'><strong>episcopis</strong></span> <span class='ocrx_word' id='word_1_652' title='bbox 2549 3079 2692 3132; x_wconf 90' lang='lat' dir='ltr'><strong>mihi</strong></span> <span class='ocrx_word' id='word_1_653' title='bbox 2737 3079 3020 3133; x_wconf 88' lang='lat' dir='ltr'><strong>audiatur.</strong></span> <span class='ocrx_word' id='word_1_654' title='bbox 3073 3080 3195 3144; x_wconf 90' lang='lat' dir='ltr'><strong>Quo</strong></span> <span class='ocrx_word' id='word_1_655' title='bbox 3252 3085 3310 3134; x_wconf 89' lang='lat' dir='ltr'><strong>et</strong></span> <span class='ocrx_word' id='word_1_656' title='bbox 3358 3081 3480 3150; x_wconf 89' lang='lat' dir='ltr'><strong>ipse</strong></span> <span class='ocrx_word' id='word_1_657' title='bbox 3521 3080 3798 3150; x_wconf 89' lang='lat' dir='ltr'><strong>regulari-</strong></span> 
     </span>
    </p>
   </div>
   <div class='ocr_carea' id='block_1_93' title="bbox 2100 3167 3801 3238">
    <p class='ocr_par' dir='ltr' id='par_1_93' title="bbox 2100 3167 3801 3238">
     <span class='ocr_line' id='line_1_93' title="bbox 2100 3167 3801 3238; baseline 0 -18"><span class='ocrx_word' id='word_1_658' title='bbox 2100 3171 2186 3220; x_wconf 88' lang='lat' dir='ltr'><strong>ter</strong></span> <span class='ocrx_word' id='word_1_659' title='bbox 2213 3171 2570 3229; x_wconf 82' lang='lat' dir='ltr'><strong>convocatus,</strong></span> <span class='ocrx_word' id='word_1_660' title='bbox 2604 3167 2649 3220; x_wconf 91' lang='lat' dir='ltr'><strong>si</strong></span> <span class='ocrx_word' id='word_1_661' title='bbox 2698 3182 2828 3223; x_wconf 91' lang='lat' dir='ltr'><strong>eum</strong></span> <span class='ocrx_word' id='word_1_662' title='bbox 2861 3174 2957 3221; x_wconf 92' lang='lat' dir='ltr'><strong>aut</strong></span> <span class='ocrx_word' id='word_1_663' title='bbox 2989 3168 3294 3222; x_wconf 88' lang='lat' dir='ltr'><strong>inﬁrmitas</strong></span> <span class='ocrx_word' id='word_1_664' title='bbox 3333 3175 3431 3222; x_wconf 92' lang='lat' dir='ltr'><strong>aut</strong></span> <span class='ocrx_word' id='word_1_665' title='bbox 3460 3169 3571 3222; x_wconf 91' lang='lat' dir='ltr'><strong>alia</strong></span> <span class='ocrx_word' id='word_1_666' title='bbox 3611 3168 3801 3238; x_wconf 89' lang='lat' dir='ltr'><strong>gravis</strong></span> 
     </span>
    </p>
   </div>
   <div class='ocr_carea' id='block_1_94' title="bbox 2101 3255 3802 3328">
    <p class='ocr_par' dir='ltr' id='par_1_94' title="bbox 2101 3255 3802 3328">
     <span class='ocr_line' id='line_1_94' title="bbox 2101 3255 3802 3328; baseline 0.001 -20"><span class='ocrx_word' id='word_1_667' title='bbox 2101 3255 2409 3309; x_wconf 90' lang='lat' dir='ltr'><strong>necessitas</strong></span> <span class='ocrx_word' id='word_1_668' title='bbox 2495 3271 2612 3308; x_wconf 89' lang='lat' dir='ltr'><strong>non</strong></span> <span class='ocrx_word' id='word_1_669' title='bbox 2685 3255 3014 3321; x_wconf 90' lang='lat' dir='ltr'><strong>detinuerit,</strong></span> <span class='ocrx_word' id='word_1_670' title='bbox 3101 3257 3296 3310; x_wconf 88' lang='lat' dir='ltr'><strong>adesse</strong></span> <span class='ocrx_word' id='word_1_671' title='bbox 3378 3257 3586 3311; x_wconf 88' lang='lat' dir='ltr'><strong>debet:</strong></span> <span class='ocrx_word' id='word_1_672' title='bbox 3663 3257 3802 3328; x_wconf 90' lang='lat' dir='ltr'><strong>quia</strong></span> 
     </span>
    </p>
   </div>
   <div class='ocr_carea' id='block_1_95' title="bbox 2103 3344 3803 3414">
    <p class='ocr_par' dir='ltr' id='par_1_95' title="bbox 2103 3344 3803 3414">
     <span class='ocr_line' id='line_1_95' title="bbox 2103 3344 3803 3414; baseline 0.001 -17"><span class='ocrx_word' id='word_1_673' title='bbox 2103 3345 2249 3397; x_wconf 87' lang='lat' dir='ltr'><strong>ultra</strong></span> <span class='ocrx_word' id='word_1_674' title='bbox 2314 3344 2626 3414; x_wconf 88' lang='lat' dir='ltr'><strong>provincia</strong></span> <span class='ocrx_word' id='word_1_675' title='bbox 2685 3345 2959 3398; x_wconf 87' lang='lat' dir='ltr'><strong>terminos</strong></span> <span class='ocrx_word' id='word_1_676' title='bbox 3017 3345 3322 3400; x_wconf 85' lang='lat' dir='ltr'><strong>accusandi</strong></span> <span class='ocrx_word' id='word_1_677' title='bbox 3378 3351 3511 3400; x_wconf 88' lang='lat' dir='ltr'><strong>ante</strong></span> <span class='ocrx_word' id='word_1_678' title='bbox 3564 3345 3803 3399; x_wconf 90' lang='lat' dir='ltr'><strong>licentia</strong></span> 
     </span>
    </p>
   </div>
   <div class='ocr_carea' id='block_1_96' title="bbox 2101 3432 3802 3504">
    <p class='ocr_par' dir='ltr' id='par_1_96' title="bbox 2101 3432 3802 3504">
     <span class='ocr_line' id='line_1_96' title="bbox 2101 3432 3802 3504; baseline 0.001 -19"><span class='ocrx_word' id='word_1_679' title='bbox 2101 3449 2218 3486; x_wconf 94' lang='lat' dir='ltr'><strong>non</strong></span> <span class='ocrx_word' id='word_1_680' title='bbox 2251 3437 2333 3485; x_wconf 90' lang='lat' dir='ltr'><strong>est</strong></span> <span class='ocrx_word' id='word_1_681' title='bbox 2361 3448 2535 3503; x_wconf 89' lang='lat' dir='ltr'><strong>quam</strong></span> <span class='ocrx_word' id='word_1_682' title='bbox 2592 3432 2885 3486; x_wconf 89' lang='lat' dir='ltr'><strong>audientia</strong></span> <span class='ocrx_word' id='word_1_683' title='bbox 2939 3440 3188 3504; x_wconf 87' lang='lat' dir='ltr'><strong>rogetur.</strong></span> <span class='ocrx_word' id='word_1_684' title='bbox 3249 3433 3413 3498; x_wconf 90' lang='lat' dir='ltr'><strong>Quod</strong></span> <span class='ocrx_word' id='word_1_685' title='bbox 3465 3434 3511 3487; x_wconf 86' lang='lat' dir='ltr'><strong>si</strong></span> <span class='ocrx_word' id='word_1_686' title='bbox 3560 3451 3802 3504; x_wconf 91' lang='lat' dir='ltr'><strong>quoquo</strong></span> 
     </span>
    </p>
   </div>
   <div class='ocr_carea' id='block_1_97' title="bbox 2102 3521 3803 3594">
    <p class='ocr_par' dir='ltr' id='par_1_97' title="bbox 2102 3521 3803 3594">
     <span class='ocr_line' id='line_1_97' title="bbox 2102 3521 3803 3594; baseline 0.001 -19"><span class='ocrx_word' id='word_1_687' title='bbox 2102 3521 2270 3575; x_wconf 94' lang='lat' dir='ltr'><strong>modo</strong></span> <span class='ocrx_word' id='word_1_688' title='bbox 2301 3526 2716 3591; x_wconf 73' lang='lat' dir='ltr'><strong>praesumptum</strong></span> <span class='ocrx_word' id='word_1_689' title='bbox 2765 3521 2959 3590; x_wconf 89' lang='lat' dir='ltr'><strong>fuerit,</strong></span> <span class='ocrx_word' id='word_1_690' title='bbox 2994 3527 3316 3576; x_wconf 86' lang='lat' dir='ltr'><strong>statuerunt</strong></span> <span class='ocrx_word' id='word_1_691' title='bbox 3357 3528 3440 3587; x_wconf 90' lang='lat' dir='ltr'><strong>ut,</strong></span> <span class='ocrx_word' id='word_1_692' title='bbox 3487 3527 3803 3594; x_wconf 88' lang='lat' dir='ltr'><strong>antequam</strong></span> 
     </span>
    </p>
   </div>
   <div class='ocr_carea' id='block_1_98' title="bbox 2102 3609 3803 3680">
    <p class='ocr_par' dir='ltr' id='par_1_98' title="bbox 2102 3609 3803 3680">
     <span class='ocr_line' id='line_1_98' title="bbox 2102 3609 3803 3680; baseline 0.001 -16"><span class='ocrx_word' id='word_1_693' title='bbox 2102 3615 2159 3664; x_wconf 89' lang='lat' dir='ltr'><strong>et</strong></span> <span class='ocrx_word' id='word_1_694' title='bbox 2202 3609 2470 3680; x_wconf 91' lang='lat' dir='ltr'><strong>proprius</strong></span> <span class='ocrx_word' id='word_1_695' title='bbox 2518 3610 2671 3662; x_wconf 91' lang='lat' dir='ltr'><strong>locus</strong></span> <span class='ocrx_word' id='word_1_696' title='bbox 2719 3614 2775 3663; x_wconf 90' lang='lat' dir='ltr'><strong>et</strong></span> <span class='ocrx_word' id='word_1_697' title='bbox 2803 3626 2905 3663; x_wconf 90' lang='lat' dir='ltr'><strong>sua</strong></span> <span class='ocrx_word' id='word_1_698' title='bbox 2955 3609 3150 3663; x_wconf 88' lang='lat' dir='ltr'><strong>omnia</strong></span> <span class='ocrx_word' id='word_1_699' title='bbox 3180 3610 3231 3663; x_wconf 92' lang='lat' dir='ltr'><strong>ei</strong></span> <span class='ocrx_word' id='word_1_700' title='bbox 3286 3611 3507 3680; x_wconf 89' lang='lat' dir='ltr'><strong>legibus</strong></span> <span class='ocrx_word' id='word_1_701' title='bbox 3549 3611 3803 3665; x_wconf 88' lang='lat' dir='ltr'><strong>redinte-</strong></span> 
     </span>
    </p>
   </div>
   <div class='ocr_carea' id='block_1_99' title="bbox 2102 3697 3800 3769">
    <p class='ocr_par' dir='ltr' id='par_1_99' title="bbox 2102 3697 3800 3769">
     <span class='ocr_line' id='line_1_99' title="bbox 2102 3697 3800 3769; baseline 0.001 -17"><span class='ocrx_word' id='word_1_702' title='bbox 2102 3704 2362 3769; x_wconf 91' lang='lat' dir='ltr'><strong>grentur,</strong></span> <span class='ocrx_word' id='word_1_703' title='bbox 2411 3697 2740 3751; x_wconf 88' lang='lat' dir='ltr'><strong>nullatenus</strong></span> <span class='ocrx_word' id='word_1_704' title='bbox 2795 3715 2825 3751; x_wconf 91' lang='lat' dir='ltr'><strong>a</strong></span> <span class='ocrx_word' id='word_1_705' title='bbox 2871 3715 3159 3769; x_wconf 90' lang='lat' dir='ltr'><strong>quoquam</strong></span> <span class='ocrx_word' id='word_1_706' title='bbox 3219 3705 3512 3753; x_wconf 87' lang='lat' dir='ltr'><strong>accusetur</strong></span> <span class='ocrx_word' id='word_1_707' title='bbox 3541 3704 3640 3753; x_wconf 90' lang='lat' dir='ltr'><strong>aut</strong></span> <span class='ocrx_word' id='word_1_708' title='bbox 3687 3701 3800 3754; x_wconf 89' lang='lat' dir='ltr'><strong>cri-</strong></span> 
     </span>
    </p>
   </div>
   <div class='ocr_carea' id='block_1_100' title="bbox 2100 3786 3800 3859">
    <p class='ocr_par' dir='ltr' id='par_1_100' title="bbox 2100 3786 3800 3859">
     <span class='ocr_line' id='line_1_100' title="bbox 2100 3786 3800 3859; baseline 0.001 -19"><span class='ocrx_word' id='word_1_709' title='bbox 2100 3787 2389 3840; x_wconf 90' lang='lat' dir='ltr'><strong>minetur:</strong></span> <span class='ocrx_word' id='word_1_710' title='bbox 2442 3792 2497 3840; x_wconf 92' lang='lat' dir='ltr'><strong>et</strong></span> <span class='ocrx_word' id='word_1_711' title='bbox 2530 3786 2879 3857; x_wconf 77' lang='lat' dir='ltr'><strong>nisi&#39;sponte</strong></span> <span class='ocrx_word' id='word_1_712' title='bbox 2925 3787 3180 3858; x_wconf 88' lang='lat' dir='ltr'><strong>elegerit,</strong></span> <span class='ocrx_word' id='word_1_713' title='bbox 3222 3788 3494 3859; x_wconf 91' lang='lat' dir='ltr'><strong>cuiquam</strong></span> <span class='ocrx_word' id='word_1_714' title='bbox 3524 3803 3628 3858; x_wconf 91' lang='lat' dir='ltr'><strong>pro</strong></span> <span class='ocrx_word' id='word_1_715' title='bbox 3667 3789 3800 3841; x_wconf 86' lang='lat' dir='ltr'><strong>tali-</strong></span> 
     </span>
    </p>
   </div>
   <div class='ocr_carea' id='block_1_101' title="bbox 2100 3875 3802 3947">
    <p class='ocr_par' dir='ltr' id='par_1_101' title="bbox 2100 3875 3802 3947">
     <span class='ocr_line' id='line_1_101' title="bbox 2100 3875 3802 3947; baseline 0.001 -17"><span class='ocrx_word' id='word_1_716' title='bbox 2100 3875 2208 3930; x_wconf 91' lang='lat' dir='ltr'><strong>bus</strong></span> <span class='ocrx_word' id='word_1_717' title='bbox 2234 3875 2591 3946; x_wconf 88' lang='lat' dir='ltr'><strong>respondeat.</strong></span> <span class='ocrx_word' id='word_1_718' title='bbox 2641 3875 2748 3930; x_wconf 90' lang='lat' dir='ltr'><strong>Sed</strong></span> <span class='ocrx_word' id='word_1_719' title='bbox 2783 3880 3107 3946; x_wconf 87' lang='lat' dir='ltr'><strong>postquam,</strong></span> <span class='ocrx_word' id='word_1_720' title='bbox 3152 3881 3216 3930; x_wconf 93' lang='lat' dir='ltr'><strong>ut</strong></span> <span class='ocrx_word' id='word_1_721' title='bbox 3245 3877 3539 3947; x_wconf 85' lang='lat' dir='ltr'><strong>praﬁxum</strong></span> <span class='ocrx_word' id='word_1_722' title='bbox 3572 3881 3675 3942; x_wconf 89' lang='lat' dir='ltr'><strong>est,</strong></span> <span class='ocrx_word' id='word_1_723' title='bbox 3711 3893 3802 3931; x_wconf 86' lang='lat' dir='ltr'><strong>re-</strong></span> 
     </span>
    </p>
   </div>
   <div class='ocr_carea' id='block_1_102' title="bbox 2103 3963 3805 4035">
    <p class='ocr_par' dir='ltr' id='par_1_102' title="bbox 2103 3963 3805 4035">
     <span class='ocr_line' id='line_1_102' title="bbox 2103 3963 3805 4035; baseline 0.001 -18"><span class='ocrx_word' id='word_1_724' title='bbox 2103 3964 2332 4018; x_wconf 89' lang='lat' dir='ltr'><strong>stitutus</strong></span> <span class='ocrx_word' id='word_1_725' title='bbox 2364 3963 2557 4026; x_wconf 86' lang='lat' dir='ltr'><strong>fuerit,</strong></span> <span class='ocrx_word' id='word_1_726' title='bbox 2594 3969 2646 4017; x_wconf 90' lang='lat' dir='ltr'><strong>et</strong></span> <span class='ocrx_word' id='word_1_727' title='bbox 2697 3980 2797 4016; x_wconf 91' lang='lat' dir='ltr'><strong>sua</strong></span> <span class='ocrx_word' id='word_1_728' title='bbox 2829 3963 3024 4017; x_wconf 93' lang='lat' dir='ltr'><strong>omnia</strong></span> <span class='ocrx_word' id='word_1_729' title='bbox 3069 3965 3118 4017; x_wconf 92' lang='lat' dir='ltr'><strong>ei</strong></span> <span class='ocrx_word' id='word_1_730' title='bbox 3161 3965 3381 4035; x_wconf 88' lang='lat' dir='ltr'><strong>legibus</strong></span> <span class='ocrx_word' id='word_1_731' title='bbox 3411 3966 3805 4035; x_wconf 83' lang='lat' dir='ltr'><strong>redintegrata</strong></span> 
     </span>
    </p>
   </div>
   <div class='ocr_carea' id='block_1_103' title="bbox 2102 4053 3804 4124">
    <p class='ocr_par' dir='ltr' id='par_1_103' title="bbox 2102 4053 3804 4124">
     <span class='ocr_line' id='line_1_103' title="bbox 2102 4053 3804 4124; baseline 0.001 -17"><span class='ocrx_word' id='word_1_732' title='bbox 2102 4059 2253 4119; x_wconf 90' lang='lat' dir='ltr'><strong>sunt,</strong></span> <span class='ocrx_word' id='word_1_733' title='bbox 2306 4053 2596 4123; x_wconf 89' lang='lat' dir='ltr'><strong>dispositis</strong></span> <span class='ocrx_word' id='word_1_734' title='bbox 2622 4053 3016 4124; x_wconf 89' lang='lat' dir='ltr'><strong>ordinatisque</strong></span> <span class='ocrx_word' id='word_1_735' title='bbox 3047 4054 3182 4118; x_wconf 92' lang='lat' dir='ltr'><strong>suis,</strong></span> <span class='ocrx_word' id='word_1_736' title='bbox 3229 4070 3502 4124; x_wconf 90' lang='lat' dir='ltr'><strong>magnum</strong></span> <span class='ocrx_word' id='word_1_737' title='bbox 3548 4056 3804 4123; x_wconf 88' lang='lat' dir='ltr'><strong>spatium</strong></span> 
     </span>
    </p>
   </div>
   <div class='ocr_carea' id='block_1_104' title="bbox 2101 4141 3807 4212">
    <p class='ocr_par' dir='ltr' id='par_1_104' title="bbox 2101 4141 3807 4212">
     <span class='ocr_line' id='line_1_104' title="bbox 2101 4141 3807 4212; baseline -0.001 -15"><span class='ocrx_word' id='word_1_738' title='bbox 2101 4141 2381 4197; x_wconf 89' lang='lat' dir='ltr'><strong>tractandi</strong></span> <span class='ocrx_word' id='word_1_739' title='bbox 2411 4157 2638 4195; x_wconf 90' lang='lat' dir='ltr'><strong>causam</strong></span> <span class='ocrx_word' id='word_1_740' title='bbox 2672 4141 2724 4194; x_wconf 91' lang='lat' dir='ltr'><strong>ei</strong></span> <span class='ocrx_word' id='word_1_741' title='bbox 2752 4142 3113 4196; x_wconf 90' lang='lat' dir='ltr'><strong>concedatur.</strong></span> <span class='ocrx_word' id='word_1_742' title='bbox 3157 4143 3221 4196; x_wconf 89' lang='lat' dir='ltr'><strong>Et</strong></span> <span class='ocrx_word' id='word_1_743' title='bbox 3251 4150 3464 4212; x_wconf 88' lang='lat' dir='ltr'><strong>postea,</strong></span> <span class='ocrx_word' id='word_1_744' title='bbox 3519 4143 3566 4196; x_wconf 90' lang='lat' dir='ltr'><strong>si</strong></span> <span class='ocrx_word' id='word_1_745' title='bbox 3611 4159 3807 4197; x_wconf 79' lang='lat' dir='ltr'><strong>neces-</strong></span> 
     </span>
    </p>
   </div>
   <div class='ocr_carea' id='block_1_105' title="bbox 2024 4230 3799 4322">
    <p class='ocr_par' dir='ltr' id='par_1_105' title="bbox 2024 4230 3799 4322">
     <span class='ocr_line' id='line_1_105' title="bbox 2024 4230 3799 4322; baseline 0 -38"><span class='ocrx_word' id='word_1_746' title='bbox 2024 4270 2066 4322; x_wconf 67' lang='grc' dir='ltr'>Β</span> <span class='ocrx_word' id='word_1_747' title='bbox 2105 4247 2162 4284; x_wconf 86' lang='lat' dir='ltr'><strong>se</strong></span> <span class='ocrx_word' id='word_1_748' title='bbox 2190 4230 2382 4289; x_wconf 89' lang='lat' dir='ltr'><strong>fuerit,</strong></span> <span class='ocrx_word' id='word_1_749' title='bbox 2415 4230 2756 4299; x_wconf 89' lang='lat' dir='ltr'><strong>regulariter</strong></span> <span class='ocrx_word' id='word_1_750' title='bbox 2782 4236 3014 4284; x_wconf 89' lang='lat' dir='ltr'><strong>vocatus</strong></span> <span class='ocrx_word' id='word_1_751' title='bbox 3073 4232 3265 4285; x_wconf 88' lang='lat' dir='ltr'><strong>veniat</strong></span> <span class='ocrx_word' id='word_1_752' title='bbox 3311 4232 3378 4286; x_wconf 94' lang='lat' dir='ltr'><strong>ad</strong></span> <span class='ocrx_word' id='word_1_753' title='bbox 3438 4247 3688 4298; x_wconf 87' lang='lat' dir='ltr'><strong>causam,</strong></span> <span class='ocrx_word' id='word_1_754' title='bbox 3723 4237 3799 4297; x_wconf 89' lang='lat' dir='ltr'><strong>et,</strong></span> 
     </span>
    </p>
   </div>
   <div class='ocr_carea' id='block_1_106' title="bbox 2104 4317 3802 4390">
    <p class='ocr_par' dir='ltr' id='par_1_106' title="bbox 2104 4317 3802 4390">
     <span class='ocr_line' id='line_1_106' title="bbox 2104 4317 3802 4390; baseline 0.001 -18"><span class='ocrx_word' id='word_1_755' title='bbox 2104 4319 2150 4372; x_wconf 90' lang='lat' dir='ltr'><strong>si</strong></span> <span class='ocrx_word' id='word_1_756' title='bbox 2181 4319 2394 4387; x_wconf 91' lang='lat' dir='ltr'><strong>injuste</strong></span> <span class='ocrx_word' id='word_1_757' title='bbox 2420 4317 2605 4371; x_wconf 91' lang='lat' dir='ltr'><strong>visum</strong></span> <span class='ocrx_word' id='word_1_758' title='bbox 2655 4317 2848 4386; x_wconf 82' lang='lat' dir='ltr'><strong>fuerit,</strong></span> <span class='ocrx_word' id='word_1_759' title='bbox 2884 4321 3270 4373; x_wconf 90' lang='lat' dir='ltr'><strong>accusantium</strong></span> <span class='ocrx_word' id='word_1_760' title='bbox 3305 4319 3802 4390; x_wconf 90' lang='lat' dir='ltr'><strong>propositionibus</strong></span> 
     </span>
    </p>
   </div>
   <div class='ocr_carea' id='block_1_107' title="bbox 2102 4407 3799 4478">
    <p class='ocr_par' dir='ltr' id='par_1_107' title="bbox 2102 4407 3799 4478">
     <span class='ocr_line' id='line_1_107' title="bbox 2102 4407 3799 4478; baseline 0.001 -18"><span class='ocrx_word' id='word_1_761' title='bbox 2102 4411 2516 4461; x_wconf 80' lang='lat' dir='ltr'><strong>sustentatione</strong></span> <span class='ocrx_word' id='word_1_762' title='bbox 2575 4407 2815 4460; x_wconf 85' lang='lat' dir='ltr'><strong>fratrum</strong></span> <span class='ocrx_word' id='word_1_763' title='bbox 2868 4408 3231 4476; x_wconf 89' lang='lat' dir='ltr'><strong>respondeat.</strong></span> <span class='ocrx_word' id='word_1_764' title='bbox 3266 4409 3430 4462; x_wconf 88' lang='lat' dir='ltr'><strong>Nulla</strong></span> <span class='ocrx_word' id='word_1_765' title='bbox 3481 4408 3634 4462; x_wconf 90' lang='lat' dir='ltr'><strong>enim</strong></span> <span class='ocrx_word' id='word_1_766' title='bbox 3666 4425 3799 4478; x_wconf 86' lang='lat' dir='ltr'><strong>per-</strong></span> 
     </span>
    </p>
   </div>
   <div class='ocr_carea' id='block_1_108' title="bbox 2103 4494 3795 4566">
    <p class='ocr_par' dir='ltr' id='par_1_108' title="bbox 2103 4494 3795 4566">
     <span class='ocr_line' id='line_1_108' title="bbox 2103 4494 3795 4566; baseline 0.002 -18"><span class='ocrx_word' id='word_1_767' title='bbox 2103 4495 2276 4549; x_wconf 91' lang='lat' dir='ltr'><strong>mittit</strong></span> <span class='ocrx_word' id='word_1_768' title='bbox 2305 4495 2470 4559; x_wconf 88' lang='lat' dir='ltr'><strong>ratio,</strong></span> <span class='ocrx_word' id='word_1_769' title='bbox 2504 4494 2640 4548; x_wconf 92' lang='lat' dir='ltr'><strong>dum</strong></span> <span class='ocrx_word' id='word_1_770' title='bbox 2673 4495 2744 4548; x_wconf 90' lang='lat' dir='ltr'><strong>ad</strong></span> <span class='ocrx_word' id='word_1_771' title='bbox 2782 4499 3007 4564; x_wconf 87' lang='lat' dir='ltr'><strong>tempus</strong></span> <span class='ocrx_word' id='word_1_772' title='bbox 3037 4497 3161 4566; x_wconf 89' lang='lat' dir='ltr'><strong>ejus</strong></span> <span class='ocrx_word' id='word_1_773' title='bbox 3186 4496 3356 4562; x_wconf 88' lang='lat' dir='ltr'><strong>bona,</strong></span> <span class='ocrx_word' id='word_1_774' title='bbox 3390 4497 3477 4550; x_wconf 91' lang='lat' dir='ltr'><strong>vel</strong></span> <span class='ocrx_word' id='word_1_775' title='bbox 3513 4497 3795 4563; x_wconf 83' lang='lat' dir='ltr'><strong>Ecclesia,</strong></span> 
     </span>
    </p>
   </div>
   <div class='ocr_carea' id='block_1_109' title="bbox 2101 4583 3798 4656">
    <p class='ocr_par' dir='ltr' id='par_1_109' title="bbox 2101 4583 3798 4656">
     <span class='ocr_line' id='line_1_109' title="bbox 2101 4583 3798 4656; baseline 0.001 -19"><span class='ocrx_word' id='word_1_776' title='bbox 2101 4589 2269 4655; x_wconf 92' lang='lat' dir='ltr'><strong>atque</strong></span> <span class='ocrx_word' id='word_1_777' title='bbox 2302 4600 2390 4637; x_wconf 91' lang='lat' dir='ltr'><strong>res</strong></span> <span class='ocrx_word' id='word_1_778' title='bbox 2421 4583 2492 4637; x_wconf 90' lang='lat' dir='ltr'><strong>ab</strong></span> <span class='ocrx_word' id='word_1_779' title='bbox 2524 4584 2748 4637; x_wconf 80' lang='lat' dir='ltr'><strong>amulis</strong></span> <span class='ocrx_word' id='word_1_780' title='bbox 2777 4589 2874 4637; x_wconf 91' lang='lat' dir='ltr'><strong>aut</strong></span> <span class='ocrx_word' id='word_1_781' title='bbox 2900 4599 2932 4636; x_wconf 90' lang='lat' dir='ltr'><strong>a</strong></span> <span class='ocrx_word' id='word_1_782' title='bbox 2958 4585 3417 4656; x_wconf 89' lang='lat' dir='ltr'><strong>quibuscumque</strong></span> <span class='ocrx_word' id='word_1_783' title='bbox 3448 4585 3798 4650; x_wconf 84' lang='lat' dir='ltr'><strong>detinentur,</strong></span> 
     </span>
    </p>
   </div>
   <div class='ocr_carea' id='block_1_110' title="bbox 2102 4671 3798 4743">
    <p class='ocr_par' dir='ltr' id='par_1_110' title="bbox 2102 4671 3798 4743">
     <span class='ocr_line' id='line_1_110' title="bbox 2102 4671 3798 4743; baseline 0.002 -18"><span class='ocrx_word' id='word_1_784' title='bbox 2102 4678 2162 4725; x_wconf 93' lang='lat' dir='ltr'><strong>ut</strong></span> <span class='ocrx_word' id='word_1_785' title='bbox 2187 4672 2405 4743; x_wconf 91' lang='lat' dir='ltr'><strong>aliquid</strong></span> <span class='ocrx_word' id='word_1_786' title='bbox 2437 4671 2520 4724; x_wconf 92' lang='lat' dir='ltr'><strong>illi</strong></span> <span class='ocrx_word' id='word_1_787' title='bbox 2544 4671 2716 4741; x_wconf 91' lang='lat' dir='ltr'><strong>objici</strong></span> <span class='ocrx_word' id='word_1_788' title='bbox 2749 4672 2973 4738; x_wconf 89' lang='lat' dir='ltr'><strong>debeat,</strong></span> <span class='ocrx_word' id='word_1_789' title='bbox 3027 4688 3132 4726; x_wconf 92' lang='lat' dir='ltr'><strong>nec</strong></span> <span class='ocrx_word' id='word_1_790' title='bbox 3163 4673 3478 4743; x_wconf 89' lang='lat' dir='ltr'><strong>quidquam</strong></span> <span class='ocrx_word' id='word_1_791' title='bbox 3517 4678 3703 4743; x_wconf 90' lang='lat' dir='ltr'><strong>potest</strong></span> <span class='ocrx_word' id='word_1_792' title='bbox 3744 4675 3798 4728; x_wconf 91' lang='lat' dir='ltr'><strong>ei</strong></span> 
     </span>
    </p>
   </div>
   <div class='ocr_carea' id='block_1_111' title="bbox 2100 4759 3794 4831">
    <p class='ocr_par' dir='ltr' id='par_1_111' title="bbox 2100 4759 3794 4831">
     <span class='ocr_line' id='line_1_111' title="bbox 2100 4759 3794 4831; baseline 0.001 -17"><span class='ocrx_word' id='word_1_793' title='bbox 2100 4759 2528 4830; x_wconf 90' lang='lat' dir='ltr'><strong>quomodolibet</strong></span> <span class='ocrx_word' id='word_1_794' title='bbox 2579 4761 2863 4830; x_wconf 82' lang='lat' dir='ltr'><strong>majorum</strong></span> <span class='ocrx_word' id='word_1_795' title='bbox 2923 4761 3009 4814; x_wconf 75' lang='lat' dir='ltr'><strong>vel</strong></span> <span class='ocrx_word' id='word_1_796' title='bbox 3063 4760 3354 4815; x_wconf 91' lang='lat' dir='ltr'><strong>minorum</strong></span> <span class='ocrx_word' id='word_1_797' title='bbox 3402 4762 3590 4831; x_wconf 86' lang='lat' dir='ltr'><strong>objici,</strong></span> <span class='ocrx_word' id='word_1_798' title='bbox 3654 4762 3794 4816; x_wconf 92' lang='lat' dir='ltr'><strong>dum</strong></span> 
     </span>
    </p>
   </div>
   <div class='ocr_carea' id='block_1_112' title="bbox 2103 4848 3541 4919">
    <p class='ocr_par' dir='ltr' id='par_1_112' title="bbox 2103 4848 3541 4919">
     <span class='ocr_line' id='line_1_112' title="bbox 2103 4848 3541 4919; baseline -0.001 -16"><span class='ocrx_word' id='word_1_799' title='bbox 2103 4849 2362 4904; x_wconf 86' lang='lat' dir='ltr'><strong>Ecclesiis</strong></span> <span class='ocrx_word' id='word_1_800' title='bbox 2391 4849 2474 4901; x_wconf 91' lang='lat' dir='ltr'><strong>vel</strong></span> <span class='ocrx_word' id='word_1_801' title='bbox 2505 4848 2673 4902; x_wconf 88' lang='lat' dir='ltr'><strong>rebus</strong></span> <span class='ocrx_word' id='word_1_802' title='bbox 2698 4853 2796 4902; x_wconf 90' lang='lat' dir='ltr'><strong>aut</strong></span> <span class='ocrx_word' id='word_1_803' title='bbox 2818 4850 3195 4919; x_wconf 86' lang='lat' dir='ltr'><strong>potestatibus</strong></span> <span class='ocrx_word' id='word_1_804' title='bbox 3225 4857 3378 4904; x_wconf 91' lang='lat' dir='ltr'><strong>caret</strong></span> <span class='ocrx_word' id='word_1_805' title='bbox 3406 4850 3541 4904; x_wconf 88' lang='lat' dir='ltr'><strong>suis.</strong></span> 
     </span>
    </p>
   </div>
   <div class='ocr_carea' id='block_1_113' title="bbox 2099 4953 3798 5024">
    <p class='ocr_par' dir='ltr' id='par_1_113' title="bbox 2099 4953 3798 5024">
     <span class='ocr_line' id='line_1_113' title="bbox 2099 4953 3798 5024; baseline 0.001 -15"><span class='ocrx_word' id='word_1_806' title='bbox 2099 4955 2228 5010; x_wconf 81' lang='lat' dir='ltr'><strong>CAP.</strong></span> <span class='ocrx_word' id='word_1_807' title='bbox 2277 4954 2514 5008; x_wconf 84' lang='lat' dir='ltr'><strong>CLXXV.</strong></span> <span class='ocrx_word' id='word_1_808' title='bbox 2566 4983 2628 4993; x_wconf 89' lang='lat'>—</span> <span class='ocrx_word' id='word_1_809' title='bbox 2690 4957 2764 5008; x_wconf 88' lang='lat' dir='ltr'><strong>De</strong></span> <span class='ocrx_word' id='word_1_810' title='bbox 2815 4953 3162 5009; x_wconf 84' lang='lat' dir='ltr'><strong>damnatione</strong></span> <span class='ocrx_word' id='word_1_811' title='bbox 3221 4959 3588 5024; x_wconf 84' lang='lat' dir='ltr'><strong>episcoporum</strong></span> <span class='ocrx_word' id='word_1_812' title='bbox 3641 4972 3798 5010; x_wconf 80' lang='lat' dir='ltr'><strong>accu-</strong></span> 
     </span>
    </p>
   </div>
   <div class='ocr_carea' id='block_1_114' title="bbox 2169 5025 3799 5150">
    <p class='ocr_par' dir='ltr' id='par_1_114' title="bbox 2169 5025 3799 5150">
     <span class='ocr_line' id='line_1_114' title="bbox 2169 5025 3799 5150; baseline 0.002 -71"><span class='ocrx_word' id='word_1_813' title='bbox 2169 5028 2410 5150; x_wconf 56' lang='lat' dir='ltr'><strong>sagtium</strong></span> <span class='ocrx_word' id='word_1_814' title='bbox 2477 5027 2786 5094; x_wconf 85' lang='lat' dir='ltr'><strong>episcopum</strong></span> <span class='ocrx_word' id='word_1_815' title='bbox 2850 5025 3051 5094; x_wconf 85' lang='lat' dir='ltr'><strong>absque</strong></span> <span class='ocrx_word' id='word_1_816' title='bbox 3111 5029 3434 5081; x_wconf 86' lang='lat' dir='ltr'><strong>auctoritate</strong></span> <span class='ocrx_word' id='word_1_817' title='bbox 3490 5030 3799 5096; x_wconf 69' lang='lat' dir='ltr'><strong>apostolicae</strong></span> 
     </span>
     <span class='ocr_line' id='line_1_115' title="bbox 2169 5111 2337 5150; baseline 0 0"><span class='ocrx_word' id='word_1_818' title='bbox 2169 5112 2222 5150; x_wconf 88' lang='lat' dir='ltr'><strong>se</strong></span> <span class='ocrx_word' id='word_1_819' title='bbox 2266 5111 2337 5150; x_wconf 75' lang='lat' dir='ltr'><strong>is.</strong></span> 
     </span>
    </p>
   </div>
   <div class='ocr_carea' id='block_1_115' title="bbox 2167 5111 2337 5151">
    <p class='ocr_par' dir='ltr' id='par_1_115' title="bbox 2167 5111 2337 5151">
     <span class='ocr_line' id='line_1_116' title="bbox 2167 5111 2337 5151; baseline -0.006 0"><span class='ocrx_word' id='word_1_820' title='bbox 2167 5111 2312 5151; x_wconf 66' lang='lat' dir='ltr'><strong>seats</strong></span> <span class='ocrx_word' id='word_1_821' title='bbox 2325 5137 2337 5150; x_wconf 87' lang='lat'><strong>.</strong></span> 
     </span>
    </p>
   </div>
   <div class='ocr_carea' id='block_1_116' title="bbox 2168 5202 3794 5272">
    <p class='ocr_par' dir='ltr' id='par_1_116' title="bbox 2168 5202 3794 5272">
     <span class='ocr_line' id='line_1_117' title="bbox 2168 5202 3794 5272; baseline 0.002 -18"><span class='ocrx_word' id='word_1_822' title='bbox 2168 5203 2332 5272; x_wconf 85' lang='lat' dir='ltr'><strong>(Cap.</strong></span> <span class='ocrx_word' id='word_1_823' title='bbox 2381 5202 2531 5255; x_wconf 85' lang='lat' dir='ltr'><strong>Julii</strong></span> <span class='ocrx_word' id='word_1_824' title='bbox 2573 5218 2732 5270; x_wconf 73' lang='lat' dir='ltr'><strong>papa</strong></span> <span class='ocrx_word' id='word_1_825' title='bbox 2795 5202 2923 5256; x_wconf 87' lang='lat' dir='ltr'><strong>VIII</strong></span> <span class='ocrx_word' id='word_1_826' title='bbox 2971 5203 3337 5258; x_wconf 83' lang='lat' dir='ltr'><strong>Orientalibus</strong></span> <span class='ocrx_word' id='word_1_827' title='bbox 3367 5205 3630 5272; x_wconf 89' lang='lat' dir='ltr'><strong>episcopis</strong></span> <span class='ocrx_word' id='word_1_828' title='bbox 3660 5206 3794 5258; x_wconf 86' lang='lat' dir='ltr'><strong>mis-</strong></span> 
     </span>
    </p>
   </div>
   <div class='ocr_carea' id='block_1_117' title="bbox 2097 5288 3795 5362">
    <p class='ocr_par' dir='ltr' id='par_1_117' title="bbox 2097 5288 3795 5362">
     <span class='ocr_line' id='line_1_118' title="bbox 2097 5288 3795 5362; baseline 0 -16"><span class='ocrx_word' id='word_1_829' title='bbox 2097 5290 2258 5360; x_wconf 85' lang='lat' dir='ltr'><strong>sum.)</strong></span> <span class='ocrx_word' id='word_1_830' title='bbox 2289 5290 2344 5344; x_wconf 91' lang='lat' dir='ltr'><strong>Si</strong></span> <span class='ocrx_word' id='word_1_831' title='bbox 2377 5290 2506 5360; x_wconf 91' lang='lat' dir='ltr'><strong>quis</strong></span> <span class='ocrx_word' id='word_1_832' title='bbox 2535 5291 2605 5344; x_wconf 86' lang='lat' dir='ltr'><strong>ab</strong></span> <span class='ocrx_word' id='word_1_833' title='bbox 2640 5288 2916 5343; x_wconf 87' lang='lat' dir='ltr'><strong>hodierna</strong></span> <span class='ocrx_word' id='word_1_834' title='bbox 2955 5291 3044 5343; x_wconf 90' lang='lat' dir='ltr'><strong>die</strong></span> <span class='ocrx_word' id='word_1_835' title='bbox 3075 5296 3129 5342; x_wconf 92' lang='lat' dir='ltr'><strong>et</strong></span> <span class='ocrx_word' id='word_1_836' title='bbox 3165 5291 3432 5360; x_wconf 86' lang='lat' dir='ltr'><strong>deinceps</strong></span> <span class='ocrx_word' id='word_1_837' title='bbox 3462 5291 3795 5362; x_wconf 72' lang='lat' dir='ltr'><strong>episcopum</strong></span> 
     </span>
    </p>
   </div>
   <div class='ocr_carea' id='block_1_118' title="bbox 2101 5379 3796 5449">
    <p class='ocr_par' dir='ltr' id='par_1_118' title="bbox 2101 5379 3796 5449">
     <span class='ocr_line' id='line_1_119' title="bbox 2101 5379 3796 5449; baseline 0.002 -17"><span class='ocrx_word' id='word_1_838' title='bbox 2101 5385 2306 5449; x_wconf 81' lang='lat' dir='ltr'><strong>praeter</strong></span> <span class='ocrx_word' id='word_1_839' title='bbox 2335 5379 2507 5448; x_wconf 90' lang='lat' dir='ltr'><strong>hujus</strong></span> <span class='ocrx_word' id='word_1_840' title='bbox 2551 5385 2758 5432; x_wconf 85' lang='lat' dir='ltr'><strong>sancta</strong></span> <span class='ocrx_word' id='word_1_841' title='bbox 2800 5379 2948 5432; x_wconf 90' lang='lat' dir='ltr'><strong>sedis</strong></span> <span class='ocrx_word' id='word_1_842' title='bbox 2982 5380 3322 5432; x_wconf 81' lang='lat' dir='ltr'><strong>sententiam</strong></span> <span class='ocrx_word' id='word_1_843' title='bbox 3372 5380 3646 5432; x_wconf 88' lang='lat' dir='ltr'><strong>damnare</strong></span> <span class='ocrx_word' id='word_1_844' title='bbox 3677 5387 3732 5434; x_wconf 90' lang='lat' dir='ltr'><strong>et</strong></span> <span class='ocrx_word' id='word_1_845' title='bbox 3761 5401 3796 5435; x_wconf 88' lang='lat' dir='ltr'><strong>a</strong></span> 
     </span>
    </p>
   </div>
   <div class='ocr_carea' id='block_1_119' title="bbox 2099 5468 3793 5539">
    <p class='ocr_par' dir='ltr' id='par_1_119' title="bbox 2099 5468 3793 5539">
     <span class='ocr_line' id='line_1_120' title="bbox 2099 5468 3793 5539; baseline 0.001 -17"><span class='ocrx_word' id='word_1_846' title='bbox 2099 5469 2332 5539; x_wconf 91' lang='lat' dir='ltr'><strong>propria</strong></span> <span class='ocrx_word' id='word_1_847' title='bbox 2375 5469 2589 5539; x_wconf 89' lang='lat' dir='ltr'><strong>pellere</strong></span> <span class='ocrx_word' id='word_1_848' title='bbox 2642 5469 2774 5521; x_wconf 85' lang='lat' dir='ltr'><strong>sedc</strong></span> <span class='ocrx_word' id='word_1_849' title='bbox 2824 5471 3278 5539; x_wconf 84' lang='lat' dir='ltr'><strong>prasumpserit,</strong></span> <span class='ocrx_word' id='word_1_850' title='bbox 3328 5470 3469 5521; x_wconf 86' lang='lat' dir='ltr'><strong>sciat</strong></span> <span class='ocrx_word' id='word_1_851' title='bbox 3497 5484 3555 5521; x_wconf 89' lang='lat' dir='ltr'><strong>se</strong></span> <span class='ocrx_word' id='word_1_852' title='bbox 3587 5468 3793 5524; x_wconf 90' lang='lat' dir='ltr'><strong>irrecu-</strong></span> 
     </span>
    </p>
   </div>
   <div class='ocr_carea' id='block_1_120' title="bbox 2098 5555 3791 5629">
    <p class='ocr_par' dir='ltr' id='par_1_120' title="bbox 2098 5555 3791 5629">
     <span class='ocr_line' id='line_1_121' title="bbox 2098 5555 3791 5629; baseline 0.001 -18"><span class='ocrx_word' id='word_1_853' title='bbox 2098 5557 2430 5629; x_wconf 89' lang='lat' dir='ltr'><strong>perabiliter</strong></span> <span class='ocrx_word' id='word_1_854' title='bbox 2461 5573 2581 5611; x_wconf 89' lang='lat' dir='ltr'><strong>esse</strong></span> <span class='ocrx_word' id='word_1_855' title='bbox 2631 5555 2992 5622; x_wconf 90' lang='lat' dir='ltr'><strong>damnatum,</strong></span> <span class='ocrx_word' id='word_1_856' title='bbox 3027 5563 3083 5611; x_wconf 88' lang='lat' dir='ltr'><strong>et</strong></span> <span class='ocrx_word' id='word_1_857' title='bbox 3111 5557 3346 5628; x_wconf 88' lang='lat' dir='ltr'><strong>proprio</strong></span> <span class='ocrx_word' id='word_1_858' title='bbox 3378 5557 3664 5629; x_wconf 89' lang='lat' dir='ltr'><strong>perpetim</strong></span> <span class='ocrx_word' id='word_1_859' title='bbox 3697 5575 3791 5612; x_wconf 84' lang='lat' dir='ltr'><strong>ca-</strong></span> 
     </span>
    </p>
   </div>
  </div>
