3956 6302
142 319 241 371 601

1121 317 1597 374 DECRETORUM
1638 319 1827 375 LIBRI
1864 320 1970 374 XX.
2008 352 2078 359 —
2120 322 2327 376 LIBER
2368 321 2649 376 PRIMUS.

3548 320 3651 372 602

147 456 273 493 rere
304 439 529 493 honore
568 456 581 492 :
612 455 821 509 eosque
863 439 960 510 qui
993 439 1205 510 absque
1237 440 1408 509 hujus
1438 442 1585 495 sedis
1618 448 1844 496 senten-
1872 448 1917 498 A
1957 446 2149 513 fuerit,
2182 451 2235 499 et
2287 446 2410 515 ejus
2449 445 2636 499 fulciri
2671 445 2881 499 auxilio
2930 449 3171 515 oportet.
3228 446 3390 510 Nam,
3439 450 3504 498 ut
3545 461 3648 498 no-

146 528 226 579 tia
251 534 392 581 sunt
438 529 605 598 ejecti
635 529 723 581 vel
752 529 1027 596 damnati,
1072 530 1243 598 hujus
1289 536 1498 583 sanctae
1546 532 1695 584 sedis
1743 548 1844 583 au-

149 616 412 670 ctoritate
445 618 638 670 scitote
660 618 958 687 pristinam
1000 618 1254 687 recipere
1283 620 1767 686 communionem,
1792 626 1846 673 et

150 705 208 756 in
264 706 516 774 propriis
572 706 793 758 restitui
851 706 1099 759 sedibus.
1155 706 1435 769 Quoniam
1495 715 1551 761 et
1598 708 1778 777 prius,
1814 726 1846 761 a

149 796 411 862 tempore
442 793 656 846 scilicet
686 796 1102 863 apostolorum,
1148 795 1269 848 hinc
1299 800 1506 849 sanctas
1548 796 1682 849 huic
1725 797 1845 849 sedi

149 896 415 933 concessa
464 887 618 945 sunt,
669 885 724 933 et
772 886 967 950 postea
1015 881 1077 933 in
1125 886 1440 935 memorata
1489 884 1715 937 Nicaana
1762 902 1848 955 sy-

150 969 304 1021 nodo
355 975 595 1039 propter
623 986 931 1039 pravorum
979 970 1279 1023 hominum
1311 971 1725 1036 infestationes,
1757 978 1845 1025 at-

151 1073 262 1125 que
296 1057 693 1111 hatreticorum
728 1058 1169 1128 persecutiones,
1212 1063 1268 1111 et
1292 1059 1686 1112 insidiantium
1722 1076 1839 1112 mo-

150 1144 350 1197 limina
396 1146 657 1211 fratrum,
690 1160 819 1199 sunt
868 1147 1229 1200 concorditer
1278 1148 1347 1200 ab
1380 1148 1646 1201 omnibus
1678 1148 1845 1202 robo-

150 1238 294 1298 rata,
328 1240 389 1286 ut
421 1236 600 1305 magis
656 1235 869 1305 singuli
915 1235 1268 1305 praevideant
1314 1252 1382 1289 ne
1414 1236 1549 1289 talia
1599 1238 1846 1291 audeant

152 1328 505 1392 perpetrare.

155 1412 282 1463 CAP.
348 1412 611 1467 CLXXVI.
680 1443 745 1451 —
817 1413 890 1466 Ut
950 1417 1232 1467 accusatus
1296 1415 1378 1467 vel
1431 1414 1715 1483 judicatus
1779 1415 1847 1467 ab

223 1484 489 1551 episcopis
552 1484 1098 1551 comprovincialibus
1174 1486 1394 1538 licenter
1457 1487 1729 1553 appellet,
1798 1490 1847 1537 et

223 1554 389 1607 adeat
411 1555 716 1607 Romanum
743 1557 1065 1622 pontiﬁcem.

226 1642 347 1703 (Ea:
378 1642 519 1695 decr.
561 1644 791 1697 Victoris
834 1658 1015 1711 papae,
1048 1645 1253 1697 cunctis
1294 1645 1567 1708 fratribus
1610 1646 1849 1698 Aleman-

155 1729 310 1793 ειν-ιω,
370 1746 491 1799 cap.
551 1733 627 1799 1.)
684 1730 905 1784 Placuit
962 1736 1023 1783 ut
1072 1736 1365 1783 accusatus
1422 1732 1507 1785 vel
1554 1733 1844 1800 judicatus
1879 1730 1916 1781 Β

152 1817 453 1887 episcopus
532 1834 564 1871 a
625 1817 1201 1887 comprovincialibus
1277 1818 1339 1872 in
1404 1820 1598 1890 aliqua
1674 1836 1844 1874 causa

152 1907 432 1976 episcopis
461 1906 701 1960 licenter
728 1907 997 1977 appellet,
1044 1911 1100 1961 et
1126 1906 1289 1960 adeat
1337 1909 1665 1975 apostolicae
1698 1909 1845 1963 sedis

150 1995 506 2063 pontiﬁcem,
558 1996 677 2065 qui,
720 2000 819 2048 aut
864 2010 968 2064 per
1016 2010 1074 2047 se
1123 1999 1222 2047 aut
1260 2011 1363 2063 per
1400 1995 1639 2049 vicarios
1689 2014 1842 2064 suos,

153 2084 273 2151 ejus
317 2083 613 2136 retractari
662 2082 955 2152 negotium
1000 2088 1284 2152 procuret.
1337 2085 1420 2150 Et,
1464 2084 1603 2137 dum
1642 2085 1843 2138 iterato

148 2171 362 2241 judicio
414 2171 668 2240 pontifex
721 2187 951 2225 causam
995 2187 1157 2224 suam
1188 2172 1327 2241 agit,
1380 2173 1570 2226 nullus
1609 2173 1751 2227 alios
1784 2173 1846 2226 in

153 2261 275 2330 ejus
306 2260 427 2313 loco
458 2266 712 2329 ponatur
741 2264 844 2314 aut
871 2259 1168 2314 ordinetur
1194 2261 1528 2330 episc0pus;
1550 2264 1840 2332 quoniam,

150 2364 481 2419 quanquam
516 2348 1092 2418 comprovincialibus
1123 2348 1406 2419 episcopis
1436 2350 1683 2403 accusati
1711 2367 1845 2404 cau-

153 2452 273 2489 sam
322 2436 614 2505 pontificis
664 2437 903 2490 scrutari
956 2437 1138 2503 liceat,
1200 2452 1318 2490 non
1364 2441 1558 2490 tamen
1607 2437 1846 2491 deﬁnire

154 2524 474 2577 inconsulto
528 2525 785 2578 Romano
840 2524 1109 2594 pontiﬁce
1161 2523 1500 2594 permissum
1560 2530 1662 2591 est,
1715 2542 1846 2578 cum

152 2613 315 2665 beato
375 2614 542 2665 Petro
599 2613 855 2682 apostolo
904 2629 1022 2665 non
1081 2612 1151 2666 ab
1206 2612 1318 2666 alio
1373 2628 1547 2683 quam
1591 2614 1662 2666 ab
1720 2614 1845 2683 ipso

155 2700 367 2754 dictum
400 2700 471 2753 sit
506 2700 747 2754 Domino
779 2718 791 2754 :
827 2701 1194 2772 Quaecunque
1245 2701 1510 2771 ligaveris
1540 2717 1711 2772 super
1739 2708 1844 2755 ter-

157 2805 300 2853 ram,
352 2795 525 2843 erunt
572 2789 748 2859 ligata
777 2794 833 2843 et
871 2789 930 2843 in
962 2790 1139 2855 cmlis,
1172 2794 1229 2843 et
1272 2806 1631 2860 quaecunque
1659 2791 1841 2844 solve-

132 2874 228 2931 ‘ris
255 2894 430 2948 super
454 2884 688 2944 terram,
722 2882 892 2932 erunt
921 2879 1107 2931 soluta
1132 2883 1187 2932 et
1213 2879 1271 2931 in
1299 2879 1474 2932 caelis.

152 2968 278 3020 CAP.
343 2966 632 3021 CLXXVII.
701 2997 770 3007 —
826 2969 892 3021 Ut
955 2969 1262 3035 perscripta
1312 2968 1517 3020 nullius
1571 2971 1843 3021 accusatio

420 3040 774 3106 suscipiatur,
805 3053 862 3091 eo
889 3038 1105 3092 absente
1133 3041 1230 3107 qui
1264 3044 1568 3091 accusatur.

218 3126 330 3193 (Em
377 3128 537 3194 epist.
589 3128 809 3195 Stepha.
858 3142 1020 3196 papae
1065 3129 1271 3181 cunctis
1328 3129 1592 3195 episcopis
1644 3129 1842 3194 missa,

151 3230 269 3283 cap.
329 3213 407 3283 8.)
471 3214 786 3284 Perscripta
841 3214 996 3268 enim
1049 3214 1264 3268 nullius
1322 3216 1622 3281 accusatio,
1682 3233 1844 3269 accu-

151 3308 335 3356 satore
409 3308 469 3355 et
546 3318 613 3355 eo
678 3302 777 3372 qui
845 3308 1144 3357 accusatur
1220 3303 1590 3371 absentibus,
1661 3304 1844 3358 susci-

152 3392 361 3463 piatur,
411 3392 511 3445 sed
568 3390 801 3462 propria
848 3407 1009 3457 voce,
1060 3392 1107 3445 si
1158 3392 1411 3461 legitima
1458 3397 1514 3445 et
1565 3393 1849 3463 condigna

153 3479 499 3534 accusatoris
556 3495 805 3550 persona
858 3480 1047 3547 fuerit,
1116 3486 1399 3550 prasente
1451 3480 1717 3535 videlicet
1779 3499 1846 3535 eo

155 3585 328 3641 quem
383 3584 647 3622 accusare
696 3568 1028 3623 desiderat:
1063 3569 1199 3639 quia
1257 3570 1449 3622 nullus
1498 3569 1701 3623 absens
1750 3575 1850 3624 aut

153 3656 409 3712 accusari
459 3661 643 3727 potest
679 3660 778 3710 aut
819 3672 1104 3710 accusare.
1140 3657 1340 3711 Nullus
1387 3662 1580 3710 tamen
1626 3658 1850 3727 praefati

154 3746 375 3800 ordinis
416 3745 503 3798 vir
548 3745 798 3799 accusari
828 3750 1035 3815 potest,
1086 3750 1186 3799 aut
1223 3746 1570 3816 respondere
1605 3745 1720 3799 suis
1752 3762 1850 3800 ac.-

153 3832 517 3889 cusatoribus
564 3832 751 3900 debet,
804 3833 1139 3904 priusquam
1172 3834 1509 3904 regulariter
1539 3851 1571 3887 a
1602 3851 1705 3888 suo
1731 3834 1849 3904 pri-

152 3928 301 3977 mate
352 3926 581 3975 vocatus
630 3921 723 3988 sit,
755 3922 1061 3992 locumque
1110 3922 1451 3977 defendendi
1501 3928 1599 3976 aut
1652 3922 1851 3993 inqui-

150 4011 318 4066 rendi
348 4009 608 4081 accipiat,
639 4010 708 4063 ad
741 4010 1025 4064 abluenda
1056 4010 1320 4065 crimina.

153 4119 280 4172 CAP.
337 4116 653 4171 CLXXVIII.
697 4144 770 4157 —
813 4119 879 4172 Ut
915 4118 1257 4186 difﬁciliores
1305 4134 1479 4173 causae
1526 4118 1601 4171 ad
1647 4121 1853 4186 apicem

221 4191 475 4243 Romanae
521 4188 663 4241 sedis
693 4190 1026 4254 referantur,
1069 4193 1131 4241 ut
1160 4192 1451 4257 apostolico
1501 4191 1855 4242 terminentur

212 4259 467 4338 judicio,
536 4259 691 4327 cujus
752 4258 895 4313 sedis
970 4262 1294 4314 auctoritate
1357 4275 1538 4314 omnes
1602 4261 1849 4315 Ecclesia
1882 4286 1923 4338 ι)

222 4335 508 4396 reguntur.

228 4418 334 4486 (Ea:
378 4418 538 4485 epist.
589 4417 835 4471 Anacleti
874 4432 1033 4487 papae
1070 4418 1320 4472 omnibus
1353 4421 1617 4487 episcopis
1662 4420 1851 4482 missa,

153 4521 276 4573 cap.
314 4504 426 4573 14.)
476 4504 531 4559 Si
566 4520 695 4574 quae
749 4520 882 4559 vero
924 4521 1108 4560 causa:
1164 4506 1513 4560 difﬁciliores
1561 4506 1711 4560 inter
1758 4521 1855 4559 vos

157 4598 296 4647 ortas
326 4592 555 4659 fuerint,
588 4592 658 4647 ad
687 4593 855 4662 hujus
886 4600 1096 4647 sanctae
1126 4594 1276 4648 sedis
1302 4594 1520 4664 apicem
1544 4610 1656 4655 eas,
1692 4592 1855 4663 quasi

157 4681 226 4735 ad
256 4684 445 4750 caput,
483 4681 711 4749 referte,
744 4686 807 4735 ut
833 4682 1148 4752 apostolico
1179 4682 1564 4735 terminentur
1586 4680 1802 4751 judicio
1837 4697 1850 4733 :

157 4770 294 4839 quia
338 4770 416 4823 sic
463 4770 639 4823 Deum
670 4770 815 4824 velle
849 4771 918 4824 ab
949 4787 1134 4841 eoque
1166 4772 1243 4823 ita
1291 4772 1661 4824 constitutum
1708 4786 1852 4835 esse,

158 4858 454 4912 antedictis
500 4858 840 4912 testimoniis
883 4860 1222 4913 declaratur.
1276 4863 1405 4916 Haec
1455 4876 1587 4913 vero
1619 4866 1855 4930 aposto-

155 4945 263 4999 lica
295 4947 454 5000 sedes
507 4947 676 5002 cardo
724 4952 781 5000 et
822 4955 993 5019 caput
1040 4950 1254 5003 factum
1308 4954 1453 5003 esta
1502 4949 1765 5012 Domino,
1800 4952 1857 5002 et

157 5052 273 5089 non
306 5036 378 5088 ab
425 5035 537 5089 alio
570 5042 654 5089 est
703 5037 1030 5091 constituta.
1082 5039 1164 5104 Et,
1215 5039 1360 5091 sicut
1387 5038 1615 5091 cardine
1644 5037 1855 5091 ostium

156 5124 396 5193 regitur,
453 5124 533 5177 sic
589 5125 761 5193 hujus
814 5130 1021 5179 sancta!
1070 5126 1219 5180 sedis
1271 5126 1607 5179 auctoritate
1656 5142 1856 5179 omnes

160 5214 438 5278 Ecclesiae,
468 5212 710 5266 Domino
741 5213 1101 5283 disponente,
1137 5220 1439 5285 reguntur.

156 5321 284 5374 CAP.
319 5320 617 5374 CLXXXIX.
673 5349 737 5361 —
792 5320 944 5386 Quod
995 5337 1172 5375 omnes
1227 5323 1467 5389 episcopi
1512 5320 1721 5387 possint
1751 5334 1851 5387 ap-

257 5392 466 5460 pellare
501 5392 797 5445 Romanam
822 5391 998 5445 sedem
1030 5396 1090 5445 in
1118 5392 1523 5447 necessitatibus
1556 5392 1742 5459 positi.

227 5479 336 5550 (Ea:
365 5479 511 5534 decr.
541 5480 771 5533 Damasi
801 5497 930 5549 pap.
966 5482 1183 5551 Stepha.
1224 5483 1455 5550 episcop.
1494 5484 1539 5532 Α
1549 5481 1703 5546 fricz
1730 5480 1854 5532 mis-

154 5571 253 5634 sis,
315 5584 435 5637 cap.
498 5569 577 5637 9.)
634 5569 817 5633 Quam
891 5585 1094 5623 omnes
1154 5570 1464 5640 appellare,
1524 5569 1567 5621 si
1624 5581 1851 5621 necesse

1956 534 2079 598 stis,
2114 534 2395 603 synodum
2424 533 2547 586 sine
2575 533 2698 602 ejus
2731 533 3066 585 auctoritate
3089 533 3212 586 ﬁeri
3241 550 3354 585 non
3378 537 3461 586 est
3491 549 3653 586 cano-

1955 621 2145 674 nicum
2182 647 2191 675 :
2225 638 2329 674 nec
2363 622 2679 691 episcopus,
2718 621 2826 674 nisi
2855 621 2913 674 in
2946 621 3203 691 legitima
3225 623 3436 690 synodo
3470 627 3525 673 et
3551 637 3652 673 suo

1956 716 2214 779 tempore
2274 710 2586 779 apostolica
2642 711 2941 763 vocatione
2998 717 3361 778 congregata,
3422 709 3653 762 deﬁnite

1954 798 2214 852 damnari
2245 805 2431 868 potest
2463 814 2476 851 :
2510 814 2694 868 neque
2729 799 2841 851 ulla
2874 815 3127 868 unquam
3158 799 3401 850 concilia
3427 803 3550 851 rata
3578 798 3654 851 le-

1955 893 2192 955 guntur,
2227 903 2354 956 qua:
2390 903 2503 939 non
2538 892 2671 939 sunt
2700 887 2843 939 fulta
2871 887 3184 955 apostolica
3218 886 3576 939 auctoritate.

1956 1011 2082 1065 CAP.
2147 1012 2379 1066 CLXXX.
2419 1042 2487 1051 -—
2528 1015 2598 1066 De
2664 1012 2899 1065 induciis
2969 1013 3383 1064 criminatorum
3447 1011 3648 1078 episco-

2377 1098 2591 1151 porum,
2625 1085 2810 1151 quales
2843 1098 2953 1135 esse
2977 1082 3221 1135 debeant.

2026 1189 2136 1257 (Ea:
2184 1190 2341 1256 epist.
2404 1190 2594 1242 Felicis
2647 1204 2808 1257 papae
2844 1189 2901 1241 ΙΙ
2947 1188 3220 1253 fratribus
3272 1187 3652 1254 .ﬂgyptiorum

1955 1280 2142 1340 missa,
2176 1292 2294 1344 cap.
2335 1278 2445 1345 15.)
2480 1277 2554 1329 De
2586 1276 2827 1329 induciis
2858 1292 2991 1329 vero
3023 1276 3442 1345 episcoporum,
3480 1290 3653 1343 super

1958 1364 2165 1434 quibus
2212 1363 2593 1431 consuluistis,
2647 1364 2893 1417 diversas
2921 1381 2953 1415 a
2998 1363 3260 1417 Patribus
3306 1362 3536 1431 regulas
3566 1360 3649 1413 in-

1957 1453 2215 1506 venimus
2247 1452 2553 1506 institutas.
2599 1453 2843 1517 Quidam
2875 1452 3029 1506 enim
3063 1452 3133 1505 ad
3182 1450 3511 1521 repellenda
3539 1449 3647 1503 im-

1957 1541 2273 1610 peritorum
2339 1540 2849 1604 machinamenta,
2926 1547 2981 1593 et
3050 1556 3178 1592 suas
3244 1537 3650 1609 praeparandas

1957 1629 2380 1698 responsiones,
2438 1634 2494 1681 et
2559 1635 2730 1682 testes
2788 1629 3232 1693 conﬁrmandos,
3290 1634 3347 1681 et
3412 1625 3653 1679 concilia

1957 1716 2360 1785 episcoporum
2427 1720 2599 1785 atque
2667 1716 2983 1769 amicorum
3044 1715 3371 1785 quaerenda,
3433 1728 3648 1766 annum

1957 1808 2013 1857 et
2040 1820 2133 1857 sex
2164 1819 2386 1857 menses
2418 1805 2834 1857 mandaverunt
2881 1804 3114 1857 concedi
3145 1820 3156 1858 :
3192 1803 3427 1873 quidam
3458 1806 3649 1854 autem

1954 1908 2191 1956 annum,
2253 1892 2313 1945 in
2379 1908 2493 1962 quo
2548 1892 2787 1962 plurimi
2846 1893 3206 1946 concordant.
3277 1892 3460 1945 Minus
3518 1906 3648 1943 vero

1953 1997 2129 2050 quam
2171 1997 2268 2034 sex
2325 1996 2547 2033 menses
2601 1997 2713 2033 non
2757 1981 2938 2050 reperi
2974 1997 2989 2033 :
3019 1980 3154 2050 quia
3211 1985 3266 2034 et
3323 1979 3478 2032 laicis
3525 1978 3649 2031 haec

1955 2068 2179 2122 indulta
2226 2074 2378 2135 sunt,
2434 2074 2650 2137 quanto
2700 2070 2883 2139 magis
2932 2068 3160 2122 Domini
3211 2066 3650 2121 sacerdotibus?

1958 2159 2099 2210 Nam
2130 2162 2188 2210 et
2212 2174 2245 2210 a
2284 2156 2490 2209 nostris
2540 2158 2991 2210 antecessoribus
3036 2162 3209 2227 atque
3242 2154 3478 2227 reliquis
3517 2171 3647 2207 san-

1955 2246 2057 2298 ctis
2092 2245 2351 2299 Patribus
2378 2245 2671 2298 multoties
2701 2245 3010 2299 inhibitum
3041 2250 3126 2298 est
3158 2261 3229 2297 ne
3260 2244 3388 2314 quis
3421 2242 3651 2296 Domini

1956 2335 2279 2388 sacerdotes
2328 2334 2779 2388 detractionibus
2828 2350 2941 2387 non
3002 2350 3066 2387 ex
3119 2333 3310 2386 radice
3358 2330 3650 2385 charitatis

1955 2423 2192 2494 prolatis
2214 2428 2375 2476 vexet
2399 2440 2410 2476 :
2431 2423 2732 2489 Quiescite,
2766 2423 3058 2493 inquiunt,
3085 2427 3141 2475 et
3169 2421 3345 2474 nolite
3379 2420 3646 2489 persequi

1956 2532 2054 2565 eos
2086 2513 2186 2582 qui
2238 2513 2352 2565 Deo
2402 2512 2645 2582 perfecte
2695 2510 3044 2577 ministrant,
3092 2524 3337 2579 quorum
3370 2506 3643 2561 orationi-

1953 2601 2061 2654 bus
2107 2604 2163 2654 et
2193 2606 2420 2655 terrena
2462 2599 2612 2652 bella
2641 2598 2933 2664 sedantur,
2970 2603 3025 2651 et
3053 2596 3444 2650 recedentium
3476 2610 3652 2663 ange-

1954 2690 2143 2742 lorum
2186 2688 2484 2757 pelluntur
2535 2687 2818 2750 incursus,
2856 2686 3070 2756 quique
3115 2700 3313 2737 omnes
3362 2685 3651 2736 daemones

1956 2783 2316 2847 corruptores
2346 2792 2581 2845 precum
2613 2774 2945 2828 assiduitate
2988 2773 3365 2826 confundunt.
3401 2771 3652 2825 lnduciae

1956 2881 2206 2936 namque
2262 2880 2376 2918 non
2411 2865 2516 2916 sub
2567 2869 2810 2932 augusto
2855 2867 3139 2932 tempore,
3174 2863 3273 2915 sed
3326 2860 3429 2913 sub
3479 2861 3651 2931 longo

1957 2955 2137 3025 spatio
2177 2951 2556 3005 concedenda
2602 2957 2755 3016 sunt,
2808 2954 2871 3003 ut
2914 2948 3161 3003 accusati
3192 2965 3248 3001 se
3299 2964 3648 3018 praeparare,

1956 3049 2014 3097 et
2065 3042 2355 3096 universos
2404 3039 2921 3093 communicatores
2974 3038 3031 3091 in
3080 3037 3389 3108 provinciis
3440 3036 3653 3107 positos

1956 3130 2284 3195 convenire,
2332 3134 2389 3183 et
2439 3134 2608 3182 testes
2648 3142 2995 3198 praeparare,
3049 3132 3222 3195 atque
3270 3131 3467 3178 contra
3513 3123 3655 3177 insi—

1957 3219 2206 3274 diatores
2251 3234 2309 3271 se
2335 3216 2582 3286 pleuiter
2611 3231 2834 3269 armare
2874 3215 3118 3267 valeant.
3155 3214 3379 3267 iudices
3412 3212 3566 3265 enim
3598 3216 3656 3265 et

1958 3313 2316 3362 accusatores
2356 3306 2498 3358 tales
2536 3320 2657 3357 esse
2689 3304 2897 3357 debent
2928 3302 3027 3373 qui
3069 3302 3225 3355 omni
3269 3306 3499 3354 careant
3528 3317 3647 3353 sus-

1956 3396 2203 3467 picione,
2236 3398 2292 3447 et
2320 3410 2383 3446 ex
2426 3392 2615 3446 radice
2644 3391 2933 3445 charitatis
2971 3406 3134 3443 suam
3164 3389 3487 3443 desiderent
3517 3403 3649 3457 pro-

1960 3499 2114 3538 mere
2145 3481 2505 3536 sententiam.

2159 3606 2414 3661 CLXXXI.
2490 3635 2559 3643 —
2639 3606 2721 3658 De
2781 3605 3027 3672 episcopo
3111 3602 3451 3658 Centuriensi
3474 3642 3487 3667 ,
3557 3604 3654 3669 qui

2197 3692 2418 3731 causam
2448 3691 2604 3730 suam
2628 3678 2688 3728 in
2716 3675 2919 3743 synodo
2958 3688 3115 3740 agere
3141 3678 3411 3727 renuerat.

2034 3784 2154 3853 (Ea:
2183 3783 2371 3836 concil.
2396 3783 2690 3848 Africano,
2708 3795 2828 3848 cap.
2854 3778 2967 3847 54.)
3001 3780 3077 3831 De
3108 3778 3462 3842 Quodvulteo
3484 3776 3656 3830 etiam

1963 3871 2343 3939 Centuriensi,
2374 3869 2647 3940 quoniam
2693 3866 3055 3922 adversarius
3093 3866 3275 3936 ipsius
3306 3882 3437 3919 cum
3468 3882 3526 3918 se
3554 3881 3656 3934 pe-

1962 3960 2119 4013 tisset
2158 3958 2447 4012 introduci
2495 3958 2567 4010 ad
2598 3956 2900 4010 concilium
2946 3960 3226 4016 nostrum,
3276 3953 3659 4022 interrogatus

1963 4053 2158 4103 utrum
2191 4064 2318 4101 cum
2351 4064 2419 4101 eo
2451 4046 2620 4099 vellet
2660 4045 2809 4116 apud
2842 4044 3137 4113 episcopos
3168 4042 3433 4112 experiri,
3467 4042 3657 4111 primo

1963 4137 2319 4208 promiserat,
2370 4141 2427 4188 et
2456 4135 2564 4187 alia
2611 4134 2703 4187 die
2739 4131 3035 4202 respondit
3080 4131 3188 4184 hoc
3232 4130 3339 4183 sibi
3382 4146 3498 4183 non
3529 4130 3660 4199 pla-

1965 4242 2114 4290 cere,
2146 4230 2316 4294 atque
2363 4222 2619 4276 discessit
2649 4238 2661 4274 :
2698 4221 2912 4292 placuit
2949 4218 3217 4272 omnibus
3263 4218 3564 4287 episcopis,
3596 4221 3661 4270 ut

1967 4314 2157 4366 nullos
2207 4312 2391 4365 eidem
2438 4310 2796 4375 Quodvulteo
2835 4307 3239 4375 communicet,
3280 4307 3461 4360 donec
3488 4321 3659 4359 causa

1964 4403 2088 4471 ejus
2133 4402 2363 4471 qualem
2409 4398 2661 4468 potuerit
2702 4397 3017 4451 terminum
3066 4400 3270 4449 sumat.
3308 4397 3451 4449 Nam
3483 4392 3661 4448 adimi

1964 4490 2016 4543 ei
2047 4488 2442 4559 episcopatum
2490 4493 2797 4556 antequam
2851 4501 3037 4540 causa:
3086 4486 3210 4554 ejus
3253 4483 3437 4538 exitus
3484 4499 3658 4553 appa-

1963 4583 2133 4643 reret,
2165 4577 2309 4630 nulli
2339 4575 2658 4631 Christiano
2686 4574 2865 4628 videri
2890 4573 3021 4645 jure
3044 4572 3314 4643 potuerit.

1960 3609 2086 3662 CAP.

1964 4703 2089 4757 CAP.
2125 4701 2416 4756 CLXXXII.
2467 4729 2533 4739 —
2572 4699 2850 4754 Iudicium
2889 4700 3128 4767 episcopi
3158 4700 3274 4768 qui,
3309 4713 3412 4769 pro
3435 4699 3661 4751 crimine

2033 4775 2229 4839 ejectus
2259 4773 2326 4825 ab
2375 4773 2574 4839 ofﬁcio,
2610 4776 2795 4839 postea
2825 4772 3160 4838 episcopium
3206 4785 3351 4823 more
3389 4769 3660 4838 praedonis

2032 4846 2253 4897 invasit.

2035 4950 2143 5020 (Em
2196 4953 2379 5016 regist.
2431 4947 2506 5001 ad
2548 4947 2821 5000 Joannem
2874 4949 3186 5014 episcopum
3240 4948 3430 5015 primae
3474 4946 3661 4999 Justi-

1964 5042 2161 5104 nianz,
2198 5054 2316 5106 cap.
2354 5038 2464 5104 l7.)
2489 5035 2728 5099 Quando
2778 5036 2925 5087 mala
2958 5052 3086 5104 quae
3131 5032 3484 5105 paenitentiae
3524 5034 3662 5087 ﬂetu

1964 5128 2259 5199 purganda
2304 5131 2435 5178 sunt
2487 5129 2772 5192 augentur
2824 5122 3165 5185 excessibus,
3215 5122 3294 5174 ita
3338 5120 3528 5189 major
3577 5126 3663 5173 est

1964 5215 2431 5287 delinquentibus
2472 5212 2793 5267 adhibenda
2838 5210 3139 5275 correctio,
3190 5215 3339 5263 utet
3385 5208 3495 5279 ipsi
3523 5208 3659 5262 faci-

1963 5322 2071 5359 nus
2118 5320 2285 5358 snum
2340 5319 2508 5373 poma
2560 5303 2757 5355 saltem
2812 5299 3138 5353 vindicante
3188 5303 3554 5369 cognoscant,
3607 5302 3663 5351 et

1965 5395 2102 5447 alios
2136 5395 2206 5447 ab
2239 5393 2450 5447 illicitis
2478 5389 2867 5445 ecclesiastica:
2897 5388 3156 5441 tuitionis
3186 5388 3358 5441 timor
3382 5386 3661 5440 inhibeat.

1963 5483 2376 5536 Dilectissimus
2423 5482 2619 5552 itaque
2652 5480 2801 5533 lator
2833 5477 3200 5548 praesentium
3256 5476 3553 5530 Nemesion
3595 5476 3663 5529 ad

1964 5586 2068 5624 nos
2098 5571 2351 5634 veniens,
2402 5568 2692 5633 indicavit,
2726 5567 2873 5620 sicut
2904 5573 2960 5620 et
2989 5571 3282 5637 gestorum
3314 5564 3665 5636 exemplaria
