3956 6298
283 281 386 333 603

1361 278 1761 334 BURCHARDI
1802 275 2334 333 WORMACIENSIS
2371 275 2705 332 EPISCOPI.

3683 276 3792 328 604

285 419 412 473 quae
445 401 555 456 huc
585 401 791 456 detulit
834 401 1223 469 continebant,
1254 401 1498 454 Paulum
1552 401 1877 454 Doclavenaa
1907 399 1980 452 ci—
2009 404 2053 454 Α
2092 399 2358 454 homines
2413 397 2806 469 praevidentes,
2867 401 2925 452 et
2981 396 3269 468 simplices
3333 397 3786 463 considerantes,

283 489 473 543 vitatis
520 489 874 560 episcopum,
908 490 1058 544 inter
1097 490 1208 543 alia
1259 491 1409 543 mala
1438 489 1497 542 in
1529 489 1814 558 corporali
1868 489 1979 542 cri-

284 579 442 632 mine
472 579 721 648 lapsum,
753 595 784 631 a
829 579 946 632 suis
975 578 1149 632 fuisse
1180 578 1399 632 clericis
1428 582 1776 643 accusatum,
1808 585 1980 647 atque

284 666 482 721 habita
526 667 879 736 cognitione.
929 667 1007 720 ita
1041 667 1198 736 quod
1241 667 1362 720 sine
1406 667 1604 720 dolore
1645 667 1831 719 dicere
1862 682 1979 719 non

285 770 612 825 possumus,
663 755 954 822 claruisse,
985 760 1158 825 atque
1186 754 1442 824 insuper,
1489 759 1792 825 postquam
1837 770 1980 807 con-

283 843 464 896 victus
493 849 597 908 est,
631 843 804 895 etiam
837 842 1094 895 libellum
1125 842 1308 910 illum,
1343 843 1402 895 in
1429 859 1542 912 quo
1572 859 1638 895 ea
1670 842 1739 895 de
1771 842 1979 912 quibus

285 938 576 984 accusatus
623 932 812 984 fuerat
850 948 980 984 vera
1027 947 1147 983 esse
1189 931 1481 984 confessus
1527 935 1631 995 est,
1681 931 1977 984 obtulisse.

285 1014 406 1077 Qua
436 1015 504 1067 de
535 1031 594 1067 re
637 1015 916 1068 sententia
962 1015 1126 1068 illum
1171 1014 1483 1084 episcopali
1529 1014 1873 1083 depositum,
1925 1018 1981 1067 et

285 1119 343 1154 se
375 1103 496 1172 ejus
539 1103 659 1156 loco
693 1119 818 1156 cum
866 1103 1238 1157 fraternitatis
1289 1110 1488 1156 vestrae
1533 1119 1813 1156 consensu
1857 1119 1977 1156 esse

285 1191 613 1261 episcopum
663 1191 987 1245 ordinatum
1023 1212 1033 1246 :
1069 1192 1165 1244 sed
1215 1207 1370 1244 nunc
1417 1191 1682 1244 eumdem
1735 1191 1976 1244 Paulum

284 1294 412 1332 cum
446 1279 657 1332 auxilio
709 1280 1069 1333 saecularium
1096 1279 1356 1350 judicum
1388 1280 1734 1344 venientem,
1768 1280 1978 1348 episco-

282 1367 443 1437 pium
479 1383 637 1420 more
663 1367 953 1437 praedonis
976 1367 1322 1438 ingressum,
1356 1367 1672 1437 ablatisque
1703 1367 1977 1420 violenter

285 1453 452 1506 rebus
486 1455 764 1522 Ecclesia,
796 1455 867 1508 ab
907 1471 974 1509 eo
1006 1472 1065 1509 se
1113 1455 1454 1525 projectum,
1499 1461 1557 1509 et
1586 1455 1658 1508 ad
1690 1471 1976 1508 summam

284 1539 554 1610 injuriam
604 1559 669 1596 ac
721 1559 920 1598 necem
976 1560 1123 1613 pene
1177 1545 1541 1615 perductum.
1595 1545 1662 1596 Et
1703 1544 1974 1614 quoniam

283 1632 458 1682 tanta;
500 1630 776 1701 nequitiae
829 1632 1077 1701 pravitas
1125 1647 1228 1685 nec
1275 1631 1686 1686 dissimulanda
1739 1647 1840 1684 nec
1895 1633 1977 1684 le-

283 1717 429 1770 viter
457 1719 678 1789 agenda
707 1725 812 1786 est,
855 1720 1186 1774 fraternitas
1235 1725 1417 1773 vestra
1459 1721 1582 1774 haec
1613 1720 1809 1773 omnia
1847 1719 1975 1774 dili-

284 1811 488 1876 genter
514 1813 675 1860 curet
701 1807 988 1862 addiscere
1022 1825 1035 1862 :
1072 1813 1146 1874 et,
1181 1808 1227 1862 si
1256 1809 1333 1862 ita
1357 1825 1436 1875 se,
1472 1815 1535 1862 ut
1555 1809 1735 1863 edocti
1755 1824 1972 1874 sumus,

283 1895 494 1948 veritas
550 1895 741 1964 habet,
797 1898 1141 1967 praedictum
1201 1897 1441 1951 Paulum
1499 1896 1753 1951 districta
1809 1896 1976 1950 faciat

283 1984 648 2038 exsecutione
694 1986 963 2056 compelli
1018 1991 1084 2040 ut
1126 2002 1483 2057 quaecunque
1517 1985 1768 2052 abstulit,
1816 1984 1976 2038 omni

282 2087 442 2125 mora
500 2074 588 2126 vel
642 2074 1007 2128 excusatione
1061 2081 1336 2141 cessante,
1377 2073 1668 2128 restituat.
1731 2074 1788 2128 Si
1839 2090 1974 2127 vero

280 2160 427 2214 nihil
469 2162 730 2216 Ecclesiae
784 2163 882 2217 sed
931 2165 1230 2234 proprium
1285 2180 1343 2217 se
1404 2163 1611 2217 dixerit
1653 2163 1972 2229 abstulisse,

282 2250 545 2318 quamvis
593 2267 763 2321 grave
817 2257 872 2304 et
900 2251 1168 2322 iniquum
1217 2251 1328 2305 fuit
1371 2268 1436 2305 nt.
1483 2268 1600 2306 non
1637 2268 1671 2305 a
1701 2252 1858 2305 vobis
1888 2252 1974 2304 vel

279 2340 718 2409 metropolitano
750 2341 873 2411 ejus
920 2341 1031 2394 hoc
1077 2345 1314 2411 peteret,
1366 2339 1464 2393 sed
1496 2357 1635 2394 ausu
1667 2341 1972 2394 temerario

279 2442 458 2481 manu
497 2433 871 2498 praesumeret
899 2445 1069 2499 agere
1099 2447 1116 2483 :
1153 2434 1544 2482 verumtamen
1579 2429 1626 2482 si
1670 2429 1807 2499 quid
1840 2446 1970 2500 pro-

277 2516 470 2586 prium
499 2517 647 2584 tulit,
698 2517 800 2570 sub
830 2517 1201 2571 fraternitatis
1250 2523 1451 2571 vestras
1482 2518 1653 2572 debet
1682 2520 1970 2571 examina-

277 2603 436 2657 tione
488 2613 748 2659 constare
779 2605 825 2658 si
856 2621 1056 2659 verum
1105 2611 1206 2661 est.
1241 2605 1349 2659 Sed
1392 2611 1447 2658 et
1492 2604 1636 2658 illud
1666 2604 1972 2674 diligenter

278 2694 652 2762 quaerendum
703 2700 802 2756 est,
849 2694 897 2748 si
925 2695 1064 2765 quid
1112 2695 1261 2748 male
1310 2694 1380 2748 de
1426 2693 1594 2748 rebus
1638 2693 1972 2762 dilapidavit

278 2781 539 2835 Ecclesite
567 2799 580 2848 ;
615 2783 701 2835 vel
734 2783 888 2853 quod
934 2799 1088 2836 nunc
1120 2783 1370 2849 abstulit,
1408 2783 1516 2836 hoc
1562 2782 1874 2836 reformare
1907 2796 1971 2834 ac

277 2870 600 2924 satisfacere
657 2872 841 2924 modis
889 2871 1160 2925 omnibus
1207 2872 1600 2941 compellatur.
1664 2869 1723 2924 Si
1776 2875 1970 2924 autem

275 2957 506 3011 differre
552 2961 871 3022 tentaverit,
904 2975 1204 3028 quousque
1250 2975 1420 3012 omne
1451 2959 1604 3029 quod
1639 2959 1972 3027 dilapidavit
2002 2969 2042 3024 (ζ

275 3047 365 3098 vel
395 3047 463 3099 de
500 3047 815 3100 substantia
844 3049 976 3100 tulit
1006 3048 1262 3101 Ecclesiae
1296 3049 1555 3102 restituat
1586 3047 1646 3100 in
1677 3052 1965 3100 monaste-

275 3133 425 3186 rium
471 3134 781 3188 mittendns
829 3141 933 3201 est,
972 3141 1032 3189 ut
1067 3137 1266 3188 saltem
1300 3142 1526 3189 coactus
1572 3135 1774 3189 reddat
1814 3135 1968 3204 quod

273 3220 422 3273 male
441 3221 662 3275 auferre
682 3238 797 3275 non
817 3222 1030 3276 timuit.
1055 3223 1214 3287 Quod
1237 3223 1284 3276 si
1301 3223 1466 3290 forte,
1490 3223 1639 3293 quod
1659 3238 1777 3276 non
1795 3222 1970 3276 credi-

274 3323 428 3376 mus,
457 3315 585 3380 post
604 3311 1016 3380 depositionem
1042 3328 1203 3366 suam
1222 3312 1668 3365 inverecundum
1692 3329 1757 3364 ac
1777 3317 1966 3364 mente

274 3414 537 3468 perversa
565 3400 781 3470 aliquid
815 3401 884 3454 de
917 3401 1246 3482 episcopatu
1284 3401 1444 3471 loqui
1473 3406 1642 3471 atque
1669 3416 1864 3454 rursus
1893 3399 1963 3453 ad

272 3486 381 3540 hoc
413 3487 668 3556 qualibet
715 3489 969 3558 aspirare
1001 3490 1451 3559 praesumptione
1493 3490 1816 3557 tentaverit,
1850 3489 1967 3542 fra-

272 3575 561 3628 ternitatis
611 3583 814 3630 vestras
853 3593 912 3630 se
943 3582 1140 3631 contra
1182 3577 1610 3647 improbitatem
1645 3579 1822 3647 ipsius
1849 3593 1969 3630 om-

273 3663 412 3716 nino
463 3664 627 3733 vigor
683 3665 974 3733 accendat,
1038 3671 1209 3736 atque
1275 3665 1556 3720 Dominici
1613 3666 1866 3736 corporis
1911 3673 1968 3719 et

273 3751 569 3821 sanguinis
622 3754 1028 3807 communione
1081 3755 1390 3823 privatum,
1440 3754 1499 3806 in
1556 3755 1964 3808 monasterium

273 3855 408 3894 eum
456 3856 638 3910 usque
682 3842 750 3895 ad
798 3842 950 3896 diem
1001 3842 1192 3896 obitus
1242 3843 1329 3896 sui
1376 3843 1445 3896 ad
1477 3842 1764 3912 agendum
1803 3847 1967 3897 curet

271 3928 670 3998 paenitentiam
699 3931 1116 3986 retrudendum
1148 3947 1160 3984 :
1195 3942 1478 4000 quatenus
1508 3932 1820 4002 perpetrati
1847 3949 1963 3986 sce-

270 4017 404 4070 leris
440 4019 687 4071 maculas
739 4019 927 4089 dignis
959 4019 1138 4073 discat
1190 4019 1416 4073 ﬂetibus
1450 4019 1781 4088 emendare,
1823 4037 1965 4091 quas

271 4105 454 4176 magis
482 4106 542 4160 in
582 4106 822 4162 interitu
866 4107 1074 4161 animae
1105 4124 1221 4162 sua:
1268 4109 1535 4179 nequiter
1563 4124 1776 4178 augere
1809 4109 1966 4162 desi-

271 4195 449 4250 derat.
495 4196 925 4268 Suprascriptus
970 4203 1162 4251 autem
1205 4197 1605 4251 dilectissimus
1652 4199 1828 4251 frater
1868 4215 1964 4250 no-

270 4290 386 4338 ster
415 4285 718 4339 Nemesion
760 4286 820 4340 in
846 4303 949 4340 suo
981 4287 1104 4340 loco
1133 4291 1188 4340 et
1216 4285 1574 4358 episcopatus
1618 4286 1805 4340 ofﬁcio
1830 4304 1960 4357 pro-

269 4374 360 4426 cul
406 4375 581 4428 dubio
616 4376 962 4430 reformetur
996 4392 1008 4429 :
1041 4381 1099 4428 et.
1147 4392 1218 4428 ne
1268 4376 1457 4429 denuo
1505 4377 1611 4430 hac
1657 4378 1727 4430 de
1760 4393 1820 4430 re
1870 4377 1962 4430 in-

271 4461 668 4532 quietudinem
721 4480 784 4516 ac
837 4463 1158 4518 molestiam
1219 4465 1486 4534 patiatur,
1547 4465 1814 4518 sollicitos
1868 4480 1964 4518 vos

271 4567 390 4603 esse
421 4567 648 4606 necesse
689 4557 774 4606 est
805 4569 818 4606 :
850 4553 982 4623 quia
1014 4553 1122 4606 hoc
1171 4569 1285 4606 non
1320 4555 1504 4608 solum
1535 4555 1604 4607 ad
1637 4553 1808 4624 hujus
1844 4570 1963 4606 mu-

269 4638 569 4706 nitionem,
622 4641 999 4694 verumetiam
1034 4641 1102 4695 ad
1134 4642 1376 4696 aliorum
1424 4649 1646 4696 constat
1692 4643 1961 4696 emenda-

269 4727 483 4780 tionem
534 4729 830 4798 proticere,
875 4736 937 4783 ut
986 4746 1292 4800 pravorum
1341 4732 1644 4784 hominum
1689 4747 1964 4800 praesum-

266 4816 388 4886 ptio
433 4817 579 4870 nihil
611 4819 681 4871 de
727 4823 933 4872 caetero
965 4824 1160 4872 contra
1204 4836 1496 4873 sacrorum
1536 4835 1819 4874 canonum
1851 4825 1965 4874 sta-

267 4910 391 4960 tuta
421 4906 508 4959 vel
548 4907 987 4962 ecclesiasticam
1015 4907 1378 4979 disciplinam
1411 4909 1527 4962 ullo
1561 4910 1732 4963 modo
1760 4910 1966 4965 habeat

266 4999 567 5050 attentare.

266 5099 393 5154 CAP.
465 5099 772 5153 CLXXXIII.
842 5129 909 5138 —
976 5101 1085 5156 Cur
1145 5102 1323 5154 sancti
1386 5101 1618 5168 apostoli
1679 5115 1964 5170 eorumque

335 5186 663 5226 successores
720 5171 989 5226 voluerint
1053 5171 1341 5239 difﬁcilem
1396 5185 1506 5224 esse
1571 5174 1964 5226 accusationem

337 5242 673 5297 sacerdotum
684 5281 695 5294 .

339 5347 450 5414 (Ea:
510 5349 705 5402 decret.
763 5349 996 5403 Fabiani
1045 5364 1224 5418 papae,
1284 5348 1647 5402 Orientalibus
1703 5352 1964 5418 episcopis

269 5438 470 5499 missis,
529 5453 648 5505 cap.
710 5440 819 5503 l9.)
880 5437 1038 5491 Talia
1095 5437 1410 5506 cogitantes
1478 5437 1656 5490 sancti
1720 5438 1964 5506 apostoli

270 5540 588 5594 eorumque
634 5541 1023 5593 successores,
1087 5525 1287 5596 spiritu
1347 5525 1445 5580 Dei
1500 5527 1726 5596 repleti,
1782 5528 1964 5581 malos

2091 487 2382 541 difficilem
2413 491 2509 540 aut
2551 501 2848 556 nunquam
2881 486 3185 539 voluerunt
3214 502 3336 539 esse
3367 487 3788 540 accusationem

2090 577 2470 641 sacerdotum,
2519 591 2590 628 ne
2633 592 2664 627 a
2714 575 2879 628 malis
2927 575 3244 645 potuissent
3289 575 3466 628 everti
3507 582 3606 628 aut
3654 575 3789 628 sub-

2088 665 2306 718 moveri
2341 681 2355 718 :
2390 664 2525 734 quia
2555 663 2601 715 si
2645 664 2754 717 hoc
2784 663 2948 716 facile
2980 663 3388 716 concederetur
3417 663 3791 716 saecularibus

2089 758 2146 807 et.
2175 753 2339 806 malis
2383 751 2732 818 hominibus,
2767 756 2865 804 aut
2891 752 3106 817 nullus,
3140 755 3238 804 aut
3270 753 3362 804 vix
3402 753 3674 821 perpauci
3704 768 3791 804 re-

2089 845 2422 906 manerent;
2456 841 2727 910 quoniam
2754 856 2979 908 semper
3000 839 3107 893 fuit
3135 845 3191 892 et
3209 845 3311 904 est,
3335 844 3410 906 et,
3442 840 3596 909 quod
3621 839 3788 909 pejus

2087 935 2189 992 est.
2227 929 2399 982 nimis
2428 929 2600 998 viget,
2649 933 2715 982 ut
2746 928 2882 981 mali
2913 929 3094 981 bonos
3139 928 3536 998 insequantur,
3577 934 3634 981 et
3662 944 3786 982 car-

2086 1017 2247 1070 nales
2295 1016 2581 1086 spiritales
2611 1016 2902 1070 infestent.
2951 1017 3184 1082 Idcirco,
3213 1023 3277 1070 ut
3306 1017 3644 1086 praedictum
3678 1022 3782 1081 est,

2086 1109 2408 1158 statuerunt
2450 1122 2519 1158 ne
2568 1114 2986 1166 accusarentur,
3035 1111 3135 1158 aut.
3183 1105 3229 1158 si
3279 1105 3444 1159 aliter
3491 1105 3618 1158 fieri
3667 1121 3785 1158 non

2084 1198 2294 1262 posset,
2343 1193 2696 1263 perdifﬁcilis
2741 1193 2904 1246 ﬁeret
2935 1209 3133 1246 eorum
3165 1194 3470 1258 accusatio,
3505 1199 3559 1246 et
3587 1210 3619 1246 a
3653 1194 3783 1263 qui-

2084 1281 2212 1347 bus,
2250 1286 2313 1335 ut
2343 1282 2734 1351 supradictum
2781 1287 2882 1348 est,
2915 1298 3032 1334 non
3077 1289 3540 1352 praesumeretur,
3592 1298 3784 1352 neque

2085 1386 2119 1424 a
2183 1369 2436 1439 propriis
2503 1369 2731 1424 sedibus
2793 1375 2892 1422 aut
2968 1369 3226 1423 Ecclesiis
3291 1369 3543 1440 episcopi
3613 1369 3784 1439 ejice-

2083 1461 2304 1509 rentur.

2083 1563 2211 1617 CAP.
2255 1563 2555 1618 CLXXXIV.
2609 1593 2678 1601 ——
2721 1565 2783 1618 Si
2827 1565 3106 1631 episcopus
3144 1564 3400 1630 expulsus
3453 1578 3618 1618 ausus
3666 1566 3785 1629 fue-

2109 1667 2113 1670 -
2606 1637 2684 1687 rit
2710 1634 2929 1702 ingredi
2960 1636 3254 1687 civitatem.

2157 1722 2261 1791 (Ea:
2316 1723 2473 1790 epist.
2541 1724 2818 1787 Boni/acii
2869 1737 3031 1790 papae
3083 1722 3157 1774 ad
3224 1723 3496 1790 episcopos
3544 1721 3782 1790 Galliae.)

2085 1809 2143 1864 Si
2173 1810 2476 1880 episcopus
2505 1810 2774 1880 expulsus
2821 1825 2994 1862 ausus
3022 1809 3195 1863 fuerit
3236 1809 3461 1878 ingredi
3490 1809 3785 1863 civitatem

2083 1913 2114 1950 e
2147 1914 2258 1967 qua
2290 1899 2552 1968 repulsus
2583 1903 2687 1961 est,
2734 1898 2820 1951 vel
2853 1898 3008 1951 exire
3038 1897 3108 1951 de
3155 1898 3278 1950 loco
3309 1897 3369 1950 in
3411 1913 3526 1967 quo
3570 1897 3786 1968 degere

2076 1985 2270 2056 jussus
2311 1992 2416 2052 est,
2458 1987 2730 2056 jubemus
2774 2001 2906 2039 eum
2936 1985 2994 2039 in
3025 1984 3369 2038 monasterio
3402 1985 3464 2038 in
3496 1985 3608 2038 alia
3638 2002 3781 2056 pro-

2081 2073 2267 2127 vincia
2313 2075 2620 2128 constituto
2653 2075 2823 2136 tradi.
2868 2080 2950 2140 ut,
2989 2075 3086 2144 qui
3134 2074 3450 2128 sacerdotio
3499 2075 3779 2144 peccavit,

2080 2162 2294 2233 degens
2323 2163 2382 2216 in
2414 2163 2765 2217 monasterio
2792 2164 3134 2233 corrigatur.

2081 2252 2207 2306 CAP.
2243 2252 2520 2306 CLXXXV.
2555 2282 2617 2292 —
2652 2253 2733 2306 De
2768 2255 3032 2320 episcopis
3073 2254 3188 2320 qui.
3217 2266 3272 2305 se
3298 2252 3624 2320 viventibus,
3653 2268 3782 2306 suc-

2522 2338 2754 2377 cessores
2777 2324 2971 2389 eligere
3000 2322 3330 2376 desiderant.

2150 2411 2263 2480 (Ea:
2292 2411 2483 2466 concil.
2516 2412 2850 2466 Antiochen.
2883 2427 3004 2479 cap.
3028 2411 3142 2480 23.)
3171 2412 3450 2481 Episcopo
3473 2411 3780 2464 nonlicere

2077 2515 2180 2570 pro
2228 2516 2286 2552 se
2331 2501 2578 2554 alterum
2627 2515 3009 2554 successorem
3061 2499 3169 2552 sibi
3218 2500 3586 2568 constituere,
3644 2501 3782 2554 licet

2077 2588 2147 2642 ad
2200 2588 2410 2642 exitum
2466 2589 2594 2641 vitie
2638 2588 2954 2657 perveniat.
3005 2588 3164 2651 Quod
3196 2588 3242 2641 si
3281 2589 3394 2642 tale
3437 2588 3653 2658 aliquid
3687 2589 3778 2643 fa-

2079 2679 2230 2729 ctum
2288 2677 2480 2742 fuerit,
2535 2677 2764 2730 irritum
2823 2692 2944 2730 esse
2996 2675 3329 2744 hujusmodi
3379 2677 3776 2731 constitutum.

2079 2763 2348 2818 Servetnr
2419 2769 2612 2818 autem
2680 2765 2776 2833 jus
2835 2764 3281 2818 ecclesiasticum
3357 2764 3412 2817 id
3476 2766 3780 2820 continens

2078 2858 2340 2922 oportere
2391 2868 2506 2905 non
2539 2852 2704 2905 aliter
2730 2852 2876 2912 ﬁeri.
2913 2852 3020 2905 nisi
3058 2868 3188 2906 cum
3234 2852 3450 2922 synodo
3477 2857 3532 2905 et
3555 2853 3777 2922 judicio

2082 2938 2504 3007 episcoporum,
2538 2939 2638 3008 qui
2668 2945 2798 3008 post
2822 2938 3042 2992 obitum
3073 2938 3414 3009 quiescentis
3433 2944 3778 3008 potestatem

2081 3026 2294 3080 habent
2325 3043 2456 3080 eum
2489 3026 2588 3096 qui
2619 3027 2830 3096 dignus
2855 3028 3127 3080 exstiterit
3151 3043 3505 3096 promovere.

2080 3134 2208 3188 CAP.
2243 3133 2548 3188 CLXXXVI.
2589 3162 2658 3172 —
2712 3135 2778 3187 Ut
2833 3135 3076 3201 episcopo
3130 3136 3338 3186 vivente
3383 3135 3564 3188 nullus
3611 3149 3777 3204 super

2773 3205 3073 3258 ordinetur.
3252 3226 3255 3228 ·

2149 3295 2258 3356 (Ea:
2283 3293 2470 3346 concil.
2527 3293 2797 3345 Avernen.
2849 3307 2995 3360 cap..
3052 3291 3159 3359 l3.)
3211 3292 3279 3344 Ut
3309 3291 3501 3345 nullus
3545 3291 3774 3345 vivente

2078 3379 2349 3449 episcopo
2380 3379 2525 3432 alius
2573 3386 2998 3450 superponatur
3035 3385 3134 3433 aut
3163 3380 3630 3450 superordinetur
3659 3381 3778 3450 epi-

2076 3483 2302 3537 scopus,
2351 3468 2461 3520 nisi
2503 3468 2743 3522 forsitan
2775 3469 2835 3521 in
2881 3470 3003 3539 ejus
3049 3469 3240 3522 locum
3287 3485 3458 3538 quem
3511 3469 3774 3539 capitalis

2076 3557 2242 3626 culpa
2271 3556 2558 3625 dejecerit.

2077 3646 2203 3699 CAP.
2260 3645 2594 3701 CLXXXVII.
2647 3677 2716 3686 ——-
2771 3646 2924 3712 Quod
2977 3663 3084 3700 non
3140 3648 3298 3700 liceat
3351 3649 3593 3716 episcopo
3643 3662 3776 3701 suc-

2672 3732 2926 3772 cessorem
2956 3720 3166 3786 eligere.

2146 3805 2250 3875 (Em
2315 3806 2501 3860 concil.
2571 3807 2840 3874 Spalensi,
2909 3823 3028 3876 cap.
3103 3808 3174 3876 8.)
3245 3807 3586 3878 Episcopum
3652 3821 3773 3860 non

2073 3893 2245 3948 liceat
2299 3899 2431 3948 ante
2487 3894 2664 3948 ﬁnem
2713 3896 2843 3949 vita
2898 3895 3076 3950 alium
3135 3896 3194 3950 in
3250 3898 3372 3950 loco
3429 3897 3774 3950 constituere

2075 3999 2480 4036 successorem.
2518 3983 2574 4037 Si
2624 3983 2755 4052 quis
2803 3990 2993 4038 autem
3041 3985 3148 4038 hoc
3194 4001 3471 4054 usurpare
3515 3989 3770 4038 tentave-

2075 4071 2169 4138 rit,
2203 4072 2332 4126 talis
2379 4071 2713 4125 constitutio
2744 4072 2906 4126 irrita
2949 4072 3077 4126 erit.
3113 4073 3235 4127 Non
3267 4090 3404 4144 ergo
3453 4074 3617 4126 aliter
3646 4073 3776 4127 ﬁeri

2075 4166 2323 4230 oportet,
2380 4161 2484 4213 nisi
2513 4177 2645 4214 cum
2690 4160 2930 4214 consilio
2984 4165 3040 4215 et
3081 4162 3297 4232 judicio
3345 4162 3771 4231 episcoporum,

1989 4248 2033 4301 D
2073 4266 2172 4320 qui
2203 4253 2333 4319 post
2383 4249 2599 4302 exitum
2641 4249 3002 4319 praecessoris
3049 4254 3392 4319 potestatem
3440 4248 3656 4302 habent
3685 4249 3773 4302 di-

2074 4357 2250 4412 gnum
2282 4341 2514 4411 eligere.

2075 4431 2202 4484 CAP.
2255 4429 2614 4485 CLXXXVIII.
2659 4459 2730 4470 —
2778 4430 2931 4497 Quod
2975 4445 3244 4498 nusquam
3293 4445 3518 4484 canones
3573 4432 3769 4498 praeci-

2137 4503 2301 4570 piant
2354 4507 2415 4554 ut
2467 4517 2566 4570 pro
2617 4503 2943 4566 egritudine
3001 4504 3237 4571 episcopi
3291 4503 3432 4555 alius
3487 4502 3766 4566 succedat,

2143 4577 2194 4625 et
2231 4574 2441 4696 sitipse
2476 4589 2578 4641 pro
2635 4588 2736 4626 sua
2785 4575 3029 4627 molestia
3072 4575 3319 4642 petierit,
3366 4574 3605 4640 qualiter
3643 4571 3772 4640 ﬁeri

2143 4658 2290 4696 nossz
2320 4685 2330 4696 .

2137 4658 2330 4712 possit.

2145 4732 2250 4799 (Ea;
2300 4733 2518 4798 registr.
2580 4732 2826 4798 Gregorii
2881 4747 3056 4800 papa,
3115 4731 3189 4785 ad
3246 4732 3561 4785 Anatolium
3621 4731 3769 4783 Con-

2072 4821 2507 4888 stantinopolita,
2557 4821 2890 4886 diaconum.)
2938 4820 3174 4890 Scripsit
3206 4821 3347 4874 mihi
3399 4820 3622 4874 dilectio
3670 4825 3772 4872 tua

2074 4923 2164 4960 me
2196 4908 2670 4962 reverendissimo
2719 4908 2883 4962 fratri
2931 4925 3058 4962 meo
3097 4909 3306 4962 Joanni
3353 4909 3554 4979 primm
3597 4908 3775 4962 Justi-

2073 4996 2260 5049 nianae
2292 4997 2580 5066 episcopo,
2631 5012 2735 5066 pro
2776 4997 3117 5067 aegritudine
3164 4997 3366 5067 capitis
3407 5013 3577 5066 quam
3623 4996 3773 5066 pati-

2072 5089 2168 5138 tur
2198 5072 2531 5155 episcopum
2581 5086 2894 5155 praecipere
2927 5086 3152 5142 succedi
3188 5102 3201 5138 :
3237 5102 3309 5139 ne
3340 5087 3601 5151 fortasse,
3635 5085 3774 5140 dum

2073 5173 2325 5243 episcopi
2353 5175 2482 5243 jura
2531 5175 2730 5227 eadem
2763 5174 2960 5228 civitas
2993 5190 3107 5228 non
3138 5174 3362 5237 habeat,
3399 5174 3549 5243 quod
3587 5173 3766 5227 absit!

2072 5263 2144 5316 ab
2177 5263 2338 5315 hoste
2373 5263 2664 5333 depereat.
2713 5263 2997 5332 Equidem
3032 5279 3318 5335 nusquam
3350 5279 3592 5316 canones
3630 5279 3775 5332 prm-

2072 5350 2294 5420 cipiunt
2328 5356 2388 5403 ut
2419 5368 2521 5420 pro
2559 5351 2903 5422 zegritudine
2943 5351 3195 5422 episcopi
3245 5353 3547 5423 episcopus
3590 5367 3776 5405 succe-

2071 5440 2169 5493 dat
2197 5457 2208 5493 :
2243 5447 2299 5493 et
2325 5441 2560 5493 omnino
2591 5440 2872 5510 injustum
2905 5447 2990 5494 est
3021 5446 3103 5506 ut,
3137 5441 3182 5494 si
3222 5441 3484 5494 molestia
3514 5441 3772 5511 corporis

2071 5529 2260 5597 irruit,
2310 5529 2530 5583 honore
2579 5545 2681 5584 suo
2712 5533 2969 5600 privetur
3003 5536 3269 5601 egrotus.
3319 5530 3425 5585 Sed
3465 5545 3771 5600 suggeren-
