3956 6302
186 286 293 339 605

1188 287 1666 346 DECRETORUM
1710 291 1897 346 LIBRI
1935 292 2043 347 XX.
2087 321 2153 331 —
2194 292 2400 347 LIBER
2441 294 2714 349 PRIMUS.

3599 300 3703 353 606

185 407 329 461 dum
360 410 445 461 est
476 410 559 473 ut,
590 407 636 461 si
668 407 796 478 quis
824 407 886 462 in
925 408 1207 479 regimine
1237 415 1497 481 agrotat,
1535 412 1891 483 dispensator
1918 415 1967 471 A
2005 418 2313 485 antequam
2346 431 2542 469 earum
2574 416 2752 486 possit
2799 416 3014 471 utilitas
3061 417 3342 488 deperire,
3402 420 3537 490 quid
3574 421 3700 475 ﬁeri

183 494 272 548 illi
325 496 457 549 talis
511 496 856 566 requiratur,
912 497 1011 567 qui
1045 498 1221 567 possit
1267 501 1390 569 ejus
1436 516 1632 553 curam
1662 518 1892 555 omnem

186 600 383 655 agere,
416 591 473 638 et
501 585 691 639 locum
714 586 868 639 illius
898 587 959 640 in
990 587 1270 657 regimine
1304 589 1585 656 Ecclesia,
1625 590 1748 660 ipso
1779 607 1895 644 non

185 673 470 742 deposito,
529 690 884 741 conservare,
942 681 1007 729 ut
1082 692 1270 747 neque
1331 678 1477 731 Deus
1528 678 1894 749 omnipotens

188 761 538 831 offendatur,
590 779 777 834 neque
824 763 1020 817 civitas
1071 766 1329 834 neglecta
1376 782 1497 820 esse
1548 766 1890 826 inveniatur.

188 866 322 921 CAP.
389 868 690 941 CLXXXIX.
750 900 819 908 ——
878 873 951 924 De
1004 871 1343 924 Ariminensi
1410 875 1654 941 episcopo
1715 874 1896 929 dolore

262 940 461 1007 capitis
508 940 805 1004 laborante,
840 946 889 993 ct
919 942 977 993 in
1024 942 1140 1009 ejus
1173 943 1281 995 loco
1323 940 1818 1011 alterosubrogato.

265 1028 379 1092 (Ea:
406 1030 593 1094 regist.
628 1030 691 1083 S.
727 1030 889 1095 Greg.
916 1045 1098 1098 papae,
1134 1046 1253 1098 cap.
1283 1034 1431 1101 238.)
1463 1031 1717 1095 Qualiter
1748 1036 1895 1089 ordi-

194 1116 312 1167 nati
331 1132 363 1167 a
388 1116 548 1168 nobis
562 1117 894 1179 sacerdotis,
915 1118 1193 1188 corporis,
1214 1118 1345 1188 quia
1364 1126 1565 1173 notum
1586 1125 1685 1187 est,
1711 1122 1893 1193 impe-

190 1203 387 1256 diente
417 1205 702 1270 molestia,
735 1206 1113 1260 Ariminensis
1142 1207 1384 1261 Ecclesia
1403 1210 1673 1278 pastorali
1704 1211 1893 1265 hacte-

193 1308 302 1344 nus
355 1308 421 1345 ac
475 1293 805 1347 sacerdotali
865 1294 936 1347 sit
987 1295 1268 1365 regimine
1324 1296 1616 1365 destituta,
1675 1299 1894 1354 dudum

190 1379 517 1434 fraternitas
560 1387 749 1434 vestra
777 1382 1061 1451 cognovit.
1096 1383 1276 1447 Quem
1306 1384 1464 1447 dum,
1507 1386 1892 1442 habitatorum

190 1468 303 1521 loci
346 1468 496 1521 illius
534 1471 797 1538 precibus
829 1471 1099 1540 permoti,
1137 1473 1344 1542 sapius
1392 1474 1759 1529 hortaremur
1808 1482 1891 1543 ut,

190 1556 238 1608 si
270 1556 339 1609 de
387 1557 586 1610 eadem
634 1559 857 1628 capitis,
892 1576 1005 1630 qua
1054 1560 1435 1629 detinebatur,
1471 1563 1733 1617 molestia
1772 1581 1891 1619 me-

190 1645 466 1699 lioratum
497 1662 555 1699 se
582 1663 702 1701 esse
750 1649 1005 1714 sentiret,
1040 1650 1110 1703 ad
1168 1666 1354 1716 suam,
1405 1651 1716 1707 auxiliante
1752 1655 1888 1720 Deo,
1924 1690 1963 1744 Β

192 1739 574 1787 reverteretur
626 1736 958 1804 Ecclesiam;
1011 1736 1130 1807 qui,
1174 1738 1321 1791 datis
1361 1738 1625 1807 induciis,
1678 1741 1739 1795 in
1783 1742 1892 1796 hoc

193 1822 575 1891 quadriennio
620 1829 991 1895 exspectatur.
1052 1825 1176 1895 Qui,
1210 1827 1347 1880 dum
1379 1827 1517 1881 cieri
1566 1830 1651 1882 vel
1682 1829 1892 1884 civium

196 1925 410 1979 nosque
440 1911 707 1979 precibus
746 1914 1114 1983 arguentium
1163 1914 1471 1969 instantius
1526 1917 1894 1972 hortaremur

193 2002 276 2063 ut,
310 1997 355 2051 si
386 1999 621 2069 valeret,
658 2017 787 2055 cum
834 2002 914 2055 eis
953 2003 1260 2056 auxiliante
1306 2004 1549 2059 Domino
1589 2011 1890 2073 remearet,

194 2088 339 2141 datis
392 2089 618 2160 scriptis
670 2092 1086 2160 supplicatione
1143 2109 1246 2147 nos
1297 2095 1443 2164 petit
1491 2100 1574 2161 ut,
1631 2095 1767 2165 quia
1824 2097 1893 2149 ad

196 2177 453 2246 ejusdem
539 2180 798 2233 Ecclesia
857 2181 1117 2251 regimen
1170 2183 1259 2235 vel
1316 2189 1710 2253 susceptorum
1768 2185 1895 2239 ofﬁ-

197 2266 368 2327 cium,
405 2283 511 2336 pro
544 2269 744 2322 eadem
775 2286 888 2339 qua
939 2269 1228 2324 detinetur
1284 2272 1565 2337 molestia,
1600 2290 1895 2343 assurgere

197 2355 522 2409 nullatenus
560 2362 767 2427 posset,
804 2359 1065 2412 Ecclesia
1091 2359 1201 2429 ipsi
1243 2359 1511 2413 ordinare
1560 2361 1895 2431 episcopum

197 2442 556 2497 deberemus.
611 2446 787 2511 Unde,
838 2446 974 2515 quia
1020 2452 1355 2501 cunctarum
1400 2447 1782 2503 Ecclesiarum
1813 2449 1896 2503 in-

190 2529 387 2598 juncte
428 2548 529 2584 nos
556 2533 956 2587 sollicitudinis
996 2550 1131 2587 cura
1167 2534 1511 2605 constringit
1551 2552 1621 2589 ne
1683 2536 1895 2590 diutius

194 2618 354 2689 gregi
424 2620 681 2675 ﬁdelium
756 2622 900 2676 desit
955 2623 1211 2677 custodia
1276 2624 1594 2692 pastoralis,
1662 2624 1893 2679 illorum

194 2707 463 2775 precibus
509 2709 797 2781 hujusque
828 2728 895 2765 ex
944 2712 1033 2765 sui
1085 2712 1545 2782 impossibilitate
1596 2715 1890 2768 renuntia-

193 2794 348 2848 tione
384 2798 733 2865 compulsus,
776 2798 956 2853 visum
990 2800 1155 2853 nobis
1199 2806 1284 2853 est
1331 2800 1516 2853 eidem
1546 2801 1894 2855 Ariminensi

194 2882 460 2937 Ecclesia
517 2886 721 2939 debere
766 2887 1099 2957 episcopum
1151 2888 1448 2942 ordinari:
1503 2895 1579 2954 et,
1628 2890 1774 2943 datis
1827 2908 1894 2945 ex

191 2987 352 3025 more
383 2974 701 3043 praceptis,
754 2976 971 3030 clerum
1018 2977 1359 3047 plebemque
1400 2978 1653 3047 ejusdem
1705 2980 1889 3033 Eccle-
1926 2969 1966 3023 C

190 3060 289 3114 sia
330 3077 444 3114 non
499 3062 820 3117 destitimus
878 3066 1187 3119 admonere
1232 3071 1514 3136 quatenus
1557 3068 1626 3119 ad
1684 3068 1893 3138 eligen-

190 3148 328 3202 dum
363 3150 472 3203 sibi
521 3151 831 3206 antistitem
863 3156 1132 3207 concordi
1162 3154 1484 3224 provisione
1530 3162 1888 3210 concurrant.

190 3237 505 3292 Hortamur
553 3256 689 3310 ergo
742 3248 804 3295 ut
833 3241 1159 3296 fraternitas
1188 3248 1373 3296 vestra
1406 3260 1539 3297 eum
1573 3260 1745 3313 quem
1777 3261 1892 3298 uno

190 3342 471 3380 consensu
506 3345 702 3382 omnes
732 3330 1034 3400 elegerint,
1066 3331 1213 3384 sicut
1244 3340 1300 3385 et
1343 3332 1453 3401 ipsi
1502 3349 1534 3385 a
1580 3332 1743 3385 nobis
1782 3350 1893 3402 po-

195 3414 446 3484 poscisse
474 3423 806 3486 noscuntur,
840 3420 908 3472 ad
944 3436 1003 3473 se
1046 3419 1215 3473 faciat
1244 3420 1485 3475 evocari.
1517 3420 1696 3483 Quem
1730 3427 1895 3474 cauta

196 3519 266 3557 ex
316 3504 584 3558 omnidus
614 3508 1033 3562 examinatione
1078 3508 1338 3562 discutite
1375 3525 1388 3562 :
1425 3513 1480 3562 et
1510 3509 1556 3562 si
1606 3526 1671 3563 ea
1711 3510 1771 3562 in
1802 3526 1893 3579 eo,

198 3593 419 3664 quain
473 3600 742 3649 contextu
784 3597 1014 3665 eptatici
1053 3602 1241 3651 morte
1291 3599 1533 3651 multata
1589 3604 1739 3663 sunt,
1786 3598 1897 3652 mi-

199 3682 355 3735 nime
390 3682 632 3737 Domino
662 3684 875 3739 fuerint
905 3686 1223 3755 opitulante
1272 3692 1518 3756 reperta,
1547 3691 1717 3756 atque
1748 3686 1895 3741 tide-

198 3770 340 3824 lium
373 3788 748 3840 personarum
797 3774 1072 3828 relatione
1121 3775 1244 3844 ejus
1290 3775 1445 3829 vobis
1494 3792 1725 3846 quoque
1782 3775 1895 3829 vita

197 3859 498 3929 placuerit,
550 3861 621 3914 ad
672 3878 773 3915 nos
811 3878 943 3916 eum
998 3878 1129 3916 cum
1183 3863 1393 3916 decreti
1440 3862 1652 3933 pagina
1700 3862 1893 3931 vestri,

198 3946 393 4002 addita
475 3964 704 4020 quoque
781 3951 1196 4004 testificationis
1268 3951 1531 4022 epistola,
1590 3951 1893 4019 destinate,

197 4042 485 4107 quatenus
531 4038 717 4092 eidem
751 4057 782 4091 a
829 4040 991 4093 nobis
1044 4040 1330 4112 Ecclesia,
1390 4040 1729 4109 disponente
1779 4041 1897 4093 Do—

194 4125 380 4191 mino,
421 4132 783 4181 consecretur
825 4129 1078 4184 antistes.

197 4230 329 4285 CAP.
389 4232 529 4287 CXC.
589 4264 655 4273 —
712 4237 787 4287 De
843 4238 1087 4303 episcopo
1136 4237 1234 4302 qui
1260 4251 1358 4303 per
1395 4234 1778 4303 inﬁmitatem
1839 4236 1898 4288 in

609 4304 984 4361 hebetudinem
1001 4309 1191 4360 mentis
1215 4307 1486 4361 inciderit.

272 4392 394 4459 (Ea:
414 4393 603 4446 concit.
646 4397 933 4459 Arausic.,
984 4411 1104 4464 cap.
1136 4395 1212 4465 2.)
1254 4396 1324 4449 Ut
1353 4395 1400 4447 si
1439 4394 1567 4465 quis
1596 4393 1899 4463 episcopus

198 4479 261 4533 in
289 4479 683 4535 inﬁrmitatem
734 4482 918 4536 autin
966 4484 1219 4554 aliquam
1263 4483 1668 4537 hebetudinem
1701 4498 1898 4535 sensus

197 4568 483 4635 inciderit,
518 4574 616 4623 aut
645 4570 899 4625 ofﬁcium
932 4572 1046 4625 oris
1078 4572 1355 4636 amiserit,
1384 4588 1453 4625 ea
1496 4587 1625 4641 qua
1680 4570 1897 4639 episco-

198 4658 288 4729 pis
318 4657 544 4727 operari
574 4660 941 4726 conveniunt,
975 4661 1372 4731 presbyterum
1408 4676 1577 4730 agere
1609 4675 1725 4712 non
1764 4674 1897 4728 per-

202 4746 413 4810 mittat,
454 4747 551 4799 sed
612 4747 949 4818 episeopum
1007 4749 1109 4819 qui
1168 4749 1384 4802 vicinus
1436 4753 1520 4799 est
1574 4750 1756 4813 vocet,
1809 4744 1900 4797 cui

197 4835 351 4905 quod
382 4835 442 4888 in
484 4836 726 4890 Ecclesia
757 4838 1043 4907 agendum
1077 4838 1249 4891 fuerit
1296 4837 1573 4907 imponet.

198 4942 328 4995 CAP.
371 4942 543 4997 CXCI.
580 4973 649 4983 -
675 4946 750 4997 De
781 4948 1027 5013 episcopo
1065 4947 1162 5013 qui
1199 4950 1424 5013 propter
1467 4943 1703 4996 dolorem
1750 4944 1898 5011 capi-

556 5016 624 5068 tis
650 5030 787 5083 sape
817 5018 872 5068 in
910 5019 1202 5069 amentiam
1237 5016 1543 5068 devenerat.

270 5102 375 5170 (Ea:
438 5102 625 5169 regist.
692 5118 813 5171 cap.
870 5106 995 5172 233,
1059 5104 1133 5157 ad
1191 5103 1482 5157 Etherium
1550 5100 1900 5171 episcopum.)

194 5188 465 5252 Quamvis
496 5190 656 5243 triste
684 5191 852 5245 nobis
883 5192 954 5245 sit
984 5193 1147 5247 valde
1178 5191 1331 5262 quod
1374 5190 1687 5261 loquimur,
1729 5194 1901 5259 atque

193 5276 451 5330 fraterna
488 5294 595 5331 nos
648 5280 1041 5350 compassione
1092 5281 1279 5350 potius
1337 5284 1540 5349 urgeat
1595 5294 1768 5347 quam
1798 5277 1898 5331 ali-

195 5365 335 5435 quid
383 5365 452 5419 de
486 5367 694 5421 auditis
747 5368 987 5423 deﬁnire
1018 5369 1358 5439 permittat:
1415 5367 1659 5437 suscepti
1708 5370 1900 5418 tamen

197 5454 526 5509 sollicitudo
584 5456 883 5525 regiminis
938 5473 1037 5511 cor
1088 5464 1355 5512 nostrum
1417 5455 1656 5509 instanti
1709 5454 1902 5525 pulsat

198 5544 398 5599 aculeo
430 5560 701 5616 magnam
730 5561 836 5600 nos
884 5546 1149 5602 Ecclesiis
1184 5562 1380 5601 curam
1435 5543 1785 5617 prospicere,
1821 5548 1897 5608 et,

2005 503 2211 557 debeat
2244 506 2355 557 Deo
2402 510 2636 558 auctore
2694 505 3016 573 disponere.
3078 508 3340 561 Pervenit
3402 509 3580 578 igitur
3629 510 3697 563 ad

2003 608 2127 660 nos,
2171 593 2515 663 quibusdam
2566 594 2967 655 referentibus,
3018 596 3325 665 quemdam
3375 597 3702 667 episcopum

2003 679 2081 733 ita
2139 680 2465 749 passionem
2520 682 2721 751 capitis
2777 682 3106 751 incurrisse,
3160 688 3238 749 ut,
3300 686 3453 753 quod
3513 690 3701 740 mente

2005 766 2250 820 alienata
2279 784 2447 838 agere
2510 769 2707 833 soleat,
2743 770 2990 839 gemitus
3034 777 3091 823 et
3142 772 3310 825 fletus
3368 773 3564 827 audire
3609 773 3699 827 sit.

2005 852 2083 906 Ne
2117 870 2275 923 ergo,
2308 855 2615 925 languente
2656 861 2905 925 pastore,
2941 874 3096 927 grex,
3145 860 3298 928 quod
3331 859 3504 913 absit!
3561 860 3703 914 insi-

2004 940 2565 997 diatorislaniaudus
2598 944 2866 997 dentibus
2917 954 3254 1015 exponetur,
3302 947 3387 1001 vel
3445 948 3703 1002 Ecclesia

2001 1030 2181 1100 ipsius
2242 1032 2515 1085 utilitates
2568 1033 2897 1102 depereant,
2959 1040 3123 1087 cauta
3180 1052 3284 1088 nos
3344 1052 3570 1090 necesse
3620 1042 3705 1090 est

2002 1120 2321 1189 provisione
2356 1126 2613 1175 tractare.
2665 1123 2730 1174 Et
2768 1121 2917 1189 ideo,
2955 1122 3091 1191 quia
3140 1123 3425 1176 viventem
3487 1124 3701 1194 episco-

2002 1224 2143 1277 pum
2171 1209 2240 1261 ab
2284 1208 2471 1262 ofﬁcio
2506 1226 2607 1261 suo
2653 1210 2956 1263 necessitas
3008 1210 3375 1278 inﬁrmitatis,
3428 1229 3545 1266 non
3595 1212 3703 1265 cri—

2006 1313 2156 1359 men,
2185 1296 2434 1364 abducit,
2463 1298 2638 1351 alium
2662 1299 2785 1351 loco
2807 1298 2948 1367 ejus,
2974 1299 3083 1352 nisi
3119 1305 3417 1354 recusante
3439 1317 3522 1364 eo,
3544 1301 3705 1354 nulla

2003 1385 2138 1438 sinit
2193 1386 2338 1439 ratio
2386 1385 2656 1440 ordinari.
2716 1386 2822 1439 Sed
2881 1387 2928 1439 si
2984 1387 3281 1441 intervalla
3346 1388 3704 1457 agritudinis

2004 1474 2214 1527 habere
2244 1480 2328 1527 est
2350 1474 2570 1542 solitus,
2602 1474 2722 1545 ipse
2752 1476 2882 1528 data
2922 1475 3197 1543 petitione
3229 1493 3343 1529 non
3376 1493 3433 1529 se
3465 1476 3705 1530 ulterius

2004 1562 2074 1615 ad
2112 1562 2216 1615 hoc
2263 1562 2667 1627 ministerium,
2716 1563 3077 1616 subvertente
3134 1563 3489 1631 inﬁrmitate,
3539 1580 3704 1633 posse

2003 1650 2248 1703 fateatur
2291 1650 2619 1721 adsurgere,
2672 1656 2728 1704 et
2771 1651 2949 1704 alium
2988 1653 3108 1705 loco
3151 1669 3253 1705 suo
3296 1657 3524 1722 expetat
3552 1651 3703 1705 ordi-

2002 1739 2279 1793 nandum.
2340 1741 2460 1803 Quo
2521 1740 2662 1792 facto
2722 1739 2985 1793 omnium
3052 1740 3383 1794 solemniter
3430 1740 3706 1794 electione

2003 1828 2166 1895 alter,
2224 1826 2323 1897 qui
2379 1827 2587 1896 dignus
2642 1826 2835 1894 fuerit,
2900 1827 3199 1897 episcopus
3256 1828 3570 1897 ordinetur,
3628 1828 3708 1882 sic

2001 1918 2307 1979 tamen‘ut,
2338 1931 2640 1985 quousque
2672 1916 2939 1968 eumdem
2970 1916 3303 1985 episcopum
3344 1917 3401 1969 in
3441 1917 3546 1969 hoc
3602 1932 3706 1970 sa-

2004 2002 2130 2056 culo
2162 2004 2274 2055 vita
2332 2002 2601 2069 tenuerit,
2637 2007 2899 2073 sumptus
2945 2002 2997 2055 ei
3029 2004 3200 2057 debiti
3247 2004 3316 2057 de
3367 2004 3566 2059 eadem
3610 2006 3706 2058 Ec-

2002 2090 2171 2144 clesia
2201 2091 2615 2144 ministrentur.
2654 2091 2953 2144 Enimvero
3005 2092 3052 2145 si
3101 2092 3261 2145 nullo
3309 2097 3571 2161 tempore
3636 2092 3707 2146 ad

2005 2196 2158 2233 sana
2211 2180 2415 2234 mentis
2468 2179 2615 2233 redit
2653 2180 2924 2242 officium,
2959 2196 3201 2250 persona
3233 2180 3417 2235 ﬁdelis
3461 2197 3526 2233 ac
3579 2180 3707 2233 vita

2005 2274 2089 2321 est
2118 2268 2427 2338 probabilis
2486 2268 2767 2338 eligenda,
2832 2285 2956 2339 qua
3014 2268 3085 2322 ad
3134 2269 3392 2338 regimen
3450 2268 3707 2321 Ecclesia

2003 2357 2211 2410 idonea
2268 2356 2443 2427 possit
2493 2357 2735 2410 existere
2793 2363 2965 2426 atque
2996 2357 3065 2410 de
3105 2357 3429 2411 animarum
3465 2356 3706 2411 utilitate

2003 2447 2275 2515 cogitare,
2336 2445 2625 2516 inquietos
2658 2446 2762 2498 sub
2820 2446 3133 2515 disciplina
3180 2446 3407 2499 vincula
3463 2445 3703 2499 restrin-

2003 2550 2157 2604 gere,
2211 2533 2722 2587 ecclesiasticarum
2775 2549 2969 2587 rerum
3018 2550 3212 2587 curam
3243 2550 3463 2603 gerere,
3498 2540 3555 2586 et
3586 2550 3705 2587 ma-

2002 2626 2197 2676 turum
2226 2627 2398 2692 atque
2447 2622 2734 2674 efﬁcacem
2765 2638 2822 2673 se
2860 2622 2921 2674 in
2968 2622 3235 2676 omnibus
3283 2622 3565 2675 exhibere.
3596 2623 3704 2685 Qui

2004 2712 2198 2777 etiam,
2222 2710 2491 2779 episcopo
2520 2709 2620 2780 qui
2642 2726 2793 2763 nunc
2823 2715 3062 2779 aegrotat
3091 2715 3400 2781 superstes,
3422 2711 3543 2764 loco
3583 2712 3703 2781 ejus

2003 2800 2207 2853 debeat
2238 2798 2581 2851 consecrari.

2004 2908 2131 2962 CAP.
2168 2906 2358 2959 CXCII.
2412 2934 2481 2944 -
2536 2907 2609 2958 De
2640 2906 2909 2958 restitutis
2968 2906 3230 2974 episcopis
3268 2922 3367 2974 per
3409 2908 3705 2960 Romanum

2690 2979 3015 3044 pontiﬁcem.

2076 3067 2179 3133 (Ea:
2208 3064 2399 3118 decret.
2454 3063 2605 3117 δία)ιί
2648 3078 2807 3132 papa
2858 3064 2901 3116 Il
2950 3063 3174 3128 fratrib.
3227 3079 3327 3132 per
3380 3066 3707 3132 Hispaniam

2002 3155 2307 3207 constitutis
2355 3153 2669 3215 commissis,
2711 3167 2830 3219 cap.
2887 3152 2962 3221 7.)
3000 3153 3219 3205 Fratres
3250 3166 3381 3206 vero
3434 3169 3575 3221 quos
3634 3152 3703 3206 ti-

2003 3258 2162 3295 more
2190 3248 2420 3294 terreno
2450 3241 2659 3310 injuste
2700 3240 3011 3293 damnastis
3065 3241 3264 3293 scitote
3296 3257 3327 3293 a
3359 3242 3523 3294 nobis
3549 3243 3701 3311 juste

2004 3347 2124 3383 esse
2182 3331 2493 3382 restitutos.
2554 3328 2771 3392 Quibus
2825 3345 2893 3381 ex
2923 3329 3259 3381 auctoritate
3311 3329 3491 3382 sancti
3536 3330 3704 3398 Petri,

2003 3419 2309 3489 apostolica
2342 3417 2698 3481 auctoritate,
2733 3418 2926 3469 omnia
2963 3433 3091 3487 qua
3127 3416 3209 3469 eis
3248 3417 3434 3470 ablata
3463 3423 3597 3471 sunt
3623 3418 3706 3470 in-

2004 3507 2308 3577 tegerrime
2336 3506 2497 3559 reddi
2545 3505 2928 3574 praecipimus,
2967 3505 3014 3557 si
3046 3522 3164 3558 non
3213 3506 3382 3558 vultis
3422 3511 3478 3558 et
3515 3522 3611 3558 vos
3650 3512 3708 3559 et

2002 3596 2285 3666 principes
2322 3594 2493 3647 vestri
2524 3611 2557 3647 a
2583 3594 2821 3663 collegio
2856 3599 3050 3647 nostro
3084 3596 3151 3648 et
3198 3595 3475 3647 membris
3524 3595 3707 3647 Eccle-

2005 3687 2102 3739 sia
2133 3684 2405 3755 separari.
2432 3685 2590 3738 Justo
2621 3683 2771 3736 enim
2790 3682 3008 3752 judicio
3037 3684 3138 3737 Dei
3167 3683 3335 3737 datur
3364 3685 3707 3754 plerumque

2004 3774 2394 3845 peccatoribus
2424 3778 2695 3843 potestas,
2729 3788 2841 3842 qua
2870 3776 3094 3825 sanctos
3134 3771 3313 3842 ipsius
3363 3788 3708 3842 persequan-

2006 3869 2123 3932 tur,
2155 3868 2217 3915 ut
2271 3862 2369 3933 qui
2424 3862 2625 3931 spiritu
2679 3861 2955 3931 juvantur
2998 3862 3054 3913 et
3106 3865 3358 3931 aguntur
3412 3860 3552 3913 ﬁant
3606 3876 3709 3930 per

2006 3952 2267 4005 laborum
2299 3950 2562 4004 exercitia
2584 3950 2869 4003 clariores.
2903 3949 2991 4003 Illi
3022 3955 3213 4003 tamen
3245 3950 3343 4019 qui
3376 3950 3483 4003 hoc
3505 3954 3702 4019 agunt,

2007 4042 2335 4094 nullatenus
2357 4040 2599 4093 evadent
2618 4055 2863 4108 poenam,
2892 4038 3047 4108 quia,
3072 4044 3136 4091 ut
3159 4037 3236 4090 ait
3266 4037 3538 4091 Dominus
3570 4054 3582 4091 :
3616 4039 3708 4091 Va

2008 4129 2093 4183 illi
2132 4146 2236 4198 per
2267 4143 2440 4199 quem
2470 4127 2799 4180 scandalum
2832 4125 3003 4178 venit.
3042 4126 3123 4191 Et,
3177 4140 3507 4195 quanquam
3545 4126 3709 4195 juxta

1938 4217 2316 4301 DSaIvatoris
2366 4215 2709 4269 sententiam
2765 4230 2991 4267 necesse
3049 4214 3123 4266 sit
3170 4213 3361 4265 venire
3420 4213 3705 4279 scandala,

2008 4322 2088 4359 va
2120 4312 2311 4358 tamen
2332 4320 2435 4374 per
2464 4319 2632 4374 quem
2668 4302 2931 4356 veniunt!
2969 4303 3044 4355 De
3072 4302 3303 4355 occultis
3330 4301 3501 4354 etiam
3523 4302 3707 4355 cordis

2006 4394 2180 4447 alieni
2209 4398 2421 4446 temere
2456 4392 2715 4463 judicare
2758 4395 3056 4461 peccatum
3114 4394 3214 4456 est,
3257 4394 3315 4443 et
3362 4404 3495 4443 eum
3545 4389 3707 4460 cujus

2005 4500 2123 4537 non
2156 4482 2422 4535 videntur
2452 4498 2625 4551 opera
2657 4481 2765 4534 nisi
2792 4480 2944 4533 bona
2972 4478 3240 4549 iniquum
3272 4484 3358 4532 est
3405 4494 3472 4532 ex
3522 4478 3707 4549 suspi-

2005 4571 2169 4624 cione
2219 4570 2635 4641 reprehendere
2669 4586 2681 4622 :
2716 4584 2845 4621 cum
2893 4583 3095 4620 eorum
3145 4583 3274 4638 qua
3320 4566 3541 4621 homini
3577 4572 3709 4620 sunt

2006 4658 2297 4728 incognita
2345 4658 2501 4711 solus
2550 4659 2697 4711 Deus
2748 4657 2922 4725 judex
2970 4656 3045 4710 sit
3081 4656 3272 4726 justus
3320 4656 3610 4726 inspector
3654 4662 3710 4709 et

2008 4764 2190 4801 verus.
2250 4748 2404 4801 Unde
2463 4746 2737 4816 scriptum
2796 4750 2924 4799 est:
2982 4746 3201 4798 Incerta
3232 4761 3346 4798 non
3384 4745 3707 4814 judicemus

2007 4836 2378 4907 quoadusque
2394 4835 2587 4888 veniat
2611 4834 2909 4901 Dominus,
2928 4834 3026 4905 qui
3049 4834 3711 4888 etilluminabitabscon-

2008 4925 2126 4979 dita
2174 4924 2566 4989 tenebrarum,
2600 4928 2655 4976 et
2708 4923 3098 4977 manifestabit
3143 4922 3380 4976 consilia
3425 4923 3703 4976 cordium.

2007 5015 2095 5083 Et,
2145 5013 2404 5085 quamvis
2444 5027 2574 5065 vera
2625 5011 2761 5076 sint,
2816 5018 3156 5065 nontamen
3206 5010 3487 5064 credenda
3550 5016 3703 5073 sunt,

2008 5102 2120 5157 nisi
2150 5118 2277 5172 qua
2299 5100 2467 5155 certis
2495 5099 2723 5169 judiciis
2770 5100 3235 5168 comprobantur,
3270 5098 3378 5151 nisi
3410 5113 3538 5167 qua
3586 5114 3707 5151 ma-

2007 5193 2214 5246 nifesto
2254 5189 2473 5260 judicio
2505 5188 2943 5254 convincuntur,
2974 5188 3083 5240 nisi
3113 5204 3243 5257 qua
3281 5186 3583 5256 judiciario
3614 5203 3707 5239 or-

2008 5280 2139 5334 dine
2187 5279 2567 5350 publicantur.
2632 5277 2828 5330 Nullus
2869 5292 3005 5344 ergo
3055 5280 3244 5344 potest
3289 5277 3541 5328 humano
3573 5292 3707 5329 con-

2008 5368 2268 5423 demnari
2308 5366 2592 5433 examine,
2631 5381 2801 5437 quem
2834 5366 2985 5418 Deus
3008 5380 3108 5416 suo
3133 5363 3351 5433 judicio
3377 5364 3699 5417 reservavit.

2010 5459 2139 5511 Haec
2175 5456 2369 5509 omnia
2399 5470 2765 5525 summopere
2822 5458 2953 5506 sunt
3003 5452 3393 5525 pracavenda,
3447 5468 3517 5505 ne
3552 5468 3699 5523 pra.

2008 5550 2333 5617 sumptores
2362 5561 2485 5598 esse
2508 5544 2820 5599 videamur.
