3956 6312
250 324 350 374 607

1335 321 1734 378 BUBCIIABDI
1773 320 2304 376 WORMACIENSIS
2346 319 2679 376 EPISCOPI.

3658 323 3766 375 608

251 443 379 497 CAP.
435 443 657 498 CXCIII.
709 473 781 485 —
828 447 895 499 Ut
940 445 1239 498 sacerdotes
1285 448 1519 509 Domini,
1569 447 1709 497 sicut
1753 447 1945 511 vulgus
1975 447 2021 498 A
2060 445 2200 498 caedi
2230 444 2539 499 crudeliter
2593 442 2836 497 fustibus
2897 441 3186 514 deputasti
3218 459 3391 514 quam
3448 444 3578 497 licet
3629 450 3768 515 post

281 519 461 581 facere
503 515 660 580 solet,
702 515 948 568 indicare
993 522 1353 584 prwsumant,
1385 519 1467 569 vel
1496 516 1906 584 compeliantu-r.

323 621 433 688 (EJ;
508 621 648 674 decr.
705 621 938 675 Cornelii
1000 620 1206 689 papae.)
1269 621 1695 674 Sacramentum
1755 627 1944 673 autem

244 709 517 762 hactenus
547 709 618 761 ab
648 709 933 778 episcopis
956 713 1010 761 et
1043 709 1276 778 reliquis
1301 709 1598 762 ordinibus
1628 709 1798 778 exigi,
1831 709 1946 762 nisi

244 813 350 866 pro
383 796 494 849 tide
536 802 708 862 recta,
761 797 999 850 minime
1031 797 1424 866 cognovimus,
1458 812 1561 849 nec
1605 803 1806 865 sponte
1849 813 1945 849 eos

237 884 462 952 jurasse
515 885 855 954 reperimus.
923 885 1296 955 SummOpere
1344 901 1480 954 ergo
1521 891 1748 938 sanctus
1785 887 1942 938 Jaco-

245 972 348 1024 bus
393 973 687 1041 apostolus
737 973 1048 1041 prohibens
1103 980 1522 1026 sacramentum
1551 974 1823 1044 loquitur,
1857 974 1942 1026 di-

243 1076 375 1112 cens
409 1077 421 1113 :
454 1064 597 1114 Ante
625 1062 840 1125 omnia,
879 1061 1083 1114 fratres
1124 1062 1256 1127 mei,
1288 1063 1463 1114 nolite
1514 1063 1729 1131 jurare,
1758 1078 1942 1132 neque

244 1165 347 1218 per
376 1150 601 1213 coelum,
635 1163 820 1220 neque
841 1165 944 1218 per
975 1154 1212 1217 terram,
1242 1166 1427 1220 neque
1458 1167 1562 1219 per
1593 1150 1743 1204 aliud
1768 1151 1942 1221 quod-

244 1253 468 1306 cunque
496 1237 908 1305 juramentum.
965 1237 1047 1290 Sit
1083 1243 1273 1290 autem
1333 1255 1520 1292 sermo
1567 1243 1769 1306 vester,
1826 1241 1939 1305 Est,

241 1329 344 1390 est,
383 1326 506 1378 Non
536 1341 548 1378 :
583 1329 647 1378 ut
676 1326 779 1378 sub
804 1325 1085 1396 judicium
1116 1343 1232 1379 non
1260 1327 1549 1380 decidatis.

245 1430 371 1483 CAP.
423 1431 650 1485 CXCIV.
704 1432 861 1484 —De
907 1434 1150 1500 episcopo
1197 1435 1420 1487 sinistro
1452 1449 1665 1486 rumore
1702 1448 1940 1501 asperso,

341 1517 440 1568 per
487 1507 885 1555 sacramentum
924 1508 1104 1556 autem
1147 1509 1196 1556 et
1221 1509 1458 1572 purgato
1488 1509 1538 1558 et
1569 1505 1830 1557 absoluto.

313 1591 418 1652 (Ea:
447 1605 522 1643 re.
577 1590 650 1642 ad
700 1592 972 1643 Iustinum
1029 1593 1304 1660 imperat.,
1356 1607 1474 1660 cap.
1551 1593 1696 1662 ΠΟ.)
1762 1592 1942 1646 Habet

241 1676 349 1730 llOC
375 1677 677 1746 proprium
711 1677 932 1747 antiqui
962 1678 1142 1731 hostis
1171 1679 1409 1744 invidia,
1447 1685 1510 1732 ut
1547 1696 1688 1749 quos
1720 1679 1776 1732 in
1811 1695 1939 1750 pra-

242 1781 441 1818 vorum
473 1771 703 1818 actuum
733 1766 1242 1835 perpetrationem,
1301 1769 1414 1820 Deo
1465 1767 1573 1820 sibi
1620 1768 1937 1834 resistente,

242 1852 505 1922 decipere
543 1869 662 1906 non
718 1852 886 1920 valet,
937 1853 1237 1923 opiniones
1267 1871 1465 1909 eorum
1504 1856 1646 1909 falsa
1691 1857 1760 1910 ad
1790 1872 1938 1926 prae-

239 1957 368 1994 sens
409 1941 733 1995 simulando
783 1941 1074 1996 dilacerat.
1129 1943 1412 2006 Quoniam
1458 1944 1638 2014 igitur
1671 1946 1937 2015 quaedam

239 2034 437 2082 contra
484 2029 828 2083 sacerdotale
886 2030 1247 2100 propositum
1302 2031 1371 2084 de
1421 2032 1607 2086 Leone
1656 2033 1830 2086 fratre
1884 2037 1939 2086 et

237 2118 573 2188 coepiscopo
599 2123 794 2172 nostro
825 2118 1053 2172 sinister
1104 2136 1303 2172 rumor
1361 2126 1696 2191 asperserat,
1743 2126 1936 2175 utrum

236 2223 370 2260 vera
416 2211 622 2276 essent,
677 2207 929 2260 districta
975 2207 1189 2261 diutius
1248 2208 1488 2262 fecimus
1562 2209 1936 2279 inquisitione

239 2294 521 2364 perquiri,
553 2300 604 2347 et
653 2295 872 2348 nullam
901 2295 960 2348 in
988 2312 1054 2348 eo
1084 2296 1151 2349 de
1182 2296 1271 2348 his
1325 2313 1454 2366 quae
1512 2297 1738 2350 fuerant
1789 2298 1936 2351 dicta

239 2383 468 2453 culpam
498 2381 843 2436 invenimus.
878 2383 987 2436 Sed
1009 2389 1086 2435 ne
1137 2383 1273 2453 quid
1317 2384 1606 2438 videretur
1658 2386 1933 2438 omissum

239 2476 438 2525 nostro
492 2472 747 2541 potuisse
804 2471 963 2525 cordi
1016 2472 1255 2525 dubium
1309 2479 1628 2542 remanere,
1670 2475 1739 2528 ad
1785 2474 1937 2528 beati

240 2559 392 2613 Petri
451 2559 892 2614 sacratissimum
937 2577 1145 2630 corpus
1171 2561 1427 2615 districta
1479 2579 1612 2616 eum
1639 2579 1705 2616 ex
1759 2563 1936 2617 abun-

237 2647 395 2701 danti
427 2647 664 2701 fecimus
696 2653 1049 2701 sacramenta
1079 2648 1356 2717 prrebere.
1415 2649 1632 2713 Quibus
1663 2650 1934 2720 praestitis

239 2751 449 2805 magna
478 2752 674 2789 sumus
703 2737 1084 2790 exsultatione
1115 2737 1310 2806 gavisi,
1345 2739 1498 2807 quod
1538 2739 1935 2810 hujuscemodi

238 2823 564 2876 innocentia
596 2825 716 2892 ejus
747 2824 1040 2877 evidenter
1069 2824 1294 2877 enituit.
1349 2826 1455 2878 Pro
1487 2842 1600 2896 qua
1643 2842 1703 2879 re
1751 2827 1936 2897 gloria

236 2919 422 2966 vestra
473 2915 810 2982 prmdictum
841 2913 1026 2967 virum
1063 2930 1195 2968 cum
1243 2915 1399 2968 omni
1447 2915 1721 2970 charitate
1751 2917 1931 2969 susci-

2058 539 2184 586 octo
2227 549 2472 596 menses,
2515 532 2718 586 exinde
2750 531 2990 585 minime
3038 532 3386 585 arbitremur
3430 533 3600 586 fuisse
3660 533 3762 586 de-

2055 620 2334 685 functam,
2385 627 2576 673 tamen
2651 619 2788 690 quia
2838 619 3058 672 ordinis
3107 620 3190 672 tui
3255 620 3464 673 habere
3520 619 3762 674 noluisti

2055 715 2397 780 respectum,
2429 707 2736 778 propterea
2767 708 2989 761 duobus
3024 713 3079 760 te
3110 709 3404 761 mensibus
3451 708 3520 761 ab
3571 708 3760 761 admi-

2056 799 2392 853 nistratione
2414 800 2716 852 missarum
2739 798 3045 852 statuimus
3075 798 3380 851 abstinere.
3423 799 3488 851 In
3521 798 3757 868 quibus,

2053 887 2123 940 ab
2167 887 2354 941 officio
2411 893 2510 940 tuo
2562 903 2922 957 suspensum,
2977 887 3112 939 flere
3170 892 3224 939 te
3280 887 3544 939 convenit
3601 887 3756 957 quod

2053 975 2253 1029 fecisti.
2302 977 2439 1029 Nam
2481 976 2641 1030 valde
2688 976 2927 1044 dignum
2978 981 3062 1027 est
3096 980 3177 1037 ut,
3221 980 3522 1044 postquam
3575 981 3631 1027 te
3686 975 3758 1028 ad

2052 1063 2182 1116 vitae
2241 1064 2408 1117 istius
2464 1063 2833 1135 tranquillam
2899 1063 3300 1116 rectitudinem
3373 1062 3756 1116 laudabilium

2051 1153 2409 1205 sacerdotum
2441 1153 2704 1222 exempla
2742 1168 2857 1205 non
2914 1157 3248 1222 provocant,
3310 1153 3508 1205 saltem
3560 1168 3752 1205 corre-

2052 1239 2258 1292 ctionis
2286 1239 2568 1293 medicina
2595 1241 2914 1308 compellat.

2053 1345 2162 1400 CAP
2187 1345 2407 1400 CXCVI.
2452 1376 2513 1384 —
2569 1348 2642 1400 De
2701 1345 2946 1412 episcopo
2991 1360 3090 1412 per
3138 1349 3478 1399 sacramenta
3510 1351 3752 1414 purgato

2723 1420 2772 1468 et
2810 1417 3070 1469 absoluto.

2123 1504 2231 1574 (Em
2272 1520 2386 1573 reg.
2441 1504 2516 1557 ad
2544 1503 2928 1559 Brunihildam
2955 1506 3202 1569 reginam
3234 1505 3583 1571 Francorum,
3622 1520 3744 1573 cap.

2055 1595 2200 1663 132.)
2231 1594 2450 1646 Menam
2501 1609 2634 1645 vero
2682 1592 3221 1645 reverendissimum
3272 1594 3502 1645 fratrem
3547 1593 3750 1661 coepi-

2052 1698 2401 1753 scopumque
2439 1686 2722 1745 nostrum,
2764 1687 3092 1751 postquam,
3141 1698 3204 1733 ea
3240 1697 3368 1750 quae
3400 1681 3469 1735 de
3501 1697 3568 1733 eo
3599 1681 3752 1733 dicta

2049 1771 2274 1825 fuerant
2303 1769 2678 1839 requirentes,
2709 1769 2766 1821 in
2814 1768 2972 1822 nullo
3015 1768 3340 1822 invenimus
3392 1785 3512 1821 esse
3559 1769 3755 1838 culpa-

2047 1859 2257 1913 bilem:
2315 1859 2414 1928 qui
2444 1859 2680 1927 insuper
2735 1857 2805 1910 ad
2836 1857 3283 1911 sacratissimum
3329 1874 3534 1928 corpus
3595 1858 3754 1912 beati

2049 1947 2198 2002 Petri
2258 1947 2500 2018 apostoli
2550 1947 2656 2000 sub
2689 1946 3068 2016 jurejurando
3118 1946 3486 2012 satisfaciens,
3528 1946 3598 1999 ab
3660 1945 3752 1999 his

2049 2052 2177 2106 quas
2219 2036 2440 2104 objecta
2478 2035 2600 2105 ejus
2650 2034 2914 2105 opinioni
2968 2034 3196 2088 fuerant
3225 2051 3282 2088 se
3329 2034 3750 2088 demonstravit

2049 2125 2344 2177 alienum:
2409 2123 2618 2176 reverti
2674 2123 2838 2176 illum
2917 2128 3226 2192 purgatum
3305 2124 3752 2193 absolutumque

2044 2212 2413 2281 permisimus
2446 2229 2458 2265 :
2490 2211 2644 2281 quia,
2675 2211 2822 2264 sicut
2851 2211 3092 2281 dignum
3124 2217 3245 2264 erat
3277 2217 3355 2277 ut,
3389 2211 3436 2264 si
3467 2211 3525 2264 in
3551 2211 3751 2280 aliquo

2045 2317 2176 2353 reus
2207 2299 2493 2366 existeret,
2554 2299 2779 2368 culpam
2831 2299 2891 2352 in
2947 2316 3015 2351 eo
3067 2299 3336 2353 canonice
3385 2299 3749 2368 puniremus,

2043 2389 2124 2442 ita
2149 2389 2389 2459 dignum
2418 2403 2534 2440 non
2582 2386 2688 2440 fuit
2718 2392 2780 2439 ut
2830 2403 2982 2451 eum,
3031 2388 3332 2457 adiuvante
3392 2387 3749 2457 innocentia,

2044 2477 2262 2530 diutius
2292 2476 2553 2539 retinere,
2581 2476 2667 2528 vel
2699 2475 2950 2545 afﬂigere
2977 2477 3036 2528 in
3068 2477 3260 2546 aliquo
3310 2477 3669 2530 deberemus.

2044 2583 2172 2638 CAP.
2223 2583 2468 2637 CXCVII.
2517 2611 2590 2623 —
2637 2583 2880 2648 Qualiter
2925 2597 3085 2637 senex
3135 2586 3412 2652 episcopr
3443 2585 3748 2650 corripien-

2115 2654 2217 2708 dus
2286 2657 2376 2719 sit,
2461 2654 2722 2723 quomodo
2785 2654 2920 2706 mali
2963 2653 3080 2721 ejus
3147 2656 3451 2708 consiliarii
3531 2669 3744 2707 emcom-

2112 2725 2447 2778 municandi.

2115 2829 2218 2896 (Ea:
2239 2845 2351 2897 reg.
2383 2845 2497 2898 cap.
2535 2831 2644 2896 37.)
2693 2829 3033 2884 Praedicator
3064 2829 3477 2900 omnipotentis
3511 2829 3743 2883 Domini

2044 2919 2251 2972 Paulus
2296 2919 2584 2988 apostolus
2633 2917 2812 2971 dicit:
2864 2918 3156 2972 Seniorem
3226 2936 3294 2972 ne
3334 2919 3740 2988 increpaveris.

240 3001 377 3071 piat,
407 3001 785 3055 reverentiam
813 3002 865 3055 ei
891 3003 1119 3071 qualem
1149 3003 1424 3056 sacerdoti
1457 3005 1616 3058 decet
1647 3005 1930 3070 exhibeat,
1968 2995 2008 3049 (Σ
2045 3007 2152 3060 Sed
2174 3007 2295 3059 haec
2322 3007 2443 3075 ejus
2476 3007 2676 3076 regula
2707 3005 2766 3059 in
2805 3022 2872 3060 eo
2906 3007 3249 3060 reservanda
3282 3012 3382 3074 est,
3411 3024 3539 3060 cum
3571 3008 3743 3076 culpa

242 3106 344 3142 nec
389 3090 654 3160 quaedam
707 3090 976 3144 cordibus
1036 3098 1330 3144 remaneat
1359 3093 1427 3145 de
1481 3093 1569 3145 his
1630 3109 1757 3162 quae
1812 3093 1931 3164 jam

237 3183 368 3231 sunt
399 3183 644 3248 purgata
677 3177 958 3233 dubietas.
997 3179 1058 3232 Et
1091 3179 1166 3232 ita
1217 3179 1605 3250 suprascripto
1658 3197 1753 3234 vos
1807 3181 1932 3252 epi-

239 3283 410 3336 scopo
439 3266 803 3321 devotissime
837 3271 1065 3338 oportet
1100 3268 1160 3320 in
1197 3267 1466 3321 omnibus
1513 3269 1826 3335 adhaerere,
1873 3274 1936 3322 ut

236 3371 489 3424 congrue
508 3355 890 3427 decenterque
919 3359 1092 3410 Deum
1117 3357 1174 3410 in
1196 3357 1318 3426 ejus
1340 3373 1581 3426 persona
1601 3357 1932 3424 videamini,

237 3445 398 3515 cujus
424 3444 683 3498 minister
711 3449 814 3511 est,
846 3445 1150 3499 honorare.

237 3550 366 3604 CAP.
451 3550 643 3605 CXCV.
730 3553 1066 3607 —Correctio
1133 3553 1370 3620 episcopi
1432 3554 1531 3622 qui
1585 3552 1934 3606 concubinam

969 3622 1178 3676 habuit.

307 3708 422 3776 (Εω
445 3724 557 3775 reg.
605 3711 860 3776 Gregorii
911 3725 1071 3778 papae
1118 3710 1192 3764 ad
1220 3711 1499 3765 Andream
1557 3713 1786 3780 episcop.
1833 3712 1932 3764 Ta-

231 3799 432 3850 rentin.
494 3813 613 3866 cap.
668 3797 808 3867 179.)
839 3797 1110 3851 Tribunal
1174 3797 1384 3867 judicis
1459 3798 1659 3853 aeterni
1701 3813 1932 3851 securus

229 3883 466 3954 aspiciet
518 3883 796 3954 quisquis,
876 3889 1066 3938 reatus
1122 3885 1207 3938 sui
1259 3885 1536 3950 conscius,
1596 3886 1771 3956 digna
1798 3901 1931 3939 eum

235 3973 407 4026 modo
459 3971 795 4041 paenitentia
859 3972 1082 4042 placare
1156 3974 1462 4027 contendit.
1538 3973 1810 4027 Habuisse
1873 3978 1930 4026 te

235 4059 519 4130 siquidem
544 4059 918 4113 concubinam
941 4059 1242 4113 manifesta
1264 4060 1499 4113 veritate
1520 4061 1926 4130 comperimus,

234 4149 303 4204 de
332 4165 444 4220 qua
475 4148 646 4202 etiam
677 4148 958 4202 contraria
981 4154 1064 4202 est
1091 4148 1435 4220 quibusdam
1477 4154 1608 4204 nata
1656 4149 1926 4220 suspicio.

232 4237 362 4304 Sed,
397 4237 533 4307 quia
572 4237 630 4290 in
685 4237 852 4290 rebus
899 4237 1185 4306 ambiguis
1226 4239 1552 4292 absolutum
1599 4255 1711 4292 non
1760 4238 1929 4291 debet
1957 4274 2002 4328 Β
2040 4245 2214 4299 signis
2295 4245 2450 4299 illius
2525 4245 2811 4298 eradicare

232 4341 354 4380 esse
399 4324 703 4395 judicium,
761 4325 868 4378 hoc
898 4331 1012 4379 tua;
1043 4326 1404 4380 conscientiae
1451 4327 1731 4396 elegimus
1777 4342 1926 4380 com-

232 4413 592 4468 mittendum.
620 4414 741 4477 Qua
774 4414 843 4467 de
875 4429 936 4468 re
966 4414 1032 4481 si,
1066 4415 1126 4468 in
1157 4431 1314 4468 sacro
1336 4415 1535 4470 ordine
1565 4417 1925 4478 constitutus,

233 4502 357 4571 ejus
382 4505 436 4554 te
477 4501 858 4570 permixtione
909 4517 1030 4555 esse
1076 4503 1277 4556 recolis
1325 4505 1694 4566 maculatum,
1744 4519 1928 4557 sacer-

233 4588 372 4641 dotii
401 4588 621 4641 honore
664 4589 941 4658 deposito,
975 4590 1045 4643 ad
1088 4590 1530 4645 ministrandum
1571 4593 1728 4644 nullo
1760 4593 1928 4645 modo

232 4692 545 4746 praesumas
576 4677 862 4741 accedere,
902 4677 1146 4732 sciturus
1175 4679 1233 4732 in
1266 4680 1472 4733 animae
1519 4685 1634 4733 tuae
1676 4681 1929 4748 periculo

234 4763 578 4832 ministrare,
618 4769 674 4817 et
723 4765 832 4818 Deo
875 4773 1068 4820 nostro
1098 4773 1152 4820 te
1183 4768 1304 4821 sine
1339 4768 1512 4822 dubio
1559 4769 1794 4822 reddere
1846 4786 1932 4824 ra-

232 4850 465 4914 tionem,
486 4852 550 4918 si,
586 4853 917 4923 hujusmodi
946 4855 1175 4908 sceleris
1201 4857 1479 4922 conscius,
1528 4856 1586 4910 in
1627 4873 1693 4910 eo
1724 4874 1838 4927 quo
1871 4875 1930 4912 es

232 4940 455 5005 ordine,
491 4941 679 4994 celans
725 4942 1042 5003 veritatem.
1075 4961 1414 5014 permanere
1456 4945 1720 4999 volueris.
1774 4947 1930 5001 Unde

231 5030 441 5082 iterum
475 5031 847 5085 adhortamur
878 5037 960 5098 ut,
997 5033 1044 5085 si
1078 5039 1130 5087 te
1163 5034 1463 5103 deceptum
1508 5034 1688 5087 hostis
1710 5033 1931 5103 antiqui

231 5117 538 5171 calliditate
613 5120 921 5188 cognoscis,
996 5120 1344 5188 competenti
1409 5137 1540 5174 eum
1599 5121 1736 5174 dum
1803 5121 1933 5174 licet

235 5206 566 5276 pmnitcntia
607 5223 879 5276 superare
905 5208 1177 5261 festines:
1209 5225 1278 5260 ne
1317 5225 1447 5262 cum
1499 5225 1564 5261 eo
1621 5209 1924 5278 particeps,

233 5295 383 5363 quod
413 5311 522 5348 non
553 5301 818 5366 optamus
862 5295 944 5360 ,in
987 5295 1078 5349 die
1112 5295 1318 5365 judicii
1367 5297 1676 5366 deputeris.
1707 5297 1764 5351 Si
1795 5313 1927 5351 vero

232 5382 402 5450 hujus
447 5388 633 5436 reatus
680 5385 781 5437 tibi
814 5384 1072 5438 conscius
1112 5401 1225 5437 non
1273 5402 1351 5447 es,
1383 5384 1442 5438 in
1484 5403 1551 5438 eo
1598 5391 1653 5440 te
1703 5402 1928 5439 necesse

235 5475 319 5522 est
369 5486 482 5539 quo
532 5487 592 5524 es
639 5472 850 5525 ordine
889 5488 1250 5542 permanere.
1295 5474 1598 5539 Praeterea,
1651 5474 1923 5544 quoniam

236 5557 532 5610 mulierem
589 5559 656 5612 de
709 5560 1024 5614 matriculis
1077 5565 1274 5614 contra
1320 5560 1578 5615 ordinem
1629 5561 1929 5616 sacerdotii

2045 3093 2286 3147 senioris
2317 3095 2578 3163 exemplo
2613 3110 2714 3147 suo
2762 3111 2875 3147 non
2925 3095 3101 3148 trahit
3139 3096 3206 3148 ad
3239 3095 3535 3149 interitum
3567 3096 3743 3149 corda

2038 3183 2357 3254 juniorum.
2397 3182 2500 3236 Ubi
2530 3187 2720 3236 autem
2761 3184 2954 3236 senior
2977 3184 3288 3254 juvenibus
3309 3186 3634 3254 exemplum
3667 3186 3742 3239 ad

2044 3271 2341 3326 interitum
2386 3271 2624 3340 praebet,
2685 3271 2943 3325 districta
3003 3272 3393 3342 increpatione
3450 3273 3744 3328 feriendus

2043 3366 2145 3414 est.
2179 3361 2320 3414 Nam
2346 3359 2620 3429 scriptum
2654 3365 2774 3414 est:
2807 3360 3065 3430 Laqueus
3090 3361 3368 3430 juvenum
3392 3378 3590 3415 omnes
3613 3379 3736 3416 vos.

2045 3450 2110 3502 Et
2147 3464 2374 3501 rursum
2404 3448 2685 3518 propheta
2712 3447 2850 3502 dicit
2885 3465 2898 3501 :
2935 3449 2997 3502 Et
3045 3455 3310 3519 peccator
3355 3458 3586 3503 centum
3639 3467 3738 3503 an-

2043 3553 2245 3590 norum
2273 3536 2610 3590 maledictus
2636 3541 2736 3589 est.
2762 3538 2938 3590 Tanta
2962 3542 3153 3591 autem
3186 3538 3442 3609 nequitia
3472 3539 3538 3592 ad
3570 3555 3742 3594 aures

2041 3641 2197 3678 meas
2227 3624 2295 3677 de
2326 3629 2423 3676 tua
2459 3628 2745 3677 senectute
2784 3625 3065 3694 pervenit,
3096 3630 3160 3678 ut
3202 3641 3348 3692 eam,
3400 3626 3510 3679 nisi
3549 3627 3741 3682 adhuc

2041 3713 2372 3768 humanitus
2411 3729 2803 3782 pensaremus,
2839 3713 2950 3767 ﬁxa
2982 3715 3102 3783 jam
3155 3714 3550 3768 maledictione
3600 3715 3736 3768 feri-

2040 3819 2252 3857 remus.
2291 3801 2510 3855 Dictum
2545 3802 2760 3872 quippe
2808 3801 2951 3855 mihi
2990 3808 3073 3854 est
3111 3802 3264 3872 quod
3313 3802 3738 3858 Dominicorum

2039 3891 2152 3953 die,
2194 3890 2528 3961 priusquam
2578 3891 2881 3944 missarum
2933 3890 3209 3944 solemnia
3262 3892 3600 3956 celebrares,
3665 3893 3741 3947 ad

2040 3979 2381 4032 exarandum
2434 3993 2680 4032 messem
2742 3979 2939 4032 latoris
2984 3979 3354 4049 praesentium
3415 3981 3738 4050 perrexisti,

2041 4073 2168 4137 post
2208 4067 2591 4121 exarationem
2619 4067 2740 4136 ejus
2783 4067 3083 4121 missarum
3112 4068 3391 4122 solemnia
3417 4069 3736 4124 celebrasti.

2043 4159 2174 4211 Post
2227 4156 2530 4209 missarum
2585 4157 2884 4223 solemnia,
2946 4157 3118 4210 etiam
3180 4157 3457 4211 terminos
3513 4174 3740 4228 posses-

2906 4245 3145 4299 minime
3221 4245 3484 4300 timuisti.
3573 4247 3740 4310 Quod

2034 4335 2245 4389 factum
2279 4349 2407 4404 quae
2457 4349 2625 4404 paena
2674 4334 2872 4388 debuit
2911 4335 3157 4405 insequi,
3219 4351 3420 4388 omnes
3479 4335 3578 4406 qui
3631 4353 3740 4390 au-

2039 4424 2206 4478 diunt
2254 4423 2460 4476 sciunt.
2517 4421 2682 4475 Dubii
2731 4427 2924 4476 autem
2974 4424 3042 4478 de
3115 4429 3277 4476 tanta
3348 4423 3451 4476 hac
3507 4439 3737 4493 perver-

2037 4511 2200 4566 sitate
2254 4512 2566 4576 fueramus,
2627 4511 2723 4564 sed
2782 4511 2933 4565 filius
2977 4517 3171 4564 noster
3231 4512 3496 4582 Cyriacus
3559 4513 3736 4567 abbas

2038 4618 2072 4656 a
2136 4599 2299 4654 nobis
2367 4599 2698 4670 requisitus,
2763 4600 2898 4653 dum
2975 4605 3123 4654 esset
3191 4601 3457 4668 cboralis,
3526 4602 3604 4655 ita
3674 4619 3733 4656 se

2037 4688 2370 4760 cognovisse
2407 4688 2717 4756 perhibuit.
2776 4689 2840 4742 Et
2869 4689 3007 4758 quia
3049 4688 3234 4742 adhuc
3276 4690 3431 4742 canis
3467 4691 3576 4743 tuis
3609 4708 3736 4762 par-

2037 4777 2240 4840 cimus,
2273 4776 2591 4840 hortamur,
2625 4776 2936 4846 aliquando
2968 4776 3252 4846 resipisce,
3287 4794 3479 4842 senex,
3511 4784 3681 4849 atque
3703 4797 3736 4832 a

2037 4870 2197 4919 tanta
2234 4865 2463 4918 levitate
2505 4881 2733 4918 morum
2764 4870 2818 4919 et
2869 4881 3110 4935 operum
3163 4866 3528 4935 perversitate
3577 4883 3732 4921 com-

2037 4969 2287 5024 pescere.
2325 4953 2548 5016 Quanto
2600 4954 2770 5006 morti
2818 4953 3056 5007 vicinior
3112 4955 3372 5022 efliceris,
3421 4961 3576 5009 tanto
3608 4956 3733 5009 ﬁeri

2039 5034 2330 5088 sollicitior
2381 5039 2550 5104 atque
2599 5036 2860 5090 timidior
2903 5038 3092 5091 debes.
3160 5040 3222 5091 Et
3279 5040 3512 5109 quidem
3568 5055 3736 5108 poena

2037 5123 2334 5176 sententiae
2369 5124 2426 5176 in
2458 5129 2513 5177 te
2541 5123 2727 5177 fuerat
2777 5126 3103 5195 jaculanda,
3141 5126 3259 5193 sed,
3305 5128 3436 5196 quia
3466 5127 3738 5197 simplici-

2037 5215 2211 5264 tatem
2244 5216 2398 5264 tuam
2457 5228 2586 5266 cum
2643 5219 2933 5267 senectute
2976 5214 3259 5280 novimus,
3305 5215 3536 5267 interim
3593 5220 3740 5268 tace-

2039 5315 2184 5352 mus.
2224 5302 2325 5354 Eos
2355 5315 2487 5353 vero
2519 5318 2764 5371 quorum
2797 5303 3043 5357 consiliis
3066 5304 3186 5357 haec
3217 5304 3400 5373 egisti,
3433 5304 3490 5357 in
3515 5303 3740 5357 duobus

2038 5388 2330 5442 mensibus
2361 5391 2884 5445 excommunicatos
2941 5408 3060 5444 esse
3095 5393 3478 5450 decernimus,
3538 5392 3617 5444 ita
3677 5396 3742 5447 ut

2039 5476 2086 5528 si
2117 5475 2254 5546 quid
2286 5476 2368 5529 eis
2420 5478 2568 5532 intra
2605 5480 2864 5537 duorum
2900 5479 3179 5532 mensium
3228 5481 3474 5549 spatium
3532 5481 3738 5534 huma-

2040 5563 2194 5617 nitus
2223 5565 2494 5632 evenerit,
2548 5567 2949 5622 benedictione
2998 5567 3186 5620 viatici
3243 5584 3360 5621 non
3413 5567 3734 5636 priventur.
