3956 6302
206 317 314 370 609

1208 317 1681 375 DECRETORUM
1726 320 1915 376 LIBRI
1949 322 2057 376 XX.
2092 351 2160 359 —
2194 321 2406 377 LIBER
2447 322 2724 378 PRIMUS.

3615 333 3719 385 610

206 440 490 510 Deinceps
522 446 715 494 autem
752 440 821 494 ab
856 456 1056 494 eorum
1097 441 1353 494 consiliis
1392 447 1590 495 cautus
1623 441 1820 509 existe,
1848 449 1903 497 te
1936 446 1975 498 Α
2020 444 2256 515 propria
2294 444 2557 513 judicare
2605 451 2975 514 praesumant,
3022 456 3121 503 aut
3161 453 3549 507 truncationes
3592 455 3717 525 qui-

205 545 443 600 quoque
492 530 733 583 sollicite
764 528 1024 582 custodi:
1071 545 1143 581 ne
1193 530 1261 592 si,
1308 529 1388 582 eis
1434 530 1493 583 in
1539 532 1691 583 malo
1739 532 1912 585 disci-

204 619 376 688 pulus
410 618 585 671 fueris
636 618 846 688 quibus
879 618 1153 687 magister
1204 619 1262 671 in
1295 618 1445 671 bono
1489 635 1610 673 esse
1642 620 1911 686 debuisti,

203 721 313 759 nec
370 705 725 776 simplicitati
782 710 915 771 tuas,
977 722 1083 760 nec
1155 707 1396 761 ulterius
1453 709 1729 761 senectuti
1781 726 1909 779 par-

206 811 427 848 03111118.

351 899 483 969 Cap.
520 898 786 953 CXCVIII.
818 930 884 938 —
915 900 996 953 De
1021 904 1350 967 purgatione
1376 902 1567 954 Leonis
1584 916 1762 969 papae.
1822 886 1825 891 ’

276 990 686 1053 (Juramentum
714 989 900 1042 Leonis
946 986 1150 1057 papae).
1195 989 1492 1055 Auditum,
1545 991 1746 1042 fratres
1774 990 1905 1043 cha-

205 1076 443 1143 rissimi,
482 1081 537 1129 et
563 1076 923 1145 divulgatum
954 1082 1039 1129 est
1091 1093 1195 1145 per
1244 1079 1425 1130 multa
1473 1080 1613 1144 loca,
1662 1080 1909 1148 qualiter

206 1164 473 1217 homines
522 1164 658 1217 mali
709 1166 1009 1218 adversum
1065 1180 1156 1218 me
1196 1164 1648 1234 insurrexerunt,
1675 1172 1731 1220 et
1760 1167 1904 1221 dila-

203 1258 326 1305 tare
353 1254 681 1317 voluerunt,
706 1258 761 1305 et
785 1252 1065 1306 miserunt
1086 1269 1259 1323 super
1290 1269 1381 1306 me
1411 1254 1605 1323 gravia
1642 1254 1901 1310 crimina.

204 1343 443 1411 Propter
474 1357 647 1410 quam
688 1357 916 1395 causam
969 1342 1075 1394 iste
1124 1342 1603 1395 clementissimus
1641 1359 1705 1394 ac
1753 1358 1906 1395 sere-

202 1430 476 1482 nissimus
501 1430 771 1483 dominus
805 1446 901 1483 rex
937 1430 1172 1485 Carolus
1204 1447 1317 1483 una
1346 1446 1475 1484 cum
1519 1431 1905 1484 sacerdotibus

202 1523 259 1570 et
304 1518 676 1586 optimatibus
707 1518 823 1570 suis
872 1518 1036 1571 istam
1082 1519 1343 1587 pervenit
1390 1519 1461 1571 ad
1512 1520 1904 1583 urbem.Qua-

202 1607 461 1659 mobrem
500 1622 606 1674 ego
637 1607 743 1659 Leo
782 1606 1033 1676 pontifex
1075 1612 1282 1660 sanctae
1316 1607 1588 1660 Romana:
1620 1608 1902 1673 Ecclesiae,

202 1710 235 1745 a
292 1694 523 1745 nemine
580 1692 864 1762 judicatus
915 1710 1099 1763 neque
1143 1701 1388 1757 coactus,
1441 1695 1538 1747 sed
1588 1700 1905 1763 spontanee
1936 1734 1977 1785 Β

202 1798 329 1834 mea
361 1782 669 1843 voluntate,
713 1781 953 1850 pnritico
989 1798 1078 1835 me
1130 1783 1187 1835 in
1220 1788 1524 1852 conspectu
1574 1789 1759 1836 vestro
1809 1802 1903 1836 co-

205 1886 325 1922 ram
376 1871 489 1922 Deo
542 1875 600 1922 et
651 1870 871 1938 angelis
911 1871 1054 1939 ejus,
1110 1871 1209 1941 qui
1258 1872 1664 1924 conscientiam
1716 1888 1905 1925 meam

204 1958 383 2023 novit,
416 1964 471 2010 et
510 1958 677 2011 beato
708 1959 876 2011 Petro
908 1959 1167 2028 principe
1204 1960 1613 2029 apostolorum,
1645 1960 1705 2012 in
1745 1960 1905 2029 cujus

204 2052 509 2114 conspectu
554 2047 943 2107 consistimus,
986 2048 1121 2116 quia
1149 2047 1284 2100 istas
1324 2049 1663 2101 criminosas
1692 2054 1749 2101 et
1779 2064 1905 2102 sce-

202 2134 410 2186 leratas
458 2150 546 2185 res
595 2149 737 2203 quas
783 2134 866 2187 illi
914 2135 1055 2187 mihi
1106 2135 1389 2205 objiciunt
1436 2152 1539 2189 nec
1581 2136 1904 2205 perpetravi

204 2238 309 2274 nec
341 2222 662 2291 perpetrari
706 2222 871 2291 jussi.
904 2224 1082 2275 Testis
1124 2223 1266 2276 mihi
1302 2230 1387 2276 est
1427 2225 1597 2289 Deus,
1649 2224 1711 2276 in
1742 2225 1903 2294 cujus

198 2310 481 2379 judicium
512 2311 737 2363 venturi
783 2327 1000 2376 sumus,
1052 2316 1106 2364 et
1138 2312 1196 2364 in
1222 2312 1383 2379 cujus
1425 2316 1729 2381 conspectu
1765 2329 1903 2365 con-

202 2398 492 2451 sistimus:
529 2404 585 2451 et
632 2400 735 2452 hoc
783 2406 1020 2469 propter
1070 2399 1425 2468 suspiciones
1473 2403 1647 2453 malas
1693 2402 1901 2454 tollen-

202 2486 303 2539 das
359 2504 487 2539 mea
549 2492 863 2555 spontanee
915 2489 1200 2540 voluntate
1247 2488 1413 2554 facio,
1470 2504 1587 2541 non
1634 2488 1800 2558 quasi
1844 2489 1904 2541 in

202 2575 522 2627 canonibus
564 2576 860 2628 inventum
893 2577 985 2640 sit,
1025 2583 1121 2628 aut
1151 2576 1315 2645 quasi
1352 2593 1458 2645 ego
1488 2578 1634 2630 hanc
1664 2593 1902 2631 consue-

202 2664 464 2716 tudinem
503 2669 604 2716 aut
647 2664 937 2716 decretum
988 2664 1046 2717 in
1094 2672 1288 2717 sancta
1328 2664 1573 2718 Ecclesia
1618 2681 1902 2718 successo-

201 2753 360 2805 ribus
392 2753 553 2816 meis,
605 2768 709 2805 nec
748 2768 862 2806 non
895 2758 950 2807 et
995 2752 1286 2821 fratribus,
1328 2758 1383 2806 et
1412 2754 1764 2824 coepiscopis
1795 2770 1901 2807 no-

204 2842 335 2896 stris
374 2841 715 2911 imponam:
765 2842 862 2895 sed
908 2846 971 2895 ut
1020 2842 1225 2895 melius
1280 2860 1312 2895 a
1341 2843 1501 2897 vobis
1557 2843 1901 2897 abscindatis

202 2930 446 2984 rebelles
477 2929 871 2998 cogitationes.

206 3036 332 3090 CAP.
384 3036 597 3089 CXCIX.
634 3065 701 3073 —
730 3036 945 3102 Siquis
990 3050 1057 3088 em
1109 3036 1461 3090 ecclesiastico
1515 3036 1705 3089 ordine
1747 3036 1903 3090 dam-
1935 3017 1976 3069 δ

276 3112 436 3160 natus
476 3107 643 3171 fuerit
677 3122 711 3158 a
740 3106 965 3173 synodo,
1012 3111 1061 3159 et
1104 3122 1269 3160 ausus
1299 3110 1471 3173 fuerit
1512 3108 1577 3161 de
1620 3123 1772 3162 sacro
1800 3110 1903 3160 mi-

274 3180 499 3231 nisterio
519 3178 734 3244 aliquid
763 3181 1084 3243 contingere.

277 3267 382 3335 (Ea:
412 3266 599 3319 concil.
651 3266 999 3328 Antiocheno,
1040 3281 1161 3334 cap.
1196 3265 1270 3335 4).
1324 3266 1381 3320 Si
1426 3266 1554 3336 quis
1602 3265 1903 3336 episcopus

202 3354 510 3408 damnatus
540 3370 572 3406 a
630 3353 869 3423 synodo,
918 3354 1004 3405 vel
1056 3354 1357 3423 presbyter
1406 3359 1505 3406 aut
1556 3354 1830 3407 diaconus
1871 3371 1902 3407 a

200 3460 304 3496 suo
333 3443 620 3512 episcopo,
669 3442 793 3494 ausi
822 3442 1035 3495 fuerint
1081 3443 1295 3511 aliquid
1340 3443 1408 3495 de
1459 3442 1775 3495 ministerio
1806 3459 1899 3495 sa-

200 3548 296 3585 cro
325 3532 681 3601 contingere,
744 3531 859 3583 sive
911 3530 1211 3600 episcopus
1254 3532 1418 3600 juxta
1478 3531 1899 3601 praecedentem

201 3620 698 3684 consuetudinem,
749 3618 864 3671 sive
914 3619 1213 3688 presbyter
1260 3624 1360 3672 aut
1405 3619 1697 3681 diaconus,
1742 3618 1899 3671 nullo

202 3708 374 3761 modo
407 3708 571 3761 liceat
601 3706 649 3759 ei
704 3722 808 3759 nec
838 3706 898 3759 in
926 3706 1036 3759 alia
1068 3707 1285 3776 synodo
1336 3707 1708 3760 restitutionis
1738 3722 1899 3776 spem

200 3803 300 3849 ant
346 3797 534 3849 locum
582 3795 794 3848 habere
845 3795 1284 3848 satisfactionis:
1335 3796 1430 3849 sed
1471 3800 1526 3849 ct
1576 3795 1899 3849 communi-

199 3890 393 3937 cantes
424 3885 476 3937 ei
521 3900 720 3937 omnes
763 3884 931 3951 abjici
984 3884 1052 3937 de
1102 3884 1363 3950 Ecclesia,
1417 3890 1474 3937 et
1529 3884 1774 3937 maxime
1829 3883 1895 3947 si,

198 3978 575 4041 posteaquam
644 3972 951 4024 didicerint
1002 3970 1303 4023 adversum
1370 3976 1716 4025 memoratos
1764 3987 1898 4041 pro-

200 4062 375 4114 latam
404 4061 576 4114 fuisse
607 4061 972 4125 sententiam,
1006 4059 1222 4113 eisdem
1261 4061 1684 4114 communicare
1713 4064 1898 4114 tenta-

200 4149 408 4203 verint.

202 4256 333 4310 CAP.
384 4256 489 4310 CC.
519 4284 593 4296 —
621 4256 682 4311 Si
719 4256 922 4324 aliquis
963 4271 1030 4309 ex
1061 4256 1417 4309 ecclesiastico
1458 4256 1645 4309 ordine
1683 4270 1892 4309 excom-

272 4330 581 4381 municatus
644 4328 835 4391 fuerit,
902 4332 951 4380 et
1006 4330 1397 4380 communicare
1464 4329 1890 4395 praesumpserit,

271 4413 327 4451 se
354 4400 535 4467 ipsum
558 4397 801 4450 damnat.

273 4505 382 4575 (Ea:
421 4504 608 4557 concil.
632 4504 838 4569 Afric.,
871 4519 992 4571 cap.
1025 4505 1139 4569 29.)
1186 4505 1323 4557 Item
1373 4503 1592 4574 placuit
1632 4502 1897 4556 universo

197 4594 443 4648 concilio
488 4599 553 4646 ut
591 4593 691 4662 qui
740 4593 1263 4646 excommunicatus
1311 4593 1485 4645 fuerit
1512 4609 1618 4661 pro
1667 4608 1771 4644 suo
1803 4606 1899 4643 ne-

197 4683 410 4752 glectu,
441 4681 557 4734 sive
597 4682 916 4751 episcopus,
960 4682 1075 4734 sive
1107 4681 1349 4751 quilibet
1377 4682 1635 4749 clericus,
1665 4685 1720 4734 et
1751 4686 1895 4734 tem-

193 4787 336 4842 pore
364 4769 969 4824 excommunicationis
1015 4786 1131 4822 suae
1165 4776 1295 4823 ante
1343 4771 1693 4823 audientiam
1739 4786 1893 4822 com-

195 4859 532 4914 mnnionem
595 4858 1051 4928 praesumpserit,
1105 4856 1228 4927 ipse
1284 4856 1345 4911 in
1403 4875 1462 4911 se
1509 4856 1894 4912 damnationis

186 4949 483 5019 judicetur
516 4947 824 5017 protulisse
856 4947 1220 5000 sententiam.

193 5056 323 5109 CAP.
358 5054 486 5108 CCI.
515 5082 583 5095 —
602 5056 673 5107 De
693 5052 991 5119 ordinatis,
1023 5054 1072 5105 si
1112 5053 1316 5120 aliquis
1367 5054 1583 5106 illorum
1606 5068 1895 5121 percussor

899 5126 1190 5177 exstiterit.

264 5215 373 5283 (Ea:
402 5214 587 5267 concil.
630 5214 899 5280 Mogunt.,
930 5227 1052 5281 cap.
1096 5211 1174 5281 6.)
1216 5211 1335 5277 His,
1364 5228 1396 5264 a
1422 5210 1631 5279 quibus
1663 5212 1891 5265 Domini

189 5309 549 5356 sacramenta
604 5306 941 5369 tractantur,
995 5300 1275 5370 judicium
1327 5299 1621 5369 sanguinis
1673 5301 1891 5370 agitare

192 5408 308 5446 non
339 5392 496 5447 licet.
556 5391 619 5444 Et
647 5390 773 5443 ideo
816 5405 1165 5459 magnopere
1209 5390 1337 5442 talis
1384 5405 1640 5442 excessus
1693 5388 1887 5458 prohi-

190 5481 413 5535 bendus
454 5485 558 5545 est,
592 5495 716 5545 nec,
761 5479 1084 5532 indiscretaa
1126 5476 1595 5547 praesumptionis
1636 5478 1891 5530 motibus

190 5570 411 5640 agitati,
444 5574 542 5623 aut
588 5568 744 5637 quod
792 5572 977 5622 morte
1023 5567 1392 5637 plectendum
1448 5570 1553 5634 est,
1604 5565 1889 5622 sententia

2019 531 2269 586 buslibet
2296 532 2559 602 personis
2603 538 2701 586 ant
2732 550 2832 595 per
2861 551 2920 587 se
2951 534 3218 603 inferant,
3246 545 3345 593 aut
3390 540 3717 596 inferendas

2021 620 2377 690 praecipiant.
2402 620 2559 685 Quod
2592 622 2639 674 si
2661 622 2986 693 quisquam,
3012 625 3219 678 horum
3242 627 3548 682 immemor
3572 646 3715 699 prte-

2021 716 2339 779 ceptorum,
2373 715 2472 762 aut
2516 709 2577 763 in
2612 711 2866 763 Ecclesiae
2912 728 3028 764 suae
3061 713 3313 780 familiis,
3354 721 3451 769 aut
3494 716 3555 769 in
3588 718 3715 787 qui-

2020 798 2266 851 buslibet
2312 797 2569 866 personis
2619 799 2728 852 tale
2760 800 2980 869 aliquid
3030 805 3464 871 perpetraverit,
3499 809 3555 858 et
3589 822 3722 859 con-

2018 886 2158 939 cessi
2178 886 2394 939 ordinis
2425 887 2924 956 honore1privetnr
2954 896 3009 943 et
3041 890 3183 954 loco,
3207 897 3264 944 et
3294 893 3398 945 sub
3424 898 3717 962 perpetua).

2017 972 2397 1027 damnationis
2428 974 2701 1044 religetur
2744 975 3186 1044 ergastuli-Cui
3234 984 3428 1033 tamen
3458 997 3717 1034 commu-

2017 1061 2112 1115 nio
2168 1062 2397 1115 exeunti
2439 1062 2508 1115 de
2560 1063 2666 1116 hac
2703 1064 2816 1117 vita
2862 1081 2977 1118 non
3011 1067 3280 1132 neganda
3327 1073 3433 1133 est,
3483 1075 3721 1139 propter

2018 1151 2248 1204 Domini
2280 1151 2752 1205 misericordiam.

2113 1240 2240 1294 CAP.
2275 1241 2426 1295 CCII.
2453 1272 2520 1280 —
2554 1242 2636 1294 De
2657 1243 2923 1310 episcopis
2947 1257 3049 1297 sua
3076 1259 3241 1297 manu
3271 1245 3617 1300 caedentibus.

2088 1329 2195 1399 (Ea:
2252 1329 2395 1383 decr.
2456 1331 2732 1395 Bonifacii
2777 1332 2984 1399 papae.)
3041 1333 3165 1385 Non
3222 1334 3391 1387 liceat
3446 1334 3713 1404 episcopo

2014 1417 2281 1470 manibus
2311 1416 2426 1469 suis
2471 1418 2723 1488 aliquem
2770 1420 3007 1473 caedere.
3053 1422 3165 1474 Hoc
3209 1421 3362 1474 enim
3403 1423 3657 1477 alienum
3684 1441 3718 1476 a

2016 1506 2307 1559 sacerdote
2338 1521 2458 1559 esse
2490 1506 2680 1560 debet.

2014 1593 2141 1647 CAP.
2174 1594 2350 1649 CCIII.
2390 1624 2461 1633 —
2505 1596 2582 1647 De
2613 1597 2858 1663 episcopo
2908 1601 3005 1663 qui
3052 1598 3293 1664 seipsum
3337 1603 3387 1651 et
3422 1598 3528 1652 sibi
3574 1616 3714 1654 com-

2428 1667 2619 1718 missos
2666 1668 2933 1733 corrigere
2978 1669 3293 1733 neglexerit.

2089 1751 2277 1821 (Greg.
2313 1753 2447 1821 dic.)
2490 1752 2597 1816 Qui
2627 1769 2731 1806 nec
2780 1754 3076 1823 regiminis
3109 1755 3167 1808 in
3209 1772 3266 1808 se
3302 1756 3580 1810 rationem
3612 1758 3715 1812 ha—

2013 1841 2160 1907 buit,
2196 1858 2299 1893 nvc
2354 1858 2453 1894 sua
2494 1841 2697 1895 delicta
2752 1842 3010 1909 detersit,
3060 1859 3161 1896 nec
3212 1844 3429 1897 crimen
3460 1844 3714 1899 ﬁliorum

2015 1930 2282 1994 correxit,
2315 1929 2469 1982 canis
2518 1929 2843 2000 impudicus
2888 1931 3070 1999 magis
3112 1931 3384 1985 dicendus
3424 1937 3509 1986 est
3537 1949 3710 2004 quam

2016 2018 2337 2087 episcopus.

2423 2106 2551 2160 CAP.
2583 2105 2755 2160 CCIV.
2787 2136 2855 2145 —
2899 2107 2976 2159 De
3013 2107 3197 2161 eadem
3221 2124 3297 2161 re.

2084 2196 2192 2259 (Ea:
2223 2192 2384 2247 dictis
2428 2195 2674 2264 Hieron.)
2720 2195 2788 2248 Ut
2817 2193 3007 2246 lixivia
3059 2211 3163 2263 per
3218 2196 3472 2250 cinerem
3510 2197 3709 2251 humi—

2013 2281 2149 2335 dum
2184 2282 2368 2334 ﬂuens
2411 2281 2554 2334 laval
2581 2288 2635 2335 et
2667 2298 2783 2335 non
2825 2283 3080 2336 lavatur:
3136 2284 3213 2336 ita
3263 2284 3410 2337 bona
3455 2286 3713 2339 doctrina

2011 2385 2116 2439 per
2166 2370 2384 2423 malum
2440 2370 2731 2425 doctorem
2790 2371 3012 2424 animas
3063 2373 3421 2427 credentium
3470 2375 3617 2427 lavat
3676 2391 3709 2427 a

2015 2457 2178 2510 sorde
2212 2463 2594 2526 peccatorum.
3146 2468 3159 2477 ‘

2013 2546 2143 2598 CAP.
2174 2546 2324 2599 CCV.
2358 2574 2427 2587 —
2459 2549 2529 2599 De
2558 2548 2699 2600 malo
2728 2553 2947 2615 pastore
2978 2564 3133 2615 quem
3177 2564 3287 2603 sua:
3319 2565 3439 2603 oves
3463 2551 3707 2615 fugiunt.

2084 2635 2192 2699 (Ea:
2238 2633 2399 2687 dictis
2446 2634 2706 2703 August.)
2738 2635 2893 2688 Sicut
2933 2635 3163 2705 fugiunt
3209 2653 3340 2689 oves
3378 2654 3572 2691 vocem
3603 2654 3711 2707 pa-

2012 2722 2182 2775 storis
2231 2736 2403 2791 quem
2455 2738 2565 2774 non
2613 2730 2987 2791 cognoscunt,
3018 2728 3073 2777 et
3103 2725 3326 2779 deserta
3373 2732 3598 2795 petunt,
3632 2726 3710 2780 ita

2012 2809 2148 2862 mali
2174 2810 2417 2878 pastoris
2445 2810 2629 2864 ovilia.

2012 2898 2141 2953 CAP.
2174 2898 2345 2952 CCVI.
2376 2928 2436 2939 —
2480 2903 2555 2953 De
2601 2900 2694 2953 illo
2719 2902 2817 2968 qui
2866 2900 3203 2955 nobilitatem
3255 2905 3353 2957 Dei
3391 2919 3425 2955 a
3454 2918 3507 2957 se
3535 2906 3705 2973 ejicit.

2085 2988 2331 3055 (Gregor.
2383 2986 2562 3054 dicit.)
2617 2987 2799 3042 Adam
2842 2988 3063 3058 primus
3109 2990 3281 3043 homo
3324 3007 3429 3060 pro
3480 2998 3709 3061 peccato

2012 3075 2081 3128 de
2114 3075 2378 3145 paradiso
2412 3075 2624 3143 ejectus
2651 3082 2767 3129 est:
2805 3076 2912 3130 hoc
2942 3082 3045 3143 est,
3079 3078 3180 3148 qui
3212 3080 3569 3135 nobilitatem
3610 3082 3709 3135 Dei

2013 3179 2046 3215 a
2077 3180 2136 3216 se
2170 3163 2340 3231 ejicit,
2374 3163 2671 3216 nobilitate
2702 3164 2807 3217 loci
2834 3164 3113 3233 privetur.

2012 3252 2141 3305 CAP.
2179 3252 2377 3306 CCVII.
2425 3282 2493 3290 ——
2523 3252 2677 3317 Quod
2720 3268 2827 3305 non
2863 3256 2976 3307 sint
3025 3269 3202 3308 omnes
3248 3255 3358 3323 ﬁlii
3398 3264 3708 3312 sanctorum

2436 3326 2533 3390 qui
2562 3329 2736 3376 tenent
2767 3325 2880 3376 loca
2927 3330 3253 3378 sanctorum.

2082 3408 2337 3479 (Hieron.
2388 3410 2567 3480 dicit.)
2600 3410 2721 3462 Non
2748 3410 2913 3464 facile
2946 3416 3031 3464 est
3060 3418 3208 3465 stare
3230 3412 3291 3465 in
3318 3414 3438 3467 loco
3475 3416 3622 3469 Petri
3651 3422 3709 3471 et

2009 3497 2190 3565 Pauli,
2225 3503 2281 3551 et
2309 3503 2497 3551 tenere
2528 3498 2851 3551 cathedram
2884 3501 3247 3569 regnantium
3287 3518 3417 3556 cum
3446 3504 3702 3571 Christo;

2010 3586 2145 3656 quia
2166 3586 2298 3639 hinc
2328 3586 2538 3640 dicitur
2565 3606 2573 3637 :
2605 3586 2729 3639 Non
2751 3592 3075 3642 sanctorum
3099 3588 3203 3642 ﬁlii
3226 3596 3359 3644 sunt
3380 3592 3481 3661 qui
3511 3598 3707 3648 tenent

2008 3675 2134 3727 loca
2164 3680 2513 3743 sanctorum,
2547 3674 2644 3728 sed
2674 3674 2773 3745 qui
2805 3682 3072 3730 exercent
3101 3692 3276 3747 opera
3306 3694 3525 3734 eorum.

2010 3764 2140 3817 CAP.
2174 3763 2397 3819 CCVIII.
2435 3795 2501 3803 ——
2553 3764 2709 3829 Quod
2758 3766 2939 3818 nullus
2996 3782 3063 3818 ea:
3117 3783 3305 3834 genere
3351 3783 3445 3821 nec
3496 3784 3563 3822 ea:
3593 3770 3704 3823 loco

2625 3836 2855 3901 gloriari
2886 3836 3091 3890 debeat.

2080 3925 2264 3990 (Greg.
2284 3921 2457 3987 dicit.)
2493 3922 2604 3975 Nos
2627 3922 2725 3992 qui
2755 3940 3074 3994 praesumus
3100 3941 3212 3977 non
3234 3941 3299 3978 ex
3324 3925 3575 3980 locorum
3600 3944 3704 3981 nec

2008 4010 2234 4081 generis
2263 4010 2563 4080 dignitate,
2599 4011 2695 4063 sed
2746 4028 2970 4064 morum
3007 4012 3299 4065 nobilitate
3346 4014 3702 4070 innotescere

2008 4099 2300 4163 debemus,
2351 4114 2456 4151 nec
2502 4099 2732 4152 urbium
2789 4099 3062 4167 claritate,
3124 4102 3218 4154 sed
3251 4101 3385 4155 ﬁdei
3434 4104 3700 4172 puritate.

2008 4187 2136 4241 CAP.
2186 4186 2354 4240 CCIX.
2397 4216 2465 4225 —
2500 4189 2573 4239 De
2602 4186 2970 4240 sacerdotibus
3018 4189 3115 4255 qui
3163 4189 3350 4243 ovibus
3397 4192 3511 4244 suis
3557 4194 3704 4245 mala

2590 4258 2836 4325 etrempla
2862 4258 3120 4325 praebent.

2080 4345 2201 4413 (Em
2230 4345 2391 4397 dictis
2423 4345 2681 4412 August.)
2718 4346 2892 4397 Nemo
2917 4344 3129 4414 quippe
3153 4345 3401 4415 amplius
3422 4346 3483 4401 in
3514 4349 3699 4403 Eccle-

2010 4432 2088 4485 sia
2121 4438 2305 4497 nocet,
2340 4448 2509 4502 quam
2543 4432 2664 4502 qui,
2697 4448 2959 4501 perverse
3008 4448 3204 4501 agens,
3255 4449 3464 4488 nomen
3492 4436 3579 4488 vel
3609 4454 3701 4490 or-

2009 4520 2199 4576 dinem
2235 4521 2551 4574 sanctitatis
2582 4525 2637 4573 et
2667 4520 2972 4574 sacerdotis
3018 4521 3207 4575 habet.
3265 4523 3698 4595 Delinquentem

2008 4627 2255 4680 namque
2312 4610 2462 4663 hunc
2519 4610 2865 4678 redarguere
2920 4611 3113 4663 nullus
3152 4613 3488 4681 praesumit:
3539 4617 3595 4667 et
3640 4616 3701 4669 in

2007 4699 2336 4767 exemplum
2387 4698 2553 4766 culpa
2586 4698 2958 4751 vehementer
3016 4699 3360 4763 extenditur,
3420 4717 3549 4756 cum
3594 4719 3699 4773 pro

2004 4788 2322 4840 reverentia
2360 4785 2576 4838 ordinis
2608 4791 2871 4855 peccator
2901 4787 3237 4841 honoratur.

2005 4876 2130 4929 CAP.
2185 4875 2331 4929 CCX.
2364 4904 2432 4914 —
2474 4876 2540 4928 Ut
2586 4878 2795 4927 tantum
2849 4891 3035 4929 curam
3082 4893 3263 4930 rerum
3313 4878 3696 4933 ecclesiastica-

2513 4960 2635 4997 rum
2665 4948 2942 5014 episcopus
2977 4947 3187 5001 habeat.

2072 5033 2226 5102 (Cap.
2264 5040 2437 5102 apost.
2471 5033 2585 5100 30.)
2641 5032 2913 5085 Omnium
2950 5034 3309 5103 negotiorum
3360 5036 3696 5090 ecclesiasti-

2002 5138 2197 5176 corum
2229 5138 2424 5175 curam
2455 5121 2752 5191 episcopus
2782 5121 3008 5188 habeat,
3052 5127 3109 5175 et
3137 5139 3203 5175 ea
3233 5124 3386 5176 velut
3418 5125 3530 5177 Deo
3558 5141 3699 5179 con-

2002 5212 2317 5281 templante
2349 5210 2659 5279 dispenset,
2688 5224 2791 5261 nec
2821 5207 2873 5261 ei
2906 5210 3073 5263 liceat
3104 5227 3169 5263 ex
3200 5211 3288 5263 his
3323 5212 3538 5281 aliquid
3570 5230 3699 5267 om-

2001 5301 2139 5353 nino
2191 5300 2542 5369 contingere,
2597 5303 2695 5350 aut
2751 5298 3081 5367 parentibus
3113 5298 3357 5368 propriis
3410 5317 3538 5370 quer
3602 5303 3700 5355 Dei

2000 5394 2134 5442 sunt
2190 5388 2539 5442 condonare.
2587 5386 2747 5451 Quod
2794 5385 2841 5439 si
2887 5403 3168 5456 pauperes
3219 5393 3373 5454 sunt,
3421 5394 3698 5459 tanquam

1998 5477 2345 5548 pauperibus
2398 5475 2825 5530 subministret:
2885 5492 2954 5529 ne
3005 5491 3206 5529 eorum
3260 5477 3552 5532 occasione
3598 5478 3697 5530 Ec-

1998 5564 2185 5619 clesiac
2218 5565 2450 5634 negotia
2480 5564 2907 5635 deprazdentur.
