3956 6306
233 363 330 415 6H

1294 354 1706 413 BURCHARDI
1745 353 2280 410 WORMACIENSIS
2321 351 2652 409 EPISCOPI.

3644 355 3758 408 6l2

230 485 362 538 CAP.
419 484 593 539 CCXI.
654 512 717 522 —
772 483 854 536 De
908 497 1012 534 usu
1047 480 1246 562 pallii,
1295 495 1370 562 ne
1421 496 1456 532 a
1503 479 1930 546 metropolitanis

2158 491 2439 562 exsequiis
2491 490 2791 544 morientis
2839 490 3094 562 episcopi
3136 507 3203 546 ex
3251 492 3568 546 canonibus
3619 511 3758 548 con-

758 556 1145 621 prasumptive
1186 557 1396 604 utatur.

302 642 410 712 (Ea:
452 642 595 696 decr.
631 644 831 695 Honor.
861 657 1043 710 papa,
1095 656 1214 709 cap.
1260 639 1334 707 3.)
1383 638 1742 707 Quicumque
1793 653 1930 691 sane

229 732 802 801 metropolitanorum
833 747 937 799 per
967 730 1181 799 plateas
1215 729 1299 780 vel
1342 729 1399 780 in
1439 727 1652 780 litaniis
1695 726 1776 779 uti
1810 727 1931 795 pal-

228 823 310 876 lio
343 821 792 893 praesumpserit,
833 827 888 874 et
917 835 1030 872 non
1076 823 1299 872 tantum
1333 816 1390 868 in
1440 815 1743 885 pracipuis
1776 814 1931 867 festi-

236 910 524 974 vitatibus,
558 915 612 962 et
659 909 727 962 ab
760 905 1072 978 apostolica
1104 905 1236 958 sede
1279 903 1508 958 indictis
1554 902 1926 973 temporibus,

237 997 306 1050 ad
361 997 661 1049 missarum
715 994 1073 1048 solummodo
1123 992 1420 1057 solemnia,
1463 997 1651 1044 careat
1699 991 1796 1043 illo
1827 989 1932 1042 ho-

235 1099 413 1151 nore;
448 1089 521 1148 et,
557 1090 729 1153 prout
771 1083 972 1136 beatus
1022 1098 1170 1151 papa
1201 1079 1510 1149 Gregorius
1559 1080 1628 1133 ad
1657 1079 1933 1132 Joannem

239 1172 710 1226 Panormilanum
746 1169 1101 1240 episcopum,
1127 1174 1183 1221 et
1205 1168 1585 1222 Marinianum
1611 1167 1804 1219 scribit
1834 1167 1936 1220 Ra-

236 1265 546 1313 vennatum
579 1259 930 1329 episcopum,
975 1258 1110 1328 quia
1154 1273 1322 1327 grave
1367 1256 1573 1325 jugum
1610 1260 1781 1326 atque
1809 1255 1931 1309 vin-

237 1349 428 1402 culum
454 1347 706 1413 cervicis,
731 1363 847 1400 non
872 1362 978 1416 pro
1002 1345 1398 1408 ecclesiastica,
1427 1344 1524 1398 sed
1553 1360 1654 1414 pro
1685 1345 1932 1414 quadam

236 1435 492 1489 saculari
541 1436 818 1504 dignitate
858 1434 1132 1498 defendit,
1169 1433 1464 1504 permissa,
1501 1449 1615 1504 qua
1659 1433 1930 1500 abutitur,

237 1523 516 1591 dignitate
551 1529 779 1575 careat:
815 1522 1089 1591 quoniam
1118 1521 1247 1589 jure
1282 1520 1644 1590 privilegium
1683 1527 1935 1575 meretur

238 1612 495 1664 amittere
528 1611 627 1680 qui
656 1610 926 1663 audacter
956 1615 1193 1678 usurpat
1221 1608 1436 1661 illicita.

237 1718 363 1772 CAP.
399 1716 597 1771 CCXII.
644 1747 712 1799 —.
737 1715 890 1784 Quod
929 1717 1334 1804 episcopus‘re‘s
1382 1729 1496 1804 suae
1530 1707 1785 1804 ecclesia;
1824 1717 1936 1768 nisi
1969 1752 2006 1804 Β

307 1803 426 1840 cum
471 1803 566 1840 suo
620 1789 776 1856 prius
846 1791 1149 1853 commutet,
1217 1789 1530 1839 testamento
1588 1785 1768 1852 legare
1828 1802 1935 1840 non

305 1861 498 1926 possit.

311 1946 417 2016 (Ex
465 1947 651 1999 concil.
694 1947 1010 2012 Agathensi,
1051 1960 1170 2012 cap.
1229 1943 1304 2012 6.)
1353 1943 1407 1997 Si
1453 1943 1582 2014 quis
1635 1944 1934 2015 episcopus

239 2034 470 2086 condito
502 2037 839 2089 testamento
872 2031 1084 2102 aliquid
1118 2032 1187 2084 de
1218 2031 1582 2085 ecclesiastici
1607 2031 1756 2101 juris
1801 2048 1933 2102 pro-

236 2121 479 2192 prietate
510 2121 803 2190 legaverit,
846 2121 1012 2173 aliter
1041 2136 1157 2172 non
1194 2119 1422 2182 valebit,
1469 2119 1580 2172 nisi
1610 2125 1833 2174 tantum
1865 2121 1936 2174 de

233 2209 379 2278 juris
408 2210 628 2280 proprii
661 2209 1022 2263 facultatibus
1052 2208 1419 2278 suppleverit.

241 2298 366 2352 CAP.
429 2298 648 2351 CCXIII.
709 2327 776 2335 ——
826 2299 905 2350 De
951 2299 1197 2365 episcopo
1258 2298 1354 2364 qui
1398 2311 1482 2349 res
1525 2289 1635 2350 sua
1689 2297 1938 2351 Ecclesia

573 2369 890 2437 parentibus
925 2371 1036 2421 suis
1075 2367 1364 2420 indiscrete
1395 2368 1603 2420 tribuit.

309 2459 396 2514 Ea:
425 2459 611 2512 concil.
645 2457 915 2524 Spalensi,
950 2471 1068 2524 cap.
1111 2458 1219 2523 IO).
1273 2456 1340 2509 Ut
1383 2454 1637 2524 episcopi
1675 2455 1736 2508 in
1769 2455 1938 2508 rebus

241 2545 498 2600 Ecclesia
553 2545 700 2598 circa
746 2545 1104 2615 propinquos
1166 2560 1298 2597 suos
1348 2543 1701 2613 exponendis
1754 2559 1941 2614 repre-

237 2633 574 2688 hensionem
620 2637 876 2699 caveant,
925 2638 981 2687 et
1030 2636 1093 2686 ut
1147 2631 1509 2685 discretionis
1563 2632 1801 2686 modum
1851 2637 1934 2686 te-

244 2727 434 2777 neant.

631 2811 760 2864 CAP.
799 2809 1016 2864 CCXIV.
1051 2839 1118 2847 —-—
1148 2808 1434 2864 De'eadem
1467 2824 1544 2864 re.

315 2899 426 2968 (Em
475 2896 673 2962 eodem,
704 2911 828 2965 cap.
877 2896 951 2967 5.)
996 2897 1277 2961 Quoniam
1331 2897 1496 2950 multi
1537 2895 1938 2966 episcoporum

2045 585 2319 646 servetur,
2360 579 2673 633 traditione
2715 580 2890 632 moris
2921 580 3145 650 antiqui
3177 581 3286 634 hoc
3328 586 3552 638 tantum
3602 584 3753 654 adji-

2042 668 2223 722 cimus
2271 673 2354 734 ut,
2412 668 2457 720 si
2515 668 2645 738 quis
2701 668 3080 736 sacerdotum,
3157 671 3474 724 secundum
3534 676 3755 727 statuta

2043 757 2326 810 Valentini
2380 756 2633 823 concilii,
2694 757 2764 810 ad
2817 756 3112 811 humanda
3176 757 3430 812 defuncti
3487 760 3753 831 episcopi

2045 845 2300 898 membra
2337 845 2528 898 venire
2577 845 2985 906 commonitus,
3019 845 3186 915 pigra
3234 847 3524 899 voluntate
3557 847 3750 900 distu-

2042 930 2193 997 lerit,
2243 931 2661 1002 appellantibus
2712 932 2930 986 clericis
2975 932 3241 986 obeuntis
3291 933 3543 1004 episcopi
3593 935 3749 1005 apud

2043 1021 2344 1090 synodum,
2413 1021 2529 1074 sive
2595 1019 2745 1090 apud
2815 1021 3324 1090 metropolitanum
3387 1021 3746 1092 episcopum,

2042 1113 2300 1178 tempore
2334 1108 2469 1162 anni
2509 1108 2679 1162 unius
2710 1125 2814 1161 nec
2861 1109 3104 1163 faciendi
3154 1110 3384 1164 missam
3433 1127 3536 1164 nec
3583 1126 3748 1164 com-

2044 1197 2377 1250 municandi
2450 1197 2657 1250 habeat
2719 1197 2958 1250 omnino
3030 1198 3342 1252 licentiam.
3423 1199 3749 1268 Presbyteri

2045 1292 2237 1339 autem
2297 1285 2411 1338 sive
2477 1284 2667 1338 cateri
2732 1285 2942 1348 clerici,
3004 1285 3213 1356 quibus
3280 1286 3463 1356 major
3514 1286 3752 1340 honoris

2042 1375 2199 1429 locus
2247 1374 2399 1444 apud
2456 1375 2715 1428 eamdem
2769 1375 3072 1428 Ecclesiam
3114 1374 3287 1430 fuerit
3341 1376 3503 1445 cujus
3561 1391 3748 1429 sacer-

2045 1463 2147 1516 dos
2178 1462 2406 1527 obierit,
2438 1462 2484 1514 si
2517 1462 2673 1515 omni
2725 1462 3106 1516 sollicitudine
3165 1479 3269 1532 pro
3321 1461 3601 1532 exsequiis
3624 1461 3748 1531 jam

2046 1551 2277 1617 mortui,
2319 1556 2418 1604 aut
2446 1551 2716 1604 continuo
2748 1551 3020 1604 antistitis
3063 1551 3344 1617 morituri,
3394 1551 3461 1604 ad
3494 1566 3751 1604 commo-

2047 1641 2301 1694 nendum
2351 1639 2598 1692 vicinum
2649 1639 2982 1710 episcopum
3024 1639 3171 1693 tardi
3225 1641 3609 1704 inveniantur,
3651 1643 3756 1692 aut

2047 1745 2149 1799 per
2173 1745 2574 1800 quamcunque
2606 1729 2926 1782 molestiam
2958 1728 3137 1781 animi
3180 1729 3239 1782 id
3269 1730 3559 1799 negligere
3591 1744 3751 1780 com-

2046 1818 2385 1888 probentur,
2433 1817 2607 1870 totius
2659 1816 2794 1869 anni
2853 1817 3037 1888 spatio
3094 1817 3165 1872 ad
3223 1818 3626 1887 paenitentiam
3683 1816 3746 1869 in

2046 1905 2409 1960 monasteriis
2442 1905 2808 1976 deputentur.

2047 2032 2174 2087 CAP.
2217 2030 2467 2085 CCXVII.
2510 2058 2578 2069 -—
2612 2031 2680 2084 Ut
2723 2029 2996 2098 quidquid
3026 2031 3270 2098 episcopo
3302 2030 3652 2098 relinquitur,
3685 2030 3753 2083 id

2222 2105 2473 2154 emissum
2498 2099 2557 2153 in
2583 2103 2874 2166 facultates
2918 2101 3177 2154 Ecclesia
3213 2107 3566 2169 computetur.

2115 2207 2236 2276 (Ea:
2277 2207 2464 2261 concil.
2516 2206 2863 2272 Agathensi.)
2916 2205 3221 2259 Pontiﬁces
3273 2221 3406 2258 vero
3448 2204 3751 2276 quibusin

2046 2311 2272 2348 summo
2303 2294 2619 2348 sacerdotio
2668 2294 2993 2348 constitutis
3038 2294 3108 2348 ab
3139 2294 3425 2348 extraneis
3473 2294 3754 2347 duntaxat

2048 2383 2292 2436 donatur
2321 2383 2560 2453 aliquid,
2596 2384 2684 2436 vel
2731 2397 2861 2436 cum
2907 2383 3151 2436 Ecclesia
3199 2387 3296 2436 aut
3344 2381 3748 2453 sequestratim

2047 2471 2353 2525 dimittitur
2393 2476 2493 2524 aut
2525 2471 2811 2525 donatur:
2854 2471 2990 2541 quia
3021 2471 3143 2524 hac
3172 2470 3270 2524 ille
3302 2471 3402 2540 qui
3433 2471 3612 2525 donat
3640 2487 3751 2540 pro

2047 2560 2445 2629 redemptione
2477 2560 2683 2613 anima
2715 2576 2853 2625 sua,
2905 2575 3024 2613 non
3064 2575 3169 2627 pro
3213 2559 3515 2614 commodo
3562 2575 3752 2612 sacer-

2049 2650 2196 2704 dotis
2226 2649 2504 2718 probatur
2533 2649 2763 2716 otl‘erre,
2803 2663 2921 2702 non
2952 2648 3115 2718 quasi
3147 2664 3335 2714 suum,
3371 2648 3467 2702 sed
3496 2647 3658 2718 quasi
3686 2647 3752 2702 id

2049 2737 2322 2791 emissum
2372 2736 2431 2790 in
2485 2737 2783 2790 facultates
2837 2735 3096 2790 Ecclesia
3154 2741 3556 2807 computetur:
3611 2736 3754 2806 quia

2042 2825 2264 2895 justum
2312 2829 2397 2879 est
2443 2829 2524 2893 ut,
2559 2824 2705 2878 sicut
2760 2827 3022 2879 sacerdos
3067 2824 3238 2878 habet
3286 2824 3441 2895 quod
3489 2825 3753 2880 Ecclesia

2047 2913 2342 2968 dimissum
2401 2917 2502 2978 est,
2543 2913 2623 2967 ita
2651 2919 2709 2968 et
2740 2913 2984 2968 Ecclesia
3012 2913 3221 2967 habeat
3274 2914 3430 2984 quod
3472 2913 3755 2985 relinqui-

243 3001 436 3041 amore
491 2985 949 3056 propinquorum
1000 3000 1234 3038 suorum
1279 2985 1349 3038 de
1399 2985 1570 3038 rebus
1623 2984 1730 3037 sibi
1782 3001 1938 3038 com-
1971 3037 2010 3090 Ο
2049 3007 2142 3056 ιω.
2172 3019 2205 3055 a
2233 3001 2548 3056 sacerdote.

243 3073 545 3138 mendatis,
577 3089 680 3126 suo
711 3079 811 3126 aut
845 3073 1103 3143 quolibet
1147 3073 1459 3126 amicorum
1503 3073 1736 3127 nomine
1786 3089 1939 3144 pra-

244 3163 336 3217 dia
360 3168 417 3216 et
437 3161 724 3231 mancipia
763 3167 986 3230 emunt,
1018 3166 1075 3216 et
1107 3166 1166 3215 ut
1197 3161 1256 3214 in
1297 3161 1764 3232 propinquorum
1803 3179 1938 3216 suo-

243 3267 373 3305 rum
421 3251 516 3321 jus
554 3251 758 3304 cedant
806 3253 1084 3318 statuunt,
1129 3255 1185 3303 et
1217 3250 1289 3303 ob
1344 3250 1452 3304 hoc
1499 3251 1629 3320 jura
1681 3251 1943 3305 ecclesia-

242 3340 380 3395 stica
408 3341 827 3400 convellantur,
863 3344 918 3392 et
939 3338 1328 3392 ministerium
1364 3339 1711 3393 sacerdotale
1755 3341 1940 3394 fusca-

241 3433 354 3496 tur,
433 3429 551 3482 imo
621 3445 651 3481 a
706 3428 945 3482 subditis
1007 3428 1331 3482 detrahitur
1389 3432 1447 3481 et
1517 3427 1938 3481 contemnitur:

242 3517 457 3587 placuit
513 3516 780 3570 omnibus
840 3520 901 3569 ut
958 3515 1225 3586 deinceps
1289 3515 1542 3569 avaritia
1597 3515 1706 3570 hoc
1761 3531 1944 3587 genus

243 3609 526 3658 caveatur.
570 3605 887 3674 Fixumque
936 3603 1006 3658 ab
1035 3603 1165 3658 hinc
1214 3611 1271 3658 et
1297 3609 1576 3674 perpetuo
1608 3619 1943 3658 mansurum

243 3708 364 3746 esse
392 3691 767 3758 decrevimus,
803 3695 864 3744 ut
890 3691 1192 3762 episcopus
1225 3708 1313 3745 res
1344 3692 1432 3744 sui
1467 3691 1635 3761 juris,
1671 3708 1813 3762 quas
1845 3697 1945 3746 aut

241 3785 372 3834 ante
420 3779 834 3850 episcopatum,
889 3785 984 3832 aut
1013 3786 1166 3834 certe
1204 3781 1262 3833 in
1315 3779 1645 3851 episcopatu
1691 3781 1944 3834 haeredi-

240 3869 387 3922 taria
425 3868 779 3922 successione
809 3867 1130 3938 acquisivit,
1182 3869 1497 3923 secundum
1543 3869 1941 3924 auctoritatem

244 3956 598 4020 canonicam,
645 3955 923 4027 quidquid
973 3957 1094 4009 vult
1144 3955 1332 4023 faciat,
1388 3962 1446 4012 et
1487 3957 1578 4011 cui
1634 3957 1755 4012 vult
1806 3973 1943 4011 con-

241 4044 406 4098 ferat.
460 4046 767 4115 Postquam
812 4050 1004 4098 autem
1053 4045 1354 4116 episcopus
1393 4046 1570 4100 factus
1619 4050 1722 4114 est,
1775 4062 1941 4117 quas-

242 4147 487 4203 cumque
521 4149 610 4187 res
667 4134 736 4188 dc
785 4133 1151 4187 facultatibus
1204 4134 1487 4204 Ecclesia,
1536 4140 1636 4188 aut
1691 4151 1794 4188 suo
1849 4138 1947 4188 aut

243 4221 479 4275 alterius
530 4221 786 4287 nomine,
837 4222 1094 4292 qualibet
1135 4223 1462 4277 conditione
1508 4223 1944 4292 comparaverit,

2050 3109 2176 3164 CAP.
2207 3108 2478 3163 CCXVIII.
2525 3138 2594 3147 —
2624 3109 2691 3163 Ut
2718 3109 2900 3162 nullus
2946 3109 3246 3176 episcopus,
3275 3109 3387 3161 nisi
3417 3123 3537 3162 cum
3573 3111 3752 3163 conci-

2121 3181 2191 3233 lio
2248 3184 2556 3233 caterorum
2611 3181 2978 3248 episcoporum
3015 3185 3066 3233 et
3105 3181 3400 3250 principis,
3445 3182 3504 3233 in
3549 3181 3755 3234 hostem

2119 3253 2200 3304 ire
2229 3251 2439 3304 debeat.

2121 3355 2280 3425 (Cap.
2357 3357 2540 3412 Caroli
2592 3357 2937 3425 imperatoris
2992 3355 3058 3410 de
3111 3357 3373 3425 episcopis
3404 3357 3755 3425 Aquisgrani

2050 3444 2462 3514 collaudatum.)
2549 3444 2779 3498 Carolus
2839 3445 3025 3514 gratia
3096 3444 3194 3498 Dei
3266 3461 3389 3513 rex,
3466 3447 3752 3517 regnique

2053 3533 2397 3586 Francorum
2449 3537 2656 3599 rector,
2714 3537 2770 3586 et
2817 3535 3055 3588 devotus
3108 3538 3316 3588 sancta
3357 3534 3616 3588 Ecclesia
3643 3535 3754 3590 de-

2047 3621 2263 3688 fensor,
2308 3625 2479 3692 atque
2527 3622 2758 3691 adjutor
2801 3622 2861 3676 in
2891 3621 3160 3676 omnibus
3203 3622 3529 3692 apostolica
3559 3623 3749 3678 sedis:

2051 3710 2286 3764 Hortatu
2347 3710 2610 3764 omnium
2665 3710 2925 3765 fidelium
2982 3717 3332 3779 nostrorum,
3388 3716 3442 3765 et
3500 3712 3752 3766 maxime

2051 3799 2471 3869 episcoporum,
2526 3815 2590 3852 ac
2638 3799 2997 3870 reliquorum
3059 3800 3414 3854 sacerdotum
3461 3803 3750 3866 consultu,

2052 3887 2226 3941 servis
2271 3889 2370 3942 Dei
2415 3905 2520 3958 per
2562 3889 2760 3942 omnia
2801 3889 3073 3944 omnibus
3113 3896 3465 3944 armaturam
3518 3895 3753 3961 portare

2051 3976 2140 4030 vel
2169 3991 2448 4046 pugnare,
2481 3983 2582 4030 aut
2614 3977 2673 4030 in
2706 3979 3021 4032 exercitum
3069 3983 3123 4033 et
3151 3979 3209 4032 in
3253 3979 3476 4033 hostem
3513 3995 3755 4049 pergere

2053 4065 2290 4118 omnino
2357 4065 2755 4135 prohibemus,
2835 4067 2948 4120 nisi
3026 4066 3139 4120 illis
3196 4068 3600 4121 tantummodo
3651 4068 3756 4138 qui

2053 4156 2289 4222 propter
2331 4152 2587 4206 divinum
2630 4153 3033 4219 ministerium,
3068 4154 3372 4208 missarum
3417 4154 3632 4210 scilicet
3660 4173 3754 4210 so-

2052 4240 2247 4294 lennia
2271 4239 2642 4310 adimplenda
2673 4245 2727 4295 et
2757 4247 3082 4297 sanctorum
3117 4243 3438 4313 patrocinia
3470 4245 3757 4313 portanda

243 4309 597 4362 decrevimus
649 4315 715 4363 ut
760 4326 878 4363 non
919 4311 1375 4380 propinquorum
1425 4327 1683 4373 suorum,
1735 4311 1832 4366 sed
1881 4311 1936 4364 in

2106 4326 2125 4380 l
2154 4328 2260 4382 hoc
2286 4309 2497 4396 electis,
2530 4329 2588 4383 id
2638 4333 2721 4382 est
2750 4345 2932 4384 unum
2975 4331 3065 4384 vel
3095 4309 3237 4385 duos
3281 4309 3576 4402 episcopos
3620 4347 3756 4385 cum

243 4397 502 4450 Ecclesia
533 4396 624 4450 cui
653 4401 862 4468 praest
883 4397 1017 4467 jura
1049 4398 1373 4452 deveniant.

243 4485 370 4539 CAP.
406 4485 594 4539 CCXV.
631 4515 698 4523 —
741 4487 821 4541 Ne
866 4488 1144 4554 episcopus
1193 4487 1259 4540 de
1291 4487 1447 4540 rebus
1476 4487 1715 4542 viduata
1744 4487 1943 4542 Eccle-

579 4558 671 4609 sia
701 4555 1004 4625 quidquam
1024 4559 1263 4611 alienare
1291 4563 1606 4627 praesumat.

317 4644 428 4711 (Ea:
457 4642 601 4697 decr.
633 4645 860 4698 Martin.
917 4660 1094 4714 papa.
1147 4662 1266 4715 cap.
1309 4647 1422 4709 20.)
1453 4645 1512 4700 Si
1561 4645 1690 4716 quis
1719 4645 1942 4716 episco—

243 4746 353 4802 pus
381 4732 541 4785 nulla
591 4732 986 4787 ecclesiastica
1030 4734 1270 4788 rationis
1319 4734 1654 4788 necessitate
1688 4736 1940 4806 compul-

246 4835 360 4886 sus,
391 4820 449 4872 in
482 4835 582 4872 suo
612 4820 761 4873 clero
791 4825 888 4874 aut
919 4820 1017 4874 ubi
1050 4821 1196 4876 forte
1235 4837 1354 4875 non
1399 4826 1482 4875 est
1528 4822 1841 4894 presbyter,
1872 4823 1942 4878 de

244 4908 413 4962 rebus
465 4909 857 4962 ecclesiasticis
911 4910 1122 4981 aliquid
1180 4911 1610 4981 praesumpserit
1655 4911 1937 4965 vendere:

244 5013 334 5050 res
376 4998 529 5068 ipsas
562 4999 815 5052 Ecclesia
846 5004 1165 5052 restaurare
1212 5005 1468 5068 cogatur,
1520 5003 1572 5054 et
1622 4999 1684 5053 in
1725 4999 1940 5070 judicio

244 5087 640 5157 episcoporum
674 5087 975 5157 dejiciatur
1005 5088 1253 5154 auditus,
1285 5092 1341 5141 et
1361 5091 1638 5158 tanquam
1671 5089 1813 5143 furti
1843 5092 1943 5143 aut

243 5175 529 5230 latrocinii
559 5193 690 5230 reus
719 5193 822 5229 suo
853 5178 1108 5247 privetur
1131 5177 1369 5229 honore.

247 5265 373 5319 CAP.
425 5265 638 5320 CCXVI.
669 5295 738 5304 —
767 5267 839 5320 De
870 5267 982 5319 illis
1015 5266 1112 5332 qui
1140 5265 1213 5318 ad
1241 5264 1580 5320 sacerdotum
1657 5266 1940 5334 exsequias

803 5339 985 5390 venire
1015 5340 1376 5390 contemnunt.

319 5423 434 5491 (Ea:
463 5424 649 5477 concil.
689 5425 941 5477 Toletano
971 5439 1090 5492 \m,
1129 5438 1250 5492 cap.
1293 5422 1405 5493 3t.)
1439 5423 1512 5477 Ea
1555 5439 1684 5494 qua
1716 5439 1941 5496 compe-

246 5513 379 5564 tunt
417 5511 723 5581 honestati,
771 5511 1054 5582 contingit
1091 5528 1243 5582 sape
1291 5513 1672 5582 quorumdam
1722 5513 1942 5568 desidia

246 5614 366 5654 non
411 5599 659 5671 impleri.
693 5601 958 5670 Proinde,
998 5601 1135 5672 quia
1178 5605 1378 5657 notum
1409 5606 1492 5657 est
1522 5618 1650 5674 qua
1687 5603 1940 5674 dignitas

2052 4416 2362 4487 capellanis
2441 4417 2808 4486 presbyteris.
2883 4419 2946 4472 Et
3015 4418 3410 4489 unusquisque
3485 4419 3756 4490 princeps

2051 4521 2234 4559 unum
2282 4504 2680 4576 presbyterum
2721 4522 2914 4560 secum
2963 4507 3188 4576 habeat,
3224 4508 3325 4578 qui
3361 4513 3588 4578 peccata
3617 4524 3757 4562 con-

2054 4593 2350 4649 titentibus
2369 4594 2649 4665 judicare,
2683 4599 2740 4650 et
2768 4595 3022 4650 indicare
3048 4596 3449 4666 paenitentiam
3479 4596 3682 4668 possit.

2445 4700 2584 4755 CAP.
2617 4700 2836 4756 CCXIX.
2869 4731 2938 4742 —
2969 4703 3045 4756 De
3073 4701 3258 4756 eadem
3282 4718 3359 4757 re.

2123 4803 2279 4873 (Cap.
2330 4802 2613 4872 ejusdem.)
2662 4802 2925 4858 Secunda
2971 4803 3092 4857 vice
3139 4808 3373 4874 propter
3411 4802 3758 4873 ampliorem

2050 4891 2492 4958 observantiam,
2553 4892 2865 4961 apostolica
2934 4893 3267 4946 auctoritate
3329 4898 3388 4947 et
3440 4892 3758 4949 multorum

2051 4979 2450 5050 episcoporum
2491 4980 2885 5035 admonitione
2924 4981 3208 5049 instructi,
3245 4986 3572 5036 sanctorum
3605 4997 3758 5052 quo-

2051 5084 2162 5139 que
2193 5084 2479 5122 canonum
2522 5069 2737 5140 regulis
2781 5069 2989 5135 edocti,
3034 5071 3296 5123 consultu
3335 5070 3597 5124 videlicet
3627 5086 3757 5124 om-

2049 5156 2214 5212 nium
2260 5156 2545 5212 nobilium
2588 5161 2914 5212 nostrorum
2956 5158 3338 5229 nosmetipsos
3377 5158 3752 5228 corrigentes,

2048 5245 2406 5317 posterisque
2458 5246 2673 5301 nostris
2729 5247 3058 5318 exemplum
3116 5247 3335 5313 dantes,
3371 5247 3633 5301 volumus
3691 5253 3757 5302 ut

2049 5334 2241 5388 nullus
2270 5336 2530 5390 sacerdos
2577 5334 2638 5389 in
2666 5335 2890 5390 hostem
2939 5339 3160 5407 pergat,
3213 5335 3323 5389 nisi
3353 5336 3467 5389 duo
3501 5336 3589 5389 vel
3636 5341 3755 5390 tres

2048 5424 2270 5474 tantum
2311 5420 2585 5492 episcopi,
2625 5422 2906 5476 electione
2945 5429 3285 5476 caterorum
3316 5427 3550 5493 propter
3576 5422 3754 5477 bene-

2048 5508 2379 5577 dictionem,
2433 5510 2898 5580 praedicationem
2953 5510 3269 5584 populique
3330 5511 3750 5566 reconciliatio-

2052 5613 2202 5664 nem,
2252 5602 2310 5654 et
2337 5613 2470 5653 cum
2496 5597 2610 5653 illis
2651 5598 2818 5654 electi
2859 5601 3205 5666 sacerdotes,
3237 5598 3339 5671 qui
3377 5598 3525 5654 bene
3568 5599 3752 5655 sciant
