3956 6314
162 362 266 413 613

159 484 398 553 populis
429 483 828 552 pmnitentiam
872 484 1028 549 dare,
1063 483 1262 538 missas
1294 485 1603 551 celebrare,
1652 485 1721 539 de
1766 485 1860 538 in-
1898 487 1945 539 Α

159 573 346 626 firmis
403 589 601 625 curam
660 573 891 640 habere,
953 574 1272 644 sacratique
1330 573 1442 626 olei
1504 589 1634 627 cum
1691 574 1863 627 sacris

159 662 429 731 precibus
461 662 792 715 unctionem
823 662 1180 731 impendere,
1210 667 1266 715 et
1309 663 1415 715 hoc
1442 662 1685 715 maxime
1717 678 1862 733 prai-

158 750 354 803 videre
388 766 459 803 ne
490 750 611 803 sine
642 749 843 803 viatico
872 750 1000 821 quis
1033 750 1101 804 de
1133 751 1339 804 saeculo
1369 751 1613 803 recedat.

161 856 291 909 CAP.
327 855 516 910 CCXX.
569 858 645 910 De
691 870 749 909 eo
793 858 844 908 si
875 857 996 924 quis
1024 856 1092 907 ab
1132 856 1430 925 apostolico
1457 857 1663 921 falsam
1708 855 1862 909 detu-

782 927 906 979 lerit
945 928 1245 994 epistolam.

233 1032 344 1101 (Em
384 1033 570 1086 concil.
609 1031 967 1098 Triburiensi,
1020 1047 1141 1101 cap.
1194 1034 1285 1097 30,
1327 1034 1415 1086 cui
1463 1033 1720 1096 inter/uit
1764 1047 1865 1084 rea:

162 1119 524 1190 Arnolphus.)
557 1121 622 1172 In
654 1120 989 1173 memoriam
1035 1120 1187 1173 beati
1218 1120 1368 1173 Petri
1408 1121 1652 1190 apostoli
1682 1120 1863 1172 hono-

163 1224 360 1261 remus
405 1194 656 1261 sanctam
692 1209 1011 1262 Romanam
1042 1213 1100 1261 et
1141 1207 1509 1278 apostolicam
1555 1208 1769 1271 sedem,
1801 1212 1866 1261 ut

164 1312 294 1367 quae
351 1297 519 1350 nobis
577 1297 943 1351 sacerdotalis
1002 1302 1185 1349 mater
1242 1300 1321 1349 est
1370 1296 1684 1367 dignitatis,
1744 1312 1863 1349 esse

164 1386 336 1439 debet
392 1386 672 1455 magistra
727 1384 1123 1438 ecclesiasticae
1178 1384 1441 1438 rationis.
1497 1386 1681 1449 Quare
1739 1400 1861 1438 ser-

163 1475 351 1527 vanda
383 1480 466 1526 est
498 1490 628 1526 cum
659 1473 1097 1527 mansuetudine
1138 1473 1455 1542 humilitas,
1500 1478 1584 1536 ut,
1615 1473 1747 1527 licet
1772 1473 1862 1526 vix

162 1559 465 1613 ferendum
493 1560 565 1613 ab
595 1560 691 1612 illa
724 1564 920 1613 sancta
950 1560 1078 1614 sede
1110 1560 1441 1630 imponatur
1462 1560 1694 1630 jugum,
1726 1576 1860 1613 con-

163 1649 434 1712 feramus,
469 1654 525 1701 et
572 1648 667 1719 pia
696 1648 995 1701 devotione
1044 1650 1375 1702 toleremus.
1408 1648 1464 1703 Si
1510 1665 1662 1714 vero,
1708 1649 1860 1719 quod

163 1754 282 1789 non
314 1737 490 1803 decet,
542 1737 806 1807 quilibet,
840 1738 954 1790 sive
991 1737 1064 1789 sit
1095 1739 1393 1807 presbyter
1421 1737 1535 1790 sive
1566 1738 1855 1802 diaconus,
1891 1766 1932 1819 Β

163 1824 418 1893 aliquam
468 1825 955 1893 perturbationem
991 1825 1393 1890 machinaudo,
1438 1830 1496 1879 et
1527 1831 1720 1878 nostro
1761 1826 1863 1878 mi-

162 1911 402 1964 nisterio
450 1911 780 1965 insidiando
808 1914 1188 1983 redarguatur
1218 1914 1414 1966 falsam
1447 1914 1515 1967 ab
1546 1915 1861 1983 apostolico

165 2000 436 2053 detulisse
489 2001 812 2069 eristolam,
861 2002 945 2053 vel
1000 2001 1155 2054 aliud
1201 2000 1339 2071 quid
1383 2004 1536 2071 quod
1572 2002 1701 2056 inde
1744 2019 1861 2056 non

169 2087 500 2141 convenerit
548 2088 689 2141 falsa
740 2088 870 2153 ﬁde,
905 2094 960 2141 et
989 2104 1102 2141 non
1146 2088 1371 2157 integra
1414 2089 1561 2141 circa
1591 2090 1861 2159 apostoli-

166 2192 294 2229 cum
323 2176 686 2242 humilitate;
719 2192 895 2245 penes
926 2176 1255 2246 episcopum
1291 2176 1363 2229 sit
1393 2182 1640 2247 potestas
1667 2184 1861 2231 utrum

167 2280 297 2317 eum
346 2265 403 2317 in
436 2280 723 2317 carcerem
754 2270 852 2317 aut
902 2265 960 2318 in
995 2265 1164 2318 aliam
1216 2266 1479 2319 detrudat
1516 2266 1860 2331 custodiam,

168 2368 489 2422 usquequo,
524 2369 627 2423 per
657 2353 954 2423 epistolam
989 2358 1090 2407 aut
1124 2370 1227 2423 per
1255 2354 1495 2407 idoneos
1527 2370 1643 2407 suae
1684 2354 1862 2424 partis

165 2442 402 2511 legatos,
436 2442 809 2512 apostolicam
842 2442 1171 2512 interpellet
1201 2442 1633 2509 sublimitatem,
1665 2450 1726 2496 ut
1753 2460 1860 2513 po-

162 2530 448 2582 tissimum
506 2546 606 2581 sua
660 2536 851 2583 sancta
908 2531 1190 2600 legatione
1239 2530 1507 2600 dignetur
1555 2532 1859 2586 decernere

164 2618 297 2688 quid
331 2618 399 2671 de
443 2618 653 2671 talibus
678 2618 833 2688 justo
878 2620 1079 2673 ordine
1120 2620 1207 2673 lex
1242 2620 1497 2673 Romana
1529 2624 1736 2674 statuat
1767 2621 1861 2675 de-

162 2706 350 2772 ﬁnire,
385 2711 449 2761 ut
478 2711 534 2759 et
564 2707 611 2759 is
643 2708 981 2778 corrigatur,
1014 2711 1069 2761 et
1098 2708 1317 2761 caeteris
1356 2709 1559 2762 modus
1589 2708 1857 2779 impona-

161 2800 283 2851 tur.

413 2901 540 2955 CAP.
576 2901 789 2957 CCXXI.
823 2931 896 2942 —
921 2905 997 2956 De
1027 2905 1293 2957 accusatis
1324 2906 1607 2973 episcopis.

1162 361 1636 417 DECRETORUM
1680 362 1865 416 LIBRI
1900 361 2009 416 XX.
2041 390 2110 399 —
2152 360 2363 415 LIBER
2406 361 2676 415 PRIMUS.

3566 368 3671 419 614-

2259 484 2387 537 CAP.
2418 484 2636 539 CCXIV.
2670 515 2739 524 —
2762 487 2834 539 De
2858 488 3086 540 sessione
3123 489 3377 557 episcopi.

2045 607 2150 675 (Ea:
2212 609 2402 661 concil.
2469 609 2763 675 Carthag.)
2830 609 2893 661 In
2971 609 3212 663 Ecclesia
3277 609 3337 662 in
3402 627 3669 665 concessu

1972 696 2464 765 presbyterorum,
2494 696 2798 765 episcopus
2828 696 3131 749 sublimior
3157 698 3366 751 sedeat.

2116 782 2245 835 CAP.
2278 782 2514 836 CCXXV.
2543 812 2611 819 —
2641 784 2770 835 Item
2803 782 2869 835 de
2898 784 3241 837 ordinatione
3268 786 3523 853 episcopi.

2046 868 2154 939 (Ea:
2191 870 2353 923 dictis
2386 870 2650 924 Theodori
2699 872 3143 940 archiepiscopi.)
3190 873 3251 926 In
3306 873 3667 928 ordinatione

1975 958 2249 1028 episcopi,
2282 958 2405 1027 ipse
2437 959 2538 1029 qui
2583 959 2831 1028 ordinat,
2881 961 3113 1013 missam
3144 961 3431 1015 celebrare
3478 962 3663 1025 debet,

1974 1052 2030 1099 et
2058 1048 2159 1117 qui
2187 1047 2489 1101 ordinatur
2514 1046 2797 1100 similiter.

1975 1170 2101 1225 CAP.
2172 1171 2427 1225 CCXXVI.
2509 1200 2573 1210 -
2644 1171 2793 1294 Qzaab
2853 1172 3154 1295 satccrdotes
3225 1174 3324 1226 Dei
3395 1173 3668 1229 declinare

2733 1258 2759 1294 e
2797 1256 2896 1295 ean
2927 1281 2939 1294 .

2733 1256 2939 1295 coeant.

2045 1365 2156 1436 (Ea:
2210 1364 2396 1420 concil.
2457 1368 2787 1433 Turonensi,
2846 1381 2966 1434 cap.
3031 1366 3111 1435 t.)
3172 1366 3535 1438 Quascunque
3594 1368 3666 1421 ad

1972 1455 2200 1507 aurium
2244 1460 2301 1508 et
2345 1454 2417 1507 ad
2463 1456 2761 1507 oculorum
2808 1453 3099 1524 pertinent
3144 1455 3455 1522 illecebras,
3514 1456 3666 1509 unde

1972 1542 2136 1611 vigor
2171 1542 2347 1595 animi
2380 1541 2627 1595 emolliri
2658 1558 2821 1612 posse
2869 1544 3155 1608 credatur,
3189 1550 3253 1596 ut
3282 1546 3351 1597 de
3380 1544 3665 1614 aliquibus

1972 1630 2278 1701 generibus
2352 1630 2723 1697 musicorum,
2793 1630 3033 1699 aliisque
3101 1632 3393 1684 nonnullis
3475 1633 3663 1698 rebus,

1971 1736 2171 1772 omnes
2230 1718 2329 1772 Dei
2389 1719 2706 1772 sacerdotes
2764 1735 2822 1771 se
2880 1718 3163 1772 abstinere
3224 1721 3487 1773 debent:
3531 1721 3667 1790 quia

1970 1824 2075 1878 per
2105 1807 2330 1861 aurium
2377 1808 2789 1877 oculorumque
2837 1806 3132 1860 illecebras
3180 1807 3452 1861 vitiorum
3501 1809 3667 1862 turba

1970 1895 2043 1948 ad
2096 1895 2351 1947 animum
2391 1894 2615 1963 ingredi
2662 1895 2825 1961 solet,
2874 1894 3217 1947 histrionum
3266 1911 3497 1964 quoque
3544 1900 3665 1948 tur-

1969 1984 2129 2054 pium
2164 1989 2220 2037 et
2246 1984 2650 2037 obscoenorum
2680 1982 3014 2035 insolentias
3040 1984 3299 2053 jocorum
3334 1984 3439 2053 ipsi
3468 1983 3660 2038 animo

1969 2070 2240 2139 effugere,
2290 2071 2624 2140 czeterisque
2654 2070 3039 2123 sacerdotibus
3088 2071 3416 2141 effugienda
3459 2072 3664 2141 praedi-

1969 2174 2096 2211 care
2132 2159 2364 2212 debent.

1969 2282 2095 2337 CAP.
2147 2283 2437 2337 CCXXVII.
2487 2285 2557 2337 De
2588 2282 2907 2336 haereditate
2954 2284 3214 2350 episcopi,
3251 2286 3667 2350 caeterorumque

2570 2356 3066 2407 ecclesiasticarum.

2041 2475 2147 2545 (Ere
2198 2476 2385 2529 concil.
2462 2475 2613 2544 apud
2668 2474 2911 2529 Althcim
2968 2475 3187 2542 habito,
3241 2491 3361 2543 cap.
3418 2478 3518 2541 3'2,
3581 2478 3670 2529 cui

1967 2568 2222 2629 interfuit
2249 2581 2348 2617 rea:
2392 2565 2725 2629 Conradus.)
2757 2565 2860 2617 Sed
2905 2570 2959 2617 et
2989 2566 3096 2617 hoc
3128 2565 3340 2617 ibidem
3370 2566 3663 2618 inventum

1968 2657 2052 2706 est
2076 2653 2141 2705 de
2190 2652 2490 2722 episcopis,
2539 2652 2887 2722 presbyteris
2933 2656 2988 2704 et
3032 2651 3271 2716 clericis,
3322 2652 3367 2703 si
3417 2652 3668 2705 hmredi—

1966 2745 2139 2795 tatem
2170 2757 2203 2794 a
2230 2741 2474 2794 Domino
2507 2756 2661 2809 rege,
2699 2740 2787 2793 vel
2817 2740 2887 2793 ab
2918 2740 3027 2793 alio
3058 2739 3334 2809 principe,
3366 2741 3451 2792 vel
3481 2740 3665 2793 amico

1968 2846 2090 2897 suo,
2140 2846 2237 2883 seu
2291 2845 2396 2899 per
2444 2828 2869 2883 hereditariam
2916 2834 3126 2881 sortem
3178 2828 3285 2881 sibi
3342 2828 3662 2897 devenerit,

1966 2920 2056 2972 vel
2086 2918 2494 2989 acquisierunt,
2544 2918 2757 2971 donare
2804 2918 2884 2970 eis
2932 2918 3095 2971 liceat
3139 2919 3285 2971 hanc
3332 2917 3424 2970 cui
3472 2922 3667 2971 volue-

234 3007 342 3077 (Ea:
358 3006 553 3061 decret.
575 3009 765 3063 Felicis
781 3024 957 3077 papae,
979 3008 1268 3077 cap.4.)Si
1291 3010 1562 3078 primates
1585 3013 1859 3063 accusato-
1890 3045 1933 3100 C
1969 3008 2108 3076 rint,
2140 3008 2273 3061 dum
2316 3007 2533 3073 vivunt,
2568 3022 2672 3076 pro
2703 3006 2958 3059 remedio
2992 3006 3220 3071 animae,
3255 3006 3324 3059 ad
3358 3006 3663 3059 Ecclesiam

162 3112 253 3150 res
283 3097 682 3166 episcoporum
718 3114 847 3150 cum
879 3098 955 3150 eis
989 3097 1286 3168 pacificare
1310 3098 1670 3152 familiariter
1698 3099 1863 3153 mini-

164 3199 257 3237 me
286 3185 601 3254 potuerint,
634 3189 767 3237 tunc
794 3190 1054 3253 tempore
1086 3185 1344 3253 legitimo
1368 3201 1465 3237 eos
1488 3186 1558 3238 ad
1583 3186 1862 3255 synodum

164 3272 435 3326 canonice
488 3278 874 3338 convocatam,
939 3289 1055 3325 non
1107 3273 1256 3325 infra
1308 3278 1545 3342 angusta
1603 3279 1863 3343 tempora

165 3362 438 3414 canonice
467 3367 795 3426 convocent,
823 3367 879 3413 et
905 3361 1060 3429 prius
1082 3360 1161 3413 eis
1183 3377 1284 3431 per
1311 3362 1520 3431 scripta
1541 3361 1865 3430 signiﬁcent

165 3449 321 3519 quod
355 3449 433 3501 eis
482 3450 814 3520 opponitur,
857 3454 921 3501 ut
965 3449 1037 3503 ad
1086 3449 1513 3519 responsionem
1560 3448 1864 3519 prazparati

165 3537 523 3599 adveniant._
546 3538 686 3591 Nam
720 3536 787 3601 si,
822 3541 919 3590 aut
951 3536 1003 3589 vi
1033 3542 1132 3589 aut
1159 3539 1387 3604 timore,
1422 3537 1588 3607 ejecti
1620 3543 1718 3590 aut
1747 3536 1863 3589 suis

165 3626 338 3679 rebus
364 3626 660 3696 exspoliati
688 3625 920 3690 fuerint,
955 3642 1057 3679 nec
1088 3626 1356 3680 canonice
1386 3624 1573 3679 vocari
1603 3624 1671 3677 ad
1703 3640 1866 3693 syno-

166 3711 306 3765 dum
352 3719 614 3782 possunt,
646 3730 750 3767 nec
796 3714 1138 3783 respondere
1188 3714 1412 3768 aemulis
1451 3713 1662 3767 debent
1706 3718 1865 3766 ante-

164 3816 342 3871 quam
390 3802 661 3855 canouice
695 3802 1093 3871 restituantur,
1141 3807 1197 3858 et
1226 3818 1329 3856 sua
1359 3802 1553 3856 omnia
1583 3802 1664 3855 eis
1705 3802 1862 3872 lega-

163 3889 297 3942 liter
325 3889 660 3949 reddantur.

163 4011 292 4069 CAP.
331 4012 570 4067 CCXXII.
616 4044 683 4053 ——
719 4014 873 4084 Quod
914 4030 1020 4069 non
1067 4016 1149 4066 ita
1194 4015 1253 4067 in
1283 4011 1658 4067 ecclesiasticis
1705 4024 1865 4077 agen-

442 4085 571 4138 dum
600 4088 672 4139 sit
700 4088 927 4153 negotiis
958 4088 1099 4140 sicut
1129 4088 1186 4137 in
1215 4084 1585 4137 sweularibus.

234 4189 345 4260 (Ea:
377 4191 519 4245 decr.
572 4191 832 4260 ejusdem,
881 4208 1000 4261 cap.
1060 4190 1169 4261 l6.)
1221 4191 1342 4244 Non
1392 4189 1548 4243 enim
1589 4188 1649 4241 in
1689 4187 1864 4241 eccle-

164 4278 408 4332 siasticis
454 4280 743 4349 agendum
775 4284 857 4335 est
892 4279 1135 4350 negotiis
1186 4278 1330 4333 sicut
1380 4278 1442 4331 in
1472 4275 1856 4331 saecularibus.

163 4368 507 4438 Priusquam
560 4368 781 4439 legibus
810 4374 1045 4423 vocatus
1092 4368 1334 4435 venerit,
1368 4371 1451 4435 ut,
1483 4382 1611 4420 cum
1646 4364 1705 4418 in
1736 4364 1859 4418 foro

164 4456 459 4510 decertare
509 4456 743 4525 coeperit
786 4457 1016 4528 aliquis,
1068 4474 1182 4511 non
1232 4456 1364 4510 licet
1410 4461 1542 4509 ante
1574 4458 1859 4525 peractam

163 4556 395 4594 causam
446 4543 731 4595 recedere.
790 4543 853 4595 In
883 4541 1272 4595 ecclesiasticis
1318 4556 1451 4595 vero
1499 4555 1668 4593 causa
1713 4538 1863 4591 dicta

162 4629 434 4683 recedere
464 4629 619 4695 licet,
648 4630 691 4683 si
731 4646 960 4685 necesse
989 4631 1184 4696 fuerit,
1215 4634 1314 4683 aut
1342 4630 1389 4683 si
1421 4645 1480 4682 se
1509 4624 1861 4699 praegravari

162 4716 393 4771 viderit.

164 4821 295 4876 CAP.
327 4822 593 4877 CCXXIII.
624 4853 693 4861 —
727 4823 879 4889 Quod
905 4824 1064 4887 nulli,
1104 4838 1258 4892 papa
1284 4824 1514 4888 vivente,
1564 4822 1733 4875 alium
1763 4821 1860 4875 eli-

850 4910 973 4961 gere
1003 4896 1180 4948 liceat.

235 5000 348 5067 (Ea:
376 4999 520 5053 decr.
572 5001 883 5069 Symmachi
928 5016 1107 5070 papa,
1146 5016 1267 5070 cap.
1298 5000 1378 5069 3.)
1425 4999 1484 5054 Si
1528 4998 1658 5069 quis
1700 5014 1859 5069 pres-

163 5088 329 5158 byter
358 5094 459 5142 aut
491 5089 760 5143 diaconus
792 5096 889 5143 aut
918 5090 1177 5155 clericus,
1204 5106 1354 5160 papa
1384 5087 1675 5151 incolumi,
1710 5092 1766 5141 et
1795 5102 1861 5140 eo

162 5177 513 5244 inconsulto,
558 5178 1034 5248 subscriptionem
1070 5195 1173 5249 pro
1222 5178 1479 5232 Romano
1528 5176 1861 5247 pontiﬁcatu

162 5266 588 5329 commendare,
624 5270 722 5320 aut
760 5266 971 5336 pitacio
1001 5264 1361 5336 promittere,
1410 5268 1506 5317 aut
1539 5278 1859 5316 sacramen-

161 5358 286 5408 tum
352 5354 611 5423 prsebere
680 5354 989 5408 tentaverit
1060 5360 1160 5408 aut
1226 5353 1460 5424 aliquod
1525 5350 1857 5421 suffragium

160 5443 444 5513 polliceri,
506 5444 595 5498 vel
651 5444 721 5498 de
773 5444 881 5498 hac
937 5460 1107 5498 causa
1160 5442 1396 5514 privatis
1454 5438 1862 5494 conventiculis

163 5530 323 5585 factis
353 5530 671 5584 deliberare
721 5535 886 5601 atque
936 5531 1264 5599 decernere,
1318 5528 1425 5584 loci
1453 5527 1541 5582 sui
1581 5525 1860 5597 dignitate

163 5625 222 5674 et
250 5619 660 5675 communione
688 5620 962 5690 privetur.

1972 3112 2377 3167 quamcunque
2434 3095 2734 3165 elegerint,
2788 3095 2875 3147 vel
2932 3094 3371 3164 consanguineis
3422 3095 3540 3148 suis
3579 3096 3667 3149 vel

1972 3185 2187 3241 amicis.
2253 3185 2349 3239 Sin
2408 3189 2597 3237 autem
2660 3186 2828 3237 antea
2886 3182 3134 3236 obierint
3184 3199 3359 3252 quam
3425 3183 3670 3236 firmiter

1970 3272 2345 3343 perfecerint,
2414 3272 2579 3325 altari
2644 3272 2735 3325 cui
2802 3271 3057 3324 serviunt
3130 3271 3324 3324 omnia
3386 3277 3667 3340 perpetuo

1972 3361 2421 3423 sanetiticentur,
2464 3365 2520 3412 et
2550 3360 2610 3412 in
2633 3360 2729 3429 jus
2759 3359 3074 3411 tradantur.
3108 3358 3382 3411 Similiter
3413 3360 3482 3411 de
3508 3375 3668 3428 pres-

1970 3448 2183 3520 byteris
2256 3452 2534 3502 statutum
2607 3451 2712 3499 est.
2790 3446 3141 3499 Hildibertus
3216 3446 3667 3513 Moguntinensis

1972 3538 2433 3608 archiepiscopus
2512 3535 2865 3605 subscripsit.
2950 3535 3230 3588 Robertus
3306 3536 3669 3589 Treverensis

1973 3627 2436 3697 archiepiscopus
2518 3623 2871 3694 subscripsit.
2962 3623 3111 3677 Unni
3186 3623 3669 3694 Hameburgensis

1974 3715 2432 3787 archiepiscopus
2473 3713 2826 3784 subscripsit.
2870 3712 3263 3767 Adaluvardus
3309 3713 3670 3767 Fardinensis

1974 3805 2276 3876 episcopus
2366 3803 2720 3871 subscripsit.
2806 3801 3147 3872 Richwynus
3235 3802 3671 3871 Argentinensis

1973 3894 2276 3964 episcopus
2320 3892 2674 3961 subscripsit.
2731 3892 3011 3961 Notingus
3061 3891 3513 3945 Constantiensis
3550 3891 3669 3962 epi-

1973 3999 2177 4053 scopus
2227 3980 2582 4051 subscripsit.
2621 3981 2937 4034 Unewanus
2968 3980 3503 4033 Padarbruunensis
3543 3981 3671 4050 epi—

1973 4087 2178 4140 scopus
2224 4069 2575 4138 subscripsit.
2619 4068 2913 4122 Udalricus
2955 4068 3332 4136 Augustensis
3370 4068 3672 4139 episcopus

1974 4158 2326 4229 subscripsit.
2402 4157 2761 4210 Bernhardus
2830 4156 3301 4209 Halwartanensis
3373 4156 3673 4228 episcopus

1973 4247 2323 4316 subscripsit.
2392 4245 2709 4300 Rumaldus
2770 4244 3492 4313 Minugardenowardensis
3548 4246 3672 4315 epi-

1889 4327 1935 4381 D
1976 4353 2179 4407 scopus
2241 4334 2594 4403 subscripsit.
2666 4333 2859 4387 Eberis
2917 4332 3306 4387 Mindunensis
3370 4333 3672 4403 episcopus

1971 4424 2322 4495 subscripsit.
2382 4424 2614 4477 Necnon
2668 4426 2726 4475 et
2779 4421 3011 4476 abbates
3063 4438 3195 4475 cum
3248 4422 3471 4476 caeteris
3527 4424 3672 4477 sacri

1972 4513 2190 4568 ordinis
2217 4512 2322 4565 viri
2355 4510 2837 4581 subscripserunt.

1972 4638 2097 4691 CAP.
2146 4635 2459 4691 CCXXVIII.
2517 4665 2585 4675 —
2632 4637 2708 4689 Ne
2756 4636 2992 4703 episcopi
3040 4639 3268 4704 propter
3322 4649 3477 4689 suam
3521 4637 3674 4702 quie-

2060 4713 2162 4761 tem
2187 4708 2397 4777 plebem
2425 4707 2533 4761 sibi
2561 4708 2901 4760 commissam
2930 4709 3204 4775 negligere
3227 4710 3582 4776 praesumant.

2042 4812 2149 4883 (Ex
2205 4814 2395 4867 concil.
2466 4811 2621 4880 apud
2678 4812 2941 4866 Sanctum
2993 4812 3346 4878 Medardum,
3405 4816 3668 4881 prasente

1972 4903 2160 4959 Carolo
2208 4916 2349 4968 rege,
2401 4915 2520 4969 cap.
2576 4898 2641 4968 5.)
2692 4899 3114 4953 Providendum
3162 4905 3246 4953 est
3290 4915 3363 4953 ne
3418 4900 3673 4970 episcopi

1970 4994 2205 5063 propter
2233 5005 2394 5042 suam
2436 4987 2687 5059 quietem
2720 4988 2791 5041 ad
2822 4988 3135 5042 remotiora
3162 4990 3285 5043 loca
3317 4989 3667 5054 secedentes,

1972 5085 2028 5134 et
2059 5095 2225 5133 suum
2260 5076 2648 5131 ministerium
2680 5076 3059 5147 negligentes,
3104 5077 3365 5147 proprias
3407 5077 3674 5131 deserant

1971 5168 2223 5224 civitates
2257 5184 2270 5221 :
2300 5166 2417 5221 sed‘
2442 5171 2540 5220 aut
2572 5166 2870 5236 parochias
2917 5182 3047 5218 suas
3081 5182 3212 5219 cum
3262 5164 3440 5219 officii
3478 5166 3668 5219 effica-

1973 5258 2061 5312 cia
2106 5257 2480 5322 circumeant,
2532 5258 2785 5308 autcum
2836 5253 3117 5324 religione
3165 5254 3225 5308 in
3256 5253 3374 5307 suis
3421 5253 3670 5307 civitati-

1969 5345 2078 5399 bus
2135 5345 2409 5399 canonice
2465 5359 2594 5397 cum
2653 5342 2784 5397 ﬁliis
2841 5341 2956 5395 suis
3010 5341 3240 5411 degant.
3303 5341 3671 5411 Presbyteros

1973 5435 2147 5488 etiam
2178 5434 2287 5487 sibi
2333 5432 2685 5500 commissos,
2729 5430 3009 5497 doctrina,
3050 5429 3327 5497 castitate,
3363 5435 3421 5483 et
3449 5430 3673 5485 sobrie-

1971 5527 2109 5586 tate,
2140 5527 2311 5594 atque
2334 5521 2724 5591 hospitalitate
2745 5519 3060 5575 secundum
3081 5534 3251 5575 suum
3279 5518 3671 5573 ministerium

1973 5611 2169 5665 ornari
2193 5611 2558 5681 compellant.
