3956 6302
317 316 418 368 615

1394 310 1799 368 BURCHARDI
1837 308 2368 365 WORMACIENSIS
2409 306 2750 365 EPISCOPI.

3719 312 3823 365 616

317 439 444 492 CAP.
479 436 735 492 CCXXIX.
770 466 838 475 —
885 440 958 489 De
989 437 1252 504 episc0pis
1294 437 1390 502 qui
1435 451 1540 488 non
1569 437 1806 488 visitatis
1851 449 2012 503 paro-
2047 434 2096 488 A
2125 433 2240 488 lem
2290 433 2452 487 nobis
2516 433 2727 504 absque
2779 435 3009 502 peccato
3053 435 3232 487 :ante
3307 434 3516 487 sacula
3577 434 3820 505 quidem

637 508 773 561 chiis
801 509 1039 574 pretium
1068 508 1344 559 servitutis
1373 507 1682 573 requirunt.

385 598 500 664 (Eu:
551 596 738 648 concil.
800 594 1068 647 Triburiis
1113 593 1294 646 habito
1342 599 1571 661 tempore
1597 591 1876 660 Arnolphi
1921 607 2006 644 re-

315 687 423 751 gis,
450 698 576 753 cap.
624 685 738 748 26.)
789 683 986 736 Deleta
1032 686 1117 735 est
1163 697 1352 734 coram
1384 685 1578 732 sancta
1618 679 1832 750 synodo
1864 695 2003 748 que-

315 770 567 824 rimonia
597 771 871 840 plebium,
907 786 974 823 eo
1006 769 1156 839 quod
1197 769 1313 822 sint
1343 768 1577 838 quidam
1609 767 1862 837 episcopi
1903 783 2005 820 no-

316 858 498 910 lentes
528 858 598 910 ad
641 856 1088 927 praedicandum,
1120 855 1205 908 vel
1249 855 1316 908 ad
1367 855 1845 923 cuntirmandum,
1877 871 2007 907 suas

316 962 421 1016 per
448 961 662 999 annum
707 944 1002 1014 parochias
1047 942 1349 996 circumire
1379 960 1390 996 :
1421 943 1522 1012 qui
1555 949 1748 996 tamen
1777 943 2009 1012 exigant

318 1040 382 1088 ut
429 1033 749 1087 mansiones
799 1032 1008 1101 quibus
1050 1031 1108 1084 in
1142 1031 1497 1102 profectione
1541 1031 1623 1084 uti
1671 1031 2002 1102 debuerant,

316 1123 430 1176 alio
461 1121 641 1192 pretio
683 1119 968 1174 redimant
997 1119 1098 1190 qui
1127 1135 1330 1190 parare
1361 1119 1591 1174 debent.
1631 1119 1767 1183 Qua
1795 1119 2006 1189 duplex

314 1211 551 1264 infamia
607 1213 664 1262 et
718 1208 1067 1278 negligentia
1121 1213 1177 1261 et
1235 1207 1472 1261 avaritia
1524 1215 1732 1261 sancta
1791 1208 2005 1278 synodo

315 1297 544 1353 horrori
602 1297 712 1350 fuit
767 1313 998 1366 magno,
1059 1302 1114 1349 et
1165 1300 1491 1350 statuerunt
1541 1312 1613 1349 ne
1669 1296 1798 1366 quis
1855 1296 2008 1350 ultra

315 1391 577 1442 exerceat
601 1385 658 1439 id
705 1384 1032 1454 cupiditatis
1087 1385 1404 1453 ingenium,
1454 1389 1511 1437 et
1541 1389 1607 1438 ut
1644 1384 2006 1438 sollicitiores

316 1476 431 1529 sint
460 1473 712 1543 episcopi
744 1475 814 1526 de
843 1473 959 1525 suis
993 1473 1263 1541 gregibus
1288 1473 1598 1526 visitaudis.

484 1579 611 1631 CAP.
640 1577 871 1631 CCXXX.
899 1604 973 1616 —
1006 1579 1073 1629 De
1094 1579 1419 1644 purgatione
1448 1577 1836 1644 episcoporum.

387 1682 506 1752 (Ea:
552 1683 739 1735 concit.
796 1681 945 1749 apud
991 1682 1138 1736 Alth.
1193 1681 1380 1734 habito
1435 1687 1697 1750 prasente
1753 1680 2008 1734 Conrado
2042 1713 2081 1765 Β

316 1785 457 1836 rege,
505 1785 624 1838 cap.
683 1769 790 1840 16.)
834 1769 1146 1823 Statuimus
1193 1775 1429 1838 propter
1476 1769 1576 1823 Dei
1623 1769 2006 1837 dilectionem,

319 1863 374 1912 et
418 1858 684 1927 proximi,
735 1862 791 1910 et
840 1857 1099 1911 fidelium
1147 1857 1426 1910 honorem
1471 1857 1906 1923 catholicorum,
1958 1862 2014 1911 et

317 1947 604 2018 pracipue
663 1946 734 1999 ob
800 1945 1249 2013 multitudinem,
1315 1945 1576 2000 scandala
1645 1945 1898 1998 eruenda
1959 1948 2015 1998 et

316 2034 574 2088 funditus
622 2034 1006 2104 exstirpanda,
1055 2039 1110 2088 et
1139 2035 1598 2104 perturbationes
1629 2050 1759 2104 qua
1791 2033 2013 2086 noviter

315 2128 509 2176 exorta
553 2129 688 2176 sunt
739 2126 794 2175 et
847 2122 1133 2188 oriuntur,
1193 2139 1416 2176 necnon
1464 2126 1530 2177 ut
1576 2137 1775 2176 omnes
1831 2122 2014 2176 sciant

315 2226 417 2264 nos
449 2210 768 2280 episcopos,
791 2212 932 2264 tales
958 2211 1052 2263 Dei
1086 2210 1480 2264 misericordia
1503 2227 1867 2281 nequaquam
1889 2225 2012 2264 esse

317 2300 516 2369 quales
545 2298 811 2363 dicimur,
855 2300 1182 2368 exemplum
1214 2299 1392 2352 sancti
1440 2299 1641 2352 Leonis
1673 2315 1856 2369 papa,
1889 2297 2010 2368 qui,

316 2403 491 2457 supra
535 2391 784 2458 quatuor
835 2386 1142 2456 Evangelia
1183 2388 1406 2458 jurans,
1461 2403 1651 2440 coram
1699 2387 1912 2457 populo
1951 2403 2012 2440 se

317 2476 601 2546 purgavit,
653 2475 814 2546 sequi
859 2479 914 2529 et
960 2475 1192 2541 imitari,
1243 2477 1397 2528 salva
1429 2481 1621 2529 tamen
1669 2475 2008 2529 auctoritate

317 2562 610 2616 canonica.

315 2669 443 2722 CAP.
495 2667 748 2721 CCXXXI.
790 2694 861 2707 —
907 2668 978 2718 De
1018 2681 1075 2719 eo
1126 2669 1222 2735 qui
1251 2682 1319 2720 ea:
1357 2667 1612 2721 monacho
1657 2667 1840 2732 factus
1886 2667 2010 2732 fue-

959 2739 1034 2791 rit
1062 2741 1360 2806 episcopus.

385 2826 492 2896 (Ea:
520 2825 698 2879 eodem
736 2826 923 2878 concit.
971 2831 1230 2893 prasente
1277 2841 1399 2892 rege
1429 2825 1693 2889 Conrado,
1740 2840 1860 2894 cap.
1895 2824 2012 2894 36.)

312 2913 598 2968 Statutum
643 2917 697 2966 et
739 2912 1155 2966 rationabiliter
1199 2913 1514 2967 secundum
1563 2917 1785 2966 sanctos
1817 2914 2011 2967 Patres

2117 523 2186 576 de
2216 524 2378 576 Patre
2412 525 2674 592 genitum
2705 521 3017 575 secundum
3047 520 3317 575 deitatem
3352 538 3366 576 :
3395 521 3456 576 in
3496 523 3824 576 novissimis

2116 628 2251 665 vero
2284 611 2484 665 diebus
2515 611 2781 664 eumdem
2810 615 3048 680 propter
3080 626 3183 662 nos
3208 616 3264 663 et
3292 616 3528 681 propter
3559 617 3819 666 nostram

2119 699 2356 751 salutem
2391 697 2460 750 de
2492 697 2713 766 virgine
2745 695 2938 764 Maria,
2971 713 3098 767 qua
3129 696 3398 750 eumdem
3427 697 3609 750 Deum
3639 713 3821 767 pepe-

2116 788 2193 840 rit
2216 786 2528 839 secundum
2561 784 3002 850 humanitatem,
3037 800 3217 838 unum
3245 786 3630 856 eumdemque
3663 785 3822 840 Chri-

2117 874 2239 922 tum
2272 869 2474 922 Filium
2510 869 2610 923 Dei
2639 871 2946 924 Dominum
2977 869 3339 940 unigenitum
3373 871 3432 925 in
3463 872 3688 926 duabus
3717 889 3818 926 na-

2117 958 2281 1024 turis,
2325 958 2641 1024 inconfuse,
2689 959 3217 1026 inconvertibiliter,
3262 960 3579 1028 individue,
3632 967 3689 1014 et
3730 962 3824 1015 in-

2118 1045 2513 1115 separabiliter
2559 1047 2871 1116 cognitum,
2922 1063 3292 1118 nequaquam
3342 1054 3605 1103 naturam
3651 1049 3818 1104 diffe-

2117 1135 2302 1188 rentia
2350 1135 2574 1188 sublata
2620 1141 2852 1206 propter
2893 1136 3236 1202 unitionem,
3283 1136 3378 1190 sed
3424 1139 3615 1207 potius
3663 1139 3820 1192 salva

2118 1227 2382 1277 manente
2414 1224 2760 1294 proprietate
2796 1224 3094 1295 utriusque
3130 1229 3369 1291 natura,
3402 1225 3461 1279 in
3491 1242 3665 1279 unam
3700 1243 3819 1281 non

2116 1313 2177 1366 in
2209 1313 2347 1366 duas
2378 1313 2730 1366 concurrisse
2761 1329 3052 1382 personas.
3084 1311 3194 1366 Sed
3221 1329 3398 1367 unum
3431 1314 3821 1385 eumdemque

2121 1401 2324 1455 Filium
2373 1401 2739 1471 unigenitum
2785 1402 2984 1466 Deum,
3036 1417 3232 1454 verum
3274 1402 3581 1456 Dominum
3622 1403 3823 1456 Jesum

2119 1489 2426 1554 Christum,
2488 1490 2630 1542 sicut
2660 1489 2799 1542 olim
2849 1489 3146 1559 propheta
3180 1490 3249 1543 de
3294 1508 3383 1555 eo,
3417 1492 3505 1544 vel
3549 1490 3673 1559 ipse
3715 1507 3824 1544 nos

2118 1578 2370 1632 Christus
2425 1595 2528 1648 per
2585 1577 2958 1646 semetipsum
3027 1579 3304 1632 Dominus
3377 1579 3646 1634 erudivit.
3711 1580 3824 1644 Qui

2120 1672 2310 1720 autem
2347 1668 2424 1720 ita
2477 1683 2594 1719 non
2641 1667 2915 1733 sentiunt,
2972 1683 3100 1720 cum
3147 1666 3405 1721 Nestorio
3437 1674 3493 1721 et
3543 1669 3820 1738 Eutyche.

2121 1755 2206 1808 vel
2254 1771 2453 1808 eorum
2499 1754 2872 1809 sectatoribus
2921 1762 3140 1810 aterno
3191 1756 3552 1810 anathemate
3613 1757 3826 1828 dignos

2120 1859 2239 1898 esse
2270 1844 2604 1914 pronuntio.

2121 1951 2244 2005 CAP.
2303 1949 2610 2004 CCXXXIII.
2659 1977 2731 1990 —
2787 1952 2854 2004 De
2907 1949 3182 2004 damnatis
3241 1953 3531 2020 episcopis,
3590 1956 3641 2006 et
3691 1959 3826 2022 post

2409 2079 2427 2093 ρ
2776 2022 3156 2074 reconciliatis.

2187 2111 2434 2163 Joannes
2493 2109 2925 2179 Chrysostomus
2975 2125 3005 2162 a
3056 2109 3280 2163 duabus
3327 2110 3558 2180 synodis
3619 2113 3825 2166 ortho-

2119 2198 2394 2252 doxorum
2444 2196 2848 2267 episcoporum
2896 2197 3003 2251 fuit
3047 2197 3412 2268 dijudicatus,
3464 2199 3562 2252 sed
3605 2200 3824 2254 iterum

2118 2287 2226 2340 fuit
2266 2286 2577 2339 restitutus.
2619 2286 2914 2340 Marcellus
2960 2286 3257 2357 episcopus
3303 2289 3539 2358 Ancyra
3584 2288 3828 2342 Galatia

2121 2375 2416 2444 depositus
2469 2374 2595 2440 fuit,
2655 2374 2753 2428 sed
2807 2375 3178 2444 postmodum
3239 2377 3538 2446 proprium
3598 2377 3828 2448 recepit

2119 2462 2528 2532 episcopatum.
2577 2463 2872 2532 Asclepios
2921 2462 3266 2532 dijudicatus
3297 2480 3327 2516 a
3356 2463 3594 2534 synodo,
3629 2465 3828 2518 Eccle-

2119 2551 2261 2604 siam
2313 2567 2472 2604 suam
2529 2556 2730 2620 postea
2782 2551 3012 2620 recepit.
3075 2551 3352 2604 Lucianus
3402 2552 3704 2622 episcopus
3756 2559 3828 2607 A-

2121 2638 2551 2708 drianopolites,
2594 2639 2899 2693 damnatus
2933 2657 2960 2692 a
2990 2655 3137 2708 papa
3181 2640 3351 2706 Julio,
3386 2642 3600 2711 recepit
3628 2643 3825 2696 Eccle-

2120 2727 2264 2780 siam
2297 2727 2385 2779 sui
2418 2727 2796 2797 episcopatus.
2832 2728 3074 2798 Cyrillus
3104 2727 3654 2798 Hierosolymitanus
3695 2732 3824 2800 epi-

2120 2831 2322 2886 scOpus
2353 2816 2644 2886 depositus
2683 2815 2808 2882 fuit,
2852 2821 3050 2887 postea
3078 2816 3478 2870 reconciliatus
3521 2821 3605 2871 est
3633 2819 3826 2871 Eccle-

2120 2902 2217 2955 sia
2273 2918 2408 2956 sua.
2470 2902 2656 2956 Simili
2715 2903 2885 2956 modo
2940 2907 2996 2957 et
3052 2903 3495 2974 Polychronium
3555 2906 3817 2975 ejusdem

313 3017 346 3054 a
377 3001 589 3071 synodo
621 3005 706 3053 est
751 2999 1045 3053 ﬁrmatum
1077 3003 1138 3053 ut
1167 3000 1477 3054 monachus
1529 3017 1700 3072 quem
1735 2999 2010 3054 canonica
2047 2996 2085 3050 C
2121 2990 2381 3044 Ecclesia
2436 2991 2962 3061 Hierosolymitana
3024 2992 3359 3061 pontificem
3425 2993 3608 3047 Xistus
3666 3010 3826 3064 papa

314 3088 515 3142 electio
549 3105 582 3140 a
617 3089 758 3158 jugo
787 3089 1003 3157 regula
1049 3089 1375 3143 monasticae
1421 3088 1790 3158 professionis
1822 3088 2007 3143 absol-

312 3179 410 3242 vit,
443 3183 500 3231 et
530 3193 684 3230 sacra
729 3176 1016 3230 ordinatio
1049 3177 1117 3230 de
1149 3179 1436 3232 monacho
1477 3177 1804 3248 episcopum
1848 3177 2004 3244 facit,

312 3266 464 3320 velut
519 3265 806 3334 legitimus
871 3266 1054 3320 hares
1097 3273 1398 3335 paternam
1457 3266 1567 3319 sibi
1614 3266 2006 3320 hareditatem

311 3360 508 3425 postea
531 3355 661 3424 jure
693 3354 1019 3407 vindicandi
1051 3359 1389 3424 potestatem
1441 3354 1665 3408 habeat.
1700 3354 1807 3408 Sed
1839 3353 2006 3424 quid-

311 3443 450 3514 quid
492 3444 855 3513 acquisierat,
907 3443 993 3496 vel
1039 3443 1249 3497 habere
1279 3443 1430 3496 visus
1475 3443 1681 3506 fuerat,
1717 3447 2038 3508 monasteg

309 3532 396 3586 rio
446 3532 754 3601 relinquat,
789 3537 844 3584 et
893 3531 1116 3584 abbatis
1152 3530 1259 3598 sui,
1311 3531 1411 3602 qui
1460 3530 1648 3584 fuerat
1690 3531 2005 3584 secundum

306 3620 570 3689 regulam
614 3619 793 3672 sancti
843 3618 1156 3686 Benedicti,
1203 3619 1456 3672 arbitrio.
1503 3620 1813 3688 Postquam
1849 3618 2004 3672 enim

309 3709 609 3777 episcopus
657 3707 974 3773 ordinatur,
1027 3707 1096 3760 ad
1141 3708 1319 3761 altare
1372 3708 1441 3760 ad
1487 3709 1640 3777 quod
1689 3706 2008 3760 sanctifica-

309 3801 402 3850 tur
452 3801 509 3849 et
558 3795 844 3860 titulatur,
907 3795 1220 3848 secundum
1270 3811 1460 3849 sacros
1521 3811 1789 3861 canones,
1849 3794 2007 3865 quod

308 3885 604 3954 acquirere
634 3884 848 3954 poterit
875 3883 1153 3938 restituat.

308 3992 439 4046 CAP.
488 3990 775 4044 CCXXXII.
815 4018 887 4030 —
922 3993 992 4043 De
1022 3990 1114 4042 illo
1157 3990 1252 4058 qui
1298 3988 1362 4042 de
1391 3989 1577 4056 aliqua
1623 3990 1813 4042 haresi
1851 3990 2004 4053 infa-

379 4066 580 4123 matur,
614 4060 759 4130 quod
788 4063 847 4113 in
891 4076 1044 4114 sacro
1075 4067 1332 4114 conventu
1373 4061 1665 4126 formulam
1695 4063 1858 4114 istius
1880 4075 2008 4129 pro-

375 4135 627 4199 fessionis
652 4135 878 4186 recitare
906 4131 1114 4185 debeat.
1234 4132 1238 4136 ’

379 4239 487 4308 (Ea:
515 4241 673 4306 epist.
725 4238 898 4307 Cyril.
935 4237 1012 4290 ad
1040 4239 1295 4290 Joannem
1325 4237 1600 4303 Antioch.)
1631 4237 1749 4306 Ego
1799 4236 1864 4289 N.
1896 4235 2003 4289 hac

308 4327 590 4396 scriptura
621 4341 794 4396 quam
845 4341 1017 4378 manu
1070 4341 1197 4378 mea
1237 4325 1562 4396 perscripsi,
1609 4324 1886 4393 proﬁteor
1914 4338 2001 4376 se-

304 4432 487 4486 quens
546 4420 808 4468 sanctum
858 4414 1138 4483 judicium
1203 4415 1435 4468 Patrum
1492 4413 1736 4467 Nicana
1798 4411 2002 4482 synodi

305 4509 692 4558 trecentorum
764 4503 962 4556 decem
1031 4509 1088 4556 et
1143 4506 1308 4568 octo,
1371 4503 1457 4555 vel
1523 4499 2003 4555 Chalcedonensis

307 4591 512 4663 synodi
538 4590 859 4644 universale
885 4590 1210 4656 concilium,
1237 4590 1398 4660 cujus
1427 4588 1822 4644 deﬁnitionem
1843 4587 2004 4642 sedes

308 4680 617 4749 apostolica
645 4677 1008 4733 conﬁrmavit
1039 4695 1052 4732 :
1085 4678 1241 4748 quod
1272 4679 1443 4732 etiam
1475 4677 1792 4731 beatissimi
1837 4693 2004 4746 papa

309 4769 512 4822 Leonis
543 4767 786 4836 epistola
818 4766 885 4820 ad
919 4771 1125 4820 sancta
1157 4766 1450 4820 memoria
1490 4764 1821 4819 Flavianum
1853 4765 2004 4819 Con-

306 4855 838 4925 stantinopolitana
911 4854 1070 4908 urbis
1145 4854 1476 4924 episcopum
1548 4857 1809 4906 nostrum
1875 4853 2006 4906 data

306 4944 718 5015 pradicatione
771 4943 1135 4996 lucidissima
1183 4941 1438 4994 veritatis
1489 4941 1767 5010 exposuit.
1816 4941 2002 4995 Confi-

307 5040 432 5087 teor
479 5049 659 5086 unum
707 5032 1092 5100 eumdemque
1141 5031 1449 5083 Dominum
1501 5033 1762 5082 nostrum
1808 5030 2000 5083 Jesum

305 5123 597 5177 Christum
648 5121 1014 5191 unigenitum
1071 5119 1167 5172 Dei
1218 5117 1397 5186 patris
1441 5117 1758 5186 perfectum
1795 5133 1808 5170 :
1840 5133 2002 5170 eum-

304 5213 432 5265 dem
475 5211 534 5265 in
582 5211 791 5264 deitate
840 5209 1174 5278 perfectum,
1227 5205 1494 5258 eumdem
1544 5206 1605 5258 in
1645 5205 2002 5259 humanitate

304 5301 487 5354 Deum
536 5315 687 5361 vere,
737 5303 793 5351 et
834 5297 1129 5350 hominem
1175 5310 1323 5348 vere.
1380 5295 1570 5364 Ipsum
1619 5294 2002 5364 eumdemque

306 5403 370 5440 ex
411 5387 607 5440 anima
648 5383 916 5438 rationali
959 5389 1008 5438 et
1053 5397 1220 5436 carne
1260 5381 1804 5435 consubstantialem
1852 5383 2004 5435 Patri

305 5475 618 5528 secundum
670 5473 962 5540 deitatem,
1014 5470 1560 5524 consubstantialem
1619 5470 1782 5524 nobis
1838 5487 2003 5523 cum-

305 5564 436 5616 dem
502 5561 823 5616 secundum
879 5559 1326 5629 humanitatem,
1381 5558 1441 5613 in
1507 5559 1778 5614 omnibus
1834 5559 1996 5614 simi-

2116 3079 2428 3144 damnavit,
2477 3083 2534 3132 et
2582 3079 2794 3133 iterum
2843 3079 2964 3149 ipse
3012 3096 3143 3134 eum
3190 3081 3592 3135 reconciliavit.
3645 3083 3825 3135 Inno-

2116 3166 2336 3220 centius
2365 3183 2516 3236 papa
2542 3167 2849 3221 Photinum
2879 3167 3173 3222 damnavit
3196 3168 3550 3239 episcopum,
3575 3169 3670 3223 sed
3694 3169 3824 3241 ipse

2113 3260 2315 3324 postea
2361 3271 2493 3309 eum
2546 3255 2608 3308 in
2646 3256 2950 3326 proprium
3002 3256 3256 3310 restituit
3311 3256 3498 3310 locum
3551 3258 3823 3310 Ecclesia

2116 3360 2253 3398 sua.
2289 3343 2566 3397 Misenum
2615 3343 2949 3414 episcopum
2980 3361 3013 3397 a
3045 3344 3224 3398 Felice
3271 3361 3421 3415 papa
3451 3345 3819 3411 damnatum,

2115 3433 2368 3488 Gelasius
2399 3448 2548 3502 papa
2575 3449 2865 3487 successor
2884 3433 3038 3486 illius
3060 3438 3117 3487 et
3145 3435 3606 3500 communicavit,
3636 3440 3693 3487 et
3723 3437 3826 3488 Ec-

2115 3521 2298 3576 clesia
2343 3537 2461 3574 sua
2511 3521 2776 3575 restituit.
2831 3522 3098 3575 Leontius
3141 3522 3279 3576 dum
3323 3528 3471 3576 esset
3517 3523 3828 3593 presbyter

2115 3610 2406 3680 depositus
2458 3609 2586 3674 fuit,
2639 3610 2734 3664 sed
2790 3614 2985 3679 postea
3033 3609 3093 3663 in
3133 3610 3432 3665 Antiochia
3489 3611 3825 3680 patriarcha

2114 3698 2346 3752 exstitit.
2399 3698 2706 3768 Gregorius
2749 3687 2886 3752 vero
2932 3703 3169 3769 quartus
3213 3715 3363 3769 papa
3407 3699 3820 3767 Theodosium,

2114 3803 2287 3857 quem
2336 3786 2622 3856 Eugenius
2669 3786 2792 3856 ejus
2835 3793 3161 3841 antecessor
3205 3788 3550 3858 presbyterii
3591 3788 3822 3842 honore

2112 3875 2454 3946 privaverat,
2533 3880 2741 3929 sancta
2808 3876 3066 3929 Ecclesia
3148 3875 3402 3944 Signina
3465 3875 3823 3930 consecravit

2112 3964 2468 4034 episcopum.
2513 3964 2659 4018 Ybas
2689 3980 2940 4035 namque
2971 3964 3277 4034 episcopus
3303 3963 3647 4034 dijudicatus
3679 3964 3815 4030 fuit,

2113 4052 2213 4105 sed
2242 4057 2434 4105 sancta
2479 4052 2730 4120 synodus
2759 4053 3031 4106 canonice
3072 4068 3234 4105 suam
3279 4053 3364 4105 illi
3413 4052 3662 4105 restituit
3707 4053 3814 4106 Ec—

2112 4141 2364 4194 clesiam.
2417 4140 2742 4194 Rothadum
2794 4157 2928 4194 vero
2961 4141 3290 4212 episcopum
3330 4145 3538 4194 sancta
3577 4140 3815 4194 Suesso-

2111 4229 2328 4283 niensis
2381 4230 2663 4294 Ecclesia,
2696 4247 2728 4283 a
2757 4231 2974 4299 synodo
3022 4231 3113 4283 cui
3158 4230 3393 4285 Carolus
3423 4229 3685 4282 interfuit
3716 4245 3814 4283 rex

2114 4318 2581 4383 condemnatum,
2612 4322 2668 4372 et
2692 4318 3012 4373 Soti‘renum
3046 4319 3441 4374 Placentinum
3469 4318 3812 4388 episcopum

2115 4406 2322 4460 merito
2367 4406 2759 4478 reprobatum,
2808 4407 3071 4460 Nicolaus
3119 4421 3268 4477 papa
3314 4407 3513 4460 ambos
3552 4405 3812 4460 reconci-

2114 4494 2288 4549 liavit.

2482 4585 2557 4638 De
2581 4586 2948 4653 episcoporum
2971 4586 3439 4638 transmutatione.

2185 4671 2327 4736 Quia
2358 4687 2491 4725 vero
2524 4673 2923 4742 episcoporum
2955 4673 3192 4743 plurimi
3231 4688 3299 4726 ex
3332 4673 3460 4726 aliis
3489 4670 3814 4726 civitatibus

2112 4763 2183 4814 ad
2214 4761 2352 4813 alias
2395 4765 2629 4831 propter
2659 4762 3052 4816 necessitatem
3097 4778 3196 4815 seu
3241 4762 3547 4815 utilitatem
3584 4765 3813 4830 tempo-

2113 4865 2240 4902 rum
2294 4855 2426 4902 sunt
2474 4849 2705 4919 migrati
2745 4855 2802 4903 et
2843 4850 3226 4915 transmutati,
3276 4865 3525 4920 quorum
3573 4849 3814 4904 nomina

2113 4939 2236 4991 hac
2266 4943 2398 4990 sunt
2431 4953 2445 4990 :
2478 4938 2783 5008 Peregines
2832 4938 2889 4992 in
2922 4940 3101 4993 Petris
3134 4945 3214 4992 est
3246 4939 3542 4992 ordinatus
3589 4938 3814 5008 episco-

2112 5042 2242 5095 pus,
2303 5026 2401 5080 sed
2452 5027 2728 5096 quoniam
2777 5027 2925 5080 cives
2983 5027 3106 5097 ejus
3159 5027 3403 5081 civitatis
3451 5043 3583 5080 eum
3639 5028 3821 5080 susci-

2113 5130 2249 5183 pere
2305 5115 2633 5179 noluerunt,
2684 5115 2959 5168 Romana
3011 5116 3253 5169 civitatis
3303 5117 3604 5186 episcopus
3642 5115 3819 5185 jussit

2114 5219 2245 5255 eum
2298 5203 2675 5256 inthronizari
2723 5203 2782 5256 in
2837 5204 3110 5258 Corintho
3164 5205 3490 5275 metropoli,
3543 5204 3813 5258 defuncto

2115 5291 2239 5360 ejus
2287 5291 2557 5362 episcopo
2608 5293 2778 5362 eique
2829 5293 3010 5346 donec
3060 5292 3199 5346 vixit
3250 5294 3509 5346 Ecclesia
3557 5293 3810 5362 praefuit.

2116 5379 2424 5434 Dosideum
2470 5381 2744 5435 Seleucia
2815 5382 3172 5451 episcopum,
3228 5381 3557 5435 Alexander
3613 5384 3814 5435 Antio-

2114 5469 2328 5521 clienus
2377 5468 2679 5540 episcopus
2713 5471 2774 5523 in
2821 5470 3101 5524 Tharsum
3145 5469 3356 5524 Cilicia
3386 5471 3810 5525 transmutavit.

2114 5557 2490 5611 Reverentius
2530 5556 2602 5612 ab
2630 5557 2796 5628 Argis
2849 5557 3156 5615 Phanicia
3203 5557 3263 5613 in
3291 5560 3502 5628 Tyrum
3549 5559 3814 5614 transmi-
