3956 6310
82 392 183 443 617

1038 394 1511 450 DECRETORUM
1560 397 1749 453 LIBRI
1787 400 1891 454 XX.
1936 431 2003 439 —
2048 402 2255 456 LIBER
2295 402 2672 459 SECUNDUS.

3502 412 3605 463 IIIS

79 518 278 583 gratus
310 520 416 570 est.
449 517 696 570 Joannes
724 516 793 569 de
818 516 1153 571 Gordolinia
1188 523 1439 573 mutatus
1464 523 1549 573 est
1577 520 1636 573 in
1669 523 1800 575 Pro-
1827 529 1872 581 A
1912 524 2151 594 Apamia
2176 525 2323 579 Asiae
2371 526 2711 579 transfertur
2739 526 2799 580 in
2828 528 3285 598 Eudoxiopolim,
3328 548 3455 602 quae
3498 533 3609 587 du-

80 604 381 668 conixum,
431 610 487 657 et
517 605 569 658 ei
616 605 889 675 praecedit
932 604 1215 659 Ecclesiae.
1270 608 1555 661 Palladius
1585 609 1652 661 ab
1687 611 1797 663 He-

81 690 326 760 linopoli
359 696 614 744 mutatus
653 698 738 745 est
780 692 841 744 in
871 692 1182 760 Asponam.
1214 693 1556 759 Alexander,
1585 697 1654 749 ab
1690 698 1801 751 alia

84 778 431 848 Ilelinopoli,
476 779 535 831 in
582 780 1025 849 Andrinopolim
1058 786 1310 834 mutatus
1345 787 1446 834 est.
1486 784 1800 854 Gregorius

86 866 481 920 Nazianzenus
505 868 663 937 prius
685 868 927 921 civitatis
950 869 1321 938 Cappadociae
1360 871 1470 924 fuit
1498 872 1800 943 episcopus

85 970 213 1024 qua:
246 955 468 1009 Sasima
496 956 723 1024 dicitur,
747 957 950 1010 deinde
973 974 1003 1009 a
1032 957 1198 1011 beato
1230 959 1436 1012 Basilio
1468 966 1523 1013 et
1554 961 1798 1016 aliorum

87 1043 492 1114 episcoporum
548 1061 825 1098 consensu
876 1046 936 1098 in
975 1046 1257 1100 Anzianco
1306 1048 1646 1101 constitutus
1694 1056 1795 1104 est.

87 1131 347 1183 Meletius
390 1132 551 1201 prius
596 1133 866 1186 Sebastiae
913 1133 1176 1187 Ecclesiae
1225 1134 1478 1203 praefuit,
1518 1142 1575 1189 et
1600 1143 1801 1206 postea

86 1220 408 1275 Antiochia:
466 1222 679 1291 praesul
734 1228 819 1276 est
874 1222 1235 1276 constitutus.
1306 1223 1658 1278 Theusebius
1729 1225 1797 1279 ab

1908 612 2045 665 dum
2080 612 2397 666 Salambria
2427 615 2755 668 vocabatur.
2802 617 3168 687 Polycarpus,
3201 618 3271 671 de
3299 619 3437 672 urbe
3477 627 3610 676 ante

1910 699 2165 752 Pristena
2214 700 2422 769 Mysia,
2478 700 2537 753 in
2570 701 2885 770 Nicopolim
2934 703 3143 756 Tracim
3193 710 3449 758 mutatus
3501 713 3605 761 est.

1910 786 2293 855 Hierophilus,
2328 788 2398 841 de
2425 789 2798 857 Trapezopoli
2829 789 3041 855 Frisiae,
3063 791 3500 862 transmigratus
3525 798 3613 847 est

1911 874 1969 927 in
2016 875 2423 945 Platinopolim
2468 878 2740 931 Thraciae.
2800 878 3085 947 Optimus,
3147 880 3215 932 ab
3265 881 3609 949 Agardamia

1914 962 2137 1031 Frigiae,
2201 964 2261 1016 in
2313 964 2672 1018 Antiochiam
2726 966 2952 1019 Pisidiae
3006 968 3446 1038 transmigratus
3502 976 3605 1024 est.

1910 1050 2189 1119 Silvanus,
2248 1068 2282 1105 a
2339 1052 2726 1123 Philippopoli
2782 1054 3056 1121 Thraciae,
3118 1061 3371 1109 mutatus
3417 1061 3501 1110 est
3545 1057 3606 1110 in

1910 1140 2212 1193 'I‘rondam.

1510 1346 1684 1385 FINIS
1730 1347 1906 1385 LIBRI
1957 1346 2170 1384 PRIMI.

921 1579 1213 1652 INDEX
1270 1580 1957 1654 CAPITULORUM
2018 1582 2267 1653 LIBRI
2335 1582 2769 1655 SECUNDI.

89 1750 217 1803 CAP.
257 1750 294 1801 I.
334 1750 411 1802 De
442 1749 903 1805 ordinationibus
947 1752 1415 1822 presbyterorum
1457 1757 1513 1805 et
1538 1752 1795 1823 reliqno-
1827 1756 1866 1808 Β
1905 1754 2081 1809 XXVI.
2137 1754 2214 1807 De
2261 1754 2437 1807 servis
2481 1754 2816 1809 ordinandis
2869 1755 3179 1809 secundum
3225 1756 3606 1811 ecclesiastica

159 1853 294 1890 rum
326 1838 617 1892 ordinum.

90 1927 155 1979 II.
227 1926 365 1989 Quae
439 1928 759 1997 presbyteri
834 1929 1153 1983 necessaria
1231 1930 1447 1984 discere
1533 1936 1588 1983 et
1651 1930 1794 1984 scire

160 2013 427 2067 debeant.

94 2103 180 2155 III.
215 2102 291 2155 De
322 2103 519 2156 eadem
552 2118 632 2156 re.

97 2192 179 2243 IV.
214 2190 378 2253 Quod
408 2190 793 2245 ordinationes
836 2192 961 2245 ﬁeri
1003 2208 1117 2245 non
1147 2192 1393 2247 debeant
1434 2192 1544 2247 nisi
1573 2193 1633 2246 in
1666 2193 1790 2247 loco

167 2283 326 2331 certo
358 2284 415 2332 et
443 2279 733 2349 religioso.

100 2368 158 2421 V.
194 2366 361 2430 Quod
402 2368 692 2421 Abraham
720 2368 940 2437 primus
986 2368 1059 2421 sit
1104 2368 1425 2438 appellatus
1468 2370 1790 2441 presbyter,

168 2461 226 2509 et
255 2472 429 2525 quare
453 2456 773 2526 presbyteri
803 2457 1201 2511 nominentur.

100 2546 185 2597 VI.
249 2544 411 2607 Quod
477 2545 669 2598 nullus
728 2561 793 2598 ex
847 2546 1227 2599 ecclesiastico
1285 2546 1485 2600 ordine
1537 2548 1792 2602 absolute

166 2632 373 2686 debeat
398 2633 671 2687 ordinari.

98 2722 212 2774 VII.
250 2721 403 2784 Quod
450 2723 556 2776 sub
588 2726 819 2792 aspectu
866 2722 1227 2778 audientium
1267 2723 1657 2778 ordinationes
1705 2741 1788 2779 ce-

164 2809 372 2863 lebrari
402 2826 519 2863 non
553 2810 817 2865 debeant.

95 2900 234 2953 VIII.
265 2899 429 2963 Quod
462 2899 645 2954 turbis
676 2899 1013 2954 electionem
1042 2900 1565 2971 promovendorum
1606 2902 1791 2956 facere

94 3004 212 3040 non
244 2988 426 3042 liceat.

1976 1842 2266 1908 mandata,
2298 1842 2571 1912 quoniam
2601 1843 2839 1914 ingenui
2865 1844 2989 1898 ﬁeri
3020 1844 3248 1899 debent.

1902 1930 2107 1985 XXVII.
2146 1932 2222 1984 De
2255 1931 2455 1985 eadem
2491 1948 2573 1986 re.

1902 2018 2134 2072 XXVIII.
2170 2020 2248 2071 De
2282 2019 2480 2073 eadem
2513 2035 2595 2073 re.

1901 2104 2073 2158 XXIX.
2106 2104 2185 2157 De
2217 2104 2416 2158 eadem
2448 2120 2529 2157 re.

1900 2193 2049 2245 XXX.
2082 2192 2384 2262 Exemplar
2413 2192 2692 2246 libertatis
2724 2192 2792 2245 de
2822 2192 3060 2264 proprio
3092 2210 3276 2248 servo.

1898 2281 2068 2334 XXXI.
2107 2282 2184 2334 De
2216 2296 2510 2334 servorum
2543 2281 2921 2335 ordinatione.

1899 2369 2096 2423 XXXII.
2134 2370 2208 2422 De
2239 2370 2604 2423 ecclesiarum
2630 2369 2824 2425 servis.

1900 2458 2128 2512 XXXIII.
2183 2458 2252 2511 Ut
2288 2459 2635 2528 pcenitentes
2684 2463 2739 2511 et
2782 2458 3001 2527 digami
3045 2474 3161 2513 non
3219 2474 3602 2529 promovean-

1972 2550 2086 2599 tur.

1899 2634 2123 2689 XXXIV.
2158 2632 2543 2703 Energumeni
2579 2649 2694 2687 non
2734 2634 2921 2687 solum
2956 2650 3071 2687 non
3100 2636 3430 2689 assumendi
3468 2645 3602 2692 sunt

1973 2722 2039 2776 ad
2073 2723 2309 2789 clerum,
2344 2722 2441 2776 sed
2466 2722 2683 2775 inventi
2713 2722 2782 2776 ab
2816 2723 3003 2777 ofﬁcio
3032 2724 3389 2783 removendi.

1900 2812 2093 2864 XXXV.
2130 2812 2197 2865 Ut
2226 2812 2418 2867 nullus
2452 2828 2513 2865 ex
2538 2811 2948 2881 paenitentibus
2978 2813 3293 2867 ordinetur.

1900 2900 2116 2954 XXXVI.
2172 2901 2251 2954 De
2294 2899 2580 2954 actoribus
2609 2904 2666 2954 et
2711 2900 3199 2970 procuratoribus,
3251 2901 3299 2955 si
3342 2900 3597 2955 ordinari

1974 2988 2238 3043 debeant.

98 3076 182 3129 IX.
218 3075 380 3139 Quod
423 3076 756 3146 episcopum
807 3077 897 3130 vel
948 3076 1345 3146 presbyterum
1398 3080 1528 3130 ante
1557 3076 1795 3147 triginta
1828 3077 1868 3132 C
1908 3076 2153 3130 XXXVII.
2210 3076 2280 3129 Ut
2327 3076 2397 3130 de
2441 3074 2855 3146 paenitentibus
2901 3077 3093 3131 nullus
3150 3077 3483 3131 admittatur
3529 3078 3602 3132 ad

166 3179 350 3217 annos
381 3164 646 3218 ordinare
674 3181 791 3218 non
821 3164 1007 3218 liceat.

97 3254 156 3307 X.
193 3254 273 3306 De
302 3253 647 3323 presbyteris
691 3254 792 3325 qui
833 3257 962 3307 ante
1012 3252 1249 3323 triginta
1297 3268 1480 3307 annos
1529 3252 1799 3308 ordinan-

168 3345 285 3393 tur.

99 3429 194 3484 XI.
254 3428 421 3492 Quod
452 3434 582 3483 ante
636 3429 765 3484 XXV
814 3445 992 3483 annos
1039 3429 1265 3484 diaconi
1313 3447 1428 3485 non
1476 3430 1589 3484 sint
1646 3430 1802 3485 ordi-

172 3518 367 3572 nandL

101 3607 212 3660 XII.
265 3606 426 3671 Quod
471 3606 532 3660 in
578 3606 753 3661 veteri
798 3608 922 3678 lege
969 3607 1340 3677 praecipiatur
1385 3612 1451 3661 ut
1497 3610 1627 3661 ante
1668 3606 1801 3663 XXV

172 3712 353 3749 annos
392 3695 577 3749 levitas
609 3696 669 3749 in
698 3696 1065 3749 tabernaculo
1096 3712 1211 3749 non
1241 3696 1535 3751 servirent.

100 3786 242 3839 XIII.
303 3785 382 3839 De
438 3784 785 3856 presbyteris
832 3785 934 3857 qui
980 3785 1103 3839 sine
1159 3785 1419 3840 examine
1477 3789 1611 3839 sunt
1664 3801 1799 3855 pro-

172 3874 338 3928 vecti.

103 3962 233 4015 XIV.
273 3962 351 4015 De
377 3978 444 4015 eo
475 3960 574 4032 qui
605 3960 715 4016 sibi
760 3962 956 4016 volens
1004 3961 1235 4032 aliquod
1267 3960 1594 4014 membrum
1641 3964 1803 4014 trun-

173 4050 403 4105 caverit.

105 4140 208 4194 XV.
272 4140 352 4193 De
404 4138 624 4193 clericis
668 4138 768 4211 qui
814 4156 848 4193 a
905 4138 1263 4194 medicorum
1301 4138 1579 4192 incisione
1619 4137 1807 4192 claudi

176 4228 525 4283 efﬁciuntur.

106 4317 240 4370 XVI.
278 4316 355 4369 De
393 4316 507 4369 illis
536 4315 637 4386 qui
663 4315 922 4369 invident
948 4315 1191 4369 fratrum
1215 4314 1694 4386 provectionibus.

107 4405 275 4459 XVII.
312 4405 381 4457 Ut
409 4404 765 4458 seditionarii
794 4421 910 4458 non
940 4405 1307 4458 ordinentur.

108 4494 292 4548 XVIII.
318 4493 476 4557 Quod
500 4492 849 4560 illitteratus,
875 4498 930 4548 et
952 4494 1144 4564 aliquo
1162 4492 1423 4548 membro
1444 4492 1804 4558 imminutus,

178 4582 417 4652 provehi
439 4598 559 4636 non
585 4582 805 4636 debeat.

107 4672 234 4725 XIX.
270 4672 349 4725 De
384 4670 517 4724 ﬁliis
543 4670 1012 4725 concubinarum.

109 4761 209 4815 XX.
271 4760 341 4813 Ut
393 4758 754 4814 daemonibus
806 4760 1205 4830 similibusque
1260 4759 1622 4829 passionibus
1679 4758 1813 4813 irre-

178 4848 274 4903 titi
306 4864 465 4902 sacra
494 4852 735 4903 tractare
768 4864 885 4903 non
914 4848 1179 4903 debeant.

108 4939 238 4992 XXI.
285 4938 356 4990 Ut
383 4937 452 4991 de
495 4937 685 4991 servili
714 4937 1062 5003 conditione,
1120 4936 1232 4990 nisi
1282 4936 1441 5007 prius
1489 4953 1522 4990 a
1568 4936 1813 4990 dominis

174 5024 425 5097 propriis
452 5026 777 5081 libertatem
806 5027 1082 5094 habeant,
1117 5026 1263 5081 nulli
1298 5025 1656 5080 ordinentur.

113 5115 268 5169 XXII.
305 5116 381 5170 De
412 5116 615 5169 eadem
646 5132 726 5171 re.

114 5201 297 5258 XXIII.
334 5202 411 5255 De
438 5201 602 5255 bonis
631 5203 865 5257 illorum
892 5201 991 5273 qui
1023 5218 1055 5256 a
1081 5201 1330 5257 dominis
1361 5200 1612 5272 propriis
1640 5199 1814 5255 liber-

182 5295 300 5344 tate
332 5291 650 5347 donantur.

116 5379 287 5433 XXIV.
355 5379 424 5433 Ut
481 5395 697 5448 servus,
763 5379 1053 5435 nesciente
1119 5378 1353 5434 domino
1385 5394 1506 5445 suo,
1566 5376 1819 5431 ordinari

184 5484 303 5521 non
335 5467 559 5522 debeat.

118 5556 264 5611 XXV.
302 5557 380 5610 De
416 5555 501 5610 his
548 5557 647 5627 qui
678 5557 1003 5613 libertatem
1046 5574 1079 5611 a
1109 5556 1358 5613 dominis
1405 5557 1523 5611 suis
1570 5555 1650 5610 ita
1687 5571 1821 5626 per-

189 5645 432 5716 cipiunt,
466 5650 529 5699 ut
555 5647 782 5701 nullum
811 5647 920 5701 sibi
950 5646 1291 5719 obsequium
1319 5650 1625 5701 retentent.

481 5753 760 5820 PATROL.
814 5754 988 5821 CXL.

1979 3166 2217 3218 clerum.

1908 3254 2172 3309 XXXVIII.
2206 3252 2425 3319 Laicus,
2459 3253 2505 3307 si
2535 3254 2783 3308 secundo
2811 3269 3049 3308 uxorem
3080 3253 3325 3323 duxerit,
3364 3253 3603 3308 clericus

1979 3358 2095 3396 non
2121 3342 2240 3396 ﬁat.

1908 3431 2113 3484 XXXIX.
2176 3430 2245 3482 Ut
2299 3428 2491 3481 nullus
2548 3428 2844 3499 episcopus
2902 3429 3133 3483 alterius
3187 3428 3601 3499 parochianum

1978 3518 2222 3572 retinere
2246 3522 2573 3587 prmsumat.

1910 3607 2011 3661 XL.
2038 3607 2112 3661 Ut
2149 3605 2219 3659 ab
2264 3605 2451 3659 alieno
2499 3605 2767 3676 episcopo
2825 3605 3122 3660 ordinatus
3165 3606 3225 3659 in
3281 3606 3434 3660 clero
3483 3622 3598 3660 non

1980 3698 2227 3748 maneat.

1911 3781 2040 3834 XLI.
2076 3781 2154 3835 De
2206 3780 2456 3851 quodam
2489 3780 2755 3851 episcopo
2801 3783 2899 3852 qui
2947 3783 3178 3838 alterius
3206 3783 3460 3855 episcopi
3490 3784 3604 3837 cle-

1981 3870 2186 3935 ricum,
2220 3886 2286 3923 eo
2316 3870 2565 3937 nolente,
2598 3870 2979 3925 ordinaverat.

1912 3958 2067 4013 XLII.
2130 3960 2199 4012 Ut
2255 3974 2425 4012 nemo
2487 3958 2758 4013 clericum
2824 3961 3077 4015 alienum
3132 3962 3424 4031 suscipiat,
3484 3960 3608 4014 sine

1983 4048 2275 4101 voluntate
2302 4047 2557 4117 episcopi
2587 4048 2696 4100 sui.

1914 4136 2100 4190 XLIII.
2164 4137 2229 4189 Ut
2274 4136 2466 4189 nullus
2520 4136 2821 4206 episcopus
2870 4136 3123 4191 alienum
3168 4137 3439 4192 clericum
3487 4139 3610 4192 sine

1986 4223 2190 4278 litteris
2220 4224 2308 4276 sui
2340 4224 2593 4294 episcopi
2621 4225 2909 4293 suscipiat.

1918 4313 2091 4367 XLIV.
2127 4314 2203 4366 De
2237 4312 2579 4383 presbyteris
2609 4317 2665 4365 et
2712 4313 3044 4368 diaconibus
3095 4313 3194 4385 qui
3243 4315 3363 4369 sine
3405 4315 3612 4369 litteris

1990 4401 2241 4472 episcopi
2271 4401 2358 4454 sui
2385 4401 2698 4455 ambulant.

1914 4490 2062 4544 XLV.
2096 4492 2174 4544 De
2205 4489 2405 4543 eadem
2437 4506 2514 4544 re.

1916 4579 2092 4633 XLVI.
2128 4580 2194 4633 Ut
2218 4580 2461 4650 quisque
2492 4580 2791 4634 ordinatur
2820 4580 3040 4635 litteras
3071 4582 3141 4637 ab
3164 4583 3492 4638 ordinatore
3512 4600 3615 4639 suo

1986 4665 2246 4736 accipiat.

1918 4756 2116 4810 XLVII.
2153 4756 2221 4809 Ut
2261 4755 2560 4809 ordinatus
2605 4756 2850 4828 quisque
2886 4757 2947 4812 in
2977 4758 3090 4813 illis
3121 4758 3254 4813 locis
3285 4764 3621 4831 permaneat

1989 4844 2061 4897 ad
2088 4859 2217 4913 quae
2252 4843 2551 4897 ordinatus
2585 4849 2690 4897 est.

1920 4933 2145 4986 XLVIII.
2209 4934 2288 4985 De
2337 4932 2670 5003 presbytero
2727 4933 2827 5002 qui
2887 4935 3184 4991 confessus
3240 4937 3415 4991 fuerit
3465 4938 3621 5008 quod

1992 5027 2125 5075 ante
2166 5020 2589 5075 ordinationem
2621 5022 2961 5091 peccaverit.

1922 5111 2093 5165 XLIX.
2127 5112 2204 5165 De
2237 5111 2436 5166 eadem
2470 5126 2549 5164 re.

1927 5202 1986 5255 L.
2022 5201 2092 5254 Ut
2120 5201 2313 5255 nullus
2356 5200 2653 5271 presbyter
2698 5200 2939 5285 absque.
2966 5202 3408 5258 sacerdotalibus
3447 5203 3627 5258 vesti-

1997 5291 2208 5344 mentis
2237 5290 2469 5343 missam
2500 5289 2765 5343 celebret.

1928 5378 2014 5432 LI.
2050 5379 2117 5433 Ut
2164 5379 2403 5433 clericus
2452 5379 2600 5433 inter
2630 5377 2976 5432 tentationes
3025 5378 3095 5432 ab
3134 5379 3321 5433 ofﬁcio
3367 5396 3485 5435 non
3529 5381 3624 5435 de-

2000 5466 2193 5520 clinet.

1932 5557 2043 5610 LII.
2078 5557 2149 5609 Ut
2177 5557 2363 5611 omnis
2412 5556 2709 5627 presbyter
2739 5558 2798 5610 in
2846 5574 2950 5611 sua
2981 5558 3217 5612 ecclesia
3246 5558 3485 5629 singulis
3518 5558 3632 5613 Do-

2003 5643 2228 5698 minicis
2259 5645 2460 5699 diebus
2488 5661 2699 5715 aquam
2729 5646 3052 5702 bencdicat.

3239 5762 3324 5819 20
