  <div class='ocr_page' id='page_1' title='image "/cluster/home/n/w/nwhite01/storage/ocr_20150623/140/umn.31951002477433x/343.png"; bbox 0 0 3956 6322; ppageno 0'>
   <div class='ocr_carea' id='block_1_1' title="bbox 289 372 392 424">
    <p class='ocr_par' dir='ltr' id='par_1_1' title="bbox 289 372 392 424">
     <span class='ocr_line' id='line_1_1' title="bbox 289 372 392 424; baseline -0.01 0"><span class='ocrx_word' id='word_1_1' title='bbox 289 372 392 424; x_wconf 81' lang='grc'><strong>619</strong></span> 
     </span>
    </p>
   </div>
   <div class='ocr_carea' id='block_1_2' title="bbox 289 481 1323 556">
    <p class='ocr_par' dir='ltr' id='par_1_2' title="bbox 289 481 1323 556">
     <span class='ocr_line' id='line_1_2' title="bbox 289 481 1323 556; baseline -0.011 -11"><span class='ocrx_word' id='word_1_2' title='bbox 289 491 426 547; x_wconf 84' lang='lat' dir='ltr'><strong>LIII.</strong></span> <span class='ocrx_word' id='word_1_3' title='bbox 467 491 608 543; x_wconf 86' lang='lat' dir='ltr'><strong>Item</strong></span> <span class='ocrx_word' id='word_1_4' title='bbox 639 487 708 540; x_wconf 91' lang='lat' dir='ltr'><strong>de</strong></span> <span class='ocrx_word' id='word_1_5' title='bbox 739 501 886 556; x_wconf 89' lang='lat' dir='ltr'><strong>aqua</strong></span> <span class='ocrx_word' id='word_1_6' title='bbox 913 481 1323 538; x_wconf 75' lang='lat' dir='ltr'><strong>benedicendo.</strong></span> 
     </span>
    </p>
   </div>
   <div class='ocr_carea' id='block_1_3' title="bbox 288 565 1985 656">
    <p class='ocr_par' dir='ltr' id='par_1_3' title="bbox 288 565 1985 656">
     <span class='ocr_line' id='line_1_3' title="bbox 288 565 1985 656; baseline -0.009 -24"><span class='ocrx_word' id='word_1_7' title='bbox 288 580 420 634; x_wconf 88' lang='lat' dir='ltr'><strong>LIV.</strong></span> <span class='ocrx_word' id='word_1_8' title='bbox 455 579 525 632; x_wconf 94' lang='lat' dir='ltr'><strong>Ut</strong></span> <span class='ocrx_word' id='word_1_9' title='bbox 567 575 755 656; x_wconf 57' lang='lat' dir='ltr'><strong>missae</strong></span> <span class='ocrx_word' id='word_1_10' title='bbox 803 573 1118 644; x_wconf 84' lang='lat' dir='ltr'><strong>peculiares</strong></span> <span class='ocrx_word' id='word_1_11' title='bbox 1149 571 1211 624; x_wconf 91' lang='lat' dir='ltr'><strong>in</strong></span> <span class='ocrx_word' id='word_1_12' title='bbox 1255 569 1456 624; x_wconf 89' lang='lat' dir='ltr'><strong>diebus</strong></span> <span class='ocrx_word' id='word_1_13' title='bbox 1485 565 1834 621; x_wconf 85' lang='lat' dir='ltr'><strong>solemnibus</strong></span> <span class='ocrx_word' id='word_1_14' title='bbox 1864 578 1985 618; x_wconf 91' lang='lat' dir='ltr'><strong>non</strong></span> 
     </span>
    </p>
   </div>
   <div class='ocr_carea' id='block_1_4' title="bbox 479 669 518 720">
    <p class='ocr_par' dir='ltr' id='par_1_4' title="bbox 479 669 518 720">
     <span class='ocr_line' id='line_1_4' title="bbox 479 669 518 720; baseline 0.051 -2"><span class='ocrx_word' id='word_1_15' title='bbox 479 669 518 720; x_wconf 85' lang='lat' dir='ltr'><strong>t.</strong></span> 
     </span>
    </p>
   </div>
   <div class='ocr_carea' id='block_1_5' title="bbox 289 667 1985 820">
    <p class='ocr_par' dir='ltr' id='par_1_5' title="bbox 289 667 1985 820">
     <span class='ocr_line' id='line_1_5' title="bbox 358 667 518 720; baseline 0 0"><span class='ocrx_word' id='word_1_16' title='bbox 358 667 518 720; x_wconf 84' lang='lat' dir='ltr'><strong>ﬁant.</strong></span> 
     </span>
     <span class='ocr_line' id='line_1_6' title="bbox 289 740 1985 820; baseline -0.01 -11"><span class='ocrx_word' id='word_1_17' title='bbox 289 756 394 810; x_wconf 90' lang='lat' dir='ltr'><strong>LV.</strong></span> <span class='ocrx_word' id='word_1_18' title='bbox 435 755 514 807; x_wconf 90' lang='lat' dir='ltr'><strong>De</strong></span> <span class='ocrx_word' id='word_1_19' title='bbox 543 750 863 806; x_wconf 89' lang='lat' dir='ltr'><strong>ministerio</strong></span> <span class='ocrx_word' id='word_1_20' title='bbox 904 748 1392 820; x_wconf 79' lang='lat' dir='ltr'><strong>presbyterorum,</strong></span> <span class='ocrx_word' id='word_1_21' title='bbox 1423 743 1510 798; x_wconf 98' lang='lat' dir='ltr'><strong>vel</strong></span> <span class='ocrx_word' id='word_1_22' title='bbox 1541 741 1683 814; x_wconf 90' lang='lat' dir='ltr'><strong>quid</strong></span> <span class='ocrx_word' id='word_1_23' title='bbox 1711 740 1793 795; x_wconf 90' lang='lat' dir='ltr'><strong>eis</strong></span> <span class='ocrx_word' id='word_1_24' title='bbox 1825 755 1985 794; x_wconf 91' lang='lat' dir='ltr'><strong>com-</strong></span> 
     </span>
    </p>
   </div>
   <div class='ocr_carea' id='block_1_6' title="bbox 359 835 723 892">
    <p class='ocr_par' dir='ltr' id='par_1_6' title="bbox 359 835 723 892">
     <span class='ocr_line' id='line_1_7' title="bbox 359 835 723 892; baseline -0.014 0"><span class='ocrx_word' id='word_1_25' title='bbox 359 837 601 892; x_wconf 89' lang='lat' dir='ltr'><strong>missum</strong></span> <span class='ocrx_word' id='word_1_26' title='bbox 631 835 723 888; x_wconf 85' lang='lat' dir='ltr'><strong>sit.</strong></span> 
     </span>
    </p>
   </div>
   <div class='ocr_carea' id='block_1_7' title="bbox 290 911 1963 995">
    <p class='ocr_par' dir='ltr' id='par_1_7' title="bbox 290 911 1963 995">
     <span class='ocr_line' id='line_1_8' title="bbox 290 911 1963 995; baseline -0.01 -14"><span class='ocrx_word' id='word_1_27' title='bbox 290 928 422 982; x_wconf 89' lang='lat' dir='ltr'><strong>LVI.</strong></span> <span class='ocrx_word' id='word_1_28' title='bbox 476 927 545 980; x_wconf 89' lang='lat' dir='ltr'><strong>Ut</strong></span> <span class='ocrx_word' id='word_1_29' title='bbox 590 923 802 995; x_wconf 82' lang='lat' dir='ltr'><strong>singuli</strong></span> <span class='ocrx_word' id='word_1_30' title='bbox 851 919 1168 993; x_wconf 80' lang='lat' dir='ltr'><strong>presbyteri</strong></span> <span class='ocrx_word' id='word_1_31' title='bbox 1223 917 1483 988; x_wconf 81' lang='lat' dir='ltr'><strong>singulos</strong></span> <span class='ocrx_word' id='word_1_32' title='bbox 1529 915 1779 969; x_wconf 84' lang='lat' dir='ltr'><strong>habeant</strong></span> <span class='ocrx_word' id='word_1_33' title='bbox 1824 911 1963 966; x_wconf 89' lang='lat' dir='ltr'><strong>cleri</strong></span> 
     </span>
    </p>
   </div>
   <div class='ocr_carea' id='block_1_8' title="bbox 287 1031 1986 1172">
    <p class='ocr_par' dir='ltr' id='par_1_8' title="bbox 287 1031 1986 1172">
     <span class='ocr_line' id='line_1_9' title="bbox 287 1031 1986 1172; baseline -0.009 -15"><span class='ocrx_word' id='word_1_34' title='bbox 287 1031 638 1166; x_wconf 44' lang='lat' dir='ltr'><strong>LVclf&#39;Quod</strong></span> <span class='ocrx_word' id='word_1_35' title='bbox 667 1099 1132 1172; x_wconf 79' lang='lat' dir='ltr'><strong>presbyterorum</strong></span> <span class='ocrx_word' id='word_1_36' title='bbox 1163 1095 1306 1149; x_wconf 83' lang='lat' dir='ltr'><strong>ﬁdes</strong></span> <span class='ocrx_word' id='word_1_37' title='bbox 1337 1093 1590 1165; x_wconf 91' lang='lat' dir='ltr'><strong>primum</strong></span> <span class='ocrx_word' id='word_1_38' title='bbox 1629 1089 1986 1146; x_wconf 89' lang='lat' dir='ltr'><strong>discutienda</strong></span> 
     </span>
    </p>
   </div>
   <div class='ocr_carea' id='block_1_9' title="bbox 367 1208 457 1244">
    <p class='ocr_par' dir='ltr' id='par_1_9' title="bbox 367 1208 457 1244">
     <span class='ocr_line' id='line_1_10' title="bbox 367 1208 457 1244; baseline 0.011 -1"><span class='ocrx_word' id='word_1_39' title='bbox 367 1208 457 1244; x_wconf 76' lang='lat' dir='ltr'><strong>51L</strong></span> 
     </span>
    </p>
   </div>
   <div class='ocr_carea' id='block_1_10' title="bbox 291 1195 932 1333">
    <p class='ocr_par' dir='ltr' id='par_1_10' title="bbox 291 1195 932 1333">
     <span class='ocr_line' id='line_1_11' title="bbox 367 1208 457 1244; baseline 0.011 -1"><span class='ocrx_word' id='word_1_40' title='bbox 367 1208 412 1243; x_wconf 78' lang='grc' dir='ltr'><strong>ει</strong></span> <span class='ocrx_word' id='word_1_41' title='bbox 445 1233 457 1244; x_wconf 92' lang='grc'><strong>.</strong></span> 
     </span>
     <span class='ocr_line' id='line_1_12' title="bbox 291 1195 932 1333; baseline -0.009 0"><span class='ocrx_word' id='word_1_42' title='bbox 291 1195 474 1333; x_wconf 63' lang='lat' dir='ltr'><strong>LVIItI.</strong></span> <span class='ocrx_word' id='word_1_43' title='bbox 511 1279 589 1330; x_wconf 93' lang='lat' dir='ltr'><strong>De</strong></span> <span class='ocrx_word' id='word_1_44' title='bbox 621 1276 818 1330; x_wconf 90' lang='lat' dir='ltr'><strong>eadem</strong></span> <span class='ocrx_word' id='word_1_45' title='bbox 851 1290 932 1328; x_wconf 91' lang='lat' dir='ltr'><strong>re.</strong></span> 
     </span>
    </p>
   </div>
   <div class='ocr_carea' id='block_1_11' title="bbox 289 1353 1986 1434">
    <p class='ocr_par' dir='ltr' id='par_1_11' title="bbox 289 1353 1986 1434">
     <span class='ocr_line' id='line_1_13' title="bbox 289 1353 1986 1434; baseline -0.011 -13"><span class='ocrx_word' id='word_1_46' title='bbox 289 1368 415 1421; x_wconf 88' lang='lat' dir='ltr'><strong>LIX.</strong></span> <span class='ocrx_word' id='word_1_47' title='bbox 449 1366 610 1430; x_wconf 88' lang='lat' dir='ltr'><strong>Quod</strong></span> <span class='ocrx_word' id='word_1_48' title='bbox 659 1361 716 1418; x_wconf 83' lang='lat' dir='ltr'><strong>in</strong></span> <span class='ocrx_word' id='word_1_49' title='bbox 746 1363 949 1434; x_wconf 89' lang='lat' dir='ltr'><strong>primis</strong></span> <span class='ocrx_word' id='word_1_50' title='bbox 997 1359 1433 1430; x_wconf 67' lang='lat' dir='ltr'><strong>praedicandum</strong></span> <span class='ocrx_word' id='word_1_51' title='bbox 1477 1356 1548 1410; x_wconf 86' lang='lat' dir='ltr'><strong>sit</strong></span> <span class='ocrx_word' id='word_1_52' title='bbox 1591 1353 1838 1426; x_wconf 83' lang='lat' dir='ltr'><strong>qualiter</strong></span> <span class='ocrx_word' id='word_1_53' title='bbox 1870 1366 1986 1404; x_wconf 89' lang='lat' dir='ltr'><strong>cre-</strong></span> 
     </span>
    </p>
   </div>
   <div class='ocr_carea' id='block_1_12' title="bbox 359 1453 785 1508">
    <p class='ocr_par' dir='ltr' id='par_1_12' title="bbox 359 1453 785 1508">
     <span class='ocr_line' id='line_1_14' title="bbox 359 1453 785 1508; baseline -0.009 0"><span class='ocrx_word' id='word_1_54' title='bbox 359 1457 494 1508; x_wconf 90' lang='lat' dir='ltr'><strong>dere</strong></span> <span class='ocrx_word' id='word_1_55' title='bbox 523 1453 785 1507; x_wconf 80' lang='lat' dir='ltr'><strong>debeant.</strong></span> 
     </span>
    </p>
   </div>
   <div class='ocr_carea' id='block_1_13' title="bbox 289 1559 846 1615">
    <p class='ocr_par' dir='ltr' id='par_1_13' title="bbox 289 1559 846 1615">
     <span class='ocr_line' id='line_1_15' title="bbox 289 1559 846 1615; baseline -0.014 1"><span class='ocrx_word' id='word_1_56' title='bbox 289 1562 390 1615; x_wconf 98' lang='lat' dir='ltr'><strong>LX.</strong></span> <span class='ocrx_word' id='word_1_57' title='bbox 427 1562 505 1614; x_wconf 91' lang='lat' dir='ltr'><strong>De</strong></span> <span class='ocrx_word' id='word_1_58' title='bbox 537 1559 738 1612; x_wconf 91' lang='lat' dir='ltr'><strong>eadem</strong></span> <span class='ocrx_word' id='word_1_59' title='bbox 765 1572 846 1609; x_wconf 88' lang='lat' dir='ltr'><strong>re.</strong></span> 
     </span>
    </p>
   </div>
   <div class='ocr_carea' id='block_1_14' title="bbox 289 1648 876 1703">
    <p class='ocr_par' dir='ltr' id='par_1_14' title="bbox 289 1648 876 1703">
     <span class='ocr_line' id='line_1_16' title="bbox 289 1648 876 1703; baseline -0.014 0"><span class='ocrx_word' id='word_1_60' title='bbox 289 1650 416 1703; x_wconf 91' lang='lat' dir='ltr'><strong>LXI.</strong></span> <span class='ocrx_word' id='word_1_61' title='bbox 453 1650 530 1702; x_wconf 92' lang='lat' dir='ltr'><strong>De</strong></span> <span class='ocrx_word' id='word_1_62' title='bbox 561 1648 762 1701; x_wconf 89' lang='lat' dir='ltr'><strong>eadem</strong></span> <span class='ocrx_word' id='word_1_63' title='bbox 797 1661 876 1697; x_wconf 89' lang='lat' dir='ltr'><strong>re.</strong></span> 
     </span>
    </p>
   </div>
   <div class='ocr_carea' id='block_1_15' title="bbox 286 1719 2056 1806">
    <p class='ocr_par' dir='ltr' id='par_1_15' title="bbox 286 1719 2056 1806">
     <span class='ocr_line' id='line_1_17' title="bbox 286 1719 2056 1806; baseline -0.01 -16"><span class='ocrx_word' id='word_1_64' title='bbox 286 1738 442 1792; x_wconf 85' lang='lat' dir='ltr'><strong>LXII.</strong></span> <span class='ocrx_word' id='word_1_65' title='bbox 495 1737 566 1790; x_wconf 93' lang='lat' dir='ltr'><strong>Ut</strong></span> <span class='ocrx_word' id='word_1_66' title='bbox 623 1735 809 1788; x_wconf 91' lang='lat' dir='ltr'><strong>omnis</strong></span> <span class='ocrx_word' id='word_1_67' title='bbox 839 1731 1134 1802; x_wconf 74' lang='lat' dir='ltr'><strong>presbyter</strong></span> <span class='ocrx_word' id='word_1_68' title='bbox 1179 1726 1544 1798; x_wconf 88' lang='lat' dir='ltr'><strong>parochianis</strong></span> <span class='ocrx_word' id='word_1_69' title='bbox 1594 1723 1712 1778; x_wconf 88' lang='lat' dir='ltr'><strong>suis</strong></span> <span class='ocrx_word' id='word_1_70' title='bbox 1741 1719 1984 1794; x_wconf 87' lang='lat' dir='ltr'><strong>Symbo-</strong></span> <span class='ocrx_word' id='word_1_71' title='bbox 2016 1754 2056 1806; x_wconf 77' lang='grc' dir='ltr'><strong>Β</strong></span> 
     </span>
    </p>
   </div>
   <div class='ocr_carea' id='block_1_16' title="bbox 360 1816 1614 1878">
    <p class='ocr_par' dir='ltr' id='par_1_16' title="bbox 360 1816 1614 1878">
     <span class='ocr_line' id='line_1_18' title="bbox 360 1816 1614 1878; baseline -0.008 -1"><span class='ocrx_word' id='word_1_72' title='bbox 360 1825 481 1878; x_wconf 88' lang='lat' dir='ltr'><strong>lum</strong></span> <span class='ocrx_word' id='word_1_73' title='bbox 513 1829 571 1876; x_wconf 91' lang='lat' dir='ltr'><strong>et</strong></span> <span class='ocrx_word' id='word_1_74' title='bbox 596 1822 924 1878; x_wconf 84' lang='lat' dir='ltr'><strong>Orationem</strong></span> <span class='ocrx_word' id='word_1_75' title='bbox 959 1817 1316 1872; x_wconf 90' lang='lat' dir='ltr'><strong>Dominicam</strong></span> <span class='ocrx_word' id='word_1_76' title='bbox 1343 1816 1614 1869; x_wconf 89' lang='lat' dir='ltr'><strong>insinuet.</strong></span> 
     </span>
    </p>
   </div>
   <div class='ocr_carea' id='block_1_17' title="bbox 292 1910 926 1968">
    <p class='ocr_par' dir='ltr' id='par_1_17' title="bbox 292 1910 926 1968">
     <span class='ocr_line' id='line_1_19' title="bbox 292 1910 926 1968; baseline -0.013 0"><span class='ocrx_word' id='word_1_77' title='bbox 292 1914 468 1968; x_wconf 80' lang='lat' dir='ltr'><strong>LXIII.</strong></span> <span class='ocrx_word' id='word_1_78' title='bbox 513 1913 589 1965; x_wconf 91' lang='lat' dir='ltr'><strong>De</strong></span> <span class='ocrx_word' id='word_1_79' title='bbox 621 1910 822 1965; x_wconf 87' lang='lat' dir='ltr'><strong>eadem</strong></span> <span class='ocrx_word' id='word_1_80' title='bbox 847 1925 926 1961; x_wconf 91' lang='lat' dir='ltr'><strong>re.</strong></span> 
     </span>
    </p>
   </div>
   <div class='ocr_carea' id='block_1_18' title="bbox 291 1991 1436 2064">
    <p class='ocr_par' dir='ltr' id='par_1_18' title="bbox 291 1991 1436 2064">
     <span class='ocr_line' id='line_1_20' title="bbox 291 1991 1436 2064; baseline -0.01 -8"><span class='ocrx_word' id='word_1_81' title='bbox 291 2002 468 2056; x_wconf 83' lang='lat' dir='ltr'><strong>LXIV.</strong></span> <span class='ocrx_word' id='word_1_82' title='bbox 513 2001 589 2053; x_wconf 92' lang='lat' dir='ltr'><strong>De</strong></span> <span class='ocrx_word' id='word_1_83' title='bbox 615 1997 916 2053; x_wconf 89' lang='lat' dir='ltr'><strong>dilectione</strong></span> <span class='ocrx_word' id='word_1_84' title='bbox 949 1993 1048 2050; x_wconf 86' lang='lat' dir='ltr'><strong>Dei</strong></span> <span class='ocrx_word' id='word_1_85' title='bbox 1080 1997 1137 2048; x_wconf 91' lang='lat' dir='ltr'><strong>et</strong></span> <span class='ocrx_word' id='word_1_86' title='bbox 1167 1991 1436 2064; x_wconf 86' lang='lat' dir='ltr'><strong>proximi.</strong></span> 
     </span>
    </p>
   </div>
   <div class='ocr_carea' id='block_1_19' title="bbox 291 2074 1986 2154">
    <p class='ocr_par' dir='ltr' id='par_1_19' title="bbox 291 2074 1986 2154">
     <span class='ocr_line' id='line_1_21' title="bbox 291 2074 1986 2154; baseline -0.009 -11"><span class='ocrx_word' id='word_1_87' title='bbox 291 2091 434 2144; x_wconf 90' lang='lat' dir='ltr'><strong>LXV.</strong></span> <span class='ocrx_word' id='word_1_88' title='bbox 491 2091 569 2142; x_wconf 91' lang='lat' dir='ltr'><strong>De</strong></span> <span class='ocrx_word' id='word_1_89' title='bbox 615 2085 949 2140; x_wconf 88' lang='lat' dir='ltr'><strong>criminibus</strong></span> <span class='ocrx_word' id='word_1_90' title='bbox 998 2083 1207 2154; x_wconf 88' lang='lat' dir='ltr'><strong>quibus</strong></span> <span class='ocrx_word' id='word_1_91' title='bbox 1265 2079 1530 2134; x_wconf 88' lang='lat' dir='ltr'><strong>homines</strong></span> <span class='ocrx_word' id='word_1_92' title='bbox 1577 2093 1709 2132; x_wconf 90' lang='lat' dir='ltr'><strong>cum</strong></span> <span class='ocrx_word' id='word_1_93' title='bbox 1755 2074 1986 2130; x_wconf 89' lang='lat' dir='ltr'><strong>diabolo</strong></span> 
     </span>
    </p>
   </div>
   <div class='ocr_carea' id='block_1_20' title="bbox 363 2178 733 2246">
    <p class='ocr_par' dir='ltr' id='par_1_20' title="bbox 363 2178 733 2246">
     <span class='ocr_line' id='line_1_22' title="bbox 363 2178 733 2246; baseline -0.011 -15"><span class='ocrx_word' id='word_1_94' title='bbox 363 2178 733 2246; x_wconf 85' lang='lat' dir='ltr'><strong>deputantur.</strong></span> 
     </span>
    </p>
   </div>
   <div class='ocr_carea' id='block_1_21' title="bbox 295 2251 1990 2326">
    <p class='ocr_par' dir='ltr' id='par_1_21' title="bbox 295 2251 1990 2326">
     <span class='ocr_line' id='line_1_23' title="bbox 295 2251 1990 2326; baseline -0.008 -7"><span class='ocrx_word' id='word_1_95' title='bbox 295 2265 464 2319; x_wconf 90' lang='lat' dir='ltr'><strong>LXVI.</strong></span> <span class='ocrx_word' id='word_1_96' title='bbox 511 2265 580 2317; x_wconf 98' lang='lat' dir='ltr'><strong>Ut</strong></span> <span class='ocrx_word' id='word_1_97' title='bbox 626 2263 695 2316; x_wconf 91' lang='lat' dir='ltr'><strong>de</strong></span> <span class='ocrx_word' id='word_1_98' title='bbox 733 2259 1020 2315; x_wconf 90' lang='lat' dir='ltr'><strong>auditorio</strong></span> <span class='ocrx_word' id='word_1_99' title='bbox 1078 2258 1271 2314; x_wconf 90' lang='lat' dir='ltr'><strong>nullus</strong></span> <span class='ocrx_word' id='word_1_100' title='bbox 1325 2255 1655 2326; x_wconf 82' lang='lat' dir='ltr'><strong>egrediatur</strong></span> <span class='ocrx_word' id='word_1_101' title='bbox 1701 2251 1990 2308; x_wconf 87' lang='lat' dir='ltr'><strong>sacerdote</strong></span> 
     </span>
    </p>
   </div>
   <div class='ocr_carea' id='block_1_22' title="bbox 363 2350 896 2406">
    <p class='ocr_par' dir='ltr' id='par_1_22' title="bbox 363 2350 896 2406">
     <span class='ocr_line' id='line_1_24' title="bbox 363 2350 896 2406; baseline -0.011 0"><span class='ocrx_word' id='word_1_102' title='bbox 363 2353 602 2406; x_wconf 85' lang='lat' dir='ltr'><strong>verbum</strong></span> <span class='ocrx_word' id='word_1_103' title='bbox 631 2350 896 2404; x_wconf 86' lang='lat' dir='ltr'><strong>faciente.</strong></span> 
     </span>
    </p>
   </div>
   <div class='ocr_carea' id='block_1_23' title="bbox 295 2439 948 2496">
    <p class='ocr_par' dir='ltr' id='par_1_23' title="bbox 295 2439 948 2496">
     <span class='ocr_line' id='line_1_25' title="bbox 295 2439 948 2496; baseline -0.011 0"><span class='ocrx_word' id='word_1_104' title='bbox 295 2442 490 2496; x_wconf 88' lang='lat' dir='ltr'><strong>LXVII.</strong></span> <span class='ocrx_word' id='word_1_105' title='bbox 529 2441 604 2494; x_wconf 89' lang='lat' dir='ltr'><strong>De</strong></span> <span class='ocrx_word' id='word_1_106' title='bbox 637 2439 836 2492; x_wconf 87' lang='lat' dir='ltr'><strong>eadem</strong></span> <span class='ocrx_word' id='word_1_107' title='bbox 867 2453 948 2490; x_wconf 90' lang='lat' dir='ltr'><strong>re.</strong></span> 
     </span>
    </p>
   </div>
   <div class='ocr_carea' id='block_1_24' title="bbox 293 2525 972 2582">
    <p class='ocr_par' dir='ltr' id='par_1_24' title="bbox 293 2525 972 2582">
     <span class='ocr_line' id='line_1_26' title="bbox 293 2525 972 2582; baseline -0.009 0"><span class='ocrx_word' id='word_1_108' title='bbox 293 2528 513 2582; x_wconf 87' lang='lat' dir='ltr'><strong>LXVIII.</strong></span> <span class='ocrx_word' id='word_1_109' title='bbox 551 2529 627 2580; x_wconf 92' lang='lat' dir='ltr'><strong>De</strong></span> <span class='ocrx_word' id='word_1_110' title='bbox 660 2525 862 2579; x_wconf 88' lang='lat' dir='ltr'><strong>eadem</strong></span> <span class='ocrx_word' id='word_1_111' title='bbox 893 2539 972 2577; x_wconf 91' lang='lat' dir='ltr'><strong>re.</strong></span> 
     </span>
    </p>
   </div>
   <div class='ocr_carea' id='block_1_25' title="bbox 177 2608 1486 2694">
    <p class='ocr_par' dir='ltr' id='par_1_25' title="bbox 177 2608 1486 2694">
     <span class='ocr_line' id='line_1_27' title="bbox 177 2608 1486 2694; baseline -0.005 -23"><span class='ocrx_word' id='word_1_112' title='bbox 177 2691 180 2694; x_wconf 16' lang='grc' dir='ltr'><strong>Δ</strong></span> <span class='ocrx_word' id='word_1_113' title='bbox 294 2618 466 2672; x_wconf 88' lang='lat' dir='ltr'><strong>LXIX.</strong></span> <span class='ocrx_word' id='word_1_114' title='bbox 501 2617 578 2670; x_wconf 91' lang='lat' dir='ltr'><strong>De</strong></span> <span class='ocrx_word' id='word_1_115' title='bbox 601 2613 868 2686; x_wconf 90' lang='lat' dir='ltr'><strong>precibus</strong></span> <span class='ocrx_word' id='word_1_116' title='bbox 895 2615 1030 2682; x_wconf 88' lang='lat' dir='ltr'><strong>post</strong></span> <span class='ocrx_word' id='word_1_117' title='bbox 1055 2608 1486 2664; x_wconf 88' lang='lat' dir='ltr'><strong>allocutionem.</strong></span> 
     </span>
    </p>
   </div>
   <div class='ocr_carea' id='block_1_26' title="bbox 297 2711 1992 2788">
    <p class='ocr_par' dir='ltr' id='par_1_26' title="bbox 297 2711 1992 2788">
     <span class='ocr_line' id='line_1_28' title="bbox 297 2711 1992 2788; baseline -0.008 -11"><span class='ocrx_word' id='word_1_118' title='bbox 297 2725 439 2778; x_wconf 87' lang='lat' dir='ltr'><strong>LXX.</strong></span> <span class='ocrx_word' id='word_1_119' title='bbox 475 2725 564 2777; x_wconf 90' lang='lat' dir='ltr'><strong>Ut.</strong></span> <span class='ocrx_word' id='word_1_120' title='bbox 603 2721 789 2775; x_wconf 91' lang='lat' dir='ltr'><strong>omnis</strong></span> <span class='ocrx_word' id='word_1_121' title='bbox 845 2718 1143 2788; x_wconf 88' lang='lat' dir='ltr'><strong>presbyter</strong></span> <span class='ocrx_word' id='word_1_122' title='bbox 1171 2716 1232 2769; x_wconf 90' lang='lat' dir='ltr'><strong>in</strong></span> <span class='ocrx_word' id='word_1_123' title='bbox 1280 2714 1480 2770; x_wconf 89' lang='lat' dir='ltr'><strong>diebus</strong></span> <span class='ocrx_word' id='word_1_124' title='bbox 1514 2713 1674 2768; x_wconf 88' lang='lat' dir='ltr'><strong>festis</strong></span> <span class='ocrx_word' id='word_1_125' title='bbox 1713 2711 1992 2783; x_wconf 87' lang='lat' dir='ltr'><strong>populum</strong></span> 
     </span>
    </p>
   </div>
   <div class='ocr_carea' id='block_1_27' title="bbox 367 2801 1908 2878">
    <p class='ocr_par' dir='ltr' id='par_1_27' title="bbox 367 2801 1908 2878">
     <span class='ocr_line' id='line_1_29' title="bbox 367 2801 1908 2878; baseline -0.007 -13"><span class='ocrx_word' id='word_1_126' title='bbox 367 2811 675 2865; x_wconf 90' lang='lat' dir='ltr'><strong>admoneat</strong></span> <span class='ocrx_word' id='word_1_127' title='bbox 713 2824 856 2878; x_wconf 89' lang='lat' dir='ltr'><strong>quas</strong></span> <span class='ocrx_word' id='word_1_128' title='bbox 881 2823 1078 2876; x_wconf 88' lang='lat' dir='ltr'><strong>preces</strong></span> <span class='ocrx_word' id='word_1_129' title='bbox 1105 2806 1174 2859; x_wconf 90' lang='lat' dir='ltr'><strong>ad</strong></span> <span class='ocrx_word' id='word_1_130' title='bbox 1205 2805 1387 2858; x_wconf 90' lang='lat' dir='ltr'><strong>Deum</strong></span> <span class='ocrx_word' id='word_1_131' title='bbox 1417 2803 1658 2857; x_wconf 89' lang='lat' dir='ltr'><strong>fundere</strong></span> <span class='ocrx_word' id='word_1_132' title='bbox 1685 2801 1908 2855; x_wconf 88' lang='lat' dir='ltr'><strong>debeat.</strong></span> 
     </span>
    </p>
   </div>
   <div class='ocr_carea' id='block_1_28' title="bbox 299 2889 1993 2968">
    <p class='ocr_par' dir='ltr' id='par_1_28' title="bbox 299 2889 1993 2968">
     <span class='ocr_line' id='line_1_30' title="bbox 299 2889 1993 2968; baseline -0.007 -14"><span class='ocrx_word' id='word_1_133' title='bbox 299 2901 467 2955; x_wconf 86' lang='lat' dir='ltr'><strong>LXXI.</strong></span> <span class='ocrx_word' id='word_1_134' title='bbox 519 2899 587 2952; x_wconf 93' lang='lat' dir='ltr'><strong>Ut</strong></span> <span class='ocrx_word' id='word_1_135' title='bbox 615 2895 934 2968; x_wconf 86' lang='lat' dir='ltr'><strong>presbyteri</strong></span> <span class='ocrx_word' id='word_1_136' title='bbox 988 2894 1184 2965; x_wconf 91' lang='lat' dir='ltr'><strong>plebes</strong></span> <span class='ocrx_word' id='word_1_137' title='bbox 1236 2893 1584 2947; x_wconf 86' lang='lat' dir='ltr'><strong>admoneant</strong></span> <span class='ocrx_word' id='word_1_138' title='bbox 1619 2895 1686 2945; x_wconf 88' lang='lat' dir='ltr'><strong>ut</strong></span> <span class='ocrx_word' id='word_1_139' title='bbox 1713 2889 1993 2944; x_wconf 90' lang='lat' dir='ltr'><strong>bubulcos</strong></span> 
     </span>
    </p>
   </div>
   <div class='ocr_carea' id='block_1_29' title="bbox 369 2979 1996 3057">
    <p class='ocr_par' dir='ltr' id='par_1_29' title="bbox 369 2979 1996 3057">
     <span class='ocr_line' id='line_1_31' title="bbox 369 2979 1996 3057; baseline -0.006 -16"><span class='ocrx_word' id='word_1_140' title='bbox 369 2993 424 3042; x_wconf 90' lang='lat' dir='ltr'><strong>et</strong></span> <span class='ocrx_word' id='word_1_141' title='bbox 451 2985 738 3057; x_wconf 85' lang='lat' dir='ltr'><strong>porcarios</strong></span> <span class='ocrx_word' id='word_1_142' title='bbox 775 2984 836 3037; x_wconf 91' lang='lat' dir='ltr'><strong>in</strong></span> <span class='ocrx_word' id='word_1_143' title='bbox 865 2982 1277 3054; x_wconf 88' lang='lat' dir='ltr'><strong>principalibus</strong></span> <span class='ocrx_word' id='word_1_144' title='bbox 1329 2980 1489 3034; x_wconf 89' lang='lat' dir='ltr'><strong>festis</strong></span> <span class='ocrx_word' id='word_1_145' title='bbox 1537 2979 1611 3034; x_wconf 91' lang='lat' dir='ltr'><strong>ad</strong></span> <span class='ocrx_word' id='word_1_146' title='bbox 1641 2979 1874 3032; x_wconf 86' lang='lat' dir='ltr'><strong>missam</strong></span> <span class='ocrx_word' id='word_1_147' title='bbox 1905 2994 1996 3032; x_wconf 86' lang='lat' dir='ltr'><strong>ve-</strong></span> 
     </span>
    </p>
   </div>
   <div class='ocr_carea' id='block_1_30' title="bbox 371 3073 883 3145">
    <p class='ocr_par' dir='ltr' id='par_1_30' title="bbox 371 3073 883 3145">
     <span class='ocr_line' id='line_1_32' title="bbox 371 3073 883 3145; baseline -0.01 -15"><span class='ocrx_word' id='word_1_148' title='bbox 371 3076 496 3130; x_wconf 92' lang='lat' dir='ltr'><strong>nire</strong></span> <span class='ocrx_word' id='word_1_149' title='bbox 525 3073 883 3145; x_wconf 84' lang='lat' dir='ltr'><strong>permittant.</strong></span> 
     </span>
    </p>
   </div>
   <div class='ocr_carea' id='block_1_31' title="bbox 299 3145 1546 3229">
    <p class='ocr_par' dir='ltr' id='par_1_31' title="bbox 299 3145 1546 3229">
     <span class='ocr_line' id='line_1_33' title="bbox 299 3145 1546 3229; baseline -0.008 -9"><span class='ocrx_word' id='word_1_150' title='bbox 299 3166 494 3220; x_wconf 89' lang='lat' dir='ltr'><strong>LXXII.</strong></span> <span class='ocrx_word' id='word_1_151' title='bbox 531 3165 606 3217; x_wconf 90' lang='lat' dir='ltr'><strong>De</strong></span> <span class='ocrx_word' id='word_1_152' title='bbox 638 3161 1030 3215; x_wconf 75' lang='lat' dir='ltr'><strong>admonitione</strong></span> <span class='ocrx_word' id='word_1_153' title='bbox 1059 3145 1546 3229; x_wconf 80' lang='lat' dir='ltr'><strong>presbyterorum.</strong></span> 
     </span>
    </p>
   </div>
   <div class='ocr_carea' id='block_1_32' title="bbox 301 3245 1722 3319">
    <p class='ocr_par' dir='ltr' id='par_1_32' title="bbox 301 3245 1722 3319">
     <span class='ocr_line' id='line_1_34' title="bbox 301 3245 1722 3319; baseline -0.007 -11"><span class='ocrx_word' id='word_1_154' title='bbox 301 3253 518 3308; x_wconf 87' lang='lat' dir='ltr'><strong>LXXIII.</strong></span> <span class='ocrx_word' id='word_1_155' title='bbox 549 3251 848 3315; x_wconf 87' lang='lat' dir='ltr'><strong>Quomodo</strong></span> <span class='ocrx_word' id='word_1_156' title='bbox 877 3248 1274 3319; x_wconf 87' lang='lat' dir='ltr'><strong>unusquisque</strong></span> <span class='ocrx_word' id='word_1_157' title='bbox 1308 3261 1472 3300; x_wconf 87' lang='lat' dir='ltr'><strong>orare</strong></span> <span class='ocrx_word' id='word_1_158' title='bbox 1501 3245 1722 3300; x_wconf 88' lang='lat' dir='ltr'><strong>debeat.</strong></span> 
     </span>
    </p>
   </div>
   <div class='ocr_carea' id='block_1_33' title="bbox 303 3332 1996 3408">
    <p class='ocr_par' dir='ltr' id='par_1_33' title="bbox 303 3332 1996 3408">
     <span class='ocr_line' id='line_1_35' title="bbox 303 3332 1996 3408; baseline -0.006 -12"><span class='ocrx_word' id='word_1_159' title='bbox 303 3343 515 3396; x_wconf 82' lang='lat' dir='ltr'><strong>LXXIV.</strong></span> <span class='ocrx_word' id='word_1_160' title='bbox 575 3341 652 3393; x_wconf 92' lang='lat' dir='ltr'><strong>De</strong></span> <span class='ocrx_word' id='word_1_161' title='bbox 691 3339 840 3403; x_wconf 83' lang='lat' dir='ltr'><strong>ﬁliis,</strong></span> <span class='ocrx_word' id='word_1_162' title='bbox 879 3337 1170 3408; x_wconf 88' lang='lat' dir='ltr'><strong>quomodo</strong></span> <span class='ocrx_word' id='word_1_163' title='bbox 1225 3335 1559 3408; x_wconf 87' lang='lat' dir='ltr'><strong>parentibus</strong></span> <span class='ocrx_word' id='word_1_164' title='bbox 1616 3332 1846 3388; x_wconf 87' lang='lat' dir='ltr'><strong>obedire</strong></span> <span class='ocrx_word' id='word_1_165' title='bbox 1903 3333 1996 3386; x_wconf 85' lang='lat' dir='ltr'><strong>de-</strong></span> 
     </span>
    </p>
   </div>
   <div class='ocr_carea' id='block_1_34' title="bbox 370 3431 562 3484">
    <p class='ocr_par' dir='ltr' id='par_1_34' title="bbox 370 3431 562 3484">
     <span class='ocr_line' id='line_1_36' title="bbox 370 3431 562 3484; baseline -0.01 0"><span class='ocrx_word' id='word_1_166' title='bbox 370 3431 562 3484; x_wconf 88' lang='lat' dir='ltr'><strong>beant.</strong></span> 
     </span>
    </p>
   </div>
   <div class='ocr_carea' id='block_1_35' title="bbox 303 3524 1996 3603">
    <p class='ocr_par' dir='ltr' id='par_1_35' title="bbox 303 3524 1996 3603">
     <span class='ocr_line' id='line_1_37' title="bbox 303 3524 1996 3603; baseline -0.008 -12"><span class='ocrx_word' id='word_1_167' title='bbox 303 3537 491 3591; x_wconf 87' lang='lat' dir='ltr'><strong>LXXV.</strong></span> <span class='ocrx_word' id='word_1_168' title='bbox 553 3535 631 3588; x_wconf 90' lang='lat' dir='ltr'><strong>De</strong></span> <span class='ocrx_word' id='word_1_169' title='bbox 660 3533 774 3586; x_wconf 88' lang='lat' dir='ltr'><strong>illis</strong></span> <span class='ocrx_word' id='word_1_170' title='bbox 821 3532 922 3603; x_wconf 91' lang='lat' dir='ltr'><strong>qui</strong></span> <span class='ocrx_word' id='word_1_171' title='bbox 967 3530 1312 3601; x_wconf 89' lang='lat' dir='ltr'><strong>principales</strong></span> <span class='ocrx_word' id='word_1_172' title='bbox 1349 3526 1679 3583; x_wconf 85' lang='lat' dir='ltr'><strong>festivitates</strong></span> <span class='ocrx_word' id='word_1_173' title='bbox 1733 3526 1793 3579; x_wconf 90' lang='lat' dir='ltr'><strong>in</strong></span> <span class='ocrx_word' id='word_1_174' title='bbox 1847 3524 1996 3578; x_wconf 87' lang='lat' dir='ltr'><strong>villis</strong></span> 
     </span>
    </p>
   </div>
   <div class='ocr_carea' id='block_1_36' title="bbox 374 3623 684 3677">
    <p class='ocr_par' dir='ltr' id='par_1_36' title="bbox 374 3623 684 3677">
     <span class='ocr_line' id='line_1_38' title="bbox 374 3623 684 3677; baseline -0.013 0"><span class='ocrx_word' id='word_1_175' title='bbox 374 3623 684 3677; x_wconf 90' lang='lat' dir='ltr'><strong>celebrant.</strong></span> 
     </span>
    </p>
   </div>
   <div class='ocr_carea' id='block_1_37' title="bbox 305 3708 968 3767">
    <p class='ocr_par' dir='ltr' id='par_1_37' title="bbox 305 3708 968 3767">
     <span class='ocr_line' id='line_1_39' title="bbox 305 3708 968 3767; baseline -0.012 0"><span class='ocrx_word' id='word_1_176' title='bbox 305 3713 518 3767; x_wconf 87' lang='lat' dir='ltr'><strong>LXXVI.</strong></span> <span class='ocrx_word' id='word_1_177' title='bbox 547 3711 624 3764; x_wconf 90' lang='lat' dir='ltr'><strong>De</strong></span> <span class='ocrx_word' id='word_1_178' title='bbox 657 3708 858 3762; x_wconf 90' lang='lat' dir='ltr'><strong>eadem</strong></span> <span class='ocrx_word' id='word_1_179' title='bbox 891 3723 968 3760; x_wconf 91' lang='lat' dir='ltr'><strong>re.</strong></span> 
     </span>
    </p>
   </div>
   <div class='ocr_carea' id='block_1_38' title="bbox 302 3791 1998 3867">
    <p class='ocr_par' dir='ltr' id='par_1_38' title="bbox 302 3791 1998 3867">
     <span class='ocr_line' id='line_1_40' title="bbox 302 3791 1998 3867; baseline -0.006 -12"><span class='ocrx_word' id='word_1_180' title='bbox 302 3799 541 3855; x_wconf 87' lang='lat' dir='ltr'><strong>LXXVII.</strong></span> <span class='ocrx_word' id='word_1_181' title='bbox 592 3799 662 3851; x_wconf 95' lang='lat' dir='ltr'><strong>Ut</strong></span> <span class='ocrx_word' id='word_1_182' title='bbox 689 3795 1005 3867; x_wconf 90' lang='lat' dir='ltr'><strong>presbyteri</strong></span> <span class='ocrx_word' id='word_1_183' title='bbox 1045 3794 1309 3864; x_wconf 90' lang='lat' dir='ltr'><strong>plebibus</strong></span> <span class='ocrx_word' id='word_1_184' title='bbox 1359 3793 1701 3847; x_wconf 87' lang='lat' dir='ltr'><strong>annuntient</strong></span> <span class='ocrx_word' id='word_1_185' title='bbox 1729 3792 1828 3863; x_wconf 87' lang='lat' dir='ltr'><strong>qui</strong></span> <span class='ocrx_word' id='word_1_186' title='bbox 1877 3791 1998 3846; x_wconf 91' lang='lat' dir='ltr'><strong>dies</strong></span> 
     </span>
    </p>
   </div>
   <div class='ocr_carea' id='block_1_39' title="bbox 375 3884 1142 3954">
    <p class='ocr_par' dir='ltr' id='par_1_39' title="bbox 375 3884 1142 3954">
     <span class='ocr_line' id='line_1_41' title="bbox 375 3884 1142 3954; baseline -0.007 -14"><span class='ocrx_word' id='word_1_187' title='bbox 375 3887 490 3940; x_wconf 90' lang='lat' dir='ltr'><strong>sint</strong></span> <span class='ocrx_word' id='word_1_188' title='bbox 517 3884 759 3939; x_wconf 82' lang='lat' dir='ltr'><strong>feriendi</strong></span> <span class='ocrx_word' id='word_1_189' title='bbox 785 3899 883 3954; x_wconf 88' lang='lat' dir='ltr'><strong>per</strong></span> <span class='ocrx_word' id='word_1_190' title='bbox 908 3897 1142 3936; x_wconf 88' lang='lat' dir='ltr'><strong>annum.</strong></span> 
     </span>
    </p>
   </div>
   <div class='ocr_carea' id='block_1_40' title="bbox 305 3965 1993 4039">
    <p class='ocr_par' dir='ltr' id='par_1_40' title="bbox 305 3965 1993 4039">
     <span class='ocr_line' id='line_1_42' title="bbox 305 3965 1993 4039; baseline -0.007 -10"><span class='ocrx_word' id='word_1_191' title='bbox 305 3973 569 4030; x_wconf 88' lang='lat' dir='ltr'><strong>LXXVIII.</strong></span> <span class='ocrx_word' id='word_1_192' title='bbox 621 3972 689 4025; x_wconf 88' lang='lat' dir='ltr'><strong>Ut</strong></span> <span class='ocrx_word' id='word_1_193' title='bbox 727 3969 1042 4039; x_wconf 85' lang='lat' dir='ltr'><strong>presbyteri</strong></span> <span class='ocrx_word' id='word_1_194' title='bbox 1071 3984 1200 4022; x_wconf 90' lang='lat' dir='ltr'><strong>cum</strong></span> <span class='ocrx_word' id='word_1_195' title='bbox 1248 3967 1581 4021; x_wconf 80' lang='lat' dir='ltr'><strong>festivitates</strong></span> <span class='ocrx_word' id='word_1_196' title='bbox 1631 3965 1993 4032; x_wconf 88' lang='lat' dir='ltr'><strong>annuntient,</strong></span> 
     </span>
    </p>
   </div>
   <div class='ocr_carea' id='block_1_41' title="bbox 372 4057 1285 4132">
    <p class='ocr_par' dir='ltr' id='par_1_41' title="bbox 372 4057 1285 4132">
     <span class='ocr_line' id='line_1_43' title="bbox 372 4057 1285 4132; baseline -0.005 -17"><span class='ocrx_word' id='word_1_197' title='bbox 372 4061 700 4132; x_wconf 78' lang='lat' dir='ltr'><strong>vigiliarum</strong></span> <span class='ocrx_word' id='word_1_198' title='bbox 727 4075 840 4112; x_wconf 87' lang='lat' dir='ltr'><strong>non</strong></span> <span class='ocrx_word' id='word_1_199' title='bbox 862 4057 1285 4112; x_wconf 78' lang='lat' dir='ltr'><strong>obliviscantur.</strong></span> 
     </span>
    </p>
   </div>
   <div class='ocr_carea' id='block_1_42' title="bbox 305 4139 1995 4208">
    <p class='ocr_par' dir='ltr' id='par_1_42' title="bbox 305 4139 1995 4208">
     <span class='ocr_line' id='line_1_44' title="bbox 305 4139 1995 4208; baseline -0.008 -2"><span class='ocrx_word' id='word_1_200' title='bbox 305 4153 510 4206; x_wconf 86' lang='lat' dir='ltr'><strong>LXXIX.</strong></span> <span class='ocrx_word' id='word_1_201' title='bbox 547 4152 616 4204; x_wconf 94' lang='lat' dir='ltr'><strong>Ut</strong></span> <span class='ocrx_word' id='word_1_202' title='bbox 663 4149 730 4201; x_wconf 87' lang='lat' dir='ltr'><strong>ad</strong></span> <span class='ocrx_word' id='word_1_203' title='bbox 781 4145 1148 4200; x_wconf 88' lang='lat' dir='ltr'><strong>salutationes</strong></span> <span class='ocrx_word' id='word_1_204' title='bbox 1186 4143 1580 4208; x_wconf 89' lang='lat' dir='ltr'><strong>sacerdotales,</strong></span> <span class='ocrx_word' id='word_1_205' title='bbox 1633 4140 1704 4194; x_wconf 90' lang='lat' dir='ltr'><strong>ad</strong></span> <span class='ocrx_word' id='word_1_206' title='bbox 1741 4139 1995 4206; x_wconf 90' lang='lat' dir='ltr'><strong>missam,</strong></span> 
     </span>
    </p>
   </div>
   <div class='ocr_carea' id='block_1_43' title="bbox 373 4233 1236 4303">
    <p class='ocr_par' dir='ltr' id='par_1_43' title="bbox 373 4233 1236 4303">
     <span class='ocr_line' id='line_1_45' title="bbox 373 4233 1236 4303; baseline -0.008 -10"><span class='ocrx_word' id='word_1_207' title='bbox 373 4255 572 4293; x_wconf 91' lang='lat' dir='ltr'><strong>omnes</strong></span> <span class='ocrx_word' id='word_1_208' title='bbox 603 4238 803 4291; x_wconf 86' lang='lat' dir='ltr'><strong>devote</strong></span> <span class='ocrx_word' id='word_1_209' title='bbox 827 4233 1236 4303; x_wconf 88' lang='lat' dir='ltr'><strong>respondeant.</strong></span> 
     </span>
    </p>
   </div>
   <div class='ocr_carea' id='block_1_44' title="bbox 1349 343 2700 412">
    <p class='ocr_par' dir='ltr' id='par_1_44' title="bbox 1349 343 2700 412">
     <span class='ocr_line' id='line_1_46' title="bbox 1349 343 2700 412; baseline -0.01 0"><span class='ocrx_word' id='word_1_210' title='bbox 1349 353 1752 412; x_wconf 80' lang='lat' dir='ltr'><strong>BURCHARDI</strong></span> <span class='ocrx_word' id='word_1_211' title='bbox 1790 347 2321 408; x_wconf 78' lang='lat' dir='ltr'><strong>WORMACIENSIS</strong></span> <span class='ocrx_word' id='word_1_212' title='bbox 2359 343 2700 403; x_wconf 88' lang='lat' dir='ltr'><strong>EPISCOPI.</strong></span> 
     </span>
    </p>
   </div>
   <div class='ocr_carea' id='block_1_45' title="bbox 2007 462 3796 542">
    <p class='ocr_par' dir='ltr' id='par_1_45' title="bbox 2007 462 3796 542">
     <span class='ocr_line' id='line_1_47' title="bbox 2007 462 3796 542; baseline -0.009 -13"><span class='ocrx_word' id='word_1_213' title='bbox 2007 477 2052 529; x_wconf 84' lang='lat' dir='ltr'><strong>A</strong></span> <span class='ocrx_word' id='word_1_214' title='bbox 2091 472 2192 526; x_wconf 90' lang='lat' dir='ltr'><strong>XC.</strong></span> <span class='ocrx_word' id='word_1_215' title='bbox 2231 473 2302 526; x_wconf 89' lang='lat' dir='ltr'><strong>Ut</strong></span> <span class='ocrx_word' id='word_1_216' title='bbox 2330 467 2648 542; x_wconf 88' lang='lat' dir='ltr'><strong>presbyteri</strong></span> <span class='ocrx_word' id='word_1_217' title='bbox 2687 465 3146 520; x_wconf 90' lang='lat' dir='ltr'><strong>benedictionem</strong></span> <span class='ocrx_word' id='word_1_218' title='bbox 3189 462 3570 535; x_wconf 90' lang='lat' dir='ltr'><strong>episcopalem</strong></span> <span class='ocrx_word' id='word_1_219' title='bbox 3617 475 3796 531; x_wconf 89' lang='lat' dir='ltr'><strong>super</strong></span> 
     </span>
    </p>
   </div>
   <div class='ocr_carea' id='block_1_46' title="bbox 3685 339 3794 392">
    <p class='ocr_par' dir='ltr' id='par_1_46' title="bbox 3685 339 3794 392">
     <span class='ocr_line' id='line_1_48' title="bbox 3685 339 3794 392; baseline -0.018 0"><span class='ocrx_word' id='word_1_220' title='bbox 3685 339 3794 392; x_wconf 75' lang='lat'><strong>620</strong></span> 
     </span>
    </p>
   </div>
   <div class='ocr_carea' id='block_1_47' title="bbox 2161 555 3054 631">
    <p class='ocr_par' dir='ltr' id='par_1_47' title="bbox 2161 555 3054 631">
     <span class='ocr_line' id='line_1_49' title="bbox 2161 555 3054 631; baseline -0.009 -16"><span class='ocrx_word' id='word_1_221' title='bbox 2161 561 2392 631; x_wconf 91' lang='lat' dir='ltr'><strong>plebem</strong></span> <span class='ocrx_word' id='word_1_222' title='bbox 2419 559 2601 612; x_wconf 87' lang='lat' dir='ltr'><strong>facere</strong></span> <span class='ocrx_word' id='word_1_223' title='bbox 2632 572 2749 610; x_wconf 89' lang='lat' dir='ltr'><strong>non</strong></span> <span class='ocrx_word' id='word_1_224' title='bbox 2779 555 3054 609; x_wconf 90' lang='lat' dir='ltr'><strong>debeant.</strong></span> 
     </span>
    </p>
   </div>
   <div class='ocr_carea' id='block_1_48' title="bbox 2091 639 3795 714">
    <p class='ocr_par' dir='ltr' id='par_1_48' title="bbox 2091 639 3795 714">
     <span class='ocr_line' id='line_1_50' title="bbox 2091 639 3795 714; baseline -0.007 -10"><span class='ocrx_word' id='word_1_225' title='bbox 2091 649 2218 704; x_wconf 91' lang='lat' dir='ltr'><strong>XCI.</strong></span> <span class='ocrx_word' id='word_1_226' title='bbox 2265 649 2333 702; x_wconf 91' lang='lat' dir='ltr'><strong>Ut</strong></span> <span class='ocrx_word' id='word_1_227' title='bbox 2368 648 2558 701; x_wconf 92' lang='lat' dir='ltr'><strong>nullus</strong></span> <span class='ocrx_word' id='word_1_228' title='bbox 2591 643 2886 714; x_wconf 84' lang='lat' dir='ltr'><strong>presbyter</strong></span> <span class='ocrx_word' id='word_1_229' title='bbox 2916 639 3148 696; x_wconf 79' lang='lat' dir='ltr'><strong>alterius</strong></span> <span class='ocrx_word' id='word_1_230' title='bbox 3179 639 3562 711; x_wconf 89' lang='lat' dir='ltr'><strong>plebesanum</strong></span> <span class='ocrx_word' id='word_1_231' title='bbox 3587 653 3660 694; x_wconf 89' lang='lat' dir='ltr'><strong>eo</strong></span> <span class='ocrx_word' id='word_1_232' title='bbox 3691 653 3795 692; x_wconf 87' lang='lat' dir='ltr'><strong>no-</strong></span> 
     </span>
    </p>
   </div>
   <div class='ocr_carea' id='block_1_49' title="bbox 2165 733 2612 804">
    <p class='ocr_par' dir='ltr' id='par_1_49' title="bbox 2165 733 2612 804">
     <span class='ocr_line' id='line_1_51' title="bbox 2165 733 2612 804; baseline -0.011 -13"><span class='ocrx_word' id='word_1_233' title='bbox 2165 737 2319 790; x_wconf 89' lang='lat' dir='ltr'><strong>lente</strong></span> <span class='ocrx_word' id='word_1_234' title='bbox 2353 733 2612 804; x_wconf 89' lang='lat' dir='ltr'><strong>recipiat.</strong></span> 
     </span>
    </p>
   </div>
   <div class='ocr_carea' id='block_1_50' title="bbox 2093 819 3336 891">
    <p class='ocr_par' dir='ltr' id='par_1_50' title="bbox 2093 819 3336 891">
     <span class='ocr_line' id='line_1_52' title="bbox 2093 819 3336 891; baseline -0.006 -11"><span class='ocrx_word' id='word_1_235' title='bbox 2093 827 2254 880; x_wconf 89' lang='lat' dir='ltr'><strong>XCII.</strong></span> <span class='ocrx_word' id='word_1_236' title='bbox 2293 825 2370 878; x_wconf 91' lang='lat' dir='ltr'><strong>De</strong></span> <span class='ocrx_word' id='word_1_237' title='bbox 2389 822 2626 876; x_wconf 89' lang='lat' dir='ltr'><strong>alterius</strong></span> <span class='ocrx_word' id='word_1_238' title='bbox 2651 819 2972 891; x_wconf 89' lang='lat' dir='ltr'><strong>presbyteri</strong></span> <span class='ocrx_word' id='word_1_239' title='bbox 3001 819 3336 888; x_wconf 89' lang='lat' dir='ltr'><strong>plebesano.</strong></span> 
     </span>
    </p>
   </div>
   <div class='ocr_carea' id='block_1_51' title="bbox 2091 903 3798 978">
    <p class='ocr_par' dir='ltr' id='par_1_51' title="bbox 2091 903 3798 978">
     <span class='ocr_line' id='line_1_53' title="bbox 2091 903 3798 978; baseline -0.008 -9"><span class='ocrx_word' id='word_1_240' title='bbox 2091 914 2274 969; x_wconf 90' lang='lat' dir='ltr'><strong>XCIII.</strong></span> <span class='ocrx_word' id='word_1_241' title='bbox 2318 914 2394 966; x_wconf 92' lang='lat' dir='ltr'><strong>De</strong></span> <span class='ocrx_word' id='word_1_242' title='bbox 2434 908 2712 964; x_wconf 89' lang='lat' dir='ltr'><strong>ordinatis</strong></span> <span class='ocrx_word' id='word_1_243' title='bbox 2751 914 2807 962; x_wconf 91' lang='lat' dir='ltr'><strong>et</strong></span> <span class='ocrx_word' id='word_1_244' title='bbox 2843 907 3083 978; x_wconf 89' lang='lat' dir='ltr'><strong>reliquis</strong></span> <span class='ocrx_word' id='word_1_245' title='bbox 3129 905 3415 972; x_wconf 80' lang='lat' dir='ltr'><strong>ﬁdelibus,</strong></span> <span class='ocrx_word' id='word_1_246' title='bbox 3463 904 3620 974; x_wconf 91' lang='lat' dir='ltr'><strong>quod</strong></span> <span class='ocrx_word' id='word_1_247' title='bbox 3669 903 3798 958; x_wconf 89' lang='lat' dir='ltr'><strong>sine</strong></span> 
     </span>
    </p>
   </div>
   <div class='ocr_carea' id='block_1_52' title="bbox 2163 993 3403 1069">
    <p class='ocr_par' dir='ltr' id='par_1_52' title="bbox 2163 993 3403 1069">
     <span class='ocr_line' id='line_1_54' title="bbox 2163 993 3403 1069; baseline -0.006 -14"><span class='ocrx_word' id='word_1_248' title='bbox 2163 1000 2394 1055; x_wconf 89' lang='lat' dir='ltr'><strong>licentia</strong></span> <span class='ocrx_word' id='word_1_249' title='bbox 2431 999 2518 1052; x_wconf 92' lang='lat' dir='ltr'><strong>sui</strong></span> <span class='ocrx_word' id='word_1_250' title='bbox 2543 997 2798 1069; x_wconf 88' lang='lat' dir='ltr'><strong>episcopi</strong></span> <span class='ocrx_word' id='word_1_251' title='bbox 2828 997 2910 1050; x_wconf 91' lang='lat' dir='ltr'><strong>nil</strong></span> <span class='ocrx_word' id='word_1_252' title='bbox 2939 1010 3110 1066; x_wconf 81' lang='lat' dir='ltr'><strong>agere</strong></span> <span class='ocrx_word' id='word_1_253' title='bbox 3138 993 3403 1048; x_wconf 88' lang='lat' dir='ltr'><strong>debeant.</strong></span> 
     </span>
    </p>
   </div>
   <div class='ocr_carea' id='block_1_53' title="bbox 2093 1088 2722 1144">
    <p class='ocr_par' dir='ltr' id='par_1_53' title="bbox 2093 1088 2722 1144">
     <span class='ocr_line' id='line_1_55' title="bbox 2093 1088 2722 1144; baseline -0.01 0"><span class='ocrx_word' id='word_1_254' title='bbox 2093 1090 2266 1144; x_wconf 89' lang='lat' dir='ltr'><strong>XCIV.</strong></span> <span class='ocrx_word' id='word_1_255' title='bbox 2305 1089 2381 1142; x_wconf 84' lang='lat' dir='ltr'><strong>De</strong></span> <span class='ocrx_word' id='word_1_256' title='bbox 2411 1088 2612 1141; x_wconf 88' lang='lat' dir='ltr'><strong>eadem</strong></span> <span class='ocrx_word' id='word_1_257' title='bbox 2640 1101 2722 1139; x_wconf 91' lang='lat' dir='ltr'><strong>re.</strong></span> 
     </span>
    </p>
   </div>
   <div class='ocr_carea' id='block_1_54' title="bbox 2093 1175 2692 1231">
    <p class='ocr_par' dir='ltr' id='par_1_54' title="bbox 2093 1175 2692 1231">
     <span class='ocr_line' id='line_1_56' title="bbox 2093 1175 2692 1231; baseline -0.008 0"><span class='ocrx_word' id='word_1_258' title='bbox 2093 1177 2240 1231; x_wconf 87' lang='lat' dir='ltr'><strong>XCV.</strong></span> <span class='ocrx_word' id='word_1_259' title='bbox 2276 1177 2356 1230; x_wconf 92' lang='lat' dir='ltr'><strong>De</strong></span> <span class='ocrx_word' id='word_1_260' title='bbox 2382 1175 2582 1230; x_wconf 87' lang='lat' dir='ltr'><strong>eadem</strong></span> <span class='ocrx_word' id='word_1_261' title='bbox 2612 1190 2692 1227; x_wconf 92' lang='lat' dir='ltr'><strong>re.</strong></span> 
     </span>
    </p>
   </div>
   <div class='ocr_carea' id='block_1_55' title="bbox 2093 1256 3797 1329">
    <p class='ocr_par' dir='ltr' id='par_1_55' title="bbox 2093 1256 3797 1329">
     <span class='ocr_line' id='line_1_57' title="bbox 2093 1256 3797 1329; baseline -0.006 -10"><span class='ocrx_word' id='word_1_262' title='bbox 2093 1265 2264 1320; x_wconf 92' lang='lat' dir='ltr'><strong>ZCVI.</strong></span> <span class='ocrx_word' id='word_1_263' title='bbox 2315 1264 2474 1329; x_wconf 87' lang='lat' dir='ltr'><strong>Quod</strong></span> <span class='ocrx_word' id='word_1_264' title='bbox 2522 1279 2639 1317; x_wconf 89' lang='lat' dir='ltr'><strong>non</strong></span> <span class='ocrx_word' id='word_1_265' title='bbox 2685 1261 2856 1316; x_wconf 90' lang='lat' dir='ltr'><strong>liceat</strong></span> <span class='ocrx_word' id='word_1_266' title='bbox 2897 1259 3172 1313; x_wconf 90' lang='lat' dir='ltr'><strong>clericum</strong></span> <span class='ocrx_word' id='word_1_267' title='bbox 3212 1257 3274 1312; x_wconf 93' lang='lat' dir='ltr'><strong>in</strong></span> <span class='ocrx_word' id='word_1_268' title='bbox 3321 1257 3568 1312; x_wconf 88' lang='lat' dir='ltr'><strong>duarum</strong></span> <span class='ocrx_word' id='word_1_269' title='bbox 3597 1256 3797 1309; x_wconf 88' lang='lat' dir='ltr'><strong>civita-</strong></span> 
     </span>
    </p>
   </div>
   <div class='ocr_carea' id='block_1_56' title="bbox 2165 1348 3109 1406">
    <p class='ocr_par' dir='ltr' id='par_1_56' title="bbox 2165 1348 3109 1406">
     <span class='ocr_line' id='line_1_58' title="bbox 2165 1348 3109 1406; baseline -0.006 0"><span class='ocrx_word' id='word_1_270' title='bbox 2165 1358 2288 1406; x_wconf 89' lang='lat' dir='ltr'><strong>tum</strong></span> <span class='ocrx_word' id='word_1_271' title='bbox 2323 1351 2494 1405; x_wconf 92' lang='lat' dir='ltr'><strong>simul</strong></span> <span class='ocrx_word' id='word_1_272' title='bbox 2523 1348 2806 1404; x_wconf 91' lang='lat' dir='ltr'><strong>conscribi</strong></span> <span class='ocrx_word' id='word_1_273' title='bbox 2838 1348 3109 1402; x_wconf 87' lang='lat' dir='ltr'><strong>ecclesiis.</strong></span> 
     </span>
    </p>
   </div>
   <div class='ocr_carea' id='block_1_57' title="bbox 2093 1433 3802 1506">
    <p class='ocr_par' dir='ltr' id='par_1_57' title="bbox 2093 1433 3802 1506">
     <span class='ocr_line' id='line_1_59' title="bbox 2093 1433 3802 1506; baseline -0.007 -10"><span class='ocrx_word' id='word_1_274' title='bbox 2093 1442 2294 1496; x_wconf 91' lang='lat' dir='ltr'><strong>XCVII.</strong></span> <span class='ocrx_word' id='word_1_275' title='bbox 2329 1443 2404 1494; x_wconf 92' lang='lat' dir='ltr'><strong>De</strong></span> <span class='ocrx_word' id='word_1_276' title='bbox 2423 1440 2717 1506; x_wconf 87' lang='lat' dir='ltr'><strong>ordinatis,</strong></span> <span class='ocrx_word' id='word_1_277' title='bbox 2739 1453 2810 1492; x_wconf 92' lang='lat' dir='ltr'><strong>ne</strong></span> <span class='ocrx_word' id='word_1_278' title='bbox 2841 1438 2910 1491; x_wconf 93' lang='lat' dir='ltr'><strong>de</strong></span> <span class='ocrx_word' id='word_1_279' title='bbox 2933 1437 3160 1490; x_wconf 86' lang='lat' dir='ltr'><strong>civitate</strong></span> <span class='ocrx_word' id='word_1_280' title='bbox 3190 1435 3252 1488; x_wconf 91' lang='lat' dir='ltr'><strong>in</strong></span> <span class='ocrx_word' id='word_1_281' title='bbox 3277 1433 3562 1488; x_wconf 85' lang='lat' dir='ltr'><strong>civitatem</strong></span> <span class='ocrx_word' id='word_1_282' title='bbox 3597 1436 3802 1487; x_wconf 87' lang='lat' dir='ltr'><strong>contra</strong></span> 
     </span>
    </p>
   </div>
   <div class='ocr_carea' id='block_1_58' title="bbox 2160 1527 3030 1600">
    <p class='ocr_par' dir='ltr' id='par_1_58' title="bbox 2160 1527 3030 1600">
     <span class='ocr_line' id='line_1_60' title="bbox 2160 1527 3030 1600; baseline -0.003 -16"><span class='ocrx_word' id='word_1_283' title='bbox 2160 1532 2255 1600; x_wconf 89' lang='lat' dir='ltr'><strong>jus</strong></span> <span class='ocrx_word' id='word_1_284' title='bbox 2284 1545 2570 1584; x_wconf 87' lang='lat' dir='ltr'><strong>canonum</strong></span> <span class='ocrx_word' id='word_1_285' title='bbox 2595 1527 3030 1582; x_wconf 87' lang='lat' dir='ltr'><strong>transferantur.</strong></span> 
     </span>
    </p>
   </div>
   <div class='ocr_carea' id='block_1_59' title="bbox 2093 1618 2775 1674">
    <p class='ocr_par' dir='ltr' id='par_1_59' title="bbox 2093 1618 2775 1674">
     <span class='ocr_line' id='line_1_61' title="bbox 2093 1618 2775 1674; baseline -0.006 0"><span class='ocrx_word' id='word_1_286' title='bbox 2093 1619 2316 1674; x_wconf 90' lang='lat' dir='ltr'><strong>XCVIII.</strong></span> <span class='ocrx_word' id='word_1_287' title='bbox 2355 1619 2431 1672; x_wconf 89' lang='lat' dir='ltr'><strong>De</strong></span> <span class='ocrx_word' id='word_1_288' title='bbox 2462 1618 2661 1672; x_wconf 87' lang='lat' dir='ltr'><strong>eadem</strong></span> <span class='ocrx_word' id='word_1_289' title='bbox 2692 1633 2775 1670; x_wconf 91' lang='lat' dir='ltr'><strong>re.</strong></span> 
     </span>
    </p>
   </div>
   <div class='ocr_carea' id='block_1_60' title="bbox 2094 1698 3802 1776">
    <p class='ocr_par' dir='ltr' id='par_1_60' title="bbox 2094 1698 3802 1776">
     <span class='ocr_line' id='line_1_62' title="bbox 2094 1698 3802 1776; baseline -0.006 -15"><span class='ocrx_word' id='word_1_290' title='bbox 2094 1707 2263 1761; x_wconf 90' lang='lat' dir='ltr'><strong>XCIX.</strong></span> <span class='ocrx_word' id='word_1_291' title='bbox 2325 1708 2404 1760; x_wconf 84' lang='lat' dir='ltr'><strong>Ne</strong></span> <span class='ocrx_word' id='word_1_292' title='bbox 2449 1705 2768 1776; x_wconf 89' lang='lat' dir='ltr'><strong>presbyteri</strong></span> <span class='ocrx_word' id='word_1_293' title='bbox 2825 1719 2994 1757; x_wconf 89' lang='lat' dir='ltr'><strong>causa</strong></span> <span class='ocrx_word' id='word_1_294' title='bbox 3045 1700 3354 1772; x_wconf 80' lang='lat' dir='ltr'><strong>legationis</strong></span> <span class='ocrx_word' id='word_1_295' title='bbox 3407 1715 3512 1770; x_wconf 86' lang='lat' dir='ltr'><strong>per</strong></span> <span class='ocrx_word' id='word_1_296' title='bbox 3571 1698 3802 1752; x_wconf 88' lang='lat' dir='ltr'><strong>diversa</strong></span> 
     </span>
    </p>
   </div>
   <div class='ocr_carea' id='block_1_61' title="bbox 2169 1789 3415 1862">
    <p class='ocr_par' dir='ltr' id='par_1_61' title="bbox 2169 1789 3415 1862">
     <span class='ocr_line' id='line_1_63' title="bbox 2169 1789 3415 1862; baseline -0.006 -14"><span class='ocrx_word' id='word_1_297' title='bbox 2169 1795 2470 1848; x_wconf 89' lang='lat' dir='ltr'><strong>mittantur</strong></span> <span class='ocrx_word' id='word_1_298' title='bbox 2499 1795 2642 1862; x_wconf 91' lang='lat' dir='ltr'><strong>loca,</strong></span> <span class='ocrx_word' id='word_1_299' title='bbox 2673 1809 2809 1846; x_wconf 90' lang='lat' dir='ltr'><strong>cura</strong></span> <span class='ocrx_word' id='word_1_300' title='bbox 2839 1791 3171 1844; x_wconf 89' lang='lat' dir='ltr'><strong>animarum</strong></span> <span class='ocrx_word' id='word_1_301' title='bbox 3198 1789 3415 1854; x_wconf 74' lang='lat' dir='ltr'><strong>relipta.</strong></span> 
     </span>
    </p>
   </div>
   <div class='ocr_carea' id='block_1_62' title="bbox 2097 1878 3470 1953">
    <p class='ocr_par' dir='ltr' id='par_1_62' title="bbox 2097 1878 3470 1953">
     <span class='ocr_line' id='line_1_64' title="bbox 2097 1878 3470 1953; baseline -0.008 -13"><span class='ocrx_word' id='word_1_302' title='bbox 2097 1887 2155 1940; x_wconf 96' lang='lat' dir='ltr'><strong>C.</strong></span> <span class='ocrx_word' id='word_1_303' title='bbox 2191 1883 2352 1948; x_wconf 86' lang='lat' dir='ltr'><strong>Quod</strong></span> <span class='ocrx_word' id='word_1_304' title='bbox 2376 1882 2695 1953; x_wconf 89' lang='lat' dir='ltr'><strong>presbyteri</strong></span> <span class='ocrx_word' id='word_1_305' title='bbox 2727 1881 2951 1934; x_wconf 89' lang='lat' dir='ltr'><strong>assidue</strong></span> <span class='ocrx_word' id='word_1_306' title='bbox 2979 1881 3170 1949; x_wconf 81' lang='lat' dir='ltr'><strong>legere</strong></span> <span class='ocrx_word' id='word_1_307' title='bbox 3205 1878 3470 1932; x_wconf 86' lang='lat' dir='ltr'><strong>debeant.</strong></span> 
     </span>
    </p>
   </div>
   <div class='ocr_carea' id='block_1_63' title="bbox 2097 1965 3471 2042">
    <p class='ocr_par' dir='ltr' id='par_1_63' title="bbox 2097 1965 3471 2042">
     <span class='ocr_line' id='line_1_65' title="bbox 2097 1965 3471 2042; baseline -0.006 -16"><span class='ocrx_word' id='word_1_308' title='bbox 2097 1973 2180 2026; x_wconf 94' lang='lat' dir='ltr'><strong>CI.</strong></span> <span class='ocrx_word' id='word_1_309' title='bbox 2217 1974 2286 2026; x_wconf 89' lang='lat' dir='ltr'><strong>Ut</strong></span> <span class='ocrx_word' id='word_1_310' title='bbox 2315 1970 2634 2042; x_wconf 87' lang='lat' dir='ltr'><strong>presbyteri</strong></span> <span class='ocrx_word' id='word_1_311' title='bbox 2663 1969 2789 2022; x_wconf 90' lang='lat' dir='ltr'><strong>sine</strong></span> <span class='ocrx_word' id='word_1_312' title='bbox 2821 1967 3064 2021; x_wconf 89' lang='lat' dir='ltr'><strong>horariis</strong></span> <span class='ocrx_word' id='word_1_313' title='bbox 3095 1983 3215 2020; x_wconf 90' lang='lat' dir='ltr'><strong>non</strong></span> <span class='ocrx_word' id='word_1_314' title='bbox 3243 1965 3471 2018; x_wconf 89' lang='lat' dir='ltr'><strong>vadant.</strong></span> 
     </span>
    </p>
   </div>
   <div class='ocr_carea' id='block_1_64' title="bbox 2097 2054 3652 2122">
    <p class='ocr_par' dir='ltr' id='par_1_64' title="bbox 2097 2054 3652 2122">
     <span class='ocr_line' id='line_1_66' title="bbox 2097 2054 3652 2122; baseline -0.006 -8"><span class='ocrx_word' id='word_1_315' title='bbox 2097 2061 2212 2114; x_wconf 89' lang='lat' dir='ltr'><strong>CII.</strong></span> <span class='ocrx_word' id='word_1_316' title='bbox 2253 2060 2321 2113; x_wconf 92' lang='lat' dir='ltr'><strong>Ut</strong></span> <span class='ocrx_word' id='word_1_317' title='bbox 2350 2059 2586 2112; x_wconf 72' lang='lat' dir='ltr'><strong>clericus</strong></span> <span class='ocrx_word' id='word_1_318' title='bbox 2617 2056 2859 2111; x_wconf 79' lang='lat' dir='ltr'><strong>artiﬁcio</strong></span> <span class='ocrx_word' id='word_1_319' title='bbox 2893 2056 3134 2109; x_wconf 84' lang='lat' dir='ltr'><strong>honesto</strong></span> <span class='ocrx_word' id='word_1_320' title='bbox 3167 2054 3376 2106; x_wconf 91' lang='lat' dir='ltr'><strong>victum</strong></span> <span class='ocrx_word' id='word_1_321' title='bbox 3407 2055 3652 2122; x_wconf 62' lang='lat' dir='ltr'><strong>quaerat.</strong></span> 
     </span>
    </p>
   </div>
   <div class='ocr_carea' id='block_1_65' title="bbox 2099 2149 2669 2202">
    <p class='ocr_par' dir='ltr' id='par_1_65' title="bbox 2099 2149 2669 2202">
     <span class='ocr_line' id='line_1_67' title="bbox 2099 2149 2669 2202; baseline -0.005 0"><span class='ocrx_word' id='word_1_322' title='bbox 2099 2149 2236 2202; x_wconf 92' lang='lat' dir='ltr'><strong>CIII.</strong></span> <span class='ocrx_word' id='word_1_323' title='bbox 2269 2149 2347 2202; x_wconf 93' lang='lat' dir='ltr'><strong>De</strong></span> <span class='ocrx_word' id='word_1_324' title='bbox 2371 2163 2563 2201; x_wconf 89' lang='lat' dir='ltr'><strong>earem</strong></span> <span class='ocrx_word' id='word_1_325' title='bbox 2588 2163 2669 2200; x_wconf 91' lang='lat' dir='ltr'><strong>re.</strong></span> 
     </span>
    </p>
   </div>
   <div class='ocr_carea' id='block_1_66' title="bbox 2100 2228 3804 2306">
    <p class='ocr_par' dir='ltr' id='par_1_66' title="bbox 2100 2228 3804 2306">
     <span class='ocr_line' id='line_1_68' title="bbox 2100 2228 3804 2306; baseline -0.006 -15"><span class='ocrx_word' id='word_1_326' title='bbox 2100 2237 2229 2292; x_wconf 92' lang='lat' dir='ltr'><strong>CIV.</strong></span> <span class='ocrx_word' id='word_1_327' title='bbox 2279 2237 2357 2290; x_wconf 91' lang='lat' dir='ltr'><strong>De</strong></span> <span class='ocrx_word' id='word_1_328' title='bbox 2413 2234 2781 2306; x_wconf 87' lang='lat' dir='ltr'><strong>presbyteris,</strong></span> <span class='ocrx_word' id='word_1_329' title='bbox 2835 2230 3162 2286; x_wconf 83' lang='lat' dir='ltr'><strong>matutinali</strong></span> <span class='ocrx_word' id='word_1_330' title='bbox 3191 2229 3380 2284; x_wconf 86' lang='lat' dir='ltr'><strong>ofﬁcio</strong></span> <span class='ocrx_word' id='word_1_331' title='bbox 3410 2229 3636 2299; x_wconf 84' lang='lat' dir='ltr'><strong>expleto</strong></span> <span class='ocrx_word' id='word_1_332' title='bbox 3659 2228 3804 2299; x_wconf 90' lang='lat' dir='ltr'><strong>quid</strong></span> 
     </span>
    </p>
   </div>
   <div class='ocr_carea' id='block_1_67' title="bbox 2173 2325 2628 2395">
    <p class='ocr_par' dir='ltr' id='par_1_67' title="bbox 2173 2325 2628 2395">
     <span class='ocr_line' id='line_1_69' title="bbox 2173 2325 2628 2395; baseline 0 -17"><span class='ocrx_word' id='word_1_333' title='bbox 2173 2341 2343 2395; x_wconf 84' lang='lat' dir='ltr'><strong>agere</strong></span> <span class='ocrx_word' id='word_1_334' title='bbox 2365 2325 2628 2378; x_wconf 89' lang='lat' dir='ltr'><strong>debeant.</strong></span> 
     </span>
    </p>
   </div>
   <div class='ocr_carea' id='block_1_68' title="bbox 2105 2413 2660 2468">
    <p class='ocr_par' dir='ltr' id='par_1_68' title="bbox 2105 2413 2660 2468">
     <span class='ocr_line' id='line_1_70' title="bbox 2105 2413 2660 2468; baseline -0.002 -1"><span class='ocrx_word' id='word_1_335' title='bbox 2105 2415 2208 2468; x_wconf 95' lang='lat' dir='ltr'><strong>CV.</strong></span> <span class='ocrx_word' id='word_1_336' title='bbox 2243 2415 2318 2467; x_wconf 91' lang='lat' dir='ltr'><strong>De</strong></span> <span class='ocrx_word' id='word_1_337' title='bbox 2347 2413 2548 2466; x_wconf 92' lang='lat' dir='ltr'><strong>eadem</strong></span> <span class='ocrx_word' id='word_1_338' title='bbox 2578 2428 2660 2466; x_wconf 90' lang='lat' dir='ltr'><strong>re.</strong></span> 
     </span>
    </p>
   </div>
   <div class='ocr_carea' id='block_1_69' title="bbox 2102 2492 3808 2570">
    <p class='ocr_par' dir='ltr' id='par_1_69' title="bbox 2102 2492 3808 2570">
     <span class='ocr_line' id='line_1_71' title="bbox 2102 2492 3808 2570; baseline -0.006 -14"><span class='ocrx_word' id='word_1_339' title='bbox 2102 2502 2234 2556; x_wconf 90' lang='lat' dir='ltr'><strong>CVI.</strong></span> <span class='ocrx_word' id='word_1_340' title='bbox 2271 2501 2436 2564; x_wconf 92' lang='lat' dir='ltr'><strong>Quod</strong></span> <span class='ocrx_word' id='word_1_341' title='bbox 2465 2515 2744 2570; x_wconf 81' lang='lat' dir='ltr'><strong>magnum</strong></span> <span class='ocrx_word' id='word_1_342' title='bbox 2786 2497 3108 2569; x_wconf 90' lang='lat' dir='ltr'><strong>periculum</strong></span> <span class='ocrx_word' id='word_1_343' title='bbox 3137 2496 3210 2549; x_wconf 92' lang='lat' dir='ltr'><strong>sit</strong></span> <span class='ocrx_word' id='word_1_344' title='bbox 3253 2495 3505 2565; x_wconf 86' lang='lat' dir='ltr'><strong>aliquem</strong></span> <span class='ocrx_word' id='word_1_345' title='bbox 3545 2492 3672 2546; x_wconf 86' lang='lat' dir='ltr'><strong>ﬁeri</strong></span> <span class='ocrx_word' id='word_1_346' title='bbox 3709 2493 3808 2563; x_wconf 87' lang='lat' dir='ltr'><strong>ju-</strong></span> 
     </span>
    </p>
   </div>
   <div class='ocr_carea' id='block_1_70' title="bbox 2174 2585 3692 2657">
    <p class='ocr_par' dir='ltr' id='par_1_70' title="bbox 2174 2585 3692 2657">
     <span class='ocr_line' id='line_1_72' title="bbox 2174 2585 3692 2657; baseline -0.005 -13"><span class='ocrx_word' id='word_1_347' title='bbox 2174 2591 2359 2644; x_wconf 89' lang='lat' dir='ltr'><strong>dicem</strong></span> <span class='ocrx_word' id='word_1_348' title='bbox 2393 2589 2522 2642; x_wconf 81' lang='lat' dir='ltr'><strong>vitae</strong></span> <span class='ocrx_word' id='word_1_349' title='bbox 2551 2588 2777 2656; x_wconf 70' lang='lat' dir='ltr'><strong>alienae,</strong></span> <span class='ocrx_word' id='word_1_350' title='bbox 2810 2586 2910 2657; x_wconf 88' lang='lat' dir='ltr'><strong>qui</strong></span> <span class='ocrx_word' id='word_1_351' title='bbox 2936 2585 3118 2639; x_wconf 89' lang='lat' dir='ltr'><strong>nescit</strong></span> <span class='ocrx_word' id='word_1_352' title='bbox 3153 2599 3314 2638; x_wconf 85' lang='lat' dir='ltr'><strong>suam</strong></span> <span class='ocrx_word' id='word_1_353' title='bbox 3346 2587 3692 2653; x_wconf 84' lang='lat' dir='ltr'><strong>temperare.</strong></span> 
     </span>
    </p>
   </div>
   <div class='ocr_carea' id='block_1_71' title="bbox 2103 2670 3807 2749">
    <p class='ocr_par' dir='ltr' id='par_1_71' title="bbox 2103 2670 3807 2749">
     <span class='ocr_line' id='line_1_73' title="bbox 2103 2670 3807 2749; baseline -0.006 -15"><span class='ocrx_word' id='word_1_354' title='bbox 2103 2679 2258 2734; x_wconf 92' lang='lat' dir='ltr'><strong>CVII.</strong></span> <span class='ocrx_word' id='word_1_355' title='bbox 2299 2679 2368 2734; x_wconf 92' lang='lat' dir='ltr'><strong>Ut</strong></span> <span class='ocrx_word' id='word_1_356' title='bbox 2407 2677 2728 2749; x_wconf 88' lang='lat' dir='ltr'><strong>presbyteri</strong></span> <span class='ocrx_word' id='word_1_357' title='bbox 2769 2676 2933 2746; x_wconf 85' lang='lat' dir='ltr'><strong>juxta</strong></span> <span class='ocrx_word' id='word_1_358' title='bbox 2977 2675 3273 2727; x_wconf 89' lang='lat' dir='ltr'><strong>ecclesiam</strong></span> <span class='ocrx_word' id='word_1_359' title='bbox 3320 2671 3553 2725; x_wconf 90' lang='lat' dir='ltr'><strong>illorum</strong></span> <span class='ocrx_word' id='word_1_360' title='bbox 3600 2670 3807 2740; x_wconf 86' lang='lat' dir='ltr'><strong>hospi-</strong></span> 
     </span>
    </p>
   </div>
   <div class='ocr_carea' id='block_1_72' title="bbox 2175 2772 2388 2822">
    <p class='ocr_par' dir='ltr' id='par_1_72' title="bbox 2175 2772 2388 2822">
     <span class='ocr_line' id='line_1_74' title="bbox 2175 2772 2388 2822; baseline 0 0"><span class='ocrx_word' id='word_1_361' title='bbox 2175 2772 2388 2822; x_wconf 89' lang='lat' dir='ltr'><strong>tentur.</strong></span> 
     </span>
    </p>
   </div>
   <div class='ocr_carea' id='block_1_73' title="bbox 2103 2848 3806 2924">
    <p class='ocr_par' dir='ltr' id='par_1_73' title="bbox 2103 2848 3806 2924">
     <span class='ocr_line' id='line_1_75' title="bbox 2103 2848 3806 2924; baseline -0.006 -14"><span class='ocrx_word' id='word_1_362' title='bbox 2103 2855 2285 2910; x_wconf 90' lang='lat' dir='ltr'><strong>CVIII.</strong></span> <span class='ocrx_word' id='word_1_363' title='bbox 2319 2856 2398 2909; x_wconf 91' lang='lat' dir='ltr'><strong>De</strong></span> <span class='ocrx_word' id='word_1_364' title='bbox 2429 2853 2784 2924; x_wconf 84' lang='lat' dir='ltr'><strong>presbytero,</strong></span> <span class='ocrx_word' id='word_1_365' title='bbox 2832 2851 2880 2905; x_wconf 92' lang='lat' dir='ltr'><strong>si</strong></span> <span class='ocrx_word' id='word_1_366' title='bbox 2926 2866 3161 2904; x_wconf 83' lang='lat' dir='ltr'><strong>uxorem</strong></span> <span class='ocrx_word' id='word_1_367' title='bbox 3207 2848 3508 2919; x_wconf 85' lang='lat' dir='ltr'><strong>acceperit,</strong></span> <span class='ocrx_word' id='word_1_368' title='bbox 3544 2848 3806 2917; x_wconf 87' lang='lat' dir='ltr'><strong>depona-</strong></span> 
     </span>
    </p>
   </div>
   <div class='ocr_carea' id='block_1_74' title="bbox 2174 2947 2286 2996">
    <p class='ocr_par' dir='ltr' id='par_1_74' title="bbox 2174 2947 2286 2996">
     <span class='ocr_line' id='line_1_76' title="bbox 2174 2947 2286 2996; baseline 0.009 -1"><span class='ocrx_word' id='word_1_369' title='bbox 2174 2947 2286 2996; x_wconf 90' lang='lat' dir='ltr'><strong>tur.</strong></span> 
     </span>
    </p>
   </div>
   <div class='ocr_carea' id='block_1_75' title="bbox 2024 3029 2686 3089">
    <p class='ocr_par' dir='ltr' id='par_1_75' title="bbox 2024 3029 2686 3089">
     <span class='ocr_line' id='line_1_77' title="bbox 2024 3029 2686 3089; baseline -0.009 -1"><span class='ocrx_word' id='word_1_370' title='bbox 2024 3034 2065 3089; x_wconf 92' lang='lat' dir='ltr'><strong>C</strong></span> <span class='ocrx_word' id='word_1_371' title='bbox 2103 3031 2231 3086; x_wconf 88' lang='lat' dir='ltr'><strong>CIX.</strong></span> <span class='ocrx_word' id='word_1_372' title='bbox 2267 3031 2344 3084; x_wconf 92' lang='lat' dir='ltr'><strong>De</strong></span> <span class='ocrx_word' id='word_1_373' title='bbox 2375 3029 2578 3083; x_wconf 91' lang='lat' dir='ltr'><strong>eadem</strong></span> <span class='ocrx_word' id='word_1_374' title='bbox 2606 3044 2686 3082; x_wconf 90' lang='lat' dir='ltr'><strong>re.</strong></span> 
     </span>
    </p>
   </div>
   <div class='ocr_carea' id='block_1_76' title="bbox 2105 3118 2666 3175">
    <p class='ocr_par' dir='ltr' id='par_1_76' title="bbox 2105 3118 2666 3175">
     <span class='ocr_line' id='line_1_78' title="bbox 2105 3118 2666 3175; baseline -0.009 0"><span class='ocrx_word' id='word_1_375' title='bbox 2105 3120 2207 3175; x_wconf 89' lang='lat' dir='ltr'><strong>CX.</strong></span> <span class='ocrx_word' id='word_1_376' title='bbox 2245 3122 2320 3173; x_wconf 90' lang='lat' dir='ltr'><strong>De</strong></span> <span class='ocrx_word' id='word_1_377' title='bbox 2352 3118 2552 3173; x_wconf 91' lang='lat' dir='ltr'><strong>eadem</strong></span> <span class='ocrx_word' id='word_1_378' title='bbox 2583 3134 2666 3171; x_wconf 89' lang='lat' dir='ltr'><strong>re.</strong></span> 
     </span>
    </p>
   </div>
   <div class='ocr_carea' id='block_1_77' title="bbox 2105 3206 2681 3262">
    <p class='ocr_par' dir='ltr' id='par_1_77' title="bbox 2105 3206 2681 3262">
     <span class='ocr_line' id='line_1_79' title="bbox 2105 3206 2681 3262; baseline -0.01 0"><span class='ocrx_word' id='word_1_379' title='bbox 2105 3209 2229 3262; x_wconf 89' lang='lat' dir='ltr'><strong>CXI.</strong></span> <span class='ocrx_word' id='word_1_380' title='bbox 2262 3208 2340 3260; x_wconf 92' lang='lat' dir='ltr'><strong>De</strong></span> <span class='ocrx_word' id='word_1_381' title='bbox 2370 3206 2571 3260; x_wconf 87' lang='lat' dir='ltr'><strong>eadem</strong></span> <span class='ocrx_word' id='word_1_382' title='bbox 2601 3221 2681 3258; x_wconf 92' lang='lat' dir='ltr'><strong>re.</strong></span> 
     </span>
    </p>
   </div>
   <div class='ocr_carea' id='block_1_78' title="bbox 2105 3294 2723 3352">
    <p class='ocr_par' dir='ltr' id='par_1_78' title="bbox 2105 3294 2723 3352">
     <span class='ocr_line' id='line_1_80' title="bbox 2105 3294 2723 3352; baseline -0.01 0"><span class='ocrx_word' id='word_1_383' title='bbox 2105 3297 2257 3352; x_wconf 91' lang='lat' dir='ltr'><strong>CXII.</strong></span> <span class='ocrx_word' id='word_1_384' title='bbox 2303 3297 2380 3348; x_wconf 90' lang='lat' dir='ltr'><strong>De</strong></span> <span class='ocrx_word' id='word_1_385' title='bbox 2411 3294 2611 3348; x_wconf 90' lang='lat' dir='ltr'><strong>eadem</strong></span> <span class='ocrx_word' id='word_1_386' title='bbox 2642 3309 2723 3346; x_wconf 93' lang='lat' dir='ltr'><strong>re.</strong></span> 
     </span>
    </p>
   </div>
   <div class='ocr_carea' id='block_1_79' title="bbox 2104 3378 3808 3448">
    <p class='ocr_par' dir='ltr' id='par_1_79' title="bbox 2104 3378 3808 3448">
     <span class='ocr_line' id='line_1_81' title="bbox 2104 3378 3808 3448; baseline -0.005 -9"><span class='ocrx_word' id='word_1_387' title='bbox 2104 3385 2286 3440; x_wconf 85' lang='lat' dir='ltr'><strong>CXIII.</strong></span> <span class='ocrx_word' id='word_1_388' title='bbox 2345 3384 2416 3438; x_wconf 92' lang='lat' dir='ltr'><strong>Ut</strong></span> <span class='ocrx_word' id='word_1_389' title='bbox 2471 3382 2694 3436; x_wconf 77' lang='lat' dir='ltr'><strong>ancillae</strong></span> <span class='ocrx_word' id='word_1_390' title='bbox 2725 3397 2760 3434; x_wconf 87' lang='lat' dir='ltr'><strong>a</strong></span> <span class='ocrx_word' id='word_1_391' title='bbox 2812 3378 3044 3434; x_wconf 88' lang='lat' dir='ltr'><strong>cellario</strong></span> <span class='ocrx_word' id='word_1_392' title='bbox 3083 3378 3555 3448; x_wconf 85' lang='lat' dir='ltr'><strong>presbyterorum</strong></span> <span class='ocrx_word' id='word_1_393' title='bbox 3607 3391 3808 3430; x_wconf 91' lang='lat' dir='ltr'><strong>remo-</strong></span> 
     </span>
    </p>
   </div>
   <div class='ocr_carea' id='block_1_80' title="bbox 2173 3476 2431 3527">
    <p class='ocr_par' dir='ltr' id='par_1_80' title="bbox 2173 3476 2431 3527">
     <span class='ocr_line' id='line_1_82' title="bbox 2173 3476 2431 3527; baseline -0.004 -1"><span class='ocrx_word' id='word_1_394' title='bbox 2173 3476 2431 3527; x_wconf 89' lang='lat' dir='ltr'><strong>veantur.</strong></span> 
     </span>
    </p>
   </div>
   <div class='ocr_carea' id='block_1_81' title="bbox 2103 3553 3802 3628">
    <p class='ocr_par' dir='ltr' id='par_1_81' title="bbox 2103 3553 3802 3628">
     <span class='ocr_line' id='line_1_83' title="bbox 2103 3553 3802 3628; baseline -0.007 -10"><span class='ocrx_word' id='word_1_395' title='bbox 2103 3563 2276 3618; x_wconf 90' lang='lat' dir='ltr'><strong>CXIV.</strong></span> <span class='ocrx_word' id='word_1_396' title='bbox 2329 3561 2492 3626; x_wconf 90' lang='lat' dir='ltr'><strong>Quod</strong></span> <span class='ocrx_word' id='word_1_397' title='bbox 2542 3558 2790 3626; x_wconf 89' lang='lat' dir='ltr'><strong>diaconi,</strong></span> <span class='ocrx_word' id='word_1_398' title='bbox 2841 3557 2988 3612; x_wconf 88' lang='lat' dir='ltr'><strong>sicut</strong></span> <span class='ocrx_word' id='word_1_399' title='bbox 3023 3557 3326 3628; x_wconf 89' lang='lat' dir='ltr'><strong>episcopus</strong></span> <span class='ocrx_word' id='word_1_400' title='bbox 3369 3559 3426 3610; x_wconf 92' lang='lat' dir='ltr'><strong>et</strong></span> <span class='ocrx_word' id='word_1_401' title='bbox 3473 3553 3802 3625; x_wconf 88' lang='lat' dir='ltr'><strong>presbyter,</strong></span> 
     </span>
    </p>
   </div>
   <div class='ocr_carea' id='block_1_82' title="bbox 2175 3645 3312 3718">
    <p class='ocr_par' dir='ltr' id='par_1_82' title="bbox 2175 3645 3312 3718">
     <span class='ocr_line' id='line_1_84' title="bbox 2175 3645 3312 3718; baseline -0.008 -12"><span class='ocrx_word' id='word_1_402' title='bbox 2175 3667 2394 3706; x_wconf 88' lang='lat' dir='ltr'><strong>cessare</strong></span> <span class='ocrx_word' id='word_1_403' title='bbox 2425 3649 2669 3704; x_wconf 87' lang='lat' dir='ltr'><strong>debeant</strong></span> <span class='ocrx_word' id='word_1_404' title='bbox 2695 3649 2766 3704; x_wconf 87' lang='lat' dir='ltr'><strong>ab</strong></span> <span class='ocrx_word' id='word_1_405' title='bbox 2797 3663 2972 3718; x_wconf 91' lang='lat' dir='ltr'><strong>opere</strong></span> <span class='ocrx_word' id='word_1_406' title='bbox 3001 3645 3312 3716; x_wconf 82' lang='lat' dir='ltr'><strong>conjugali.</strong></span> 
     </span>
    </p>
   </div>
   <div class='ocr_carea' id='block_1_83' title="bbox 2105 3739 3102 3796">
    <p class='ocr_par' dir='ltr' id='par_1_83' title="bbox 2105 3739 3102 3796">
     <span class='ocr_line' id='line_1_85' title="bbox 2105 3739 3102 3796; baseline -0.009 0"><span class='ocrx_word' id='word_1_407' title='bbox 2105 3741 2249 3796; x_wconf 89' lang='lat' dir='ltr'><strong>CXV.</strong></span> <span class='ocrx_word' id='word_1_408' title='bbox 2285 3741 2364 3793; x_wconf 90' lang='lat' dir='ltr'><strong>De</strong></span> <span class='ocrx_word' id='word_1_409' title='bbox 2394 3739 2594 3793; x_wconf 89' lang='lat' dir='ltr'><strong>eadem</strong></span> <span class='ocrx_word' id='word_1_410' title='bbox 2623 3754 2706 3792; x_wconf 90' lang='lat' dir='ltr'><strong>re.</strong></span> <span class='ocrx_word' id='word_1_411' title='bbox 3099 3745 3102 3750; x_wconf 87' lang='lat'>&#39;</span> 
     </span>
    </p>
   </div>
   <div class='ocr_carea' id='block_1_84' title="bbox 2107 3828 2724 3884">
    <p class='ocr_par' dir='ltr' id='par_1_84' title="bbox 2107 3828 2724 3884">
     <span class='ocr_line' id='line_1_86' title="bbox 2107 3828 2724 3884; baseline -0.008 0"><span class='ocrx_word' id='word_1_412' title='bbox 2107 3829 2275 3884; x_wconf 87' lang='lat' dir='ltr'><strong>CXVI.</strong></span> <span class='ocrx_word' id='word_1_413' title='bbox 2309 3830 2386 3882; x_wconf 92' lang='lat' dir='ltr'><strong>De</strong></span> <span class='ocrx_word' id='word_1_414' title='bbox 2418 3828 2614 3881; x_wconf 87' lang='lat' dir='ltr'><strong>eadem</strong></span> <span class='ocrx_word' id='word_1_415' title='bbox 2643 3843 2724 3880; x_wconf 90' lang='lat' dir='ltr'><strong>re.</strong></span> 
     </span>
    </p>
   </div>
   <div class='ocr_carea' id='block_1_85' title="bbox 2107 3914 2958 3973">
    <p class='ocr_par' dir='ltr' id='par_1_85' title="bbox 2107 3914 2958 3973">
     <span class='ocr_line' id='line_1_87' title="bbox 2107 3914 2958 3973; baseline -0.005 -1"><span class='ocrx_word' id='word_1_416' title='bbox 2107 3918 2304 3973; x_wconf 88' lang='lat' dir='ltr'><strong>CXVII.</strong></span> <span class='ocrx_word' id='word_1_417' title='bbox 2343 3919 2418 3970; x_wconf 91' lang='lat' dir='ltr'><strong>De</strong></span> <span class='ocrx_word' id='word_1_418' title='bbox 2448 3914 2958 3970; x_wconf 89' lang='lat' dir='ltr'><strong>incontinentibus.</strong></span> 
     </span>
    </p>
   </div>
   <div class='ocr_carea' id='block_1_86' title="bbox 2102 3997 3809 4072">
    <p class='ocr_par' dir='ltr' id='par_1_86' title="bbox 2102 3997 3809 4072">
     <span class='ocr_line' id='line_1_88' title="bbox 2102 3997 3809 4072; baseline -0.006 -9"><span class='ocrx_word' id='word_1_419' title='bbox 2102 4008 2328 4064; x_wconf 89' lang='lat' dir='ltr'><strong>CXVIII.</strong></span> <span class='ocrx_word' id='word_1_420' title='bbox 2364 4007 2442 4059; x_wconf 89' lang='lat' dir='ltr'><strong>De</strong></span> <span class='ocrx_word' id='word_1_421' title='bbox 2476 4004 2774 4069; x_wconf 88' lang='lat' dir='ltr'><strong>ordinatis,</strong></span> <span class='ocrx_word' id='word_1_422' title='bbox 2804 4003 2850 4056; x_wconf 91' lang='lat' dir='ltr'><strong>si</strong></span> <span class='ocrx_word' id='word_1_423' title='bbox 2887 4001 3036 4072; x_wconf 87' lang='lat' dir='ltr'><strong>capti</strong></span> <span class='ocrx_word' id='word_1_424' title='bbox 3063 4000 3278 4055; x_wconf 85' lang='lat' dir='ltr'><strong>fuerint</strong></span> <span class='ocrx_word' id='word_1_425' title='bbox 3308 3999 3369 4053; x_wconf 88' lang='lat' dir='ltr'><strong>in</strong></span> <span class='ocrx_word' id='word_1_426' title='bbox 3396 3997 3809 4067; x_wconf 89' lang='lat' dir='ltr'><strong>fornicatione,</strong></span> 
     </span>
    </p>
   </div>
   <div class='ocr_carea' id='block_1_87' title="bbox 2177 4093 2762 4165">
    <p class='ocr_par' dir='ltr' id='par_1_87' title="bbox 2177 4093 2762 4165">
     <span class='ocr_line' id='line_1_89' title="bbox 2177 4093 2762 4165; baseline -0.007 -17"><span class='ocrx_word' id='word_1_427' title='bbox 2177 4095 2429 4165; x_wconf 86' lang='lat' dir='ltr'><strong>perjurio</strong></span> <span class='ocrx_word' id='word_1_428' title='bbox 2462 4097 2560 4147; x_wconf 89' lang='lat' dir='ltr'><strong>aut</strong></span> <span class='ocrx_word' id='word_1_429' title='bbox 2589 4093 2762 4145; x_wconf 89' lang='lat' dir='ltr'><strong>furto.</strong></span> 
     </span>
    </p>
   </div>
   <div class='ocr_carea' id='block_1_88' title="bbox 2107 4175 3432 4249">
    <p class='ocr_par' dir='ltr' id='par_1_88' title="bbox 2107 4175 3432 4249">
     <span class='ocr_line' id='line_1_90' title="bbox 2107 4175 3432 4249; baseline -0.007 -10"><span class='ocrx_word' id='word_1_430' title='bbox 2107 4185 2273 4239; x_wconf 91' lang='lat' dir='ltr'><strong>CXIX.</strong></span> <span class='ocrx_word' id='word_1_431' title='bbox 2313 4185 2388 4238; x_wconf 93' lang='lat' dir='ltr'><strong>De</strong></span> <span class='ocrx_word' id='word_1_432' title='bbox 2421 4181 2722 4249; x_wconf 85' lang='lat' dir='ltr'><strong>ordinatis,</strong></span> <span class='ocrx_word' id='word_1_433' title='bbox 2757 4181 2802 4232; x_wconf 89' lang='lat' dir='ltr'><strong>si</strong></span> <span class='ocrx_word' id='word_1_434' title='bbox 2829 4195 3031 4234; x_wconf 88' lang='lat' dir='ltr'><strong>usuras</strong></span> <span class='ocrx_word' id='word_1_435' title='bbox 3057 4175 3432 4231; x_wconf 87' lang='lat' dir='ltr'><strong>exercuerint.</strong></span> 
     </span>
    </p>
   </div>
   <div class='ocr_carea' id='block_1_89' title="bbox 2107 4272 2701 4326">
    <p class='ocr_par' dir='ltr' id='par_1_89' title="bbox 2107 4272 2701 4326">
     <span class='ocr_line' id='line_1_91' title="bbox 2107 4272 2701 4326; baseline -0.007 0"><span class='ocrx_word' id='word_1_436' title='bbox 2107 4274 2247 4326; x_wconf 89' lang='lat' dir='ltr'><strong>CXX.</strong></span> <span class='ocrx_word' id='word_1_437' title='bbox 2285 4274 2360 4326; x_wconf 91' lang='lat' dir='ltr'><strong>De</strong></span> <span class='ocrx_word' id='word_1_438' title='bbox 2390 4272 2588 4326; x_wconf 87' lang='lat' dir='ltr'><strong>eadem</strong></span> <span class='ocrx_word' id='word_1_439' title='bbox 2618 4286 2701 4324; x_wconf 89' lang='lat' dir='ltr'><strong>re.</strong></span> 
     </span>
    </p>
   </div>
   <div class='ocr_carea' id='block_1_90' title="bbox 303 4315 2733 4416">
    <p class='ocr_par' dir='ltr' id='par_1_90' title="bbox 303 4315 2733 4416">
     <span class='ocr_line' id='line_1_92' title="bbox 303 4315 2733 4416; baseline -0.003 -15"><span class='ocrx_word' id='word_1_440' title='bbox 303 4347 484 4401; x_wconf 88' lang='lat' dir='ltr'><strong>LXXX.</strong></span> <span class='ocrx_word' id='word_1_441' title='bbox 542 4345 612 4399; x_wconf 93' lang='lat' dir='ltr'><strong>Ut</strong></span> <span class='ocrx_word' id='word_1_442' title='bbox 660 4342 854 4396; x_wconf 90' lang='lat' dir='ltr'><strong>nullus</strong></span> <span class='ocrx_word' id='word_1_443' title='bbox 915 4341 1209 4394; x_wconf 89' lang='lat' dir='ltr'><strong>ordinatus</strong></span> <span class='ocrx_word' id='word_1_444' title='bbox 1279 4354 1383 4409; x_wconf 89' lang='lat' dir='ltr'><strong>per</strong></span> <span class='ocrx_word' id='word_1_445' title='bbox 1441 4339 1634 4391; x_wconf 89' lang='lat' dir='ltr'><strong>sancta</strong></span> <span class='ocrx_word' id='word_1_446' title='bbox 1689 4335 1992 4404; x_wconf 80' lang='lat' dir='ltr'><strong>discurrat,</strong></span> <span class='ocrx_word' id='word_1_447' title='bbox 2023 4315 2067 4368; x_wconf 80' lang='lat' dir='ltr'><strong>D</strong></span> 
     </span>
    </p>
   </div>
   <div class='ocr_carea' id='block_1_91' title="bbox 374 4429 1253 4489">
    <p class='ocr_par' dir='ltr' id='par_1_91' title="bbox 374 4429 1253 4489">
     <span class='ocr_line' id='line_1_93' title="bbox 374 4429 1253 4489; baseline -0.008 -1"><span class='ocrx_word' id='word_1_448' title='bbox 374 4433 622 4489; x_wconf 77' lang='lat' dir='ltr'><strong>ecclesiae</strong></span> <span class='ocrx_word' id='word_1_449' title='bbox 654 4448 770 4486; x_wconf 65' lang='lat' dir='ltr'><strong>suae</strong></span> <span class='ocrx_word' id='word_1_450' title='bbox 800 4445 936 4484; x_wconf 89' lang='lat' dir='ltr'><strong>cura</strong></span> <span class='ocrx_word' id='word_1_451' title='bbox 965 4429 1253 4483; x_wconf 85' lang='lat' dir='ltr'><strong>derelicta.</strong></span> 
     </span>
    </p>
   </div>
   <div class='ocr_carea' id='block_1_92' title="bbox 302 4513 1815 4588">
    <p class='ocr_par' dir='ltr' id='par_1_92' title="bbox 302 4513 1815 4588">
     <span class='ocr_line' id='line_1_94' title="bbox 302 4513 1815 4588; baseline -0.009 -10"><span class='ocrx_word' id='word_1_452' title='bbox 302 4523 511 4578; x_wconf 90' lang='lat' dir='ltr'><strong>LXXXI.</strong></span> <span class='ocrx_word' id='word_1_453' title='bbox 547 4523 624 4576; x_wconf 91' lang='lat' dir='ltr'><strong>De</strong></span> <span class='ocrx_word' id='word_1_454' title='bbox 656 4519 944 4574; x_wconf 90' lang='lat' dir='ltr'><strong>dominica</strong></span> <span class='ocrx_word' id='word_1_455' title='bbox 975 4517 1066 4571; x_wconf 90' lang='lat' dir='ltr'><strong>die</strong></span> <span class='ocrx_word' id='word_1_456' title='bbox 1093 4516 1343 4588; x_wconf 89' lang='lat' dir='ltr'><strong>qualiter</strong></span> <span class='ocrx_word' id='word_1_457' title='bbox 1374 4514 1444 4567; x_wconf 90' lang='lat' dir='ltr'><strong>sit</strong></span> <span class='ocrx_word' id='word_1_458' title='bbox 1473 4513 1815 4567; x_wconf 87' lang='lat' dir='ltr'><strong>veneranda.</strong></span> 
     </span>
    </p>
   </div>
   <div class='ocr_carea' id='block_1_93' title="bbox 305 4605 1278 4666">
    <p class='ocr_par' dir='ltr' id='par_1_93' title="bbox 305 4605 1278 4666">
     <span class='ocr_line' id='line_1_95' title="bbox 305 4605 1278 4666; baseline -0.008 0"><span class='ocrx_word' id='word_1_459' title='bbox 305 4611 538 4666; x_wconf 90' lang='lat' dir='ltr'><strong>LXXXII.</strong></span> <span class='ocrx_word' id='word_1_460' title='bbox 573 4610 714 4664; x_wconf 87' lang='lat' dir='ltr'><strong>Item</strong></span> <span class='ocrx_word' id='word_1_461' title='bbox 745 4609 813 4662; x_wconf 89' lang='lat' dir='ltr'><strong>de</strong></span> <span class='ocrx_word' id='word_1_462' title='bbox 837 4607 928 4662; x_wconf 90' lang='lat' dir='ltr'><strong>die</strong></span> <span class='ocrx_word' id='word_1_463' title='bbox 959 4605 1278 4661; x_wconf 86' lang='lat' dir='ltr'><strong>Dominica.</strong></span> 
     </span>
    </p>
   </div>
   <div class='ocr_carea' id='block_1_94' title="bbox 303 4697 1020 4755">
    <p class='ocr_par' dir='ltr' id='par_1_94' title="bbox 303 4697 1020 4755">
     <span class='ocr_line' id='line_1_96' title="bbox 303 4697 1020 4755; baseline -0.011 1"><span class='ocrx_word' id='word_1_464' title='bbox 303 4699 562 4755; x_wconf 90' lang='lat' dir='ltr'><strong>LXXXIII.</strong></span> <span class='ocrx_word' id='word_1_465' title='bbox 597 4699 674 4752; x_wconf 87' lang='lat' dir='ltr'><strong>De</strong></span> <span class='ocrx_word' id='word_1_466' title='bbox 710 4697 908 4751; x_wconf 88' lang='lat' dir='ltr'><strong>eadem</strong></span> <span class='ocrx_word' id='word_1_467' title='bbox 941 4711 1020 4748; x_wconf 93' lang='lat' dir='ltr'><strong>re.</strong></span> 
     </span>
    </p>
   </div>
   <div class='ocr_carea' id='block_1_95' title="bbox 305 4785 1008 4844">
    <p class='ocr_par' dir='ltr' id='par_1_95' title="bbox 305 4785 1008 4844">
     <span class='ocr_line' id='line_1_97' title="bbox 305 4785 1008 4844; baseline -0.01 0"><span class='ocrx_word' id='word_1_468' title='bbox 305 4789 553 4844; x_wconf 88' lang='lat' dir='ltr'><strong>LXXXIV.</strong></span> <span class='ocrx_word' id='word_1_469' title='bbox 587 4788 662 4842; x_wconf 92' lang='lat' dir='ltr'><strong>De</strong></span> <span class='ocrx_word' id='word_1_470' title='bbox 694 4785 893 4841; x_wconf 89' lang='lat' dir='ltr'><strong>eadem</strong></span> <span class='ocrx_word' id='word_1_471' title='bbox 927 4801 1008 4838; x_wconf 91' lang='lat' dir='ltr'><strong>re.</strong></span> 
     </span>
    </p>
   </div>
   <div class='ocr_carea' id='block_1_96' title="bbox 303 4893 990 4952">
    <p class='ocr_par' dir='ltr' id='par_1_96' title="bbox 303 4893 990 4952">
     <span class='ocr_line' id='line_1_98' title="bbox 303 4893 990 4952; baseline -0.015 0"><span class='ocrx_word' id='word_1_472' title='bbox 303 4897 534 4952; x_wconf 90' lang='lat' dir='ltr'><strong>LXXXV.</strong></span> <span class='ocrx_word' id='word_1_473' title='bbox 569 4897 645 4950; x_wconf 91' lang='lat' dir='ltr'><strong>De</strong></span> <span class='ocrx_word' id='word_1_474' title='bbox 679 4893 878 4947; x_wconf 83' lang='lat' dir='ltr'><strong>eadem</strong></span> <span class='ocrx_word' id='word_1_475' title='bbox 907 4905 990 4944; x_wconf 89' lang='lat' dir='ltr'><strong>re.</strong></span> 
     </span>
    </p>
   </div>
   <div class='ocr_carea' id='block_1_97' title="bbox 301 4981 1023 5041">
    <p class='ocr_par' dir='ltr' id='par_1_97' title="bbox 301 4981 1023 5041">
     <span class='ocr_line' id='line_1_99' title="bbox 301 4981 1023 5041; baseline -0.014 0"><span class='ocrx_word' id='word_1_476' title='bbox 301 4985 560 5041; x_wconf 89' lang='lat' dir='ltr'><strong>LXXXVI.</strong></span> <span class='ocrx_word' id='word_1_477' title='bbox 597 4985 674 5037; x_wconf 90' lang='lat' dir='ltr'><strong>De</strong></span> <span class='ocrx_word' id='word_1_478' title='bbox 709 4981 910 5036; x_wconf 89' lang='lat' dir='ltr'><strong>eadem</strong></span> <span class='ocrx_word' id='word_1_479' title='bbox 943 4995 1023 5032; x_wconf 87' lang='lat' dir='ltr'><strong>re.</strong></span> 
     </span>
    </p>
   </div>
   <div class='ocr_carea' id='block_1_98' title="bbox 299 5069 1041 5129">
    <p class='ocr_par' dir='ltr' id='par_1_98' title="bbox 299 5069 1041 5129">
     <span class='ocr_line' id='line_1_100' title="bbox 299 5069 1041 5129; baseline -0.016 0"><span class='ocrx_word' id='word_1_480' title='bbox 299 5073 581 5129; x_wconf 87' lang='lat' dir='ltr'><strong>LXXXVII.</strong></span> <span class='ocrx_word' id='word_1_481' title='bbox 617 5072 694 5125; x_wconf 92' lang='lat' dir='ltr'><strong>De</strong></span> <span class='ocrx_word' id='word_1_482' title='bbox 725 5069 929 5123; x_wconf 88' lang='lat' dir='ltr'><strong>eadem</strong></span> <span class='ocrx_word' id='word_1_483' title='bbox 961 5081 1041 5118; x_wconf 91' lang='lat' dir='ltr'><strong>re.</strong></span> 
     </span>
    </p>
   </div>
   <div class='ocr_carea' id='block_1_99' title="bbox 300 5148 1998 5220">
    <p class='ocr_par' dir='ltr' id='par_1_99' title="bbox 300 5148 1998 5220">
     <span class='ocr_line' id='line_1_101' title="bbox 300 5148 1998 5220; baseline -0.009 -2"><span class='ocrx_word' id='word_1_484' title='bbox 300 5161 610 5220; x_wconf 83' lang='lat' dir='ltr'><strong>LXXXVIII.</strong></span> <span class='ocrx_word' id='word_1_485' title='bbox 675 5159 746 5213; x_wconf 92' lang='lat' dir='ltr'><strong>Ut</strong></span> <span class='ocrx_word' id='word_1_486' title='bbox 809 5156 1003 5211; x_wconf 90' lang='lat' dir='ltr'><strong>nullus</strong></span> <span class='ocrx_word' id='word_1_487' title='bbox 1050 5151 1112 5205; x_wconf 91' lang='lat' dir='ltr'><strong>in</strong></span> <span class='ocrx_word' id='word_1_488' title='bbox 1176 5148 1487 5204; x_wconf 89' lang='lat' dir='ltr'><strong>Dominicis</strong></span> <span class='ocrx_word' id='word_1_489' title='bbox 1555 5148 1756 5203; x_wconf 88' lang='lat' dir='ltr'><strong>diebus</strong></span> <span class='ocrx_word' id='word_1_490' title='bbox 1810 5165 1998 5220; x_wconf 79' lang='lat' dir='ltr'><strong>genua</strong></span> 
     </span>
    </p>
   </div>
   <div class='ocr_carea' id='block_1_100' title="bbox 427 5255 578 5302">
    <p class='ocr_par' dir='ltr' id='par_1_100' title="bbox 427 5255 578 5302">
     <span class='ocr_line' id='line_1_102' title="bbox 427 5255 578 5302; baseline 0 0"><span class='ocrx_word' id='word_1_491' title='bbox 427 5255 578 5302; x_wconf 69' lang='lat' dir='ltr'><strong>actat.</strong></span> 
     </span>
    </p>
   </div>
   <div class='ocr_carea' id='block_1_101' title="bbox 301 5251 1997 5406">
    <p class='ocr_par' dir='ltr' id='par_1_101' title="bbox 301 5251 1997 5406">
     <span class='ocr_line' id='line_1_103' title="bbox 301 5251 1997 5406; baseline -0.009 -12"><span class='ocrx_word' id='word_1_492' title='bbox 301 5251 578 5394; x_wconf 28' lang='lat' dir='ltr'><strong>LXXXIX?</strong></span> <span class='ocrx_word' id='word_1_493' title='bbox 613 5337 683 5390; x_wconf 90' lang='lat' dir='ltr'><strong>Ut</strong></span> <span class='ocrx_word' id='word_1_494' title='bbox 733 5329 1056 5406; x_wconf 87' lang='lat' dir='ltr'><strong>presbyteri</strong></span> <span class='ocrx_word' id='word_1_495' title='bbox 1119 5327 1384 5399; x_wconf 86' lang='lat' dir='ltr'><strong>privatim</strong></span> <span class='ocrx_word' id='word_1_496' title='bbox 1452 5325 1716 5380; x_wconf 83' lang='lat' dir='ltr'><strong>ﬁdelibus</strong></span> <span class='ocrx_word' id='word_1_497' title='bbox 1782 5324 1997 5379; x_wconf 91' lang='lat' dir='ltr'><strong>deside-</strong></span> 
     </span>
    </p>
   </div>
   <div class='ocr_carea' id='block_1_102' title="bbox 370 5415 1998 5486">
    <p class='ocr_par' dir='ltr' id='par_1_102' title="bbox 370 5415 1998 5486">
     <span class='ocr_line' id='line_1_104' title="bbox 370 5415 1998 5486; baseline -0.009 -4"><span class='ocrx_word' id='word_1_498' title='bbox 370 5427 626 5482; x_wconf 80' lang='lat' dir='ltr'><strong>rantibus</strong></span> <span class='ocrx_word' id='word_1_499' title='bbox 685 5421 1044 5486; x_wconf 83' lang='lat' dir='ltr'><strong>benedicant,</strong></span> <span class='ocrx_word' id='word_1_500' title='bbox 1096 5423 1154 5471; x_wconf 92' lang='lat' dir='ltr'><strong>et</strong></span> <span class='ocrx_word' id='word_1_501' title='bbox 1204 5421 1266 5470; x_wconf 94' lang='lat' dir='ltr'><strong>ut</strong></span> <span class='ocrx_word' id='word_1_502' title='bbox 1317 5415 1505 5470; x_wconf 90' lang='lat' dir='ltr'><strong>omnis</strong></span> <span class='ocrx_word' id='word_1_503' title='bbox 1547 5415 1846 5485; x_wconf 83' lang='lat' dir='ltr'><strong>presbyter</strong></span> <span class='ocrx_word' id='word_1_504' title='bbox 1892 5430 1998 5484; x_wconf 90' lang='lat' dir='ltr'><strong>per</strong></span> 
     </span>
    </p>
   </div>
   <div class='ocr_carea' id='block_1_103' title="bbox 369 5503 1996 5582">
    <p class='ocr_par' dir='ltr' id='par_1_103' title="bbox 369 5503 1996 5582">
     <span class='ocr_line' id='line_1_105' title="bbox 369 5503 1996 5582; baseline -0.007 -13"><span class='ocrx_word' id='word_1_505' title='bbox 369 5513 635 5577; x_wconf 88' lang='lat' dir='ltr'><strong>familias,</strong></span> <span class='ocrx_word' id='word_1_506' title='bbox 693 5527 796 5582; x_wconf 93' lang='lat' dir='ltr'><strong>per</strong></span> <span class='ocrx_word' id='word_1_507' title='bbox 852 5524 1037 5578; x_wconf 83' lang='lat' dir='ltr'><strong>agros,</strong></span> <span class='ocrx_word' id='word_1_508' title='bbox 1091 5522 1196 5577; x_wconf 90' lang='lat' dir='ltr'><strong>per</strong></span> <span class='ocrx_word' id='word_1_509' title='bbox 1251 5505 1496 5575; x_wconf 88' lang='lat' dir='ltr'><strong>privatas</strong></span> <span class='ocrx_word' id='word_1_510' title='bbox 1551 5505 1755 5558; x_wconf 90' lang='lat' dir='ltr'><strong>domos</strong></span> <span class='ocrx_word' id='word_1_511' title='bbox 1789 5503 1996 5559; x_wconf 89' lang='lat' dir='ltr'><strong>habeat</strong></span> 
     </span>
    </p>
   </div>
   <div class='ocr_carea' id='block_1_104' title="bbox 369 5593 1426 5666">
    <p class='ocr_par' dir='ltr' id='par_1_104' title="bbox 369 5593 1426 5666">
     <span class='ocr_line' id='line_1_106' title="bbox 369 5593 1426 5666; baseline -0.009 -7"><span class='ocrx_word' id='word_1_512' title='bbox 369 5605 697 5660; x_wconf 86' lang='lat' dir='ltr'><strong>facultatem</strong></span> <span class='ocrx_word' id='word_1_513' title='bbox 727 5597 1154 5655; x_wconf 89' lang='lat' dir='ltr'><strong>benedictiones</strong></span> <span class='ocrx_word' id='word_1_514' title='bbox 1186 5593 1426 5666; x_wconf 76' lang='lat' dir='ltr'><strong>aperire.</strong></span> 
     </span>
    </p>
   </div>
   <div class='ocr_carea' id='block_1_105' title="bbox 2109 4449 2772 4504">
    <p class='ocr_par' dir='ltr' id='par_1_105' title="bbox 2109 4449 2772 4504">
     <span class='ocr_line' id='line_1_107' title="bbox 2109 4449 2772 4504; baseline -0.006 0"><span class='ocrx_word' id='word_1_515' title='bbox 2109 4450 2304 4504; x_wconf 89' lang='lat' dir='ltr'><strong>CXXII.</strong></span> <span class='ocrx_word' id='word_1_516' title='bbox 2341 4450 2418 4503; x_wconf 92' lang='lat' dir='ltr'><strong>De</strong></span> <span class='ocrx_word' id='word_1_517' title='bbox 2451 4449 2652 4502; x_wconf 89' lang='lat' dir='ltr'><strong>eadem</strong></span> <span class='ocrx_word' id='word_1_518' title='bbox 2690 4463 2772 4501; x_wconf 91' lang='lat' dir='ltr'><strong>re.</strong></span> 
     </span>
    </p>
   </div>
   <div class='ocr_carea' id='block_1_106' title="bbox 2109 4537 2779 4594">
    <p class='ocr_par' dir='ltr' id='par_1_106' title="bbox 2109 4537 2779 4594">
     <span class='ocr_line' id='line_1_108' title="bbox 2109 4537 2779 4594; baseline -0.006 0"><span class='ocrx_word' id='word_1_519' title='bbox 2109 4539 2328 4594; x_wconf 89' lang='lat' dir='ltr'><strong>CXXIII.</strong></span> <span class='ocrx_word' id='word_1_520' title='bbox 2365 4538 2442 4591; x_wconf 91' lang='lat' dir='ltr'><strong>De</strong></span> <span class='ocrx_word' id='word_1_521' title='bbox 2473 4537 2674 4590; x_wconf 90' lang='lat' dir='ltr'><strong>eadem</strong></span> <span class='ocrx_word' id='word_1_522' title='bbox 2698 4551 2779 4590; x_wconf 90' lang='lat' dir='ltr'><strong>re.</strong></span> 
     </span>
    </p>
   </div>
   <div class='ocr_carea' id='block_1_107' title="bbox 2109 4625 2767 4682">
    <p class='ocr_par' dir='ltr' id='par_1_107' title="bbox 2109 4625 2767 4682">
     <span class='ocr_line' id='line_1_109' title="bbox 2109 4625 2767 4682; baseline -0.009 0"><span class='ocrx_word' id='word_1_523' title='bbox 2109 4626 2324 4682; x_wconf 91' lang='lat' dir='ltr'><strong>CXXIV.</strong></span> <span class='ocrx_word' id='word_1_524' title='bbox 2357 4627 2435 4679; x_wconf 92' lang='lat' dir='ltr'><strong>De</strong></span> <span class='ocrx_word' id='word_1_525' title='bbox 2462 4625 2661 4678; x_wconf 91' lang='lat' dir='ltr'><strong>eadem</strong></span> <span class='ocrx_word' id='word_1_526' title='bbox 2685 4639 2767 4677; x_wconf 92' lang='lat' dir='ltr'><strong>re.</strong></span> 
     </span>
    </p>
   </div>
   <div class='ocr_carea' id='block_1_108' title="bbox 2109 4711 2899 4770">
    <p class='ocr_par' dir='ltr' id='par_1_108' title="bbox 2109 4711 2899 4770">
     <span class='ocr_line' id='line_1_110' title="bbox 2109 4711 2899 4770; baseline -0.008 0"><span class='ocrx_word' id='word_1_527' title='bbox 2109 4715 2296 4770; x_wconf 89' lang='lat' dir='ltr'><strong>CXXV.</strong></span> <span class='ocrx_word' id='word_1_528' title='bbox 2327 4715 2470 4768; x_wconf 91' lang='lat' dir='ltr'><strong>Item</strong></span> <span class='ocrx_word' id='word_1_529' title='bbox 2501 4713 2570 4768; x_wconf 93' lang='lat' dir='ltr'><strong>de</strong></span> <span class='ocrx_word' id='word_1_530' title='bbox 2603 4711 2899 4767; x_wconf 89' lang='lat' dir='ltr'><strong>usurariis.</strong></span> 
     </span>
    </p>
   </div>
   <div class='ocr_carea' id='block_1_109' title="bbox 2108 4801 2831 4865">
    <p class='ocr_par' dir='ltr' id='par_1_109' title="bbox 2108 4801 2831 4865">
     <span class='ocr_line' id='line_1_111' title="bbox 2108 4801 2831 4865; baseline -0.003 -8"><span class='ocrx_word' id='word_1_531' title='bbox 2108 4803 2324 4857; x_wconf 89' lang='lat' dir='ltr'><strong>CXXVI.</strong></span> <span class='ocrx_word' id='word_1_532' title='bbox 2358 4801 2508 4865; x_wconf 89' lang='lat' dir='ltr'><strong>Quid</strong></span> <span class='ocrx_word' id='word_1_533' title='bbox 2537 4802 2609 4854; x_wconf 92' lang='lat' dir='ltr'><strong>sit</strong></span> <span class='ocrx_word' id='word_1_534' title='bbox 2641 4817 2831 4855; x_wconf 90' lang='lat' dir='ltr'><strong>usura.</strong></span> 
     </span>
    </p>
   </div>
   <div class='ocr_carea' id='block_1_110' title="bbox 2107 4889 2806 4945">
    <p class='ocr_par' dir='ltr' id='par_1_110' title="bbox 2107 4889 2806 4945">
     <span class='ocr_line' id='line_1_112' title="bbox 2107 4889 2806 4945; baseline -0.001 0"><span class='ocrx_word' id='word_1_535' title='bbox 2107 4891 2348 4945; x_wconf 89' lang='lat' dir='ltr'><strong>CXXVII.</strong></span> <span class='ocrx_word' id='word_1_536' title='bbox 2387 4891 2464 4942; x_wconf 89' lang='lat' dir='ltr'><strong>De</strong></span> <span class='ocrx_word' id='word_1_537' title='bbox 2493 4889 2692 4942; x_wconf 89' lang='lat' dir='ltr'><strong>eadem</strong></span> <span class='ocrx_word' id='word_1_538' title='bbox 2724 4904 2806 4944; x_wconf 91' lang='lat' dir='ltr'><strong>re.</strong></span> 
     </span>
    </p>
   </div>
   <div class='ocr_carea' id='block_1_111' title="bbox 2108 4977 2826 5032">
    <p class='ocr_par' dir='ltr' id='par_1_111' title="bbox 2108 4977 2826 5032">
     <span class='ocr_line' id='line_1_113' title="bbox 2108 4977 2826 5032; baseline -0.003 0"><span class='ocrx_word' id='word_1_539' title='bbox 2108 4977 2378 5032; x_wconf 90' lang='lat' dir='ltr'><strong>CXXVIII.</strong></span> <span class='ocrx_word' id='word_1_540' title='bbox 2413 4979 2492 5031; x_wconf 92' lang='lat' dir='ltr'><strong>De</strong></span> <span class='ocrx_word' id='word_1_541' title='bbox 2515 4977 2716 5031; x_wconf 89' lang='lat' dir='ltr'><strong>eadem</strong></span> <span class='ocrx_word' id='word_1_542' title='bbox 2743 4993 2826 5030; x_wconf 93' lang='lat' dir='ltr'><strong>re.</strong></span> 
     </span>
    </p>
   </div>
   <div class='ocr_carea' id='block_1_112' title="bbox 2104 5061 3808 5122">
    <p class='ocr_par' dir='ltr' id='par_1_112' title="bbox 2104 5061 3808 5122">
     <span class='ocr_line' id='line_1_114' title="bbox 2104 5061 3808 5122; baseline -0.004 0"><span class='ocrx_word' id='word_1_543' title='bbox 2104 5067 2315 5122; x_wconf 89' lang='lat' dir='ltr'><strong>CXXIX.</strong></span> <span class='ocrx_word' id='word_1_544' title='bbox 2367 5067 2438 5120; x_wconf 91' lang='lat' dir='ltr'><strong>Ut</strong></span> <span class='ocrx_word' id='word_1_545' title='bbox 2465 5066 2659 5119; x_wconf 88' lang='lat' dir='ltr'><strong>nullus</strong></span> <span class='ocrx_word' id='word_1_546' title='bbox 2691 5081 2755 5118; x_wconf 83' lang='lat' dir='ltr'><strong>ex</strong></span> <span class='ocrx_word' id='word_1_547' title='bbox 2805 5063 3185 5117; x_wconf 85' lang='lat' dir='ltr'><strong>ecclesiastico</strong></span> <span class='ocrx_word' id='word_1_548' title='bbox 3227 5061 3429 5117; x_wconf 90' lang='lat' dir='ltr'><strong>ordine</strong></span> <span class='ocrx_word' id='word_1_549' title='bbox 3461 5061 3668 5116; x_wconf 87' lang='lat' dir='ltr'><strong>edendi</strong></span> <span class='ocrx_word' id='word_1_550' title='bbox 3718 5063 3808 5116; x_wconf 90' lang='lat' dir='ltr'><strong>vel</strong></span> 
     </span>
    </p>
   </div>
   <div class='ocr_carea' id='block_1_113' title="bbox 2177 5150 3416 5221">
    <p class='ocr_par' dir='ltr' id='par_1_113' title="bbox 2177 5150 3416 5221">
     <span class='ocr_line' id='line_1_115' title="bbox 2177 5150 3416 5221; baseline -0.003 -14"><span class='ocrx_word' id='word_1_551' title='bbox 2177 5153 2414 5208; x_wconf 89' lang='lat' dir='ltr'><strong>bibendi</strong></span> <span class='ocrx_word' id='word_1_552' title='bbox 2442 5169 2612 5206; x_wconf 89' lang='lat' dir='ltr'><strong>causa</strong></span> <span class='ocrx_word' id='word_1_553' title='bbox 2642 5152 2908 5206; x_wconf 87' lang='lat' dir='ltr'><strong>tabernas</strong></span> <span class='ocrx_word' id='word_1_554' title='bbox 2939 5150 3316 5221; x_wconf 81' lang='lat' dir='ltr'><strong>ingrediatur.</strong></span> <span class='ocrx_word' id='word_1_555' title='bbox 3403 5165 3416 5176; x_wconf 83' lang='lat'><strong>&#39;</strong></span> 
     </span>
    </p>
   </div>
   <div class='ocr_carea' id='block_1_114' title="bbox 2106 5236 3807 5306">
    <p class='ocr_par' dir='ltr' id='par_1_114' title="bbox 2106 5236 3807 5306">
     <span class='ocr_line' id='line_1_116' title="bbox 2106 5236 3807 5306; baseline -0.002 -12"><span class='ocrx_word' id='word_1_556' title='bbox 2106 5240 2290 5294; x_wconf 90' lang='lat' dir='ltr'><strong>CXXX.</strong></span> <span class='ocrx_word' id='word_1_557' title='bbox 2349 5240 2417 5292; x_wconf 93' lang='lat' dir='ltr'><strong>Ut</strong></span> <span class='ocrx_word' id='word_1_558' title='bbox 2475 5239 2667 5292; x_wconf 90' lang='lat' dir='ltr'><strong>nullus</strong></span> <span class='ocrx_word' id='word_1_559' title='bbox 2720 5254 2790 5292; x_wconf 79' lang='lat' dir='ltr'><strong>ex</strong></span> <span class='ocrx_word' id='word_1_560' title='bbox 2845 5253 3004 5291; x_wconf 89' lang='lat' dir='ltr'><strong>sacro</strong></span> <span class='ocrx_word' id='word_1_561' title='bbox 3062 5236 3263 5290; x_wconf 89' lang='lat' dir='ltr'><strong>ordine</strong></span> <span class='ocrx_word' id='word_1_562' title='bbox 3325 5236 3438 5290; x_wconf 89' lang='lat' dir='ltr'><strong>cibi</strong></span> <span class='ocrx_word' id='word_1_563' title='bbox 3490 5236 3576 5290; x_wconf 89' lang='lat' dir='ltr'><strong>vel</strong></span> <span class='ocrx_word' id='word_1_564' title='bbox 3635 5238 3807 5306; x_wconf 88' lang='lat' dir='ltr'><strong>potus</strong></span> 
     </span>
    </p>
   </div>
   <div class='ocr_carea' id='block_1_115' title="bbox 2175 5326 3047 5398">
    <p class='ocr_par' dir='ltr' id='par_1_115' title="bbox 2175 5326 3047 5398">
     <span class='ocr_line' id='line_1_117' title="bbox 2175 5326 3047 5398; baseline -0.002 -16"><span class='ocrx_word' id='word_1_565' title='bbox 2175 5345 2343 5382; x_wconf 90' lang='lat' dir='ltr'><strong>causa</strong></span> <span class='ocrx_word' id='word_1_566' title='bbox 2373 5327 2638 5382; x_wconf 87' lang='lat' dir='ltr'><strong>tabernas</strong></span> <span class='ocrx_word' id='word_1_567' title='bbox 2668 5326 3047 5398; x_wconf 80' lang='lat' dir='ltr'><strong>ingrediatur.</strong></span> 
     </span>
    </p>
   </div>
   <div class='ocr_carea' id='block_1_116' title="bbox 2104 5417 2773 5472">
    <p class='ocr_par' dir='ltr' id='par_1_116' title="bbox 2104 5417 2773 5472">
     <span class='ocr_line' id='line_1_118' title="bbox 2104 5417 2773 5472; baseline 0 0"><span class='ocrx_word' id='word_1_568' title='bbox 2104 5418 2314 5472; x_wconf 89' lang='lat' dir='ltr'><strong>CXXXI.</strong></span> <span class='ocrx_word' id='word_1_569' title='bbox 2356 5419 2431 5471; x_wconf 91' lang='lat' dir='ltr'><strong>De</strong></span> <span class='ocrx_word' id='word_1_570' title='bbox 2455 5417 2654 5471; x_wconf 90' lang='lat' dir='ltr'><strong>eadem</strong></span> <span class='ocrx_word' id='word_1_571' title='bbox 2691 5433 2773 5472; x_wconf 89' lang='lat' dir='ltr'><strong>re.</strong></span> 
     </span>
    </p>
   </div>
   <div class='ocr_carea' id='block_1_117' title="bbox 2105 5502 3807 5576">
    <p class='ocr_par' dir='ltr' id='par_1_117' title="bbox 2105 5502 3807 5576">
     <span class='ocr_line' id='line_1_119' title="bbox 2105 5502 3807 5576; baseline -0.003 -13"><span class='ocrx_word' id='word_1_572' title='bbox 2105 5507 2340 5563; x_wconf 89' lang='lat' dir='ltr'><strong>CXXXII.</strong></span> <span class='ocrx_word' id='word_1_573' title='bbox 2396 5507 2468 5561; x_wconf 92' lang='lat' dir='ltr'><strong>Ut</strong></span> <span class='ocrx_word' id='word_1_574' title='bbox 2497 5506 2581 5560; x_wconf 92' lang='lat' dir='ltr'><strong>illi</strong></span> <span class='ocrx_word' id='word_1_575' title='bbox 2611 5506 2818 5576; x_wconf 89' lang='lat' dir='ltr'><strong>quibus</strong></span> <span class='ocrx_word' id='word_1_576' title='bbox 2859 5521 3068 5560; x_wconf 83' lang='lat' dir='ltr'><strong>uxores</strong></span> <span class='ocrx_word' id='word_1_577' title='bbox 3115 5503 3360 5560; x_wconf 84' lang='lat' dir='ltr'><strong>ducendi</strong></span> <span class='ocrx_word' id='word_1_578' title='bbox 3407 5502 3627 5557; x_wconf 88' lang='lat' dir='ltr'><strong>licitum</strong></span> <span class='ocrx_word' id='word_1_579' title='bbox 3685 5519 3807 5558; x_wconf 85' lang='lat' dir='ltr'><strong>non</strong></span> 
     </span>
    </p>
   </div>
   <div class='ocr_carea' id='block_1_118' title="bbox 2173 5591 3117 5663">
    <p class='ocr_par' dir='ltr' id='par_1_118' title="bbox 2173 5591 3117 5663">
     <span class='ocr_line' id='line_1_120' title="bbox 2173 5591 3117 5663; baseline -0.002 -15"><span class='ocrx_word' id='word_1_580' title='bbox 2173 5597 2280 5661; x_wconf 88' lang='lat' dir='ltr'><strong>est,</strong></span> <span class='ocrx_word' id='word_1_581' title='bbox 2313 5591 2558 5646; x_wconf 87' lang='lat' dir='ltr'><strong>aliorum</strong></span> <span class='ocrx_word' id='word_1_582' title='bbox 2587 5591 2818 5663; x_wconf 87' lang='lat' dir='ltr'><strong>nuptias</strong></span> <span class='ocrx_word' id='word_1_583' title='bbox 2846 5591 3117 5647; x_wconf 90' lang='lat' dir='ltr'><strong>devitent.</strong></span> 
     </span>
    </p>
   </div>
  </div>
