3956 6358
85 416 172 466 621
974 418 1484 499 _DECRETORUM
1525 424 1715 479 LIBRI
1752 425 1858 480 XX.
1903 456 1968 464 —
2010 426 2219 481 LIBER
2258 427 2636 485 SECUNDUS.

3470 440 3575 492 622

86 538 343 592 CXXXIII.
379 541 536 600 Quod
584 557 701 594 non
733 545 955 611 oportet
984 541 1045 596 in
1085 543 1299 613 bigami
1332 545 1546 615 nuptiis
1594 563 1767 616 pran-
1797 551 1843 601 A
1884 548 2106 602 CLXIII.
2140 551 2216 602 De
2247 550 2448 604 eadem
2473 567 2554 606 re.

149 628 281 680 dere
315 629 733 699 presbyterum.

86 716 338 769 CXXXIV.
376 718 452 770 De
478 717 675 770 eadem
704 733 785 771 re.

87 804 311 857 CXXXV.
349 805 429 857 De
457 805 656 858 eadem
690 821 770 859 re.

88 892 339 946 CXXXVI.
393 894 459 947 Ut
516 894 707 948 nullus
762 894 999 947 clericus
1045 895 1105 948 in
1158 895 1269 949 alia
1317 897 1541 953 civitate
1592 899 1774 953 susci-

151 982 341 1050 piatur
366 981 490 1035 sine
517 983 1001 1036 commendatitiis
1033 984 1309 1053 epistolis.

88 1070 365 1123 CXXXVII.
400 1072 479 1123 De
509 1071 711 1124 eadem
743 1088 824 1125 re.

89 1159 397 1212 CXXXVIII.
444 1160 523 1212 De
553 1160 770 1212 clericis
804 1159 1076 1230 fugitivis,
1130 1178 1200 1215 ne
1227 1162 1297 1216 ab
1329 1162 1458 1216 aliis
1486 1164 1773 1233 recipian-

154 1252 261 1299 tur.

89 1336 337 1389 CXXXIX.
390 1336 458 1390 Ut
512 1336 807 1407 peregrini
850 1336 1040 1391 clerici
1094 1338 1217 1392 sine
1258 1338 1463 1393 litteris
1511 1340 1598 1393 sui
1646 1340 1773 1411 epi-

154 1426 307 1495 scopi
336 1442 450 1479 non
476 1426 849 1496 recipiantur.

87 1514 223 1567 CXL.
258 1515 327 1566 Ut
357 1513 546 1566 clerici
578 1513 638 1566 in
686 1514 868 1567 aliena
901 1514 1126 1569 civitate
1176 1532 1286 1569 non
1338 1522 1629 1583 maneant,
1664 1516 1772 1571 nisi

152 1601 455 1670 episcopus
485 1602 593 1655 loci
625 1618 812 1656 mores
843 1618 1045 1656 eorum
1074 1604 1401 1673 prmvideat.

87 1690 250 1743 CXLI.
305 1692 384 1744 De
424 1691 644 1744 clericis
694 1695 749 1744 et
782 1693 1073 1746 monachis
1104 1693 1205 1763 qui
1249 1692 1371 1746 sine
1405 1693 1607 1747 litteris
1652 1694 1773 1764 epi-

152 1779 308 1848 scopi
337 1780 426 1833 sui
457 1785 753 1847 vagantur.

86 1868 280 1921 CXLII.
319 1869 394 1921 De
423 1870 621 1922 eadem
656 1885 736 1922 re.

88 1956 309 2011 CXLIII.
346 1958 415 2011 Ut
465 1958 814 2026 pauperibus
861 1962 916 2011 et
946 1957 1335 2027 indigentibus
1368 1958 1595 2027 auxilio,
1644 1975 1773 2012 cum

153 2045 611 2114 proﬁciscuntur,
662 2045 912 2115 paciﬁcis
942 2046 1146 2099 litteris
1195 2046 1268 2100 sit
1298 2047 1771 2101 subveniendum.

90 2134 299 2188 CXLIV.
352 2135 421 2187 Ut
462 2133 546 2187 illi
605 2132 793 2187 clerici
839 2134 939 2204 qui
986 2134 1045 2186 in
1094 2133 1231 2187 alias
1278 2135 1597 2204 provincias
1645 2152 1776 2189 suos

152 2227 474 2291 sequuntur
522 2223 796 2289 seniores,
837 2222 959 2275 sine
1005 2222 1250 2276 formata
1290 2222 1614 2277 ministrare
1662 2240 1776 2277 non

151 2311 580 2379 permittantur.

87 2400 271 2452 CXLV.
325 2399 490 2462 Quod
542 2398 747 2453 clerico
798 2415 913 2452 non
970 2399 1138 2452 liceat
1194 2399 1410 2453 alienas
1466 2399 1776 2469 possessio-

151 2505 250 2541 nes
300 2488 628 2542 conducere
660 2494 760 2543 aut
803 2488 1171 2542 szecularibus
1203 2505 1261 2542 se
1292 2488 1536 2559 negotiis
1578 2488 1779 2542 immi—

150 2592 326 2628 scere.

87 2661 296 2715 CXLVI.
334 2662 401 2715 Ut
435 2662 626 2715 nullus
672 2661 851 2715 laicus
899 2662 1299 2732 presbyterum
1348 2678 1513 2715 suum
1561 2662 1775 2716 villica-

153 2749 296 2802 tioni
328 2749 623 2819 implicare
654 2756 983 2821 praesumat.

85 2838 328 2892 CXLVII.
365 2840 443 2892 De
488 2839 602 2891 illis
644 2840 988 2911 presbyteris
1030 2839 1131 2910 qui
1178 2844 1380 2894 contra
1428 2845 1640 2894 statuta
1690 2856 1779 2893 ca-

153 2942 374 2980 nonum
419 2927 592 2980 villici
620 2927 785 2993 ﬁunt,
821 2934 877 2981 et
906 2927 1033 2981 aliis
1076 2928 1183 2981 sibi
1213 2945 1330 2982 non
1362 2928 1640 2982 concessis
1669 2928 1777 2981 im-

152 3015 443 3084 plicantur
468 3017 729 3086 negotiis,
768 3016 1031 3087 vitiisque
1067 3032 1179 3070 non
1210 3017 1597 3071 admittendis.

1883 636 2099 690 CLXIV.
2138 639 2213 690 De
2244 638 2445 691 eadem
2480 655 2559 693 re.

1883 724 2074 777 CLXV.
2110 726 2187 778 Ne
2213 726 2423 794 clerici,
2470 743 2694 781 necnon
2737 728 2847 781 viri
2875 730 3154 800 religiosi,
3200 738 3333 788 ante
3374 734 3575 788 horam

1952 812 2178 865 tertiam
2205 813 2460 867 convivia
2491 815 2704 868 ineant.

1885 898 2101 953 CLXVI.
2133 902 2210 954 De
2240 900 2602 972 presbyteris,
2635 909 2699 957 ut
2728 904 3040 974 hospitales
3069 906 3201 961 sint.

1883 986 2129 1041 CLXVII.
2158 990 2237 1042 De
2267 990 2466 1043 eadem
2500 1006 2581 1044 re.

1882 1075 2150 1130 CLXVIII.
2187 1078 2601 1147 Utpresbyteri
2633 1079 2827 1149 plebes
2859 1098 2988 1135 suas
3034 1088 3097 1136 ut
3125 1083 3435 1153 hospitales
3465 1084 3578 1141 sint

1953 1164 2323 1218 admoneant.

1883 1251 2095 1306 CLXIX.
2150 1254 2220 1307 Ut
2266 1252 2405 1307 cibis
2458 1255 2816 1310 sacerdotum
2869 1274 3096 1328 semper
3156 1260 3323 1314 lectio
3383 1261 3577 1316 divina

1952 1340 2272 1394 misceatur.

1880 1426 2068 1480 CLXX.
2104 1427 2182 1480 De
2213 1427 2432 1481 clericis
2462 1428 2841 1500 intemperate
2868 1431 3209 1488 viventibus.

1888 1516 2099 1569 CLXXI.
2136 1518 2214 1570 De
2245 1518 2465 1571 clericis
2494 1520 2850 1574 scurrilibus.

1884 1603 2123 1657 CLXXII.
2160 1606 2236 1657 De
2270 1605 2469 1659 eadem
2496 1622 2576 1660 re.

1882 1692 2149 1747 CLXXIII.
2186 1694 2252 1747 Ut
2282 1695 2517 1747 clericus
2545 1695 2843 1764 lidejussor
2873 1713 2989 1751 non
3019 1698 3109 1752 sit.

1805 1823 1846 1875 B
1888 1780 2145 1875 CLXXIV.
2176 1782 2244 1834 Ut
2272 1782 2510 1875 clericus
2541 1784 2776 1837 barbam
2808 1801 2925 1838 non
2952 1785 3185 1841 nutriat.

1886 1866 2126 1921 CLXXV.
2171 1869 2249 1921 De
2279 1868 2497 1922 clericis
2526 1886 2630 1939 per
2660 1877 2976 1925 creaturam
3002 1874 3354 1943 jurantibus.

1884 1954 2147 2009 CLXXVI.
2194 1958 2269 2008 De
2321 1957 2541 2010 clericis
2591 1959 2691 2028 qui
2733 1960 3156 2015 adulationibus
3200 1968 3256 2016 et
3300 1963 3576 2032 proditio-

1956 2044 2126 2097 nibus
2155 2060 2353 2097 vacare
2385 2046 2911 2116 deprehenduntur.

1884 2132 2170 2186 CLXXVII.
2230 2134 2306 2186 De
2360 2134 2634 2188 ordinatis
2683 2137 2782 2205 qui
2830 2138 3013 2190 solent
3061 2143 3260 2193 contra
3306 2140 3569 2194 ecclesia-

1955 2220 2094 2273 stica
2150 2221 2420 2275 mandata
2473 2222 2710 2277 auribus
2771 2224 3057 2295 principis
3108 2226 3429 2281 molestiam
3487 2228 3576 2282 in-

1953 2308 2121 2362 ferre.

1885 2396 2199 2451 CLXXVIII.
2237 2398 2315 2451 De
2358 2397 2472 2451 illis
2501 2398 2600 2468 qui
2644 2399 2923 2469 episcopis
2966 2401 3082 2455 suis
3113 2418 3183 2455 ne
3234 2418 3330 2457 eos
3358 2404 3428 2457 ad
3457 2420 3579 2458 am—

1954 2485 2197 2555 pliorem
2223 2486 2501 2539 honorem
2530 2486 2591 2540 in
2622 2488 2865 2541 Ecclesia
2890 2505 2991 2542 sua
3018 2496 3417 2559 promoveant,
3449 2508 3579 2547 con-

1953 2574 2260 2627 tradicunt.

1885 2662 2138 2715 CLXXIX.
2198 2663 2275 2715 De
2328 2662 2660 2732 presbytero
2709 2668 2862 2717 certo
2909 2664 3149 2719 crimine
3203 2666 3487 2737 deposito,
3534 2668 3582 2721 si

1956 2750 2026 2803 de
2066 2749 2385 2803 ministerio
2432 2750 2543 2805 sibi
2585 2750 2888 2806 interdicto
2934 2752 3154 2823 aliquid
3210 2770 3380 2824 agere
3429 2770 3581 2825 pre-

1956 2838 2283 2908 sumpserit.

1887 2926 2112 2980 CLXXX.
2176 2928 2253 2980 De
2316 2926 2645 2997 presbytero
2703 2929 2790 2982 vel
2848 2928 3088 2983 diacono
3135 2930 3426 2999 damnato,
3482 2931 3581 3001 qui

1956 3014 2317 3082 imperatoris
2349 3014 2584 3069 auribus
2612 3016 2886 3070 molestus
2917 3017 3214 3073 exstiterit.

86 3105 357 3157 CXLVIII.
407 3105 561 3159 Nulli
610 3105 970 3172 clericorum,
1019 3121 1090 3159 ne
1134 3105 1481 3160 subdiacono
1521 3105 1773 3176 quidem,
1810 3100 1850 3154 C
1889 3103 2141 3157 CLXXXI.
2197 3104 2275 3155 De
2332 3102 2663 3173 presbytero
2722 3105 2820 3175 qui
2869 3105 3058 3175 pravis
3108 3106 3384 3177 exemplis
3433 3108 3584 3161 mala

153 3192 508 3247 connubium
537 3194 761 3247 carnale
793 3194 1138 3247 conceditur.

84 3282 297 3335 CXLIX.
353 3282 432 3335 De
482 3281 833 3353 principibus
886 3282 987 3352 qui
1032 3282 1218 3336 solent
1273 3299 1405 3335 suos
1459 3281 1779 3337 sacerdotes

145 3370 471 3439 judicandis
501 3370 834 3424 ministeriis
864 3371 1160 3440 deputare.

82 3458 180 3512 CL.
215 3460 293 3512 De
339 3458 454 3511 illis
488 3456 585 3528 qui
618 3459 733 3511 Deo
765 3458 976 3511 servire
1020 3458 1357 3527 disponunt,
1408 3462 1471 3511 ut
1499 3458 1568 3512 ad
1602 3457 1777 3511 mini-

149 3546 491 3600 strationem
520 3546 825 3599 domorum
856 3562 971 3599 non
1003 3546 1292 3599 accedant.

79 3636 207 3689 CLI.
263 3636 408 3688 Item
456 3634 504 3687 si
546 3634 714 3688 liceat
760 3634 1012 3706 aliquem
1060 3650 1128 3688 ex
1176 3634 1326 3689 clero
1374 3635 1777 3689 conductorem

147 3723 505 3794 privatorum
536 3723 662 3777 ﬁeri
674 3764 688 3778 .

34 3810 35 3813 “
80 3813 238 3867 CLII.
276 3812 350 3866 Ut
377 3812 424 3865 si
471 3811 715 3882 quilibet
760 3811 1057 3865 ordinatus
1105 3811 1255 3865 infra
1299 3827 1491 3865 muros
1539 3810 1779 3864 civitatis

148 3917 412 3966 manens,
446 3906 504 3954 et
532 3900 603 3954 ad
648 3901 988 3954 sacriﬁcium
1019 3900 1420 3972 quotidianum
1459 3916 1575 3953 non
1608 3916 1777 3953 vene-

149 3991 249 4055 rit,
281 3990 524 4043 clericus
550 4006 665 4043 non
695 3989 996 4043 habeatur.

84 4078 269 4132 CLIII.
306 4080 384 4132 De
415 4079 614 4132 eadem
648 4095 727 4132 re.

84 4167 262 4221 CLIV.
310 4167 471 4229 Quod
506 4183 706 4221 omnes
756 4166 1080 4220 sacerdotes
1111 4164 1337 4219 Domini
1385 4168 1648 4235 oporteat
1679 4163 1776 4218 do-

151 4256 293 4321 ceri,
321 4260 383 4307 ut
410 4260 648 4308 caeteros
674 4256 960 4308 instruant
989 4258 1044 4307 et
1072 4252 1177 4306 sibi
1207 4252 1535 4323 proﬁciant.

1958 3191 2025 3244 de
2058 3208 2115 3244 se
2148 3191 2426 3261 suspicari
2457 3193 2805 3261 permiserit.

1888 3279 2166 3333 CLXXXII.
2204 3280 2279 3331 De
2311 3280 2512 3334 eadem
2542 3296 2624 3334 re.

1887 3368 2193 3422 CLXXXIII.
2246 3368 2303 3421 Si
2357 3369 2595 3422 clericus
2624 3369 2891 3423 adversus
2938 3370 3204 3423 clericum
3255 3370 3429 3423 habet
3476 3386 3579 3424 ne-

1957 3456 2198 3525 gotium,
2234 3460 2297 3508 ut
2327 3457 2396 3509 ad
2428 3456 2721 3509 saacularia
2752 3473 2863 3509 non
2892 3463 3147 3511 recurrat
3165 3457 3399 3527 judicia.

1887 3544 2186 3597 CLXXXIV.
2246 3545 2324 3596 De
2377 3544 2722 3613 presbyteris
2782 3545 2882 3615 qui
2932 3562 2965 3599 a
3015 3545 3278 3615 plebibus
3333 3542 3579 3600 infama-

1952 3632 2189 3698 buntur,
2224 3632 2512 3702 quomodo
2545 3633 2779 3703 purgari
2810 3634 3075 3688 debeant.

1887 3720 2159 3774 CLXXXV.
2217 3720 2275 3775 Si
2327 3720 2531 3791 aliquis
2580 3738 2646 3775 ex
2707 3722 2984 3775 ordinatis
3036 3722 3104 3776 ab
3160 3722 3426 3793 episcopo
3479 3739 3583 3777 suo

1959 3808 2261 3861 damnatus
2292 3808 2487 3876 fuerit,
2523 3813 2585 3863 ut
2630 3825 2748 3862 non
2779 3810 2983 3864 debeat
3026 3811 3097 3864 ab
3140 3811 3333 3882 aliquo
3383 3811 3582 3865 defen-

1960 3912 2091 3950 sari.

1888 3985 2189 4041 CLXXXVI.
2226 3986 2303 4039 De
2329 3986 2665 4055 presbytero
2698 4002 2729 4039 a
2752 3986 2968 4056 populo
3000 3992 3278 4040 accusato.

1892 4074 2225 4128 CLXXXVII.
2283 4075 2361 4126 De
2410 4074 2625 4127 clericis
2674 4075 2947 4127 convictis
2983 4080 3039 4128 et
3068 4075 3357 4141 confessis,
3402 4075 3450 4127 si
3490 4075 3584 4129 in-

1960 4165 2048 4214 tra
2077 4177 2293 4214 annum
2341 4178 2570 4215 causam
2616 4179 2777 4215 suam
2821 4178 3069 4232 purgare
3111 4163 3584 4233 contempserint,

1961 4249 2119 4301 nulla
2149 4265 2257 4302 vox
2288 4266 2491 4303 eorum
2524 4256 2653 4319 post
2688 4251 2967 4304 audiatur.

34 4392 39 4429 ἱ
83 4343 230 4396 CLV.
267 4343 340 4397 Ut
377 4342 591 4413 singuli
635 4342 951 4413 presbyteri
1000 4342 1240 4411 singulis
1289 4340 1453 4395 annis
1500 4357 1603 4394 suo
1652 4340 1778 4411 epi-
1819 4383 1865 4436 Β
1895 4336 2247 4390 CLXXXVIII.
2304 4338 2370 4391 Ut
2399 4338 2592 4391 nullus
2623 4353 2689 4391 ex
2719 4337 2992 4391 ordinatis
3040 4337 3185 4392 laico
3213 4338 3407 4408 jurare
3437 4354 3585 4408 pras-

148 4447 325 4502 scopo
352 4432 422 4486 de
450 4431 767 4485 ministerio
797 4448 898 4485 suo
928 4431 1212 4485 rationem
1244 4430 1503 4484 reddant.

1966 4431 2171 4478 sumat.

82 4520 266 4574 CLVI.
304 4520 375 4574 Ut
404 4520 592 4574 omnis
616 4520 915 4591 presbyter
946 4518 1054 4574 sibi
1083 4518 1338 4572 subditos
1365 4518 1537 4572 ﬁdem
1567 4516 1781 4571 discere
1893 4514 2188 4568 CLXXXIX.
2260 4512 2317 4567 Si
2374 4514 2675 4585 presbyter
2722 4519 2823 4568 aut
2876 4515 3152 4570 diaconus
3218 4515 3277 4570 in
3339 4515 3586 4571 fornica-

149 4608 531 4678 constringat.

84 4698 289 4751 CLVII.
326 4698 561 4761 Qualem
612 4696 1030 4766 professionem
1060 4695 1421 4765 presbyteros
1451 4698 1550 4747 aut
1593 4693 1782 4747 diaco-

1963 4602 2141 4669 tione,
2172 4606 2269 4655 aut
2300 4602 2576 4673 perjurio,
2622 4608 2720 4657 aut
2758 4604 2910 4657 furto
2938 4608 3136 4675 captus
3164 4604 3357 4671 fuerit,
3390 4605 3459 4659 ab
3504 4606 3587 4660 of-

1964 4690 2093 4744 ﬁcio
2122 4690 2520 4759 suspendatur.

148 4801 259 4839 nos
289 4802 394 4838 suo
422 4785 692 4855 episcopo
740 4788 999 4854 oporteat
1029 4783 1233 4849 facere,
1277 4783 1505 4854 quando
1550 4798 1655 4852 per
1680 4798 1786 4851 pa-
1895 4780 2038 4834 CXC.
2095 4780 2172 4832 De
2218 4778 2516 4845 ordinatis,
2550 4779 2598 4832 si
2626 4780 2834 4851 aliquis
2882 4781 3114 4836 illorum
3161 4798 3464 4853 percussor
3493 4799 3586 4836 ex-

148 4873 379 4928 rochias
406 4872 850 4929 constituantur.

34 5008 43 5023 .
80 4962 317 5016 CLVIII.
352 4961 504 5015 Nulli
534 4961 815 5015 monacho
842 4976 957 5014 non
989 4959 1291 5025 sacerdoti,
1317 4959 1405 5013 vel
1430 4958 1575 5011 laico
1609 4974 1786 5029 quan-

152 5050 429 5105 tumlibet
456 5050 677 5104 erudito
707 5049 1022 5120 prmdicare
1052 5048 1429 5119 permittitur.

79 5140 258 5195 CLIX.
292 5139 364 5194 Ut
395 5138 744 5209 parochiarii
788 5138 979 5192 clerici
1026 5139 1097 5193 ab
1138 5136 1419 5207 episc0pis
1468 5136 1584 5188 suis
1616 5151 1787 5189 cano-

154 5245 262 5283 nes
292 5229 532 5281 discant.
568 5210 583 5225 ’

85 5317 235 5371 CLX.
290 5316 455 5380 Quod
505 5314 647 5369 nulli
698 5313 1056 5368 sacerdotum
1108 5328 1352 5366 canones
1403 5312 1573 5365 liceat
1618 5310 1790 5380 igno-

157 5423 221 5460 ra
231 5422 312 5460 re.

86 5496 264 5550 CLXI.
320 5495 399 5548 De
450 5492 795 5564 presbyteris
836 5490 1282 5562 parochialibus,
1334 5504 1465 5542 cum
1510 5502 1790 5542 convene-

36 5610 49 5625 ο
155 5586 302 5653 rint,
334 5588 397 5637 ut
425 5599 485 5637 se
516 5581 803 5636 inebriare
829 5597 945 5635 non
974 5579 1239 5635 audeant.

88 5674 292 5728 CLXII.
330 5673 407 5726 De
440 5672 641 5726 eadem
672 5687 752 5728 re.

1965 4867 2190 4922 stiterit.

1895 4957 2065 5011 CXCI.
2120 4956 2197 5009 De
2256 4955 2604 5026 presbyteris
2651 4956 2752 5027 qui
2796 4962 3031 5028 propter
3082 4975 3243 5013 suam
3290 4960 3589 5031 negligen-

1967 5046 2107 5100 tiam
2139 5045 2545 5115 degradantur.

1898 5135 2096 5189 CXCII.
2131 5135 2208 5187 De
2238 5134 2534 5200 ordinatis,
2563 5135 2611 5187 si
2640 5134 2850 5204 injuste
2881 5135 3181 5205 degradati
3208 5137 3443 5193 fuerint.

1899 5223 2123 5277 CXCIII.
2179 5224 2257 5276 De
2289 5223 2565 5277 ordinatis
2613 5223 2713 5293 qui
2743 5223 3076 5295 episcopum
3120 5226 3421 5296 proprium
3464 5243 3594 5281 con-

1970 5316 2260 5366 temnunt.

1902 5400 2118 5454 CXCIV.
2172 5399 2228 5453 Si
2274 5400 2575 5471 presbyter
2617 5406 2814 5454 contra
2846 5417 3013 5454 suum
3051 5401 3380 5474 episcopum
3429 5404 3596 5459 inﬂa-

1976 5492 2062 5541 tus
2096 5487 2342 5541 schisma
2372 5489 2587 5555 fecerit,
2618 5494 2680 5544 ut
2707 5489 3238 5545 anathematizetur.

1904 5577 2094 5632 CXCV.
2128 5577 2207 5629 De
2236 5576 2352 5630 illis
2378 5578 2479 5649 qui
2505 5578 2757 5650 aliquem
2789 5596 2859 5634 ex
2889 5578 3164 5634 ordinatis
3191 5580 3332 5636 falso
3359 5581 3598 5637 crimine

1974 5664 2341 5735 appetierint.
