3956 6332
344 351 448 403 623

1417 346 1824 402 BURCHARDI
1863 341 2397 398 WORMACIENSIS
2436 340 2770 397 EPISCOPI.
3752 342 3853 395 624

347 469 563 526 CXCVI.
597 470 669 524 Ut
696 467 1028 522 criminator
1065 467 1280 521 crimen
1312 466 1600 520 criminati
1648 465 1852 520 litteris
1881 479 2044 518 com-
2071 466 2118 517 A
2157 460 2406 514 CCXVII.
2433 460 2510 513 De
2544 459 2742 512 eadem
2775 473 2854 512 re.

418 560 788 630 prehensum,
833 562 963 610 ante
1013 556 1434 610 accusationem
1485 555 1753 626 episcopo
1803 569 1905 607 suo
1953 568 2044 605 re-

421 650 752 718 praesentet.

354 735 596 790 CXCVII.
635 735 702 788 Ut
730 735 922 787 nullus
964 749 1029 787 ex
1061 733 1340 788 ordinatis
1389 748 1446 785 se
1476 731 1796 803 proclamet
1843 729 1903 784 in
1950 745 2048 798 sy-

424 823 572 876 nodo
602 822 714 875 nisi
744 821 986 892 scriptis.

355 911 624 966 CXCVIII.
666 912 744 963 De
792 909 1128 962 clericorum
1173 909 1621 976 accusatoribus,
1663 907 1710 961 si
1759 923 1939 961 unum
1983 921 2048 959 ex

425 999 657 1069 objectis
708 997 950 1067 probare
1002 1014 1120 1051 non
1180 997 1493 1068 potuerint,
1550 997 1620 1051 ad
1672 1000 1878 1050 caetera
1931 1010 2051 1049 non

424 1086 819 1140 admittantur.

354 1177 564 1230 CXCIX.
602 1176 677 1228 De
709 1173 974 1244 episcopo
1025 1177 1124 1227 aut
1171 1174 1525 1244 presbytero,
1577 1172 1624 1226 si
1653 1188 1822 1226 causa
1865 1170 2052 1224 crimi-

425 1264 569 1316 nalis
616 1263 696 1316 eis
747 1267 1012 1332 reputata
1056 1262 1248 1328 fuerit,
1285 1261 1577 1332 quomodo
1630 1276 1688 1314 se
1732 1274 2050 1331 expurgare

425 1351 693 1404 debeant.

353 1439 453 1494 CC.
515 1439 582 1492 Ut
631 1437 822 1491 clerici
875 1438 944 1490 ab
1003 1437 1204 1492 alienis
1257 1437 1547 1506 judicibus
1596 1452 1715 1490 non
1772 1434 2051 1489 constrin-

425 1531 652 1596 gantur.

353 1615 484 1670 CCI.
527 1614 939 1670 Criminantem
974 1614 1186 1683 injuste
1237 1619 1291 1666 et
1319 1629 1436 1666 non
1483 1613 1819 1683 probantem
1850 1611 2048 1665 verbe-

424 1703 582 1756 ribus
613 1703 842 1772 publice
890 1702 1308 1772 castigandum,
1354 1707 1412 1754 et
1452 1701 1512 1754 in
1542 1701 1806 1754 exsilium
1849 1700 2050 1770 depor-

425 1791 684 1846 tandum.

354 1880 507 1934 CCII.
563 1880 632 1932 Ut
674 1878 720 1931 si
769 1879 897 1949 quis
947 1879 1215 1931 clericum
1269 1879 1637 1945 accusaverit,
1693 1883 1749 1932 et
1795 1876 2050 1931 testimo-

422 1968 583 2020 niare
643 1983 762 2020 non
820 1967 1093 2036 potuerit,
1155 1973 1444 2021 accusator
1514 1982 1745 2038 pmuam
1805 1964 2050 2019 accusati

422 2057 680 2126 accipiat.

353 2143 533 2197 CCIII.
571 2143 639 2196 Ut
670 2142 817 2195 sicut
862 2142 993 2196 laici
1044 2142 1276 2195 clericos
1335 2142 1391 2196 in
1441 2143 1807 2197 saecularibus
1853 2141 1912 2194 in
1946 2141 2049 2195 sua

425 2231 778 2284 accusatione
827 2246 941 2283 non
976 2231 1281 2300 recipiunt,
1317 2231 1394 2284 ita
1425 2247 1528 2285 nec
1554 2231 1664 2301 ipsi
1706 2231 1766 2284 in
1797 2231 2048 2284 sacerdo-

423 2324 543 2371 tum
581 2317 952 2387 recipiantur.

353 2406 528 2460 CCIV.
575 2406 645 2460 Ut
691 2405 1088 2459 testimonium
1128 2405 1256 2458 laici
1305 2410 1504 2460 contra
1557 2406 1826 2460 clericum
1877 2421 2046 2458 nemo

423 2493 715 2562 suscipiat.

351 2583 501 2638 CCV.
536 2583 614 2636 De
664 2581 940 2635 ordinatis
974 2581 1022 2635 si
1070 2582 1316 2636 accusati
1343 2581 1579 2648 fuerint,
1623 2581 1778 2653 quod
1807 2581 2046 2636 testibus

424 2686 482 2724 se
514 2686 777 2724 excusare
807 2669 1130 2724 debuerint.

353 2759 528 2814 CCVI.
564 2761 642 2812 De
688 2759 1005 2813 substantia
1038 2759 1291 2814 defuncti
1340 2757 1682 2829 presbyteri,
1735 2758 1896 2829 cujus
1925 2774 2045 2812 esse

422 2847 646 2901 debeat.

349 2935 552 2991 CCVII.
605 2936 681 2989 De
734 2935 1078 3006 presbyteris
1123 2935 1223 3006 qui
1273 2935 1392 2989 sine
1445 2939 1788 2990 testamento
1836 2935 2044 2989 disces-

421 3022 617 3076 serint.

352 3110 582 3165 CCVIII.
670 3111 748 3165 De
830 3110 1047 3165 clericis
1131 3111 1231 3182 qui
1317 3111 1612 3166 laicalibus
1694 3110 2049 3166 vestimentis

419 3203 681 3252 utuntur.

350 3285 524 3341 CCIX.
559 3287 638 3340 De
671 3287 870 3341 eadem
899 3303 982 3342 re.

349 3373 492 3429 CCX.
549 3376 626 3430 De
673 3376 893 3430 clericis
942 3375 1042 3447 qui
1101 3376 1288 3430 otiose
1330 3375 1392 3430 in
1440 3375 1716 3431 nundinis
1765 3376 2043 3431 deambu-

419 3463 558 3519 lant.

347 3551 518 3607 CCXI.
553 3554 620 3607 Ut
650 3553 843 3608 nullus
874 3570 940 3608 ex
967 3555 1116 3609 clero
1149 3571 1308 3609 arma
1331 3554 1602 3609 militaria
1629 3558 1840 3624 portet.

347 3641 548 3694 CCXII.
582 3641 652 3694 Ut
701 3657 898 3694 omnes
947 3641 1139 3696 clerici
1170 3644 1351 3713 magis
1397 3643 1690 3698 confidant
1741 3643 1801 3697 in
1848 3642 2043 3697 defen-

417 3728 577 3781 sione
609 3728 710 3782 Dei
741 3745 916 3798 quam
947 3730 1007 3783 in
1039 3731 1239 3784 armis.

345 3814 568 3869 CCXIII.
609 3817 684 3869 De
714 3816 827 3869 illis
876 3817 977 3887 qui
1022 3835 1086 3871 ex
1119 3820 1498 3873 ecclesiastico
1551 3819 1775 3885 ordine,
1828 3823 1925 3873 aut
1955 3835 2044 3873 ve-

415 3909 646 3972 nantur,
678 3911 776 3958 aut
805 3921 936 3958 cum
970 3906 1331 3976 accipitribus
1361 3909 1648 3977 jocantur.

345 3991 560 4047 CCXIV.
623 3993 696 4045 De
761 3994 936 4046 servis
999 3995 1120 4062 Dei,
1178 4001 1242 4049 ut
1300 4013 1500 4049 omnes
1558 3995 1827 4049 silvaticae
1880 4012 2044 4064 vaga-

414 4078 602 4133 tiones
651 4097 780 4134 cum
828 4081 1067 4136 canibus
1118 4088 1174 4137 et
1221 4084 1587 4154 accipitribus
1643 4083 1756 4138 illis
1807 4083 2044 4137 interdi-

411 4173 633 4222 cantur.

2157 549 2428 604 CCXVIII.
2473 548 2552 602 De
2592 546 2792 601 ofﬁciis
2839 553 2896 600 et
2941 546 3277 600 ministeriis
3320 550 3539 616 septem
3584 547 3853 601 diacono-

2228 654 2356 692 rum
2386 653 2516 690 cum
2564 635 3027 701 subdiaconibus,
3068 640 3126 689 et
3171 635 3535 705 sequentium
3574 637 3850 690 ordinum

2227 725 2504 780 ministris
2535 724 2922 778 observandis.

2158 816 2370 870 CCXIX.
2400 816 2476 868 De
2509 829 2749 868 numero
2777 818 2929 867 certo
2953 812 3350 867 diae’onorum.

2160 904 2347 958 CCXX.
2384 903 2460 955 Ue
2492 903 2689 956 eadem
2720 918 2800 955 re.

2159 989 2375 1045 CCXXI.
2446 991 2516 1044 Ut
2587 989 2812 1044 diaconi
2886 1005 3078 1043 coram
3143 989 3488 1060 presbyteris
3563 1005 3683 1044 non
3765 1005 3853 1042 se-

2237 1080 2427 1133 deant.
2607 1122 2614 1130 .

2159 1168 2401 1222 CCXXII.
2453 1169 2530 1222 De
2574 1166 2906 1221 diaconibus
2955 1166 3054 1237 qui
3105 1182 3163 1220 se
3211 1166 3558 1237 presbyteris
3604 1171 3853 1236 antepo-

2233 1261 2398 1310 nunt

2160 1346 2426 1401 CCXXIII.
2489 1345 2558 1398 Ut
2607 1344 2902 1398 exorcistaa
2945 1342 3349 1414 energumenis
3404 1358 3607 1397 manus
3664 1341 3852 1412 impo-

2231 1439 2389 1488 nant

2159 1524 2420 1578 CCXXIV.
2491 1523 2568 1576 De
2634 1522 2851 1575 honore
2911 1520 3188 1574 universis
3256 1519 3554 1573 ordinibus
3620 1534 3854 1588 compe-

2231 1617 2405 1666 tente.

2163 1702 2390 1756 CCXXV.
2448 1701 2522 1753 De
2573 1698 2967 1752 sacerdotibus
3015 1697 3116 1768 qui
3162 1697 3478 1768 adimplere
3529 1713 3700 1750 suum
3755 1697 3858 1749 mi—

2233 1789 2512 1843 nisterum
2573 1787 2855 1852 nesciunt,
2903 1803 3006 1840 nec
3057 1786 3274 1840 discere
3318 1786 3534 1854 volunt,
3582 1785 3736 1857 quod
3788 1786 3857 1839 ab

2229 1877 2416 1931 officio
2446 1877 2560 1930 sint
2590 1876 2938 1930 removendi.

2159 1966 2423 2020 CCXXVI.
2493 1965 2563 2018 Ut
2621 1965 2769 2016 inter
2826 1963 3061 2016 clericos
3116 1979 3231 2016 non
3296 1965 3718 2032 computentur'
3759 1963 3858 2033 qui

2229 2055 2331 2107 sub
2363 2053 2576 2106 nullius
2607 2053 2858 2122 episcopi
2889 2051 3188 2122 disciplina
3219 2051 3610 2105 inveniuntur.

2158 2143 2440 2198 CCXXVII.
2497 2142 2799 2211 Exemplar
2849 2141 3108 2194 formatas
3158 2139 3416 2210 epistola:
3477 2156 3605 2211 quas
3653 2141 3714 2193 in
3764 2141 3860 2194 Ni-

2228 2247 2384 2284 czena
2413 2230 2630 2300 synodo
2662 2247 2694 2282 a
2723 2227 2934 2282 sanctis
2963 2228 3224 2282 Patribus
3253 2233 3336 2281 est
3371 2228 3616 2282 formata
3645 2234 3702 2282 et
3741 2230 3856 2282 col-

2227 2318 2476 2372 laudata.

2157 2407 2468 2461 CCXXVIII.
2501 2408 2578 2460 De
2607 2405 2706 2459 illo
2741 2405 2841 2476 qui
2870 2405 3064 2475 fugam
3095 2405 3286 2459 fratris
3319 2405 3611 2460 celaverit.

2156 2497 2413 2551 CCXXIX.
2447 2497 2524 2549 De
2573 2495 2686 2548 illis
2717 2495 2818 2565 qui
2871 2495 3234 2566 presbyteros
3285 2510 3416 2548 suos
3450 2495 3597 2548 male
3647 2499 3851 2548 tracta-

2226 2584 2428 2638 verint.

2157 2673 2384 2728 CCXXX.
2422 2673 2493 2725 Ut
2533 2687 2746 2725 nomen
2805 2686 2970 2741 papas
3023 2670 3084 2724 in
3135 2670 3392 2724 Ecclesiis
3449 2670 3659 2724 sanctis
3711 2671 3854 2724 reci-

2223 2764 2394 2816 tetur.

2156 2850 2409 2905 CCXXXI.
2457 2851 2525 2903 Ut
2575 2848 2871 2919 presbyter
2922 2852 3022 2902 aut
3068 2848 3340 2902 diaconus
3394 2849 3494 2919 qui
3544 2849 3856 2903 canonicus

2226 2954 2344 2992 non
2388 2943 2487 3001 est,
2527 2937 2623 2990 sed
2669 2936 2730 2990 in
2775 2935 2924 2989 villis
2974 2935 3210 3002 habitat,
3262 2953 3552 3006 nusquam
3596 2953 3854 2991 summas

2080 3015 2120 3070 Ο
2226 3025 2559 3080 festivitates
2590 3025 2856 3093 celebret,
2886 3023 2995 3076 nisi
3027 3024 3086 3077 in
3116 3023 3458 3079 civitatibus.

2159 3114 2435 3169 CCXXXII.
2516 3115 2584 3168 Ut
2650 3112 2997 3182 presbyteris
3063 3117 3311 3184 potestas
3382 3113 3737 3184 praedicandi
3795 3115 3856 3168 in

2227 3204 2346 3256 suis
2377 3200 2639 3272 plebibus
2667 3199 3031 3254 concedatur.

2157 3291 2463 3346 CCXXXIII.
2500 3289 2577 3342 De
2608 3289 2826 3343 clericis
2858 3288 2958 3360 qui
2986 3289 3044 3342 in
3077 3288 3200 3343 rixa
3229 3289 3671 3344 interﬁciuntur.

2156 3379 2456 3434 CCXXle.
2516 3378 2596 3432 De
2664 3377 2880 3432 clericis
2947 3377 3046 3448 qui
3097 3394 3128 3430 a
3184 3377 3436 3432 dominis
3502 3378 3619 3431 suis
3686 3379 3864 3434 liberi

2225 3467 2360 3522 facti
2392 3471 2544 3520 sunt.

2156 3556 2430 3611 CCXXXV.
2500 3557 2577 3609 De
2640 3554 2987 3626 presbyteris
3054 3554 3152 3626 qui
3218 3555 3519 3625 parochias
3574 3555 3857 3624 fugerint,

2225 3644 2286 3697 in
2317 3643 2525 3714 quibus
2550 3644 2720 3697 locati
2752 3647 2905 3697 sunt.

2154 3734 2452 3788 CCXXXVI.
2509 3734 2587 3786 De
2644 3732 2990 3802 presbyteris
3045 3732 3146 3802 qui
3192 3731 3432 3786 crimine
3476 3732 3709 3803 capitali
3766 3751 3860 3788 ac-

2225 3826 2519 3890 cusantur,
2569 3826 2625 3875 et
2653 3821 2919 3891 collegas,
2973 3821 3186 3891 quibus
3216 3837 3274 3874 se
3307 3837 3570 3876 excusare
3611 3823 3862 3892 possint,

2225 3927 2343 3963 non
2374 3909 2602 3963 habent.

2153 3999 2478 4054 CCXXXVII.
2507 4000 2585 4052 De
2614 3998 3022 4067 praedicatione
3057 3998 3552 4068 presbyterorum.

2150 4088 2503 4142 CCXXXVIII.
2540 4088 2617 4140 De
2667 4087 3077 4156 ecclesiasticis,
3113 4087 3160 4140 si
3210 4088 3506 4142 saaculares
3540 4093 3861 4159 potestates

2221 4176 2431 4229 habere
2461 4175 2808 4229 desiderant.
2836 4171 2848 4184 ’

341 4254 528 4310 CCXV.
588 4258 657 4311 Ut
707 4258 941 4348 clericos
988 4260 1375 4315 discordantes
1431 4262 1731 4333 episcopus
1781 4277 1884 4314 sua
1935 4276 2038 4330 po-
2068 4295 2113 4348 Β
2153 4265 2444 4319 CCXXXIX.
2506 4265 2576 4318 Ut
2632 4265 2738 4318 viri
2793 4279 3021 4318 veraces
3094 4269 3150 4318 et
3209 4266 3387 4319 Deum
3450 4265 3724 4320 timentes
3792 4269 3857 4322 in

411 4347 612 4398 testate
642 4346 987 4401 reconciliet.

338 4430 552 4573 ρρέγι.
590 4433 667 4487 De
701 4434 920 4489 clericis
967 4436 1068 4506 qui
1115 4438 1490 4509 proruperint
1519 4439 1579 4492 in
1624 4441 1884 4492 mutuam
1930 4452 2037 4490 caa-

450 4535 560 4573 em.

450 4535 560 4574 em.

2219 4353 2536 4406 civitatibus
2593 4357 2649 4406 et
2717 4353 2777 4406 in
2837 4351 3082 4423 publicis
3151 4353 3290 4407 vicis
3361 4355 3559 4409 decani
3633 4357 3853 4410 consti-

2219 4444 2474 4494 tuantur.

2624 4527 2800 4579 naicz's
2824 4525 3185 4594 capitulorum
3212 4527 3359 4594 ﬁnis.
