3956 6302
143 351 245 402 625
1088 353 1564 411 DECRETORUM
1609 357 1791 411 LIBRI
1832 359 1940 412 ΧΧ.
1976 388 2045 398 -
2087 360 2294 416 LIBER
2326 362 2700 420 SECUNDUS.

3544 373 3648 425 626

1473 644 2314 752 BUBCHARDI

1250 858 1596 915 ECCLESIAE
1634 860 2169 919 WORMACIENSIS
2210 866 2522 923 EPISCOPI

294 1052 1646 1202 DECRETORUM
1747 1062 2336 1209 LIBER
2444 1069 3454 1221 SECUNDUS

1412 1333 1508 1396 DE
1558 1333 1837 1403 SACRIS
1888 1339 2340 1408 ORDINIBUS.

602 1665 1081 1722 ARGUMENTUM
1132 1670 1337 1725 LIBRI.

192 1752 363 1807 Liber
390 1752 482 1806 hic
515 1752 962 1821 ordinationem,
996 1765 1410 1827 congruentem
1448 1761 1809 1832 dignitatem.

119 1838 254 1893 vita
311 1839 666 1910 qualitatem,
706 1842 925 1909 ofﬁcia,
969 1844 1404 1918 ministeriaque
1448 1852 1811 1923 presbytero-

118 1943 270 1994 rum,
314 1927 703 1990 diaconorum,
744 1930 1213 2004 reliquorumque
1252 1936 1518 1991 ordinum
1553 1942 1811 1996 ecclesia-

120 2016 391 2070 sticorum
426 2017 844 2086 complectitur.

119 2105 248 2159 CAP.
305 2107 347 2159 Ι.
409 2137 471 2145 ——
535 2109 610 2160 De
637 2106 1072 2181 ordinationibus
1102 2111 1549 2181 presbyterorum,
1603 2124 1652 2171 et
1690 2120 1814 2172 reli-

699 2194 925 2246 quorum
966 2180 1237 2234 ordinum.

190 2264 298 2333 (Ea:
346 2267 533 2319 concil.
582 2268 930 2335 Nannetensi,
982 2285 1097 2338 cap.
1143 2273 1218 2335 3.)
1268 2271 1580 2344 Episcopus
1624 2294 1810 2347 quan-

117 2352 188 2406 do
237 2352 629 2407 ordinationes
682 2355 867 2408 facere
919 2356 1188 2427 disponit,
1232 2375 1431 2414 omnes
1475 2363 1575 2433 qui
1619 2365 1687 2418 ad
1719 2383 1811 2419 sa-

117 2456 277 2494 crum
327 2441 706 2495 ministerium
732 2444 995 2497 accedere
1028 2446 1229 2500 volunt
1258 2448 1400 2500 feria
1435 2457 1640 2520 quarta
1680 2458 1812 2507 ante

115 2529 298 2598 ipsam
368 2529 790 2585 ordinationem
856 2533 1123 2599 evocandi
1193 2541 1326 2588 sunt
1381 2538 1450 2591 ad
1505 2539 1811 2610 civitatem,

118 2632 228 2669 una
260 2633 391 2670 cum
440 2618 944 2688 archipresbyteris
988 2621 1086 2690 qui
1128 2637 1225 2674 eos
1274 2630 1683 2693 repraesentare
1713 2628 1811 2681 de-

114 2705 268 2759 bent.
306 2707 370 2758 Et
399 2711 534 2759 tunc
591 2706 889 2777 episcopus
937 2724 967 2761 e
998 2709 1173 2762 latere
1216 2727 1316 2764 suo
1367 2712 1614 2783 dirigere
1647 2716 1812 2770 debet

111 2794 453 2861 sacerdotes,
514 2798 569 2847 et
625 2795 767 2848 alios
825 2796 1136 2865 prudentes
1193 2798 1360 2865 viros,
1414 2817 1622 2871 gnaros
1670 2804 1810 2874 legis

112 2881 341 2947 divinas,
389 2889 447 2935 et
485 2883 817 2937 exercitatos
865 2883 927 2937 in
961 2886 1353 2941 ecclesiasticis
1399 2890 1804 2960 sanctionibus,

110 2970 210 3040 qui
265 2970 721 3024 ordinandorum
756 2972 949 3037 vitam,
1002 2990 1202 3043 genus,
1254 2977 1522 3045 patriam,
1558 2984 1803 3043 aetatem,
1841 2949 1879 3002 Β

108 3058 552 3125 institutionem,
603 3059 790 3114 locum
836 3060 932 3115 ubi
979 3062 1203 3116 educati
1252 3064 1382 3129 sint,
1434 3066 1481 3119 si
1510 3067 1623 3120 sint
1665 3069 1809 3122 bene

109 3148 366 3210 litterati,
399 3148 447 3201 si
477 3148 537 3201 in
574 3149 700 3218 lege
736 3150 964 3202 Domini
994 3150 1279 3218 instructi,
1314 3153 1621 3223 diligenter
1650 3156 1807 3210 inve-

108 3236 363 3306 stigent:
418 3242 549 3290 ante
604 3238 801 3291 omnia
856 3238 903 3291 si
950 3238 1124 3292 ﬁdem
1174 3241 1509 3295 catholicam
1566 3244 1809 3298 ﬁrmiter

107 3330 363 3391 teneant,
398 3330 452 3378 et
497 3326 683 3379 verbis
736 3326 1092 3395 simplicibus
1124 3344 1374 3381 asserere
1407 3337 1637 3399 queant.
1693 3332 1806 3402 Ipsi

107 3417 300 3487 autem
359 3413 565 3484 quibus
626 3414 734 3467 hoc
792 3414 1169 3468 committitur
1223 3432 1418 3469 cavere
1475 3417 1684 3471 debent
1734 3437 1805 3473 ne

108 3510 204 3557 aut
232 3501 447 3556 favoris
476 3501 679 3572 gratia,
720 3510 819 3556 aut
851 3502 1243 3573 cujuscunque
1284 3505 1537 3558 muneris
1577 3507 1806 3576 cupidi-

105 3596 220 3645 tate
253 3591 448 3656 illecti,
490 3607 523 3643 a
574 3607 706 3643 vero
734 3591 979 3657 devient,
1041 3598 1100 3645 ut
1147 3593 1470 3663 indignum,
1505 3601 1562 3648 et
1615 3596 1805 3650 minus

104 3680 381 3733 idoneum
424 3680 515 3733 .ad
572 3694 760 3733 sacros
833 3680 1040 3749 gradus
1102 3681 1489 3751 suscipiendos
1556 3683 1807 3755 episcopi

105 3769 373 3822 manibus
421 3768 725 3837 applicent.
781 3768 942 3832 Quod
971 3769 1018 3821 si
1059 3770 1317 3837 fecerint,
1349 3776 1403 3824 et
1432 3771 1529 3825 ille
1577 3772 1675 3841 qui
1706 3774 1798 3826 in-

105 3858 275 3928 digne
325 3857 624 3910 accesserit
675 3858 745 3911 ad
792 3859 969 3911 altare
1000 3859 1405 3925 removebitur,
1456 3867 1512 3912 et
1564 3860 1648 3913 illi
1704 3860 1803 3930 qui

105 3946 320 3999 donum
355 3947 533 3998 sancti
580 3944 825 4014 Spiritus
869 3944 1116 4000 vendere
1163 3946 1349 4001 conati
1400 3953 1554 4013 sunt,
1607 3964 1801 4001 coram

106 4035 216 4087 Deo
262 4034 387 4102 jam
443 4033 827 4100 condemnati,
882 4034 1263 4088 ecclesiastica
1314 4035 1591 4105 dignitate
1645 4052 1801 4089 care-

103 4121 266 4174 bunt.
302 4121 483 4190 Igitur
511 4136 615 4189 per
639 4125 754 4174 tres
788 4122 1090 4175 continuos
1146 4122 1266 4175 dies
1315 4122 1622 4193 diligenter
1670 4140 1801 4177 exa-

104 4209 421 4275 minentur,
472 4213 527 4262 et
575 4208 653 4262 sic
698 4208 941 4263 Sabbato
983 4211 1082 4281 qui
1133 4210 1359 4279 probati
1405 4210 1622 4265 inventi
1664 4215 1796 4265 sunt
1827 4213 1869 4266 D

104 4298 367 4366 episcopo
398 4303 897 4367 repraesententur.

105 4386 230 4439 CAP.
266 4387 335 4439 ΙΙ.
370 4415 437 4424 -
467 4386 591 4450 Qua
640 4387 945 4510 prcsbyézzi
985 4389 1280 4511 netcessario
1328 4388 1532 4441 discere
1568 4393 1618 4441 et
1663 4391 1800 4441 scire

931 4473 1030 4510 ean
1060 4498 1072 4511 .

931 4473 1072 4512 eant.

172 4547 277 4611 (Ea:
315 4543 478 4598 dictis
508 4544 767 4611 August.)
800 4545 935 4609 Quae
973 4546 1114 4615 ipsis
1163 4546 1555 4600 sacerdotibus
1597 4534 1798 4600 neces-

102 4633 248 4685 saria
282 4632 399 4686 sint
443 4632 514 4685 ad
564 4632 921 4700 discendum,
970 4634 1025 4687 id
1057 4639 1180 4687 est:
1216 4634 1361 4688 liber
1407 4640 1798 4689 sacramento-

99 4736 250 4786 rum,
340 4720 730 4787 lectionarius,
825 4722 1286 4791 antiphonarius,
1378 4723 1794 4793 baptisterium,

99 4814 426 4878 computus,
480 4809 675 4863 Canon
721 4809 1149 4878 poenitentialis,
1194 4811 1549 4879 Psalterium,
1595 4814 1798 4867 Home-

100 4897 189 4951 lia'.
222 4914 325 4967 per
353 4897 631 4951 circulum
682 4898 817 4951 anni
858 4899 1173 4953 Dominicis
1203 4899 1423 4964 diebus,
1466 4906 1523 4953 et
1557 4900 1797 4971 singulis

99 4986 497 5040 festivitatibus
558 4991 728 5056 aptas.
792 4988 867 5041 Ex
932 4988 1141 5057 quibus
1204 4988 1471 5041 omnibus
1522 4989 1570 5041 si
1615 5005 1795 5043 unum

98 5074 364 5141 defuerit,
408 5074 713 5128 sacerdotis
758 5092 968 5129 nomen
997 5076 1090 5129 vix
1117 5076 1175 5129 in
1222 5093 1289 5129 eo
1320 5077 1619 5143 constabit,
1662 5078 1798 5147 quia

97 5163 256 5216 valde
288 5162 625 5232 periculosae.
656 5168 789 5217 sunt
830 5164 1175 5233 evangelicae.
1207 5164 1379 5217 mina:
1411 5164 1620 5234 quibus
1655 5165 1794 5218 dici-

96 5256 219 5307 tur:
277 5250 337 5305 Si
391 5266 574 5304 ca-cus
607 5251 880 5305 ducatum
922 5258 1173 5321 praestet,
1235 5253 1403 5305 ambo
1460 5253 1521 5305 in
1575 5252 1797 5307 foveam

100 5341 331 5393 cadunt.

551 5410 678 5465 CAP.
714 5411 811 5465 IlI.
843 5441 911 5449 —
944 5414 1014 5465 De
1052 5412 1237 5465 eadem
1264 5427 1342 5465 re.

164 5498 284 5564 (Ea:
316 5500 477 5567 epist.
528 5498 823 5567 Zephyriui
869 5515 1048 5568 papa,
1081 5500 1352 5565 fratribus
1380 5514 1477 5568 per
1506 5500 1797 5568 Egyptum

98 5590 283 5654 missa,
318 5603 441 5656 cap.
478 5588 589 5657 l0.)
616 5587 1016 5642 Ordinationes
1059 5605 1191 5643 vero
1236 5589 1694 5659 presbyterorum
1742 5594 1796 5642 et

1850 1682 1897 1733 A
1934 1680 2240 1734 levitarum
2269 1683 2526 1751 tempore
2554 1696 2828 1750 congruo,
2864 1686 2920 1735 et
2948 1683 3145 1736 multis
3177 1698 3371 1739 coram
3401 1687 3630 1741 astanti-

1923 1768 2029 1821 bus
2073 1766 2405 1821 solemniter
2438 1767 2608 1838 agite,
2650 1773 2706 1822 et
2752 1769 3078 1838 probabiles
3117 1787 3180 1824 ac
3230 1770 3419 1825 doctos
3468 1772 3622 1828 viros

1922 1857 1994 1910 ad
2058 1855 2167 1908 hoc
2232 1872 2374 1925 opus
2439 1856 2788 1925 constituite,
2860 1863 2921 1911 ut
2958 1858 3192 1912 illorum
3250 1859 3517 1915 societate
3564 1866 3621 1915 et

1927 1945 2262 2013 adjumento
2293 1943 2608 2012 plurimum
2640 1946 2950 2015 gaudeatis.

1924 2033 2049 2088 CAP.
2103 2032 2191 2085 IV.
2224 2061 2293 2071 ---
2323 2032 2474 2097 Quod
2519 2033 2886 2087 ordinationes
2932 2038 3183 2102 ﬁerinon
3222 2036 3466 2103 debeant,
3514 2040 3627 2093 nisi

2415 2106 2473 2156 in
2503 2105 2611 2158 loco
2640 2110 2780 2158 certo
2802 2110 2852 2158 et
2877 2108 3143 2171 religioso.

1993 2191 2101 2261 (Ea:
2131 2192 2318 2244 concil.
2364 2192 2644 2257 Meldensi,
2681 2208 2803 2260 cup.
2856 2195 2932 2257 6.)
2967 2194 3056 2247 Illi
3082 2192 3183 2263 qui
3219 2193 3474 2248 ordinari
3520 2210 3621 2265 pe-

1919 2284 2069 2345 tunt,
2104 2279 2447 2332 mullatenus
2476 2279 2838 2349 ordinentur,
2869 2280 2981 2334 nisi
3008 2281 3067 2334 in
3105 2282 3229 2335 loco
3259 2288 3414 2336 certo
3446 2288 3503 2337 et
3528 2299 3618 2337 re-

1920 2367 2146 2436 ligioso,
2181 2356 2269 2419 vel
2296 2367 2465 2420 etiam
2498 2366 2559 2420 in
2588 2367 2812 2421 civitate
2844 2370 3046 2421 saltem
3074 2385 3192 2422 uno
3233 2385 3386 2423 anno
3415 2369 3622 2424 immo-

1924 2460 2144 2520 rentur,
2177 2460 2241 2508 ut
2263 2455 2333 2509 de
2370 2456 2483 2508 vita
2512 2461 2569 2509 et
2615 2458 3046 2510 conversatione
3097 2462 3269 2528 atque
3317 2459 3387 2512 de
3418 2458 3620 2512 doctri-

1919 2560 1995 2597 na
2022 2544 2255 2597 illorum
2286 2544 2566 2596 certitudo
2600 2544 2781 2614 possit
2810 2544 3060 2613 agnosci.

1922 2632 2046 2685 CAP.
2085 2630 2145 2683 V.
2172 2660 2240 2670 —
2272 2631 2427 2695 Quod
2468 2632 2755 2685 Abraham
2782 2634 2993 2699 primus
3027 2634 3103 2685 sit
3131 2632 3444 2701 appellatas
3474 2648 3619 2700 pres-

2186 2702 2356 2768 byter,
2389 2707 2439 2754 et
2469 2718 2637 2770 quare
2664 2703 2964 2770 presbyteri
2990 2704 3349 2756 nominentur.

1991 2790 2098 2860 (Ea:
2138 2792 2295 2859 epist.
2327 2791 2583 2843 Anacleti
2626 2806 2784 2859 papae
2813 2791 3057 2844 omnibus
3088 2793 3353 2860 episcopis
3380 2806 3480 2859 per
3506 2793 3619 2848 ila-

1920 2879 2051 2931 liam
2074 2880 2382 2932 constitutis
2413 2880 2600 2944 missa,
2644 2894 2764 2946 cap.
2814 2878 2923 2945 22.)
2975 2880 3151 2932 Porro
3202 2883 3259 2933 et
3307 2879 3443 2933 Mosi
3481 2895 3619 2949 prm-

1920 2966 2129 3036 cipitur
2157 2970 2223 3019 ut
2274 2966 2446 3035 eligat
2480 2966 2861 3036 presbyteros,
2910 2967 2967 3019 id
3011 2972 3097 3020 est
3138 2966 3410 3021 seniores.
3459 2968 3617 3021 Unde

1920 3060 1977 3108 et
2028 3053 2088 3107 in
2141 3054 2463 3107 Proverbiis
2529 3054 2783 3108 dicitur:
2847 3054 3038 3109 Gloria
3104 3071 3306 3109 senum
3358 3055 3613 3109 canities.

1920 3145 2051 3198 Haec
2078 3158 2212 3196 vero
2245 3143 2478 3196 canities
2508 3142 2851 3212 sapientiam
2897 3142 3177 3213 designat,
3222 3145 3291 3197 de
3321 3160 3433 3214 qua
3478 3144 3613 3197 scri-

1915 3235 2079 3300 ptum
2114 3234 2233 3284 est:
2289 3230 2533 3284 Canities
2588 3230 2886 3283 hominum
2933 3231 3239 3301 prudentia
3290 3236 3391 3284 est.
3444 3233 3615 3286 Cum-

1915 3334 2025 3387 que
2055 3323 2377 3388 nongentos
2406 3324 2463 3371 et
2502 3318 2748 3387 amplius
2797 3334 2976 3371 annos
3010 3320 3076 3371 ab
3109 3319 3287 3373 Adam
3332 3335 3511 3389 usque
3542 3320 3612 3374 ad

1914 3407 2201 3460 Abraham
2244 3406 2446 3459 vixisse
2477 3406 2741 3460 homines
2767 3406 3031 3473 legimus,
3081 3407 3275 3460 nullus
3316 3408 3459 3461 alius
3492 3408 3610 3476 pri-

1913 3510 2040 3547 mus
2100 3494 2418 3564 appellatus
2473 3498 2556 3546 est
2620 3493 2937 3563 presbyter,
2993 3494 3049 3548 id
3102 3499 3186 3547 est
3232 3494 3444 3561 senior,
3498 3494 3610 3548 nisi

1913 3582 2221 3647 Abraham,
2259 3582 2358 3650 qui
2401 3580 2583 3633 multo
2615 3580 2976 3650 paucioribus
3024 3580 3227 3634 vixisse
3268 3582 3433 3635 annis
3474 3598 3609 3635 con-

1911 3668 2176 3722 vincitur.
2231 3670 2352 3722 Non
2384 3683 2521 3738 ergo
2570 3673 2802 3737 propter
2848 3668 3197 3738 decrepitam
3235 3675 3608 3736 senectutem,

1913 3758 2007 3810 sed
2041 3763 2275 3826 propter
2304 3754 2669 3825 sapientiam,
2703 3756 3021 3825 presbyteri
3058 3755 3452 3810 nominantur.
3497 3757 3608 3811 Ini-

1910 3845 2057 3899 tium
2101 3845 2254 3898 enim
2289 3844 2592 3898 sacerdotii
2638 3847 2829 3897 Aaron
2869 3844 3008 3898 fuit:
3044 3845 3176 3899 licet
3202 3845 3610 3900 Melchisedech

1911 3933 2072 4003 prior
2102 3933 2374 3987 obtulerit
2420 3932 2760 3986 sacriﬁcium
2812 3934 2946 3999 Deo,
2984 3938 3039 3986 et
3084 3937 3210 4002 post
3256 3935 3408 3987 hunc
3439 3934 3610 3988 Abra-

1911 4023 2066 4088 ham,
2102 4023 2256 4074 Isaac
2314 4026 2369 4073 et
2398 4021 2588 4073 Jacob.
2646 4021 2753 4074 Sed
2810 4021 2868 4073 hi
2927 4025 3239 4090 spontanea
3294 4023 3605 4087 voluntate,

1910 4127 2027 4163 non
2053 4108 2390 4163 sacerdotali
2418 4109 2778 4175 auctoritate,
2812 4109 2922 4161 ista
2945 4109 3215 4160 fecerunt.

1912 4198 2040 4251 CAP.
2089 4198 2178 4249 VI.
2210 4226 2278 4234 —-
2310 4195 2460 4260 Quod
2491 4197 2671 4249 nullus
2718 4210 2784 4248 ea:
2824 4196 3173 4249 ecclesiastico
3222 4195 3411 4248 ordine
3457 4195 3609 4250 abso-

2428 4267 2535 4319 lute
2564 4266 2791 4319 debeant
2819 4266 3082 4319 ordinari.

1982 4358 2089 4423 (Ea:
2119 4354 2302 4407 concil.
2341 4353 2669 4406 Chalcedon.
2707 4369 2826 4421 cap.
2852 4354 2923 4419 6.)
2960 4353 3191 4406 Nullum
3222 4351 3477 4407 absolute
3522 4369 3607 4407 or-

1910 4442 2097 4497 dinari
2127 4441 2330 4494 debere
2368 4440 2767 4510 presbyterum
2792 4445 2889 4493 aut
2915 4440 3234 4506 diaconum,
3272 4456 3374 4493 nec
3404 4456 3605 4509 quem-

1908 4530 2048 4583 libet
2104 4529 2163 4581 in
2207 4528 2581 4581 ecclesiastico
2627 4528 2829 4597 gradu,
2880 4527 2989 4581 nisi
3048 4527 3365 4598 specialiter
3420 4529 3604 4582 Eccle-

1909 4618 2004 4671 siae
2032 4616 2292 4683 civitatis,
2327 4621 2423 4669 aut
2452 4616 2821 4685 possessionis
2838 4620 2937 4670 aut
2957 4617 3244 4687 martyris,
3281 4622 3379 4670 aut
3408 4633 3609 4670 mona-

1907 4706 2063 4761 sterii
2098 4721 2330 4770 nomen,
2366 4705 2455 4758 cui
2491 4704 2844 4759 ordinandus
2891 4710 2991 4768 est,
3028 4707 3456 4775 pronuntietur,
3499 4704 3608 4769 Qui

1906 4812 2039 4849 vero
2073 4794 2329 4848 absolute
2360 4793 2719 4859 ordinantur,
2761 4794 3008 4847 decrevit
3038 4798 3230 4847 sancta
3260 4794 3503 4865 synodus
3536 4794 3609 4846 ir-

1906 4884 2075 4938 ritam
2121 4881 2320 4936 haberi
2369 4881 2768 4950 hujuscemodi
2815 4898 3019 4935 manus
3068 4882 3517 4952 impositionem,
3551 4887 3608 4937 et

1908 4987 2189 5042 nusquam
2222 4987 2384 5041 posse
2414 4969 2763 5035 ministrare,
2792 4970 2863 5023 ad
2895 4970 3213 5023 ordinantis
3242 4970 3531 5039 injuriam.

1908 5081 2034 5135 CAP.
2088 5078 2201 5131 VII.
2254 5106 2314 5115 —
2350 5076 2503 5140 Quod
2530 5074 2628 5129 sub
2660 5079 2880 5141 aspectu
2932 5075 3270 5128 audientium
3299 5074 3605 5128 ordinatio-

2369 5161 2461 5200 nes
2482 5146 2746 5200 celebrari
2765 5160 2871 5198 non
2898 5145 3147 5198 debeant.

1980 5239 2087 5305 (Ea:
2113 5237 2300 5290 concil.
2332 5234 2672 5301 Laodicensi,
2708 5248 2828 5301 cap.
2885 5233 2965 5301 4.)
3013 5231 3173 5295 Quod
3203 5246 3321 5284 non
3347 5234 3606 5302 Oporteat

1906 5324 2295 5379 ordinationes
2327 5323 2431 5376 sub
2466 5325 2696 5391 aspectu
2721 5319 3080 5373 audientium
3109 5318 3402 5372 celebrari.

1906 5412 2035 5467 CAP.
2090 5413 2232 5466 VIII.
2274 5442 2342 5450 -—
2374 5410 2529 5476 Quod
2574 5410 2746 5464 turbis
2790 5409 3091 5463 electionem
3121 5406 3607 5477 promovendorum

2502 5501 2683 5563 facere
2705 5513 2811 5551 non
2844 5495 3018 5551 liceat.

1978 5588 2092 5654 (Ea.-
2117 5589 2316 5653 eodem,
2350 5604 2469 5656 cap.
2512 5587 2626 5656 13.)
2661 5586 2824 5651 Quod
2872 5601 2989 5639 non
3037 5584 3110 5637 sit
3156 5581 3605 5653 permittendum
