3956 6308
359 302 460 352 627

1423 291 1837 350 BURCHARDI
1879 287 2410 346 WORMACIENSIS
2449 287 2786 344 EPISCOPI.

3761 289 3860 341 628

357 421 540 476 turbis
580 420 889 475 electiones
933 431 1136 472 eorum
1182 416 1370 470 facere
1419 414 1521 485 qui
1573 417 1706 466 sunt
1755 413 1825 466 ad
1871 426 2046 464 sacer-

2243 443 2290 479 P.
2331 427 2463 480 XVI.
2505 454 2573 462 —
2601 425 2684 477 De
2710 425 2824 478 illis
2873 423 2970 491 qui
3013 420 3259 475 invident
3283 423 3526 487 fratrum
3551 424 3862 490 provectio-

361 511 581 565 dotium
613 506 982 580 provehendi.

360 617 486 670 CAP.
549 615 632 666 IX.
686 642 754 652 —
813 611 966 680 Quod
1013 612 1321 678 episcopum
1373 608 1455 660 vel
1496 607 1875 680 presbyternm
1932 609 2056 658 ante

681 679 909 750 triginta
935 695 1102 734 annos
1134 680 1387 734 ordinare
1425 692 1531 730 non
1557 679 1731 730 liceat.

433 776 541 839 (Ea:
595 773 782 825 concil.
843 770 1164 835 Agathens.,
1213 783 1332 834 cap.
1381 767 1462 833 7.)
1520 765 1864 834 Episcopum
1921 779 2055 816 vero

358 862 445 914 vel
486 860 882 930 presbyterum
935 860 1066 909 ante
1123 855 1360 924 triginta
1410 869 1613 917 annos,
1662 853 1718 906 id
1768 856 1856 905 est
1903 856 2058 904 ante-

361 964 534 1019 quam
567 949 639 1002 ad
684 946 789 999 viri
826 944 1058 1015 perfecti
1100 947 1326 996 atatem
1368 941 1681 1011 perveniat,
1716 941 1906 993 nullus
1937 955 2057 992 me-

356 1031 835 1101 tropolitanorum
866 1030 1132 1084 ordinare
1177 1035 1526 1100 prasumat:
1576 1045 1647 1082 ne
1678 1043 1782 1098 per
1827 1031 2058 1081 atatem

360 1119 511 1188 quod
541 1119 844 1189 aliquoties
875 1117 1083 1184 evenit,
1119 1119 1314 1187 aliquo
1349 1133 1542 1170 errore
1575 1116 1960 1170 detineantur.

358 1223 484 1278 CAP.
513 1225 573 1277 X.
606 1253 674 1262 —
708 1225 792 1278 De
835 1223 1169 1292 presbyteris
1220 1224 1316 1290 qui
1358 1227 1482 1274 ante
1537 1221 1686 1275 XXX.
1745 1235 1914 1273 annos
1971 1236 2057 1273 or-

1067 1293 1346 1345 dinantur.

429 1381 536 1451 (Ea:
566 1381 710 1435 decr.
757 1381 989 1445 Fabian,
1033 1395 1195 1449 papa
1227 1379 1543 1434 Orientalib.
1575 1378 1794 1446 missis.)
1824 1377 1880 1432 Si
1930 1377 2058 1448 quis

358 1469 598 1540 triginta
674 1469 856 1522 atatis
911 1485 1028 1522 sua
1091 1484 1209 1520 non
1265 1467 1590 1536 impleverit
1640 1482 1840 1529 annos,
1900 1466 2058 1519 nullo

357 1557 528 1610 modo
566 1557 866 1626 presbyter
899 1557 1219 1623 ordinetur,
1250 1555 1421 1608 etiam
1450 1554 1494 1606 si
1518 1555 1680 1608 valde
1709 1554 1782 1607 sit
1808 1554 2014 1624 dignus
2040 1570 2054 1608 :

359 1645 497 1716 quia
531 1649 588 1697 et
615 1644 736 1714 ipse
769 1645 1044 1698 Dominus
1072 1643 1360 1696 tricesimo
1399 1659 1550 1695 anno
1594 1641 1916 1710 baptizatus
1947 1648 2028 1695 est

361 1738 417 1786 et
444 1733 524 1785 sic
549 1732 722 1802 capit
752 1733 977 1787 docere.
1012 1732 1246 1802 Oportet
1287 1747 1422 1800 ergo
1467 1746 1600 1783 eum
1650 1729 1750 1799 qui
1781 1729 2052 1783 ordinan-

359 1821 466 1875 dus
522 1824 624 1885 est,
680 1835 861 1889 usque
916 1819 988 1873 ad
1039 1819 1185 1872 hanc
1241 1823 1466 1873 atatem
1532 1817 1856 1887 legitimam
1926 1833 2058 1870 con-

276 1947 278 1949 »
365 1907 598 1961 secrari.

360 2013 489 2068 CAP.
541 2014 624 2068 XI.
672 2040 742 2051 —
782 2011 939 2077 Quod
984 2016 1108 2065 ante
1145 2012 1276 2066 XXV
1303 2026 1470 2065 annos
1522 2011 1742 2064 diaconi
1788 2024 1894 2063 non
1939 2012 2050 2063 sint

1049 2082 1368 2137 ordinandi.

433 2172 538 2240 (Em
559 2171 748 2225 concil.
783 2170 1076 2235 Carthag.,
1123 2185 1244 2237 cap.
1293 2167 1399 2237 16.)
1434 2166 1654 2221 Placuit
1683 2171 1747 2219 ut
1797 2171 1928 2220 ante
1983 2165 2060 2219 vi-

361 2261 508 2330 ginti
557 2259 814 2330 quinque
859 2273 1040 2310 annos
1093 2257 1295 2320 atatis,
1357 2271 1464 2309 nec
1514 2254 1739 2309 diaconi
1793 2255 2061 2308 ordinen-

361 2352 475 2414 tur,
507 2363 612 2401 nec
659 2346 912 2416 virgines
967 2349 1395 2408 consecrantur,
1453 2349 1512 2398 et
1550 2347 1612 2397 ut
1658 2344 1837 2397 lector
1882 2359 2062 2413 popu-

361 2437 485 2490 lum
515 2451 631 2489 non
655 2437 880 2489 salutet.

360 2543 490 2597 CAP.
522 2542 634 2596 XII.
662 2570 734 2581 —
763 2540 914 2611 Quod
943 2542 1002 2593 in
1047 2541 1214 2593 veteri
1266 2540 1385 2606 lege
1432 2540 1795 2611 praecipiatur
1844 2542 1907 2591 ut
1936 2541 2062 2611 ante

429 2614 753 2680 vigesimum
778 2609 1059 2680 “quintum
1113 2625 1316 2664 annum
1366 2611 1565 2664 Levita
1619 2611 1674 2662 in
1717 2609 2062 2662 tabernaculo

437 2699 543 2736 non
572 2685 854 2736 servirent.

434 2772 538 2838 (Ea:
568 2771 752 2824 concil.
811 2770 1079 2833 Toletano,
1142 2783 1263 2836 cap.
1325 2766 1438 2836 20.)
1495 2768 1559 2820 In
1588 2765 1767 2820 veteri
1821 2766 1946 2834 lege
1993 2765 2064 2818 ab

360 2873 512 2912 anno
544 2857 820 2927 vigesimo
852 2861 908 2910 et
933 2857 1134 2926 quinto
1171 2855 1374 2908 Levita
1424 2855 1484 2907 in
1537 2854 1904 2908 tabernaculo
1952 2869 2065 2906 ser-

362 2947 482 2998 vire
527 2945 962 3015 praecipiuntur,
995 2945 1156 3014 cujus
1196 2943 1590 2996 auctoritatem
1636 2943 1694 2995 in
1745 2942 2061 2996 canonibus
2095 2959 2134 3012 ρ

367 3033 547 3086 sancti
599 3035 791 3086 Patres
846 3031 1024 3084 secuti
1077 3035 1228 3084 sunt.
1289 3032 1398 3084 Nos
1431 3042 1486 3084 et
1521 3030 1728 3084 divina
1785 3031 1946 3100 legis,
2007 3035 2067 3084 et

367 3120 739 3174 conciliorum
791 3118 1062 3188 pracepti
1092 3118 1484 3186 immemores,
1529 3117 1779 3171 infantes
1826 3122 1882 3171 et
1926 3133 2066 3187 pue-

365 3223 460 3261 ros
518 3208 733 3261 Levitas
771 3207 1011 3260 facimus
1068 3211 1199 3259 ante
1253 3206 1569 3276 legitimam
1624 3210 1872 3272 atatem,
1933 3212 2066 3261 ante

365 3296 776 3366 experientiam
805 3296 954 3348 vita.
997 3295 1245 3364 Ideoque
1285 3310 1356 3347 ne
1399 3294 1638 3347 ulterius
1671 3295 1771 3348 ﬁat
1816 3313 1850 3348 a
1880 3295 2065 3362 nobis,

367 3389 426 3438 et
455 3384 664 3438 divina
714 3383 857 3452 legis
888 3387 945 3436 et
990 3397 1275 3436 canonum
1318 3382 1698 3435 admonemur
1727 3382 2060 3436 sententiis:

366 3471 714 3541 sed'viginti
743 3471 1001 3541 quinque
1042 3486 1326 3524 annorum
1383 3472 1564 3523 atatis
1612 3471 1819 3524 Levita
1869 3486 2065 3523 conse-

366 3562 616 3625 crentur,
661 3561 718 3611 et
746 3558 982 3626 triginta
1023 3573 1305 3610 annorum
1335 3558 1651 3628 presbyteri
1686 3559 2061 3612 ordinentur:

366 3645 448 3699 ita
491 3651 559 3699 ut
605 3646 920 3698 secundum
952 3645 1329 3714 apostolicum
1361 3651 1710 3714 praceptuin
1749 3646 2066 3715 probentur

365 3735 641 3804 primum,
671 3737 728 3786 et
755 3733 834 3786 sic
866 3733 1210 3799 ministrent,
1258 3734 1482 3786 nullum
1521 3735 1736 3787 crimen
1767 3733 2060 3788 habentes.

368 3838 498 3892 CAP.
547 3837 686 3891 XIII.
721 3867 789 3876 —
833 3841 906 3891 De
948 3838 1279 3905 presbyteris
1330 3841 1428 3906 qui
1475 3842 1588 3892 sine
1637 3841 1885 3893 examine
1938 3844 2065 3893 sunt

1086 3911 1348 3976 provecti.
1907 3931 1915 3940 -

441 3997 553 4066 (Ea:
583 3997 769 4050 concil.
819 3999 1049 4059 Nicaea,
1094 4012 1214 4064 cap.
1249 3998 1324 4065 9.)
1353 3997 1410 4050 Si
1449 3998 1546 4067 qui
1578 3997 1897 4067 presbyteri
1942 3997 2064 4050 sine

369 4085 632 4137 examine
677 4089 810 4137 sunt
859 4083 1136 4153 provecti,
1179 4084 1267 4137 vel
1320 4100 1450 4138 cum
1482 4084 1900 4138 discuterentur
1938 4101 2067 4154 pec-

367 4176 493 4225 cata
531 4187 633 4224 sua
677 4171 920 4225 confessi
965 4175 1115 4234 sunt,
1165 4175 1220 4224 et
1267 4171 1527 4224 homines
1570 4177 1766 4224 contra
1817 4188 2064 4226 canones

2922 493 3102 545 nibus.

2236 585 2340 652 (Ea:
2389 583 2576 637 concil.
2625 581 2912 647 Africano,
2958 595 3080 647 cap.
3139 581 3253 646 54.)
3305 579 3556 633 Clericus
3603 579 3869 632 invidens

2162 673 2405 726 fratrum
2441 669 2923 741 provectionibus,
2959 669 3140 722 donec
3173 667 3242 737 in
3271 668 3410 721 vitio
3447 672 3553 734 est,
3589 683 3710 722 non
3746 684 3870 737 pro-

2164 765 2476 814 moveatur.

2314 867 2442 920 CAP.
2478 865 2641 919 XVII.
2677 895 2739 901 —
2773 865 2837 916 l't
2867 862 3213 916 seditionarii
3241 877 3346 916 non
3367 863 3714 916 ordinentur.

2239 955 2354 1020 (Ea:
2383 953 2581 1020 eodem,
2630 967 2752 1021 cap.
2809 951 2921 1020 67.)
2965 950 3378 1005 Seditionarios
3426 966 3731 1020 nunquam
3780 967 3869 1003 or-

2163 1042 2443 1096 dinandos
2495 1040 2746 1100 clericos,
2799 1039 2944 1092 sicut
2997 1053 3098 1091 nec
3145 1041 3435 1091 usurarios
3495 1040 3583 1092 vel
3630 1038 3870 1108 injuria-

2163 1146 2295 1184 rum
2319 1145 2553 1183 suarum
2587 1129 2812 1182 ultores.

2165 1238 2292 1291 CAP.
2327 1236 2512 1290 XVIII.
2549 1263 2611 1276 --
2641 1233 2798 1298 Quod
2842 1233 3136 1286 illiteratus
3176 1237 3225 1285 et
3264 1233 3447 1300 aliquo
3485 1232 3724 1285 membro
3764 1235 3869 1285 im-

2307 1309 2548 1361 minutus
2574 1306 2802 1373 provehi
2829 1303 2904 1356 ad
2932 1318 3112 1357 sacros
3159 1303 3374 1356 ordines
3406 1318 3515 1356 non
3546 1303 3762 1356 debeat.

2239 1417 2343 1478 (Em
2373 1415 2531 1481 epist.
2568 1413 2776 1465 Gelasii
2816 1425 2998 1480 papa,
3036 1425 3155 1478 cap.
3197 1408 3300 1475 t6.)
3348 1408 3678 1462 Illitteratos
3729 1425 3873 1479 quo-

2167 1518 2300 1572 que,
2350 1506 2448 1555 aut
2504 1500 2696 1570 aliqua
2728 1504 2887 1568 parte
2942 1498 3196 1567 corporis
3251 1497 3607 1562 imminutos,
3672 1498 3870 1550 nullus

2163 1594 2474 1661 prasumat
2531 1589 2602 1642 ad
2658 1589 2872 1641 clerum
2915 1587 3250 1657 provehere.
3306 1586 3450 1649 Quia
3503 1601 3608 1639 nec
3658 1586 3872 1639 litteris

2038 1682 2051 1706 ’
2085 1683 2126 1736 Β
2162 1695 2378 1745 carens,
2416 1678 2590 1731 sacris
2642 1693 2762 1729 esse
2801 1681 2986 1745 potest
3014 1680 3179 1744 aptus
3231 1674 3453 1737 ofﬁciis,
3505 1677 3561 1727 et
3594 1673 3870 1727 vitiosum

2172 1769 2314 1822 nihil
2347 1769 2462 1821 Deo
2491 1781 2724 1837 prorsus
2753 1764 2944 1818 offerri
2974 1764 3179 1833 legalia
3211 1767 3499 1833 praecepta
3528 1769 3866 1817 sanxerunt.

2168 1855 2439 1910 Similiter
2462 1853 2562 1923 qui
2591 1853 2808 1921 seipsos
2837 1850 3196 1904 abscindunt.

2452 1943 2580 1996 CAP.
2611 1941 2742 1995 XIX.
2777 1969 2846 1979 —-
2878 1940 2959 1992 De
2985 1938 3123 2009 ﬁliis
3151 1939 3584 1992 concubinarum.

2238 2050 2349 2116 (Ex
2405 2049 2592 2102 concil.
2638 2047 2948 2110 Aurelian.,
3007 2060 3127 2113 cap.
3197 2043 3306 2112 10.)
3368 2045 3445 2097 De
3503 2043 3593 2097 his
3644 2044 3751 2114 qui
3810 2061 3876 2098 ex

2169 2135 2504 2189 concubinis
2550 2133 2700 2187 ﬁlios
2743 2133 2974 2199 habent,
3024 2137 3080 2186 et
3129 2147 3336 2184 uxores
3380 2131 3665 2201 legitimas
3718 2139 3880 2202 post-

2169 2225 2516 2289 habuerunt,
2563 2227 2638 2287 et,
2699 2222 2982 2275 defunctis
3020 2219 3316 2284 uxoribus,
3375 2219 3483 2272 sibi
3521 2220 3878 2274 concubinas

2169 2311 2396 2382 publice
2430 2311 2670 2375 sociant,
2702 2310 2758 2364 id
2793 2309 3213 2363 observandum
3242 2308 3591 2374 censuimus,
3623 2314 3690 2362 ut
3727 2309 3878 2362 sicut

2171 2417 2267 2454 eos
2306 2399 2406 2470 qui
2447 2399 2570 2470 jam
2618 2397 2806 2452 clerici
2856 2414 2960 2467 per
3005 2397 3390 2467 ignorantiam
3438 2397 3685 2450 ordinati
3736 2403 3875 2451 sunt

2171 2504 2289 2542 non
2349 2503 2730 2550 removemus,
2791 2487 2870 2540 ita
2925 2485 3245 2552 statuimus,
3308 2501 3381 2539 ne
3433 2486 3673 2539 ulterius
3725 2487 3878 2539 ordi-

2171 2581 2403 2629 nentur.

2173 2678 2300 2732 CAP.
2351 2679 2454 2732 XX.
2504 2708 2572 2716 —
2616 2681 2682 2732 Ut
2729 2678 3056 2732 daemonibus
3103 2679 3478 2747 similibusque
3521 2680 3877 2746 passionibus

2483 2750 2687 2802 irretiti
2714 2764 2872 2803 sacra
2903 2755 3138 2802 tractare
3169 2765 3276 2802 non
3305 2749 3554 2803 debeant.

2249 2856 2354 2922 (Ea:
2382 2857 2541 2923 epist.
2587 2855 2791 2910 Gelusii
2814 2870 2994 2923 papae,
3027 2870 3147 2923 cap.
3186 2857 3297 2923 19.)
3341 2855 3527 2924 Usque
3556 2856 3696 2908 adeo
3737 2871 3875 2908 sane

2176 2943 2560 3012 comperimus
2608 2942 2803 2995 illicita
2841 2958 3084 3012 quaque
3123 2958 3522 3012 prorumpere,
3571 2947 3634 2996 ut
3664 2942 3876 2996 damo-

2174 3030 2344 3083 nibus
2374 3029 2770 3099 similibusque
2808 3029 3168 3098 passionibus
3208 3029 3442 3083 irretitis
3480 3030 3752 3100 mysteria
3794 3047 3876 3084 sa-

2174 3123 2464 3172 crosancta
2527 3121 2768 3170 tractare
2829 3117 3131 3170 tribuatur.
3204 3119 3269 3171 Et
3329 3123 3460 3187 post
3524 3134 3753 3188 pauca:
3816 3121 3875 3174 Si

2173 3222 2409 3276 corpore
2453 3205 2770 3258 sauciatum
2815 3211 2916 3258 aut
2964 3205 3212 3259 debilem
3262 3221 3625 3276 nequaquam
3679 3212 3876 3260 sancta

2174 3295 2504 3364 contingere
2549 3295 2638 3346 lex
2668 3293 2862 3346 divina
2897 3293 3178 3362 permisit,
3239 3300 3453 3364 quanto
3502 3294 3685 3364 magis
3737 3295 3878 3350 doni

2174 3382 2414 3436 calestis
2462 3382 2883 3450 dispensatores
2925 3398 3046 3435 esse
3092 3398 3210 3435 non
3252 3383 3536 3449 convenit,
3587 3383 3743 3453 quod
3793 3390 3879 3437 est

2173 3470 2446 3540 deterius,
2478 3475 2670 3523 mente
2707 3471 3017 3539 perculsos.

2174 3577 2301 3631 CAP.
2352 3577 2482 3630 XXI.
2519 3607 2588 3615 —
2631 3578 2696 3630 Ut
2743 3577 2808 3629 de
2854 3578 3044 3630 servili
3090 3577 3408 3640 conditione,
3461 3579 3574 3630 nisi
3625 3580 3786 3645 prius
3843 3596 3878 3631 a

2243 3647 2476 3702 dominis
2544 3649 2786 3716 propriis
2845 3648 3146 3701 libertatem
3203 3648 3456 3714 habeant,
3523 3649 3665 3701 nulli
3728 3649 3878 3703 ordi-

2245 3723 2458 3771 nentur.

2244 3822 2352 3892 (Ea:
2400 3823 2588 3876 concil.
2626 3823 2958 3888 Triburien.,
3010 3838 3130 3892 cap.
3165 3823 3276 3891 25.)
3334 3823 3405 3877 Ut
3435 3823 3594 3876 nulli-
3640 3823 3712 3877 de
3763 3841 3875 3878 ser-

2175 3909 2273 3962 vili
2314 3909 2644 3962 conditione
2675 3911 2747 3962 ad
2781 3926 2968 3964 sacros
3000 3911 3229 3964 ordines
3260 3917 3725 3980 promoveantur,
3764 3912 3875 3965 nisi

2174 3995 2333 4066 prius
2375 4013 2406 4049 a
2435 3995 2682 4049 dominis
2732 3996 2982 4066 propriis
3035 3996 3351 4066 legitimam
3387 3997 3710 4052 libertatem
3745 4016 3874 4052 con-

2173 4089 2505 4153 sequantur.
2541 4084 2714 4153 Cujus
2739 4085 3018 4138 libertatis
3058 4084 3252 4138 charta
3282 4090 3412 4139 ante
3449 4086 3871 4140 ordinationem

2173 4173 2234 4226 in
2283 4173 2522 4226 amboue
2553 4173 2779 4242 publice
2833 4175 3074 4243 legatur,
3108 4179 3163 4226 et
3197 4173 3244 4227 si
3272 4175 3465 4228 nullus
3511 4176 3870 4230 contradixe-

365 4259 658 4326 commoti,
729 4275 932 4312 manus
990 4259 1262 4312 confessis
1325 4259 1622 4328 imponere
1677 4264 2060 4331 tentaverunt,
2093 4230 2136 4283 D
2176 4262 2268 4326 rit,
2303 4261 2407 4314 rite
2446 4260 2948 4314 consecrabuntur.
2995 4263 3170 4314 Porro
3210 4278 3404 4316 servus
3435 4279 3552 4316 non
3600 4265 3870 4318 canonice

361 4347 503 4399 tales
544 4347 742 4414 regula
772 4362 888 4400 non
918 4347 1213 4401 admittit:
1271 4349 1408 4417 quia
1452 4348 1605 4418 quod
1653 4348 2061 4417 irreprehensi-

362 4433 475 4487 bile
505 4439 591 4488 est
619 4434 896 4488 catholica
925 4435 1182 4488 defendit
1212 4436 1475 4489 Ecclesia.

365 4539 501 4594 CAP.
560 4540 691 4594 XIV.
747 4567 819 4580 —
867 4542 942 4594 De
988 4555 1044 4593 eo
1096 4543 1194 4608 qui
1230 4541 1340 4594 sibi
1384 4542 1563 4594 volens
1621 4539 1846 4608 aliquod
1892 4556 2061 4594 mem-

949 4611 1105 4664 brum
1136 4613 1482 4664 truncaverit.

439 4697 548 4766 (Ea:
602 4697 744 4751 decr.
807 4699 1106 4752 Innocentii
1152 4714 1332 4767 papa,
1395 4713 1516 4769 cap.
1548 4696 1661 4767 28.)
1719 4697 1826 4762 Qui
1879 4697 2058 4767 igitur

362 4789 588 4855 partem
620 4783 788 4854 digiti
843 4785 950 4838 sibi
980 4785 1219 4839 abscidit
1263 4786 1478 4851 volens,
1515 4786 1668 4839 hunc
1716 4786 1786 4839 ad
1833 4787 2049 4840 clerum

365 4887 610 4927 canones
658 4888 775 4926 non
817 4873 1147 4927 admittunt.
1201 4873 1303 4926 Cui
1341 4889 1474 4926 vero
1522 4889 1654 4926 casu
1685 4873 1792 4928 hoc
1835 4874 2060 4943 accidit,

362 4961 468 5015 etsi
496 4960 556 5013 in
587 4960 737 5014 clero
761 4960 932 5014 fuerit
965 4965 1245 5030 repertus,
1279 4977 1396 5014 non
1428 4960 1616 5030 abjici.

364 5068 492 5121 CAP.
553 5067 660 5121 XV.
701 5096 770 5105 —
801 5069 876 5121 De
933 5068 1139 5120 clericis
1196 5066 1292 5134 qui
1343 5082 1377 5118 a
1424 5067 1750 5121 medicorum
1799 5069 2062 5123 incisione

937 5136 1122 5190 claudi
1157 5137 1490 5204 efﬁciuntur.

433 5242 542 5312 (Ea:
589 5243 773 5297 concil.
836 5242 1168 5306 Hilerdensi,
1225 5258 1344 5311 cap.
1393 5245 1509 5308 20.)
1562 5243 1619 5297 Si
1675 5244 1802 5313 quis
1859 5245 1919 5298 in
1977 5245 2060 5298 in-

359 5329 632 5383 ﬁrmitate
677 5330 899 5399 positus
951 5329 1209 5395 clericus,
1259 5334 1315 5383 et
1369 5331 1721 5384 medicorum
1777 5333 2057 5388 incisione

360 5417 596 5471 claudus
626 5417 888 5484 efﬁcitur,
939 5418 1266 5486 promoveri
1311 5418 1382 5472 ad
1426 5435 1614 5472 sacros
1644 5420 1871 5474 ordines
1906 5437 2059 5475 eum-

361 5519 480 5558 non
510 5504 883 5576 denegamus.

2171 4354 2552 4413 consecratus,
2602 4354 2908 4419 postquam
2955 4351 3023 4403 de
3072 4351 3248 4421 gradu
3308 4351 3596 4417 deciderit,
3630 4352 3752 4422 ejus
3801 4353 3868 4406 sit

2173 4437 2536 4502 conditionis,
2573 4439 2736 4507 cujus
2766 4439 2954 4492 fuerat
2983 4444 3117 4493 ante
3139 4439 3408 4508 gradum.

2590 4545 2718 4598 CAP.
2750 4545 2908 4599 XXII.
2941 4574 3012 4586 —
3042 4546 3124 4598 De
3151 4546 3336 4600 eadem
3373 4562 3449 4599 re.

2243 4633 2352 4696 (E41:
2380 4631 2574 4684 decret.
2609 4633 2800 4685 Leonis
2824 4647 3004 4701 papa,
3039 4649 3158 4702 cap.
3205 4637 3277 4699 1.)
3308 4634 3706 4688 Admittuntur
3740 4651 3864 4704 pas-

2171 4717 2278 4771 sim
2312 4719 2383 4771 ad
2409 4718 2668 4772 ordinem
2697 4735 2919 4772 sacrum
2954 4721 3162 4791 quibus
3194 4722 3353 4774 nulla
3379 4721 3679 4786 natalium,
3713 4724 3868 4776 nulla

2172 4821 2400 4859 morum
2447 4807 2698 4876 dignitas
2743 4809 3125 4878 suffragatur:
3177 4813 3233 4862 et
3264 4810 3365 4880 qui
3397 4826 3430 4862 a
3462 4810 3710 4864 dominis
3753 4811 3866 4864 suis

2170 4894 2490 4949 libertatem
2522 4897 2794 4966 consequi
2835 4895 3075 4949 minime
3106 4901 3445 4966 potuerunt,
3477 4897 3545 4950 ad
3580 4897 3865 4969 fastigium

2171 4983 2488 5048 sacerdotii,
2543 4988 2816 5054 tanquam
2870 4984 3089 5037 servilis
3145 4985 3330 5039 vilitas
3387 4987 3539 5039 hunc
3593 4985 3864 5039 honorem

2164 5070 2293 5139 jure
2353 5072 2560 5140 capiat,
2625 5073 3059 5142 provehuntur:
3121 5078 3177 5126 et
3235 5074 3466 5142 probari
3525 5075 3638 5127 Deo
3700 5090 3865 5143 posse

2169 5159 2441 5225 creditur,
2485 5160 2583 5230 qui
2628 5160 2862 5214 domino
2911 5177 3013 5213 suo
3059 5161 3300 5215 necdum
3359 5163 3602 5233 probare
3657 5177 3716 5215 se
3773 5179 3868 5232 po-

2168 5248 2296 5302 tuit.
2359 5249 2423 5300 Et
2450 5253 2577 5317 post
2613 5265 2830 5317 pauca:
2894 5249 3068 5301 Debet
3116 5250 3270 5303 enim
3329 5267 3450 5304 esse
3490 5251 3765 5303 immunis
3795 5252 3866 5306 ab

2169 5336 2315 5403 aliis,
2375 5337 2475 5406 qui
2520 5336 2728 5389 divina
2772 5335 2992 5389 militia
3043 5336 3214 5389 fuerit
3271 5339 3683 5408 aggregandus,
3723 5344 3786 5392 ut
3833 5357 3866 5392 a

2167 5423 2363 5477 castris
2414 5424 2744 5488 Dominicis,
2817 5424 3025 5494 quibus
3095 5441 3309 5478 nomen
3362 5425 3482 5494 ejus
3537 5426 3860 5493 ascribitur,

2168 5511 2339 5565 nullis
2366 5511 2772 5565 necessitatum
2802 5511 3043 5565 vinculis
3073 5512 3455 5566 abstrahatur.
