3956 6302
187 306 302 358 629

1142 308 1618 366 DECRETORUM
1658 312 1844 368 LIBRI
1881 314 1985 369 XX.
2028 344 2100 352 —
2137 314 2349 369 LIBER
2386 314 2763 371 SECUNDUS.

3590 318 3694 371 630

186 429 322 483 CAP.
377 430 559 484 XXIII.
609 459 679 470 —
710 432 795 507 De
842 431 993 507 bonis
1034 432 1251 507 illorum
1283 436 1378 501 qui
1421 450 1453 487 a
1484 434 1716 489 dominis
1762 451 1890 505 pro-
1917 439 1964 490 A
2003 436 2257 491 obtineat
2313 435 2665 503 ﬁrmitatem,
2723 452 2893 490 manu
2952 437 3191 507 propria
3240 437 3398 492 illam
3453 438 3693 493 robora-

672 504 815 571 priis
843 502 1091 555 libertate
1120 504 1412 557 donantur.

265 589 391 657 (Ea:
419 590 607 643 concil.
663 591 932 653 Toletano,
983 606 1103 659 cap.
1137 592 1209 659 2.)
1260 594 1337 646 De
1382 593 1551 647 rebus
1581 610 1714 647 vero
1764 593 1892 647 illo-

186 692 347 743 rum,
396 676 485 732 vel
533 678 829 748 peculiari,
873 678 1009 749 quia
1049 680 1298 734 dominis
1337 682 1584 752 propriis
1632 682 1890 736 libertate

188 766 510 835 donantur,
574 770 637 819 ut
703 766 775 820 ad
831 768 1042 837 gradus
1098 770 1505 823 ecclesiasticos
1564 771 1889 840 promoveri

186 854 462 921 debeant,
511 859 789 908 statutum
841 860 944 921 est,
991 862 1055 910 ut
1098 856 1159 910 in
1191 862 1470 927 potestate
1523 858 1891 913 dominorum

186 942 473 996 consistat
502 943 783 1014 quidquid
811 949 942 997 ante
972 944 1299 999 libertatem
1326 946 1666 1011 habuerunt,
1696 952 1889 1001 utrum

185 1030 306 1083 illis
338 1031 652 1085 concedere
684 1033 987 1097 voluerint,
1017 1049 1092 1086 an
1123 1033 1231 1087 sibi
1260 1035 1530 1088 retinere.

186 1138 322 1191 CAP.
360 1139 531 1191 XXIV.
572 1167 640 1177 —
686 1141 751 1192 Ut
804 1130 1011 1199 servus,
1060 1143 1327 1194 nesciente
1371 1142 1585 1194 domino
1634 1156 1751 1206 suo,
1801 1157 1888 1194 or-

760 1210 950 1263 dinam
973 1226 1080 1264 non
1112 1212 1318 1265 debeat.

263 1298 374 1363 (Eat:
421 1299 608 1351 concil.
661 1298 972 1360 Aureliam,
1019 1315 1140 1368 cap.
1191 1299 1269 1367 5.)
1312 1300 1517 1354 Servus
1566 1299 1611 1352 si
1657 1299 1888 1353 absente

185 1391 289 1439 aut
320 1386 609 1440 nesciente
639 1387 893 1450 domino,
944 1387 1211 1457 episcopo
1257 1388 1469 1442 sciente
1502 1386 1651 1458 quod
1695 1405 1888 1442 servus

183 1476 279 1541 sit,
315 1475 594 1529 diaconus
626 1483 726 1529 aut
772 1476 1069 1546 presbyter
1109 1477 1282 1531 fuerit
1323 1478 1639 1543 ordinatus,
1672 1477 1797 1547 ipso
1828 1478 1887 1531 in

182 1563 491 1617 clericatus
544 1562 731 1616 ofﬁcio
788 1571 1185 1633 permanente,
1243 1565 1542 1635 episcopus
1599 1582 1728 1619 cum
1785 1582 1887 1620 suo

182 1650 428 1705 domino
457 1650 671 1720 duplici
705 1650 1088 1705 satisfactione
1127 1659 1477 1721 compenset.
1514 1653 1573 1706 Si
1598 1670 1733 1707 vero
1766 1654 1886 1723 epi-

182 1755 393 1809 scopus
442 1755 574 1793 eum
605 1756 831 1793 servum
879 1741 1161 1808 nescierit,
1194 1742 1293 1810 qui
1331 1741 1725 1795 testimonium
1754 1759 1885 1813 per-

182 1827 409 1891 hibent,
444 1831 543 1881 aut
591 1843 720 1881 eum
756 1828 1199 1898 supplicaverint
1246 1828 1515 1894 ordinari,
1562 1828 1736 1883 simili
1766 1830 1888 1883 red-

180 1915 463 1969 hibitione
487 1920 797 1970 teneantur
826 1916 1076 1970 obnoxii.

182 2024 316 2078 CAP.
354 2022 501 2076 XXV.
552 2049 625 2060 —
681 2022 760 2074 De
808 2022 893 2075 his
943 2024 1041 2089 qui
1088 2022 1390 2075 libertatem
1428 2039 1462 2075 a
1495 2024 1728 2077 dominis
1771 2027 1883 2078 suis

254 2099 338 2147 ita
365 2095 694 2161 percipiunt,
727 2097 788 2146 ut
816 2093 1025 2145 nullum
1054 2093 1162 2145 sibi
1190 2094 1500 2161 obsequium
1530 2099 1808 2148 retentent.

255 2182 377 2249 (Ea:
432 2182 621 2234 concil.
678 2180 869 2245 Tolet.,
915 2196 1032 2249 cap.
1085 2180 1202 2249 73.)
1257 2181 1593 2252 Quicunque
1649 2182 1882 2236 liberta-

183 2276 301 2324 tem
336 2287 369 2323 a
400 2268 651 2323 dominis
681 2268 797 2321 suis
829 2270 907 2322 ita
930 2269 1275 2339 percipiunt,
1308 2277 1373 2323 ut
1400 2272 1625 2324 nullum
1654 2271 1885 2326 sibimet

182 2357 245 2411 in
277 2358 360 2411 eis
390 2357 735 2427 obsequium
784 2362 1061 2426 patronus
1092 2362 1357 2425 retentet,
1392 2358 1503 2424 isti,
1540 2361 1588 2412 si
1619 2360 1741 2413 sine
1774 2360 1885 2413 cri-

183 2446 342 2499 mine
392 2444 625 2515 capitali
682 2451 851 2508 sunt,
906 2446 976 2500 ad
1030 2447 1328 2500 clericatus
1394 2448 1655 2500 ordinem
1717 2446 1883 2500 liberi

184 2533 630 2603 suscipiantur:
675 2534 809 2603 quia
861 2533 1077 2588 directa
1129 2534 1583 2588 manumissione
1635 2535 1881 2589 absoluti

182 2638 310 2677 esse
356 2628 693 2676 noscuntur.
743 2622 851 2686 Qui
895 2639 1028 2677 vero
1077 2629 1302 2677 retento
1352 2624 1625 2695 obsequio
1672 2641 1877 2677 manu-

180 2711 347 2764 missi
377 2718 530 2776 sunt,
581 2727 685 2781 pro
715 2727 782 2765 eo
828 2712 980 2781 quod
1014 2713 1200 2766 adhuc
1231 2713 1461 2781 patroni
1504 2714 1763 2766 servituti
1793 2718 1877 2766 te-

181 2805 398 2853 nentur
446 2799 696 2863 obnoxii,
743 2799 1070 2853 nullatenus
1127 2805 1260 2853 sunt
1315 2800 1385 2853 ad
1437 2801 1878 2854 ecclesiasticum

180 2887 443 2941 ordinem
493 2887 888 2956 promovendi,
933 2904 1027 2955 ne,
1071 2888 1303 2958 quando
1346 2888 1637 2942 voluerint
1679 2906 1879 2942 eorum

180 2976 423 3040 domini,
456 2975 599 3028 ﬁant
628 2991 693 3027 ex
725 2975 944 3029 clericis
974 2976 1139 3030 servi.

180 3084 309 3137 CAP.
358 3082 528 3135 XXVI.
571 3074 643 3119 —'
680 3084 750 3135 De
793 3084 963 3135 servis
1011 3082 1334 3135 ordinandis
1381 3083 1672 3136 secundum
1718 3084 1877 3136 eccle-

280 3155 509 3207 siastica
533 3152 815 3218 mandata,
850 3154 1111 3221 quomodo
1141 3155 1364 3220 ingenui
1393 3156 1513 3221 ﬁeri
1537 3154 1782 3207 debeant.

180 3261 302 3329 (Em
351 3260 538 3312 concil.
602 3261 867 3324 Remensi,
916 3274 1035 3327 cap.
1100 3258 1173 3327 1.)
1231 3260 1552 3313 Auctoritas
1608 3259 1877 3312 ecclesia-

179 3349 326 3402 stica
371 3352 638 3417 patenter
692 3348 977 3415 admonet,
1028 3348 1264 3417 insuper
1305 3353 1360 3401 et
1404 3349 1669 3417 maiestas
1720 3349 1878 3415 regia

178 3437 473 3491 canonicze
522 3436 782 3506 religioni
832 3453 1123 3490 assensum
1173 3437 1414 3506 praebet,
1450 3442 1511 3489 ut
1555 3452 1869 3507 quemcun-

180 3543 293 3597 que
325 3526 397 3580 ad
428 3542 616 3579 sacros
654 3526 885 3579 ordines
916 3542 979 3578 ex
1016 3525 1232 3579 familia
1262 3525 1497 3595 propria
1538 3541 1877 3594 promovere

180 3613 429 3667 Ecclesia
476 3629 719 3683 qmeque
749 3613 1041 3683 delegerit,
1075 3613 1135 3665 in
1164 3612 1473 3682 praesentia
1521 3612 1876 3665 sacerdotum

178 3701 591 3756 canonicorum
643 3701 811 3754 simul
859 3707 916 3754 et
954 3701 1234 3755 nobilium
1284 3701 1580 3766 laicorum,
1634 3700 1757 3769 ejus
1787 3700 1877 3753 cui

180 3791 475 3859 subjectus
530 3795 615 3843 est
666 3790 1085 3859 subscriptione
1143 3794 1199 3843 et
1256 3790 1706 3843 manumissione
1772 3790 1876 3843 sub

179 3878 461 3933 libertatis
503 3882 843 3931 testamento
891 3878 1225 3931 solemniter
1282 3878 1602 3932 roboretur.
1660 3877 1876 3931 Idcirco

180 3983 287 4037 ego
343 3967 721 4032 Burchardus,
778 3968 889 4019 Deo
937 3971 1226 4020 annuente
1272 3967 1716 4020 VVormaciensis
1772 3968 1874 4019 Ec-

181 4056 367 4109 clesiae
416 4055 738 4125 episcopus,
785 4055 1094 4125 quemdam
1142 4055 1402 4109 Ecclesia:-
1451 4059 1660 4108 nostra:
1689 4055 1874 4107 famu-

182 4145 323 4212 lum,
356 4144 585 4196 nomine
617 4144 1029 4209 Eberhardum,
1060 4143 1233 4197 sacris
1264 4143 1563 4197 ordinibus
1597 4143 1873 4209 oblatum,

180 4231 250 4284 ad
306 4228 501 4282 altaris
550 4245 746 4291 cornu,
801 4229 1080 4283 nobilium
1131 4232 1388 4283 virorum
1436 4230 1495 4283 in
1546 4230 1872 4299 praesentia,

179 4335 285 4390 per
331 4319 438 4371 hoc
477 4317 833 4393 auctoritatis
881 4323 1290 4371 testamentum
1339 4322 1547 4384 statuo,
1596 4316 1676 4370 ita
1709 4320 1770 4368 ut
1803 4316 1872 4368 ab

179 4407 464 4461 hodierno
508 4405 598 4459 die
649 4410 703 4459 et
731 4411 993 4475 tempore
1040 4406 1186 4459 bene
1240 4407 1543 4475 ingenuus,
1604 4409 1776 4473 atque
1804 4402 1875 4454 ab

182 4495 343 4549 omni
370 4494 657 4548 servitutis
684 4495 908 4548 vinculo
952 4511 1183 4548 securus
1212 4498 1567 4564 permaneat,
1598 4497 1874 4562 tanquam

181 4584 230 4637 si
261 4584 329 4637 ab
374 4583 641 4653 ingenuis
671 4582 866 4636 fuisset
896 4583 1230 4653 parentibus
1268 4588 1596 4652 procreatus
1637 4582 1722 4634 vel
1776 4596 1872 4632 na-

182 4679 319 4725 tus:
354 4673 729 4740 eamdemque
784 4678 987 4742 pergat
1038 4677 1257 4743 partem
1316 4686 1717 4742 quamcunque
1770 4686 1875 4722 vo-

182 4762 304 4815 lens
353 4760 624 4814 canonice
681 4761 938 4829 elegerit,
991 4761 1069 4814 ita
1118 4766 1181 4814 ut
1229 4761 1496 4830 deinceps
1554 4775 1658 4813 nec
1710 4758 1877 4812 nobis

184 4864 369 4919 neque
429 4848 850 4902 successoribus
919 4849 1131 4903 nostris
1187 4850 1370 4903 ullum
1428 4849 1632 4903 debeat
1691 4848 1874 4901 noxiae

183 4936 523 4991 conditionis
563 4936 881 5003 servitium,
916 4938 1013 4991 sed
1057 4938 1325 4991 omnibus
1354 4936 1551 4990 diebus
1597 4936 1727 4991 vita:
1760 4952 1876 4989 sua:

183 5026 287 5079 sub
326 5029 477 5078 certa
524 5024 970 5095 plenissimaque
1020 5025 1400 5094 ingenuitate,
1455 5024 1599 5077 sicut
1636 5024 1732 5077 alii
1777 5025 1876 5094 qui

184 5113 439 5184 ejusdem
472 5119 605 5166 sunt
650 5113 1045 5183 ingenuitatis,
1081 5129 1181 5184 per
1210 5114 1363 5166 hunc
1412 5112 1876 5166 manumissionis

185 5207 356 5271 atque
390 5201 761 5270 ingenuitatis
807 5201 1061 5267 titulum,
1114 5202 1257 5255 bene
1309 5217 1536 5269 semper
1592 5200 1877 5269 ingenuus

184 5295 353 5359 atque
399 5305 630 5342 securus
689 5288 909 5342 existat.
972 5290 1152 5343 Suum
1202 5305 1336 5342 vero
1390 5288 1675 5358 peculiare
1724 5290 1877 5359 quod

186 5379 372 5442 habet,
426 5383 523 5431 aut
554 5378 703 5447 quod
759 5377 967 5431 abhinc
1013 5378 1241 5448 assequi
1270 5377 1500 5447 poterit,
1535 5376 1699 5430 faciat
1743 5377 1877 5430 inde

187 5464 495 5518 secundum
542 5465 874 5519 canonicam
925 5466 1320 5520 auctoritatem
1370 5465 1548 5519 libere
1597 5464 1877 5535 quidquid

186 5552 450 5606 voluerit.
488 5553 554 5607 Et
582 5558 647 5606 ut
676 5553 797 5607 haec
846 5553 1218 5623 ingenuitatis
1248 5554 1460 5625 pagina
1490 5552 1875 5607 inviolabilem

2000 524 2205 579 vimus.

2454 614 2579 667 CAP.
2621 614 2825 669 XXVII.
2855 642 2923 652 --
2953 616 3025 668 De
3049 615 3244 668 eodem.

2001 700 2123 769 (Em
2173 703 2361 756 concil.
2426 703 2721 771 Toletano.)
2778 701 2997 756 Debent
3042 707 3237 755 autem
3296 703 3694 774 suprascripta:

1998 788 2370 859 ingenuitatis
2414 791 2625 843 chartae
2655 806 2773 843 non
2821 791 3007 844 solum
3044 806 3255 843 nomen
3283 791 3437 844 illius
3466 792 3565 861 qui
3593 792 3696 845 has

1998 877 2125 931 ﬁeri
2172 882 2353 947 rogat,
2386 879 2483 931 sed
2526 878 2696 932 etiam
2743 879 2978 932 nomina
3026 880 3389 933 sacerdotum
3437 884 3493 933 et
3526 880 3695 933 nobi-

1997 965 2140 1019 lium
2195 967 2468 1019 laicorum
2519 966 2619 1036 qui
2673 966 2751 1020 ibi
2802 966 3042 1032 fuerint,
3092 966 3151 1020 in
3199 968 3401 1021 ordine
3453 968 3693 1038 digesta,

1998 1070 2129 1107 cum
2160 1055 2336 1125 signis
2374 1055 2609 1125 propria
2650 1071 2825 1109 manu
2874 1056 3167 1125 impressis
3204 1056 3515 1110 continere.
3553 1057 3694 1109 Nam

1996 1141 2118 1195 sine
2146 1143 2354 1196 horum
2389 1143 2816 1212 astipulatione,
2851 1144 3060 1213 pagina
3091 1144 3429 1197 auctoritate
3460 1144 3692 1197 testium

1998 1230 2214 1284 nudata
2247 1247 2351 1300 pro
2398 1230 2580 1283 nihilo
2630 1231 2958 1300 deputatur.
3012 1232 3246 1301 Oportet
3292 1233 3465 1285 etiam
3514 1237 3576 1285 ut
3604 1233 3693 1285 lo-
3722 1256 3753 1267 ’-

1997 1334 2147 1380 cum,
2194 1319 2369 1382 diem,
2402 1335 2638 1383 annum,
2688 1324 2744 1372 et
2773 1320 3113 1389 principem,
3162 1325 3219 1372 et
3244 1319 3585 1373 indictiones
3636 1322 3691 1373 in

1997 1405 2111 1459 ﬁne
2143 1408 2231 1460 vel
2262 1407 2322 1459 in
2353 1408 2614 1477 margine
2655 1407 2954 1461 adnotatas
3002 1408 3246 1461 habeant
3275 1407 3335 1461 in
3384 1409 3537 1461 hunc
3566 1425 3690 1462 mo-

1997 1495 2135 1549 dum
2169 1511 2182 1547 :
2215 1498 2419 1549 Actum
2470 1496 2529 1548 in
2562 1495 2657 1547 illa
2702 1496 2929 1548 civitate
2977 1496 3034 1548 in
3070 1497 3237 1551 domo
3285 1497 3465 1549 sancti
3514 1496 3688 1561 Petri,

2000 1583 2265 1636 Kalendis
2332 1583 2445 1636 illis
2508 1600 2658 1636 anno
2728 1584 3039 1637 Dominicaa
3094 1584 3523 1650 incarnationis,
3590 1585 3689 1639 illo

1999 1676 2297 1739 regnante,
2344 1672 2442 1723 illo
2492 1687 2645 1740 rege,
2695 1676 2751 1724 et
2797 1672 3139 1742 praesidente
3187 1672 3245 1724 in
3285 1672 3553 1725 cathedra
3595 1688 3689 1726 su-

1999 1758 2272 1828 pradictae
2325 1758 2569 1812 civitatis
2616 1760 2882 1830 episcopo
2932 1760 3053 1825 illo,
3104 1761 3190 1813 vel
3239 1760 3301 1813 in
3344 1761 3688 1814 monasterio

1993 1847 2115 1913 illo,
2168 1846 2479 1901 indictione
2508 1847 2626 1913 illa,
2659 1849 2720 1900 in
2755 1848 2851 1901 Dei
2900 1848 3135 1902 nomine
3183 1847 3441 1917 feliciter,
3486 1852 3688 1903 Amen.

1993 1935 2083 1987 Ait
2120 1935 2273 1988 enim
2307 1936 2563 1989 Romana
2592 1936 2903 1989 auctoritas
2938 1953 2950 1989 :
2985 1937 3352 2006 Quaecunque
3383 1937 3535 2006 leges
3566 1937 3687 1991 sine

1993 2023 2083 2076 die
2114 2027 2171 2076 et
2200 2023 2432 2076 consule
2462 2023 2677 2076 fuerint
2704 2024 2963 2092 prolatae,
2998 2040 3116 2077 non
3146 2025 3387 2077 valeant.

2421 2111 2547 2164 CAP.
2576 2113 2807 2165 XXVIII.
2845 2140 2912 2152 —
2946 2112 3028 2165 De
3057 2112 3255 2165 eodem.

2064 2198 2171 2266 (Em
2231 2198 2411 2252 eodem
2476 2200 2734 2268 concilio.)
2804 2200 3129 2255 Instruendi
3205 2204 3340 2254 sunt
3405 2205 3686 2271 praeterea

1991 2285 2141 2352 laici,
2175 2290 2238 2340 ut
2284 2286 2466 2339 sciant
2512 2287 2669 2357 quod
2701 2288 3029 2341 nullatenus
3069 2288 3180 2342 alio
3209 2289 3333 2342 loco
3372 2289 3685 2343 manumit-

1990 2379 2113 2427 tere
2155 2374 2422 2445 proprios
2449 2382 2693 2445 possunt
2735 2393 2943 2442 servos,
2977 2393 3118 2447 quos
3148 2377 3459 2431 Dominicis
3489 2377 3685 2431 castris

1991 2462 2294 2532 aggregari
2345 2462 2739 2530 decreverunt,
2791 2464 2901 2517 nisi
2933 2464 2992 2517 in
3039 2470 3394 2519 sacrosancta
3439 2466 3687 2519 Ecclesia

1991 2550 2190 2603 ordine
2238 2566 2411 2619 supra
2469 2557 2687 2604 notato.
2743 2552 3039 2615 Quomodo
3086 2552 3239 2605 enim
3291 2553 3479 2607 clerici
3530 2558 3686 2607 extra

1992 2638 2291 2691 Ecclesiam
2343 2638 2661 2691 libertatem
2696 2640 2968 2709 consequi
3014 2644 3270 2710 possunt,
3324 2641 3425 2711 qui
3475 2659 3508 2694 a
3556 2642 3682 2711 lege

1990 2725 2281 2779 mundana
2326 2727 2579 2779 extranei
2626 2728 2798 2780 sunt?
2852 2729 2913 2781 Et
2959 2728 3168 2797 quibus
3208 2728 3569 2782 interdicitur
3612 2744 3682 2782 ne

1989 2813 2060 2867 ad
2092 2814 2363 2866 saeculare
2394 2814 2668 2883 judicium
2707 2815 3034 2885 procedant,
3087 2816 3375 2885 quomodo
3423 2816 3683 2870 seculari

1982 2901 2200 2971 judicio
2236 2919 2265 2953 a
2304 2903 2444 2971 jugo
2490 2902 2779 2955 servitutis
2826 2903 3246 2958 absolvuntur?
3285 2904 3393 2959 Sed
3445 2905 3681 2958 fortasse

1917 3001 1957 3055 ρ
1990 2990 2126 3043 dicit
2155 2989 2363 3059 aliquis
2397 3007 2409 3043 :
2440 2990 2689 3044 Clericus
2718 2990 2843 3043 ﬁeri
2867 3007 2981 3044 non
3016 2992 3381 3061 permittitur,
3414 2992 3521 3045 nisi
3552 2997 3681 3046 ante

1988 3084 2317 3148 susceptum
2358 3078 2658 3132 clericatus
2689 3079 2961 3143 ofﬁcium,
2998 3081 3371 3149 ingenuitatis
3401 3081 3680 3151 dignitate

1987 3166 2260 3236 potiatur.
2309 3168 2388 3220 Re
2434 3184 2565 3220 vera
2593 3184 2794 3221 verum
2842 3168 2997 3222 dicit.
3048 3172 3110 3222 Et
3138 3169 3269 3223 ideo
3317 3170 3471 3240 quod
3512 3170 3679 3223 inﬁr-

1987 3255 2131 3308 mari
2163 3256 2244 3309 vel
2280 3256 2589 3325 vituperari
2623 3261 2828 3323 potest,
2862 3258 3169 3326 praecaveri
3204 3259 3392 3312 debet.

2448 3345 2575 3397 CAP.
2609 3346 2780 3397 XXIX.
2816 3376 2884 3383 —
2912 3348 2987 3399 De
3015 3345 3213 3399 eodem.

2061 3430 2181 3500 (Ea:
2228 3431 2407 3485 eodem
2462 3433 2732 3501 concilio.)
2798 3434 2921 3486 Non
2983 3434 3167 3486 solum
3220 3440 3411 3488 autem
3461 3435 3560 3505 qui
3608 3436 3676 3489 ad

1986 3519 2280 3572 clericatus
2332 3519 2593 3572 ordinem
2665 3521 3036 3589 promovendi
3101 3527 3251 3587 sunt,
3314 3522 3373 3574 in
3433 3524 3678 3578 Ecclesia

1986 3606 2433 3660 manumittendi
2484 3612 2636 3676 sunt,
2696 3608 3071 3662 verumetiam
3127 3610 3187 3663 hi
3245 3626 3388 3679 quos
3433 3610 3676 3681 quisque

1986 3711 2089 3765 pro
2139 3695 2392 3749 remedio
2441 3696 2649 3750 animm
2682 3712 2799 3749 suae
2844 3697 3193 3768 emancipari
3237 3698 3400 3752 vult:
3436 3699 3570 3769 quia
3600 3699 3678 3751 sic

1987 3784 2261 3854 scriptum
2290 3785 2504 3855 quippe
2535 3791 2617 3839 est
2649 3787 2704 3838 in
2738 3792 2903 3856 pacto
2939 3788 3299 3843 Francorum.

1988 3875 2114 3928 CAP.
2147 3874 2288 3927 XXX.
2331 3904 2398 3913 —
2447 3876 2744 3943 Exemplar
2801 3876 3069 3929 libertatis
3119 3877 3183 3928 dc
3226 3879 3450 3945 proprio
3503 3892 3672 3931 servo.

2059 3964 2161 4032 (Ex
2227 3962 2405 4015 eodem
2470 3962 2738 4031 concilio.)
2807 3963 2912 4026 Qui
2967 3964 3221 4016 debitum
3279 3963 3384 4017 sibi
3441 3980 3674 4031 nexum,

1985 4055 2157 4120 atque
2186 4056 2516 4119 competens
2562 4052 2779 4104 relaxat
2807 4052 3122 4117 servitium,
3153 4053 3454 4121 przemium
3505 4054 3562 4107 in
3593 4055 3678 4107 fu-

1985 4145 2115 4192 turo
2169 4139 2319 4207 apud
2378 4139 2688 4192 Dominum
2750 4139 2856 4194 sibi
2910 4140 3211 4209 provenire
3274 4158 3391 4194 non
3438 4142 3676 4196 dubitet.

1987 4227 2348 4296 Quapropter
2400 4243 2505 4297 ego
2562 4228 2622 4280 in
2672 4228 2769 4281 Dei
2828 4228 3060 4282 nomine
3112 4229 3217 4293 ill.,
3268 4245 3373 4298 pro
3424 4232 3675 4285 remedio

1985 4315 2193 4367 animus
2241 4330 2400 4379 meae,
2463 4317 2551 4369 vel
2607 4321 2821 4369 aeterna
2868 4317 3258 4381 retributione,
3314 4318 3373 4371 in
3420 4319 3671 4386 ecclesia,

1985 4404 2161 4455 sancti
2193 4404 2364 4469 Petri,
2396 4404 2483 4457 vel
2513 4404 2667 4457 illius
2696 4406 2894 4471 sancti,
2928 4406 3032 4458 sub
3062 4406 3369 4474 praesentia
3399 4408 3672 4477 episcopi,

1983 4494 2069 4545 vel
2113 4492 2470 4545 sacerdotum
2518 4492 2595 4545 ibi
2632 4492 3085 4559 consistentium,
3137 4509 3201 4546 ac
3240 4494 3524 4547 nobilium
3564 4494 3675 4548 lai—

1983 4597 2202 4645 corum,
2252 4585 2383 4633 ante
2440 4596 2623 4634 cornu
2682 4581 2878 4635 altaris
2928 4581 3091 4635 istius
3134 4582 3385 4636 ecclesiae
3444 4584 3675 4637 absolvo

1983 4685 2210 4723 servum
2264 4685 2456 4722 meum
2514 4669 2598 4722 ill.
2648 4686 2750 4739 per
2791 4670 2939 4723 hanc
2994 4672 3250 4725 chartam
3301 4672 3677 4726 absolutionis

1984 4764 2041 4812 et
2074 4757 2450 4828 ingenuitatis
2496 4758 2564 4810 ab
2596 4759 2755 4812 omni
2786 4760 3013 4813 vinculo
3063 4760 3375 4827 servitutis,
3409 4762 3485 4814 ita
3515 4766 3577 4814 ut
3606 4762 3676 4815 ab

1984 4848 2087 4901 hac
2118 4847 2209 4901 die
2258 4852 2314 4898 et
2345 4846 2612 4915 deinceps
2645 4847 2931 4916 ingenuus
2978 4848 3069 4915 sit,
3115 4853 3169 4902 et
3214 4849 3500 4919 ingenuus
3550 4865 3676 4919 per-

1985 4940 2234 4999 maneat,
2286 4939 2561 5004 tanquam
2594 4934 2641 4987 si
2683 4936 2756 4988 ab
2790 4936 3057 5005 ingenuis
3107 4938 3442 5005 parentibus
3480 4938 3679 4991 fuisset

1986 5029 2150 5077 natus
2197 5024 2283 5075 vel
2350 5028 2698 5092 procreatus.
2771 5025 2904 5077 Eam
2972 5031 3174 5094 pergat
3232 5031 3455 5094 partem
3504 5041 3676 5095 quam

1984 5111 2269 5175 maluerit,
2306 5111 2391 5163 vel
2425 5127 2594 5180 quam
2640 5112 2691 5163 ei
2723 5112 3029 5165 auctoritas
3076 5113 3345 5166 canonica
3378 5114 3674 5180 permittit,

1987 5207 2044 5255 et
2096 5200 2240 5254 sicut
2288 5200 2384 5253 alii
2416 5199 2651 5270 ingenui
2704 5199 2880 5253 vitam
2926 5200 3097 5253 ducat
3140 5202 3472 5271 ingenuam.
3526 5202 3680 5255 Nulli

1986 5294 2179 5343 autem
2210 5290 2504 5343 haeredum
2556 5304 2815 5342 meorum
2856 5304 2921 5341 ac
2950 5289 3373 5358 prohaaredum,
3411 5306 3513 5343 nec
3558 5290 3677 5343 cui-

1988 5395 2214 5449 cunque
2242 5394 2504 5448 personae
2537 5377 2634 5430 alii
2662 5377 2977 5447 quidquam
3010 5376 3214 5431 debeat
3250 5378 3560 5444 servitutis,
3592 5381 3679 5432 vel

1987 5467 2267 5521 libertatis
2293 5466 2654 5535 obsequium,
2678 5465 2786 5518 nisi
2816 5466 2917 5519 soli
2944 5467 3080 5529 Deo,
3103 5467 3195 5519 cui
3215 5466 3409 5520 omnia
3431 5468 3682 5538 subjecta

1988 5559 2142 5619 sunt,
2190 5554 2277 5607 vel
2330 5570 2435 5623 pro
2482 5553 2644 5622 cujus
2679 5570 2873 5608 amore
2922 5555 3111 5623 ipsum
3165 5554 3400 5609 devotus
3438 5555 3510 5609 ad
3558 5556 3681 5625 ejus
