3956 6306
288 280 386 330 631

1357 272 1765 331 BURCHARDI
1809 271 2338 328 WORMACIENSIS
2378 271 2708 328 EPISCOPI.

3703 279 3808 330 63‘2

291 398 583 454 servitium
633 397 834 452 obtuli.
887 396 1182 452 Peculiare
1229 412 1361 450 vero
1391 413 1559 452 suum
1607 397 1759 468 quod
1804 395 1857 450 ei
1886 395 1982 450 do-
2011 396 2059 448 A
2099 395 2224 450 CAP.
2284 395 2501 468 XXXIV.
2555 423 2641 468 —-_
2671 395 3055 468 Energumeni
3092 409 3203 449 non
3249 397 3422 468 solum
3484 411 3592 450 non
3645 411 3805 451 assu-

296 488 490 542 minus
519 485 762 554 dederit,
809 487 898 540 vel
927 485 1197 556 deinceps
1240 486 1354 540 Deo
1391 486 1698 540 auxiliante
1728 485 1988 539 laborare

297 575 571 647 potuerit,
615 589 947 628 concessum
988 573 1048 626 in
1085 577 1428 644 perpetuum
1473 573 1696 639 habeat,
1745 578 1810 626 ut
1857 572 1989 626 inde

299 663 468 718 faciat
514 662 795 733 quidquid
826 662 912 715 illi
953 662 1252 732 placuerit,
1300 662 1614 716 secundum
1652 660 1989 715 ecclesiasti-

304 768 398 806 cas
427 750 766 805 sanctiones.
803 750 859 804 Si
907 750 1035 820 quis
1066 766 1220 817 vero,
1253 749 1402 820 quod
1432 749 1688 802 futurum
1721 765 1842 802 esse
1872 765 1991 802 non

305 840 496 906 credo,
550 839 595 892 si
626 854 732 909 ego
772 839 914 908 ipse,
968 843 1064 892 aut
1094 837 1302 908 aliquis
1351 837 1418 891 de
1453 838 1775 892 haeredibus
1824 837 1990 903 meis,

303 929 391 981 vel
423 927 698 998 quaelibet
745 927 1006 997 opposita
1037 943 1283 996 persona
1322 932 1518 980 contra
1549 928 1696 981 hanc
1724 926 1994 997 ingenui-

306 1015 438 1070 tatis
484 1015 736 1068 chartam
793 1015 983 1068 venire
1039 1015 1360 1081 tentaverit,
1411 1019 1510 1069 aut
1564 1031 1692 1069 eam
1742 1015 1998 1086 quolibet

305 1103 476 1158 modo
508 1103 820 1173 infringere
853 1103 1118 1164 voluerit,
1151 1103 1212 1156 in
1251 1103 1452 1173 primis
1478 1103 1620 1157 iram
1655 1103 1754 1157 Dei
1798 1104 1996 1157 incur-

306 1197 415 1257 rat,
467 1197 522 1245 et
559 1207 592 1244 a
633 1191 931 1245 liminibus
987 1197 1194 1245 sancta:
1242 1191 1342 1244 Dei
1394 1192 1652 1246 Ecclesiae
1698 1197 1997 1246 extraneas

307 1279 600 1346 efficiatur,
669 1285 726 1333 et
789 1280 1028 1350 insuper
1066 1282 1158 1334 cui
1222 1281 1380 1334 litem
1441 1280 1638 1334 intulit
1705 1282 1998 1351 sexaginta

307 1367 500 1420 solitos
555 1369 860 1437 persolvat,
914 1373 970 1421 et
1026 1368 1178 1438 quod
1232 1369 1437 1438 repetit
1503 1368 1822 1422 evindicare
1879 1385 1998 1422 non

306 1456 510 1522 valeat,
561 1457 655 1510 sed
707 1471 959 1526 praesens
1009 1456 1355 1527 ingenuitas,
1416 1473 1543 1510 mea
1594 1457 1681 1512 vel
1729 1458 1996 1524 aliorum,

307 1545 591 1598 bonorum
640 1543 942 1598 hominum
1010 1545 1276 1599 manibus
1333 1545 1619 1612 roborata,
1681 1562 1813 1600 cum
1865 1546 2000 1600 asti-

308 1632 602 1702 pulatione
665 1632 926 1698 subnixa,
987 1633 1147 1686 omni
1206 1637 1464 1704 tempore
1517 1639 1746 1688 maneat
1808 1635 2004 1689 incon-

309 1720 488 1773 vulsa.

549 1823 677 1880 CAP.
707 1826 875 1880 XXXI.
907 1854 978 1867 —
1005 1829 1080 1881 De
1108 1841 1382 1881 servorum
1407 1827 1763 1882 ordinatione.

383 1949 490 2017 (Ea:
507 1948 696 2002 eodem
729 1964 848 2019 cap.
890 1951 970 2020 2.)
1001 1949 1079 2004 De
1131 1966 1425 2004 servorum
1471 1951 1852 2019 ordinatione,
1905 1953 2005 2024 qui

313 2036 529 2108 passim
581 2037 650 2090 ad
705 2038 916 2107 gradus
961 2037 1372 2092 ecclesiasticos
1420 2038 1726 2093 indiscrete
1773 2055 2006 2108 promo-

315 2130 536 2192 ventur,
570 2125 784 2195 placuit
827 2126 1095 2180 omnibus
1139 2143 1268 2180 cum
1302 2126 1476 2180 sacris
1525 2128 1838 2181 canonibus
1867 2144 2009 2182 con-

314 2213 548 2267 cordare
576 2213 802 2280 debere,
841 2219 898 2267 et
928 2219 1201 2268 statutum
1232 2219 1354 2268 erat
1393 2219 1458 2269 ut
1488 2216 1681 2269 nullus
1709 2216 2010 2286 episcopo—

317 2315 449 2353 rum
491 2299 762 2369 deinceps
793 2316 886 2353 eos
919 2301 989 2354 ad
1018 2317 1204 2354 sacros
1236 2301 1464 2356 ordines
1501 2318 1832 2372 promovere
1859 2320 2012 2374 prae-

321 2391 529 2451 sumat,
565 2387 677 2440 nisi
703 2387 862 2457 prius
891 2405 924 2441 a
953 2388 1201 2443 dominis
1227 2389 1476 2459 propriis
1517 2391 1839 2446 libertatem
1871 2407 2011 2446 cono

321 2475 502 2530 secuti
567 2476 781 2530 fuerint
836 2493 848 2530 :
907 2481 962 2530 et
1027 2477 1074 2530 si
1141 2477 1385 2547 quilibet
1447 2494 1640 2533 servus
1716 2480 2014 2534 dominum

319 2581 490 2618 suum
549 2565 798 2636 fugiens,
851 2571 952 2620 aut
1015 2566 1263 2631 latitans,
1312 2572 1410 2621 aut
1458 2568 1730 2622 adhibitis
1777 2569 2016 2624 testibus

319 2667 559 2706 munere
602 2652 915 2719 conductis,
949 2654 1032 2707 vel
1078 2654 1383 2724 corruptis,
1432 2660 1530 2709 aut
1570 2655 1829 2726 qualibet
1857 2657 2015 2711 calli-

319 2739 497 2794 ditate
527 2741 612 2793 vel
660 2740 861 2795 fraude
910 2741 983 2795 ad
1031 2743 1240 2812 gradus
1289 2743 1695 2798 ecclesiasticos
1738 2761 2072 2815 pervene-o

319 2828 416 2893 rit,
473 2828 763 2883 decretum
813 2835 898 2883 est
953 2835 1018 2882 ut
1073 2830 1416 2900 deponatur,
1470 2837 1529 2885 et
1571 2833 1838 2887 dominus
1895 2835 2019 2904 ejus

322 2932 455 2971 eum
501 2916 758 2986 recipiat.
811 2918 868 2971 Si
897 2933 1031 2971 vero
1086 2935 1244 2986 avus,
1289 2925 1389 2972 aut
1436 2924 1619 2990 pater,
1667 2920 1737 2974 ab
1768 2920 1880 2975 alia
1926 2938 2018 2991 pa-

320 3004 433 3058 tria
471 3005 530 3057 in
581 3006 748 3058 aliam
796 3005 1075 3075 migrans,
1130 3005 1190 3058 in
1236 3006 1437 3060 eadem
1485 3008 1783 3077 provincia
1829 3009 2013 3064 ﬁlium

322 3092 607 3163 genuerit,
641 3099 698 3146 et
727 3093 848 3162 ipse
875 3093 1029 3147 filius
1060 3094 1274 3148 ibidem
1307 3095 1596 3163 educatus,
1631 3101 1686 3151 et
1713 3097 1782 3151 ad
1807 3099 2016 3168 gradus

323 3180 731 3234 ecclesiasticos
783 3187 1076 3251 promotus
1127 3181 1320 3248 fuerit,
1364 3187 1420 3235 et
1469 3188 1663 3237 utrum
1713 3200 1906 3237 servus
1947 3184 2018 3237 sit

322 3269 589 3340 ignotum
621 3269 710 3334 sit,
747 3277 806 3324 et
833 3276 1029 3341 postea
1061 3271 1294 3324 veniens
1325 3271 1588 3325 dominus
1618 3271 1771 3326 illius
1797 3273 2018 3343 legibus

326 3372 458 3411 eum
508 3359 860 3429 acquisierit,
910 3360 1190 3413 sancitum
1243 3365 1331 3414 est
1378 3365 1442 3414 ut
1484 3360 1531 3413 si
1573 3361 1838 3416 dominus
1897 3363 2020 3432 ejus

326 3446 412 3500 illi
440 3445 764 3502 libertatem
786 3449 922 3502 dare
943 3449 1206 3515 voluerit,
1234 3449 1292 3503 in
1323 3450 1504 3519 gradu
1537 3466 1637 3504 suo
1660 3457 2016 3520 permaneat.

326 3534 385 3588 Si
428 3550 561 3588 vero
618 3552 750 3589 eum
819 3541 1018 3590 catena
1065 3537 1352 3592 servitutis
1394 3555 1424 3590 a
1461 3538 1658 3592 castris
1713 3539 2022 3593 Dominicis

328 3622 656 3678 abstrahere
710 3625 974 3689 voluerit,
1031 3627 1274 3694 gradum
1332 3627 1556 3680 amittat
1611 3643 1623 3680 :
1677 3627 1814 3698 quia
1861 3629 2024 3699 juxta

331 3727 520 3764 sacros
577 3728 825 3766 canones
867 3713 995 3766 vilis
1042 3729 1288 3783 persona
1319 3730 1556 3768 manens
1591 3716 1891 3772 sacerdotii
1929 3717 2023 3772 di-

331 3799 546 3868 gnitate
576 3800 740 3870 fungi
769 3816 886 3854 non
916 3805 1119 3870 potest.

599 3923 726 3978 CAP.
778 3925 976 3980 XXXII.
1005 3955 1076 3963 ——-
1102 3928 1176 3979 De
1200 3927 1541 3980 ecclesiarum
1569 3931 1758 3983 servis.

404 4046 522 4115 (Ea:
587 4046 767 4102 eodem
827 4049 1078 4113 concilio,
1147 4065 1266 4118 cap.
1339 4052 1450 4116 33.)
1523 4052 1600 4104 De
1657 4051 2024 4107 ecclesiarum

331 4150 464 4188 vero
495 4134 671 4189 servis
721 4137 1014 4190 communi
1065 4137 1347 4192 sententia
1378 4144 1462 4192 est
1494 4140 1808 4207 decretum,
1843 4146 1906 4194 ut
1934 4157 2024 4194 ar-

333 4221 682 4294 chiepiscopi
739 4240 844 4294 per
901 4226 1150 4296 singulas
1202 4228 1522 4296 provincias
1577 4229 1871 4283 constituti
1919 4247 2022 4283 no-

335 4316 510 4366 stram
564 4314 962 4369 auctoritatem
1021 4322 1334 4387 sequantur
1377 4334 1388 4370 :
1436 4317 1783 4388 suﬁ‘raganei
1834 4324 2024 4373 autem

335 4399 568 4454 illorum
600 4404 893 4473 exemplar
921 4403 1074 4458 illius
1103 4421 1281 4475 penes
1307 4422 1365 4460 se
1390 4405 1659 4474 habeant,
1691 4410 1748 4459 et
1776 4405 2026 4476 quando-

334 4504 580 4559 cunque,
613 4489 682 4544 de
723 4489 944 4544 familia
974 4492 1254 4558 Ecclesiae,
1306 4493 1462 4547 utilis
1508 4494 1774 4547 inventus
1819 4493 2027 4564 aliquis

335 4576 687 4631 ordinandus
746 4584 851 4646 est,
902 4579 960 4633 in
1009 4581 1256 4636 ambone
1306 4581 1430 4651 ipsa
1486 4581 1791 4635 auctoritas
1833 4599 2024 4636 coram

333 4666 551 4736 populo
585 4666 826 4737 legatur,
867 4672 922 4721 et
951 4685 1139 4723 coram
1171 4669 1558 4723 sacerdotibus
1601 4673 1657 4722 et
1685 4669 1844 4724 omni
1875 4671 2025 4724 clero

317 4759 469 4807 .ante
495 4770 669 4808 cornu
693 4756 905 4821 altaris,
941 4757 1084 4812 sicut
1106 4758 1162 4811 in
1190 4762 1384 4812 nostra
1407 4757 1745 4812 auctoritate
1767 4759 2022 4812 contine-

332 4847 449 4908 tur,
481 4849 704 4898 remota
734 4845 992 4914 qualibet
1017 4847 1344 4912 calliditate,
1371 4846 1690 4901 libertatem
1717 4864 2026 4919 consequa-

334 4936 431 4984 tur
465 4947 478 4984 :
513 4936 570 4985 et
613 4935 749 4986 tunc
798 4932 1030 4988 demum
1075 4935 1145 4988 ad
1181 4934 1394 5005 gradus
1443 4935 1849 4990 ecclesiasticos
1898 4952 2026 5006 pro-

333 5025 647 5075 moveatur.

333 5145 460 5200 CAP.
511 5145 733 5200 XXXIII.
768 5175 837 5186 —
887 5147 954 5200 Ut
999 5148 1312 5216 pamitentes
1342 5146 1426 5200 vel
1475 5147 1684 5214 digami
1731 5162 1838 5202 non
1888 5164 2021 5216 pro-

1012 5222 1345 5270 moveantur.

399 5344 511 5411 (Ea:
565 5343 752 5397 concil.
809 5341 1150 5409 Aurelaten.,
1212 5357 1330 5411 cap.
1393 5341 1468 5412 3.)
1538 5343 1609 5397 Ut
1656 5341 1874 5414 digami
1933 5342 2021 5397 vel

323 5430 689 5500 paenitentes,
721 5430 809 5484 vel
838 5431 1272 5502 repudiatarum
1296 5431 1508 5496 mariti,
1538 5430 1609 5486 ad
1640 5431 2020 5487 sacerdotium

326 5534 444 5574 non
472 5525 934 5591 promoveantur.

2169 466 2521 589 mendidsunt
2568 465 2642 519 ad
2689 465 2909 530 clerum,
2961 465 3056 520 sed
3105 467 3313 520 inventi
3357 467 3424 519 ab
3479 469 3661 536 ofﬁcio
3714 483 3807 520 re-

2171 552 2354 589 moveri
2397 553 2435 589 ι.

2171 552 2435 591 ηιουεηαι.

2173 623 2280 694 (Ea:
2308 626 2494 679 concil.
2545 625 2778 691 Araus.,
2829 639 2947 693 cap.
3000 626 3079 692 6.)
3133 625 3518 695 Energumeni
3559 641 3681 678 non
3719 642 3806 678 so-

2103 712 2221 765 lum
2254 729 2370 766 non
2397 711 2726 766 assumendi
2766 698 2900 766 sunt
2931 712 3004 766 ad
3036 712 3218 766 ullum
3263 712 3526 767 ordinem
3557 714 3804 767 clerica-

2101 805 2213 866 tus,
2263 801 2362 854 sed
2407 801 2578 854 etiam
2640 801 2716 852 illi
2775 800 2872 870 qui
2926 801 3174 854 ordinati
3229 807 3363 855 sunt
3406 802 3478 855 ab
3530 801 3806 872 imposito

2105 889 2293 943 officio
2327 889 2640 960 repellendi
2667 905 2769 942 sun
2782 897 2815 942 t.

2106 996 2234 1051 CAP.
2268 997 2459 1050 XXXV.
2509 1025 2577 1034 —
2633 997 2698 1050 Ut
2726 996 2910 1050 nullus
2957 1011 3026 1048 ea:
3069 997 3452 1064 paenitentibus
3497 997 3806 1051 ordinetur.

2179 1102 2288 1169 (Ea:
2345 1103 2533 1156 concil.
2585 1102 2880 1169 Carthag.,
2932 1116 3054 1170 cap.
3104 1101 3218 1171 68.)
3277 1103 3354 1156 Ex
3393 1103 3812 1173 paenitentibus

2108 1190 2369 1259 quamvis
2394 1190 2600 1255 bonus,
2633 1190 2871 1243 clericus
2915 1205 3031 1242 non
3063 1189 3377 1244 ordinetur.
3421 1191 3478 1244 Si
3508 1207 3612 1261 per
3643 1191 3815 1260 igno-

2108 1278 2352 1332 rantiam
2401 1277 2656 1348 episcopi
2703 1278 2917 1331 factum
2965 1277 3160 1346 fuerit,
3191 1278 3516 1348 deponatur
3544 1297 3578 1332 a
3605 1280 3763 1332 clero
3799 1296 3811 1332 :

2110 1366 2246 1437 quia
2302 1369 2377 1420 se‘
2413 1365 2791 1420 ordinationis
2837 1370 3097 1436 tempore
3155 1382 3272 1420 non
3331 1367 3585 1437 prodidit
3636 1367 3816 1422 fuisse

2110 1454 2503 1525 paenitentem.

2112 1562 2240 1616 CAP.
2279 1560 2495 1614 XXXVI.
2529 1589 2597 1600 —
2628 1561 2712 1614 De
2759 1561 3032 1614 actoribus
3075 1565 3124 1613 et
3151 1561 3619 1629 procuratoribus,
3651 1564 3707 1616 si
3736 1578 3821 1616 or-

2730 1631 2919 1685 dinari
2945 1632 3192 1686 debeant.

2184 1719 2291 1790 (Ea:
2331 1717 2530 1785 eodem,
2565 1734 2686 1788 cap.
2722 1721 2801 1789 9.)
2845 1720 3080 1788 Magnus
3111 1719 3414 1790 episcopus
3441 1720 3820 1791 Astuagensis

2112 1808 2296 1862 dixit:
2338 1808 2482 1871 Quid
2523 1807 2820 1862 dilectioni
2866 1809 3090 1862 videtur
3135 1813 3358 1874 vestrae,
3413 1815 3822 1879 procuratores

2115 1901 2172 1950 et
2201 1901 2418 1950 actores
2447 1895 2618 1950 etiam
2653 1913 2754 1950 seu
2783 1901 3076 1951 curatores
3112 1897 3464 1967 pupillorum
3494 1897 3541 1951 si
3570 1897 3824 1952 debeant

2117 1985 2419 2040 ordinari?
2450 1987 2653 2040 Gratus
2701 1983 3001 2056 episcopus
3045 1984 3189 2038 dixit
3221 2001 3234 2038 :
3268 1985 3343 2048 Si,
3377 1991 3510 2055 post
3557 1985 3824 2055 deposita

2117 2073 2386 2128 universa
2439 2079 2497 2127 et
2526 2073 2748 2128 reddita
2800 2073 3118 2140 ratiocinia,
3170 2078 3329 2126 actus
3375 2074 3504 2127 vitae
3554 2073 3820 2144 ipsorum

2116 2161 2332 2216 fuerint
2370 2161 2726 2232 comprobati
2754 2161 2815 2215 in
2845 2162 3132 2228 omnibus,
3165 2161 3374 2216 debent
3402 2167 3458 2215 et
3489 2178 3618 2215 cum
3648 2163 3825 2216 laude

2121 2249 2280 2316 cleri,
2314 2251 2358 2303 si
2407 2251 2722 2320 postulatus
2751 2250 2944 2312 fuerit,
2977 2250 3196 2304 honore
3228 2251 3540 2304 numerari.
3575 2250 3630 2305 Si
3665 2250 3827 2304 enim

2121 2344 2252 2392 ante
2283 2339 2607 2393 libertatem
2638 2339 3007 2410 negotiorum
3037 2341 3124 2393 vel
3156 2340 3498 2405 officiorum,
3524 2340 3595 2394 ab
3626 2340 3829 2410 aliquo

2125 2426 2246 2480 sine
2302 2426 2755 2480 consideratione
2801 2426 3016 2480 fuerint
3064 2426 3332 2493 ordinati,
3390 2425 3635 2480 Ecclesia
3675 2426 3832 2480 infa-

2125 2519 2335 2568 matur.
2385 2514 2643 2568 Universi
2672 2515 2942 2569 dixerunt
2975 2531 2986 2568 :
3021 2515 3192 2569 Recte
3231 2513 3428 2568 omnia
3457 2514 3654 2568 statuit
3687 2531 3829 2569 san-

2125 2603 2290 2657 ctitas
2319 2607 2437 2668 tua,
2486 2603 2732 2674 ideoque
2775 2604 2854 2658 ita
2902 2608 3089 2657 nostra
3123 2607 3209 2658 est
3239 2619 3467 2674 quoque
3515 2603 3826 2657 sententia.

2126 2709 2254 2764 CAP.
2302 2709 2549 2765 XXXVII.
2606 2737 2674 2748 —
2737 2711 2804 2763 Ut
2851 2709 2916 2764 de
2953 2709 3335 2778 pauitantibus
3387 2709 3573 2764 nullus
3618 2708 3829 2764 admit-

2734 2785 2885 2834 tatur
2905 2780 2979 2834 ad
2999 2781 3217 2834 clerum.

2201 2869 2318 2939 (Ea:
2365 2869 2553 2922 concil.
2614 2869 2849 2922 Toletan.
2911 2871 2958 2930 1,
3003 2883 3123 2937 cap.
3178 2870 3252 2937 1.)
3303 2869 3445 2922 Item
3498 2868 3716 2940 placuit
3765 2873 3831 2922 ut

2052 2953 2092 3008 C
2129 2955 2470 3026 paenitentes
2498 2972 2613 3010 non
2643 2956 3021 3010 admittuntur
3045 2956 3114 3010 ad
3147 2956 3386 3022 clerum,
3427 2956 3537 3010 nisi
3575 2961 3823 3023 tantum,

2125 3045 2171 3097 si
2221 3045 2525 3098 necessitas
2572 3049 2672 3098 aut
2717 3060 2853 3098 usus
2902 3044 3171 3115 exegerit,
3219 3045 3372 3100 inter
3419 3045 3684 3099 ostiarios
3715 3045 3820 3100 de-

2123 3135 2420 3202 putentur,
2477 3133 2564 3187 vel
2623 3132 2775 3187 inter
2832 3134 3089 3198 lectores,
3151 3133 3231 3187 ita
3287 3139 3350 3188 ut
3401 3134 3710 3204 Evangelia
3762 3140 3820 3188 et

2126 3222 2461 3291 Apostolum
2517 3237 2632 3275 non
2682 3221 2895 3291 legant.
2927 3221 2984 3276 Si
3015 3222 3114 3292 qui
3163 3227 3354 3276 autem
3405 3227 3534 3276 ante
3567 3222 3821 3276 ordinati

2127 3313 2262 3362 sunt
2305 3309 2702 3376 subdiacones,
2752 3311 2903 3365 inter
2947 3311 3322 3366 subdiacones
3370 3311 3708 3380 habeantur,
3743 3312 3826 3366 ita

2128 3403 2192 3452 ut
2222 3414 2454 3452 manum
2489 3415 2602 3452 non
2653 3399 2972 3469 imponant,
3020 3405 3118 3454 aut
3157 3416 3314 3454 sacra
3359 3399 3712 3470 contingant.
3747 3400 3825 3453 Ex

2130 3503 2198 3540 eo
2228 3503 2362 3540 vero
2388 3488 2703 3557 pmnitente
2734 3487 2999 3555 dicimus,
3030 3490 3131 3559 qui
3159 3495 3292 3558 post
3319 3489 3691 3559 baptismum,
3727 3493 3828 3542 aut

2129 3591 2235 3647 pro
2263 3575 2588 3640 homicidio,
2639 3581 2737 3630 aut
2773 3592 2878 3646 pro
2919 3577 3155 3631 diversis
3187 3577 3525 3631 criminibus
3557 3577 3832 3647 gravissi—

2132 3662 2359 3732 misque
2406 3663 2652 3732 peccatis
2690 3663 2982 3732 publicam
3027 3663 3426 3734 paenitentiam
3465 3680 3670 3735 gerens
3719 3664 3828 3718 sub

2131 3750 2334 3816 cilicio,
2368 3750 2560 3804 divino
2583 3750 2758 3804 fuerit
2789 3751 3186 3806 reconciliatus
3219 3751 3441 3806 altario.

2134 3856 2260 3910 CAP.
2290 3855 2576 3912 XXXVIII.
2609 3887 2678 3895 —
2715 3858 2934 3923 Laicus,
2968 3859 3018 3911 si
3059 3858 3289 3912 secundo
3330 3874 3551 3912 umorem
3583 3858 3825 3925 duxerit,

2725 3930 2948 3982 clericus
2977 3945 3084 3983 non
3111 3932 3226 3997 ﬁat.

2206 4015 2312 4085 (Ea:
2351 4016 2536 4070 concil.
2593 4015 2903 4082 Aureliam,
2962 4032 3082 4086 cap.
3135 4020 3211 4083 8.)
3243 4016 3299 4072 Si
3353 4016 3480 4087 quis
3527 4017 3596 4072 de
3644 4017 3826 4084 laicis,

2135 4109 2264 4175 post
2330 4120 2589 4172 uxorem,
2647 4104 2818 4158 aliam
2875 4107 3266 4176 cujuscunque
3331 4105 3669 4160 conditionis
3735 4123 3828 4160 co-

2055 4234 2097 4287 D
2136 4192 2400 4263 gnoverit
2461 4193 2785 4259 mulierem,
2847 4193 2906 4247 in
2970 4195 3186 4248 clerum
3229 4195 3556 4250 nullatenus
3619 4194 3831 4249 admit-

2137 4287 2308 4335 tatur.

2138 4387 2272 4442 CAP.
2321 4389 2539 4442 XXXIX.
2600 4419 2672 4427 —
2724 4391 2790 4443 Ut
2833 4391 3015 4444 nullus
3059 4393 3338 4458 episcopus
3390 4391 3614 4444 alterius
3661 4405 3830 4458 paro-

2553 4458 2807 4513 chianum
2831 4463 3064 4514 retinere
3090 4466 3408 4529 praesumat.

2207 4547 2324 4617 (Ea:
2351 4546 2493 4600 decr.
2524 4547 2760 4602 Adrian.
2787 4565 2946 4618 pap.,
2975 4565 3094 4618 cap.
3141 4549 3249 4618 15.)
3284 4550 3482 4603 Nullus
3527 4547 3832 4619 episcopus

2136 4634 2367 4688 alterius
2410 4636 2823 4705 parochianum
2874 4642 3187 4707 praesumat
3235 4638 3481 4692 retinere
3529 4642 3628 4691 aut
3673 4638 3830 4692 ordi-

2135 4738 2272 4776 nare
2303 4723 2516 4793 absque
2562 4725 2684 4794 ejus
2712 4725 3029 4792 voluntate,
3071 4727 3159 4780 vel
3189 4727 3446 4796 judicare
3478 4742 3491 4780 :
3524 4725 3658 4796 quia
3684 4726 3832 4780 sicut

2133 4811 2293 4865 irrita
2322 4812 2431 4866 erit
2461 4813 2585 4882 ejus
2627 4813 2936 4882 ordinatio,
2969 4815 3047 4868 ita
3078 4820 3134 4868 et
3163 4815 3524 4885 dijudicatio;
3553 4814 3828 4884 quoniam

2133 4915 2432 4954 censemus
2459 4901 2683 4955 nullum
2733 4903 2970 4956 alterius
3009 4903 3238 4973 judicis,
3267 4904 3376 4958 nisi
3427 4904 3516 4957 sui
3545 4905 3830 4958 sententia

2132 4989 2336 5044 teneri.
2372 4991 2512 5045 Nam
2540 4990 2639 5062 qui
2682 5007 2815 5046 eum
2846 4991 3114 5047 ordinare
3163 5009 3281 5048 non
3310 4993 3500 5065 potuit
3542 5008 3648 5046 nec
3677 4992 3827 5047 indi-

2131 5093 2260 5131 care
2287 5078 2574 5133 ullatenus
2604 5084 2811 5150 potest.

2133 5184 2259 5238 CAP.
2300 5185 2404 5239 XL.
2439 5216 2508 5225 —
2545 5188 2611 5241 Ut
2638 5186 2706 5240 ab
2753 5187 2928 5241 alieno
2968 5192 3214 5256 episcopo
3257 5188 3544 5242 ordinatus
3587 5189 3645 5240 in
3690 5187 3832 5242 clero

2792 5273 2899 5312 non
2927 5265 3168 5313 maneat.

2201 5345 2319 5412 (Ea:
2368 5347 2555 5400 concil.
2617 5348 2884 5413 Mogunt.,
2933 5363 3057 5416 cap.
3109 5349 3184 5416 4.)
3232 5348 3538 5402 Ordinatus
3587 5345 3832 5402 clericus

2131 5432 2200 5486 ab
2244 5433 2356 5487 alio
2412 5433 2676 5504 episcopo
2731 5450 2850 5488 non
2902 5436 3244 5507 deprecante
3299 5437 3389 5491 vel
3436 5434 3830 5491 consentiente

2131 5538 2255 5590 suo,
2287 5522 2350 5577 in
2379 5523 2529 5578 clero
2558 5539 2675 5578 non
2703 5530 2954 5579 maneat.
