3956 6302
165 306 268 359 633

164 430 294 484 CAP.
330 431 463 487 XLI.
495 459 564 470 --
584 430 679 504 De
722 432 956 499 quodam
998 434 1242 502 episcopo
1283 436 1379 502 qui
1407 436 1631 489 alterius
1655 437 1863 504 episco-
1892 434 1939 486 Α

462 504 524 571 pi
546 503 816 568 clericum,
847 518 904 555 eo
928 504 1155 570 nolente,
1188 506 1555 559 ordinaverat.

237 608 358 673 (Ea:
403 610 590 663 concil.
644 610 851 675 Afric.,
886 625 1004 679 cap.
1055 613 1168 676 42.)
1202 611 1513 681 Epigonius
1560 612 1858 682 episcopus

164 694 355 749 dixit:
390 698 456 749 In
506 697 701 750 multis
749 697 1001 751 conciliis
1047 699 1159 752 hoc
1207 705 1483 754 statutum
1535 705 1637 767 est,
1685 700 1859 754 etiam

164 799 320 837 nunc
351 784 459 838 hoc
495 786 950 840 conﬁrmandum
986 793 1071 841 est
1099 804 1133 840 a
1172 795 1362 843 vestra
1388 790 1718 859 prudentia,
1747 789 1859 844 fra-

164 877 280 925 tres
309 872 647 940 beatissimi,
680 880 741 928 ut
771 875 1036 929 clericum
1071 877 1323 931 alienum
1353 879 1545 932 nullus
1579 878 1688 933 sibi
1719 896 1860 949 prae-

165 962 340 1032 ripiat
370 964 686 1033 episcopus,
733 970 945 1033 praeter
975 965 1098 1035 ejus
1145 967 1449 1021 arbitrium
1480 970 1643 1037 cujus
1689 969 1864 1023 fuerit

165 1051 424 1105 clericus.
476 1052 611 1106 Dico
642 1059 832 1106 autem
862 1054 1176 1120 lulianum,
1210 1056 1310 1126 qui
1353 1056 1613 1127 ingratus
1645 1063 1730 1112 est
1765 1058 1863 1113 Dei

162 1138 461 1193 beneﬁciis
508 1157 612 1211 per
657 1158 843 1195 meam
896 1143 1239 1212 parvitatem
1291 1145 1351 1198 in
1382 1162 1440 1199 se
1489 1147 1727 1210 collatis,
1784 1148 1866 1200 ita

164 1229 540 1283 temerarium
573 1234 629 1283 et
661 1231 935 1284 audacem
966 1234 1271 1301 exstitisse,
1309 1240 1371 1288 ut
1401 1251 1532 1289 eum
1577 1236 1677 1306 qui
1717 1253 1747 1289 a
1772 1253 1863 1290 me

163 1316 489 1385 baptizatus
539 1324 641 1383 est,
697 1335 826 1372 cum
876 1325 1025 1375 esset
1053 1337 1199 1390 puer
1246 1323 1671 1393 egentissimus,
1720 1324 1865 1379 mihi

162 1404 236 1458 ab
294 1406 499 1460 eodem
547 1408 1006 1473 commendatus,
1066 1425 1311 1480 cumque
1361 1412 1554 1465 multis
1604 1411 1769 1465 annis
1831 1427 1864 1464 a

163 1509 257 1546 me
287 1494 563 1564 aleretur,
609 1500 779 1566 atque
811 1496 1173 1565 incresceret,
1206 1500 1379 1565 hunc,
1416 1505 1479 1554 ut
1507 1500 1642 1560 dixi,
1676 1499 1862 1571 bapti-

164 1586 357 1635 zatum
410 1599 530 1637 esse
574 1584 633 1638 in
681 1585 917 1639 ecclesia
964 1602 1094 1641 mea
1140 1604 1243 1658 per
1285 1605 1519 1643 manum
1568 1590 1865 1660 parvitatis

163 1686 311 1724 meae
342 1676 563 1726 constat
597 1689 609 1726 :
644 1672 794 1726 idem
825 1674 885 1727 in
913 1674 1142 1729 dioecesi
1176 1677 1502 1747 Mepaliensi
1536 1679 1711 1733 lector
1740 1695 1861 1734 esse
1893 1716 1933 1769 Β

164 1765 437 1829 coeperat,
487 1761 603 1813 imo
633 1761 798 1816 annis
827 1763 1007 1816 ferme
1051 1764 1273 1819 duobus
1319 1767 1557 1835 legerat,
1592 1784 1727 1822 nam
1758 1785 1855 1822 ne-

162 1846 279 1900 scio
314 1863 428 1917 quo
455 1855 782 1920 contemptu
812 1851 1228 1907 immanissimo
1260 1853 1413 1909 idem
1436 1855 1697 1909 Julianus
1727 1873 1860 1911 eum

162 1936 428 2005 arripuit,
482 1953 653 2007 quem
699 1939 908 1994 dicitur
966 1941 1131 2011 quasi
1175 1942 1477 2012 proprium
1535 1944 1715 1998 civem
1773 1947 1861 1999 sui

162 2024 275 2077 loci
332 2024 656 2080 Vazaritani
711 2043 803 2081 me
861 2028 1186 2083 inconsulto
1246 2047 1545 2102 usurpare.
1605 2034 1746 2087 Nam
1805 2039 1863 2087 et

164 2112 463 2167 diaconem
495 2115 660 2169 illum
710 2116 1015 2172 ordinavit.
1051 2121 1166 2173 Hoc
1194 2119 1240 2173 si
1284 2119 1471 2187 liceat,
1503 2126 1696 2191 pateat
1740 2123 1861 2176 haec

161 2200 395 2255 licentia
438 2219 471 2256 a
499 2203 678 2269 vobis,
730 2205 1047 2260 beatissimi
1090 2208 1310 2261 fratres.
1345 2209 1443 2263 Sin
1492 2210 1701 2278 minus,
1742 2216 1858 2265 tam

162 2289 471 2361 impudens
524 2292 879 2359 cohibeatur,
939 2311 1009 2348 ne
1068 2312 1126 2348 se
1184 2296 1419 2351 misceat
1464 2298 1861 2351 communioni

163 2378 528 2449 cujusquam.
558 2381 857 2435 Numidius
889 2383 1194 2453 episcopus
1219 2384 1359 2438 dixit
1384 2401 1396 2437 :
1423 2384 1500 2452 Si,
1531 2400 1646 2438 non
1672 2390 1862 2454 postu-

163 2467 281 2521 lata
309 2482 500 2537 neque
534 2470 791 2523 consulta
818 2475 921 2524 tua‘
942 2471 1298 2542 dignatione,
1330 2473 1386 2527 id
1418 2473 1644 2527 videtur
1666 2473 1861 2527 fecisse

161 2553 445 2621 Julianus,
500 2555 829 2625 judicamus
885 2574 1085 2612 omnes
1141 2559 1339 2630 inique
1394 2561 1631 2629 factum,
1692 2567 1861 2633 atque

166 2642 428 2712 indigne.
481 2644 840 2715 Quapropter
886 2646 996 2701 nisi
1050 2648 1204 2702 idem
1252 2650 1511 2704 Julianus
1556 2651 1863 2705 correxerit

162 2747 420 2785 errorem
473 2748 662 2797 suum,
696 2737 751 2787 et
793 2750 923 2789 cum
954 2735 1341 2791 satisfactione
1373 2739 1642 2793 eumdem
1690 2739 1862 2793 cleri-

165 2835 319 2885 cum,
352 2836 526 2890 quem
575 2821 763 2875 fuerat
808 2838 982 2876 ausus
1034 2824 1322 2887 ordinare,
1372 2827 1721 2881 revocaverit
1748 2832 1862 2881 tua;

165 2907 343 2978 plebi,
402 2914 600 2962 contra
659 2913 870 2964 statuta
928 2911 1151 2965 concilii
1208 2912 1443 2979 faciens,
1491 2915 1862 2969 contumaciae

168 3012 289 3049 sua!
336 3002 629 3066 separatus
660 3014 692 3051 a
721 2998 885 3052 nobis
923 2999 1164 3069 excipiet
1205 3001 1510 3070 judicium.
1548 3003 1862 3073 Epigonius
1892 2990 1932 3045 Ο

174 3084 477 3155 episcopus
525 3085 665 3140 dixit
707 3103 721 3139 ς
760 3089 941 3141 Αειδιθ
992 3094 1175 3158 pater,
1225 3095 1282 3143 et
1326 3091 1451 3160 ipsa
1496 3092 1865 3161 promotione

173 3173 638 3244 antiquissimus,
671 3176 759 3230 vir
810 3177 1133 3245 laudabilis,
1183 3178 1359 3233 frater
1410 3184 1465 3233 et
1497 3181 1714 3250 collega
1761 3198 1865 3235 no-

170 3269 291 3317 ster
330 3263 537 3331 Victor,
585 3265 706 3319 vult
734 3264 881 3319 hanc
927 3268 1260 3337 petitionem
1306 3270 1632 3338 generalem
1679 3269 1861 3324 omni-

166 3353 278 3407 bus
310 3353 476 3407 efﬁci.

168 3457 300 3510 CAP.
330 3458 486 3511 XLII.
523 3489 591 3497 —
627 3461 693 3514 Ut
732 3475 887 3515 nemo
917 3462 1169 3515 clericum
1221 3463 1459 3516 alienum
1499 3465 1766 3531 suscipiat
1793 3465 1867 3517 si-

643 3546 709 3584 ne
730 3533 1005 3586 voluntate
1029 3534 1118 3585 sui
1136 3535 1390 3603 episcopi.

241 3617 351 3681 (Em
379 3632 522 3671 conc.
557 3619 839 3688 Carthag.,
877 3635 997 3688 cap.
1032 3622 1145 3687 20.)
1179 3622 1249 3675 Ut
1277 3621 1548 3675 clericum
1587 3621 1861 3687 alienum,

166 3704 280 3758 nisi
324 3707 670 3761 concedente
704 3708 936 3779 proprio
981 3710 1271 3779 episcopo,
1323 3726 1493 3763 nemo
1542 3710 1747 3765 audeat
1778 3712 1862 3765 vel

167 3792 453 3861 retinere,
516 3795 601 3849 vel
659 3812 997 3865 promovere
1056 3796 1117 3850 in
1176 3797 1411 3850 ecclesia
1463 3797 1567 3851 sibi
1625 3799 1860 3867 credita,

166 3881 504 3936 clericorum
548 3887 738 3937 autem
768 3900 980 3938 nomen
1030 3885 1203 3939 etiam
1232 3885 1491 3953 lectores,
1543 3890 1599 3939 et
1628 3887 1863 3955 psalmi-

168 3974 293 4037 stae,
328 3975 383 4023 et
412 3971 629 4025 ostiarii
652 3972 921 4027 retinent.

169 4076 299 4130 CAP.
332 4077 521 4131 XLIII.
554 4107 624 4118 —
674 4082 740 4132 Ut
782 4080 963 4133 nullus
1010 4082 1288 4147 episcopus
1331 4081 1566 4134 alienum
1614 4082 1864 4137 clericum

499 4151 613 4202 sine
639 4150 837 4204 litteris
869 4153 1107 4219 episc0pi
1134 4153 1222 4204 sui
1247 4153 1531 4220 suscipiat.

1092 308 1570 366 DECRETORUM
1613 310 1798 366 LIBRI
1837 311 1946 366 XX.
1990 341 2056 349 —
2096 312 2309 368 LIBER
2350 313 2731 370 SECUNDUS.

3562 320 3667 374 634-

2398 438 2528 491 CAP.
2562 438 2714 491 XLV.
2750 466 2813 477 -—
2849 440 2924 492 De
2952 440 3137 494 eadem
3169 456 3245 493 re.

2038 528 2146 591 (Ea:
2174 542 2321 582 conc.
2355 527 2601 593 Laodic.,
2631 543 2750 597 cap.
2791 529 2907 597 41.)
2935 528 3095 591 Quod
3125 545 3241 581 non
3272 533 3533 598 oporteat
3562 546 3655 583 sa-

1966 614 2275 682 cerdotem,
2308 616 2394 669 vel
2425 616 2718 681 clericum,
2752 616 2874 670 sine
2925 616 3127 671 litteris
3164 616 3447 687 proﬁcisci
3491 634 3669 672 cano-

1966 718 2128 756 DICIS.

1970 793 2103 847 CAP.
2143 793 2319 847 XLVI.
2352 823 2422 832 —
2456 796 2523 848 Ut
2552 795 2789 862 quisque
2835 794 3121 848 ordinatus
3166 797 3377 849 litteras
3409 796 3479 852 ab
3522 797 3669 850 ordi-

2517 871 2707 918 natore
2731 880 2826 918 suo
2860 868 3115 933 accipiat.

2043 954 2148 1016 (Ea:
2185 967 2328 1005 conc.
2373 953 2699 1019 Milivitano,
2735 969 2857 1022 cap.
2910 954 3018 1023 14.)
3068 953 3285 1008 Deinde
3336 954 3570 1023 placuit,
3608 958 3672 1008 ut

1971 1039 2302 1111 quicunque
2349 1041 2618 1111 deinceps
2644 1042 2713 1095 ab
2747 1042 3028 1112 episcopis
3058 1042 3419 1111 ordinantur,
3452 1043 3671 1097 litteras

1971 1128 2253 1199 accipiant
2301 1130 2372 1183 ab
2421 1130 2846 1183 ordinatoribus
2894 1132 3026 1192 suis,
3068 1147 3243 1184 manu
3287 1147 3488 1185 eorum
3536 1131 3671 1185 sub-

1971 1216 2226 1287 scriptas,
2286 1219 2648 1272 continentes
2700 1235 2919 1272 annum
2979 1219 3207 1272 Domini
3263 1225 3319 1271 et
3373 1219 3548 1286 diem,
3608 1224 3670 1273 ut

1975 1306 2141 1359 nulla
2196 1306 2490 1360 altercatio
2545 1307 2615 1360 de
2671 1307 3087 1377 posterioribus
3138 1308 3226 1360 vel
3284 1307 3668 1361 anterioribus

1971 1394 2207 1448 oriatur.

1973 1483 2101 1537 CAP.
2152 1470 2357 1537 XLVII.
2414 1513 2478 1521 —
2528 1485 2597 1537 Ut
2652 1483 2940 1537 ordinatus
2996 1486 3224 1551 quisque
3272 1486 3332 1536 in
3376 1484 3490 1538 illis
3539 1484 3666 1538 locis

2312 1558 2633 1622 permaneat
2656 1556 2728 1607 ad
2758 1570 2877 1622 quae
2907 1555 3194 1608 ordinatus
3221 1560 3317 1607 est.

2046 1644 2154 1707 (Ea:
2179 1657 2322 1695 conc.
2357 1643 2570 1708 Aurel,
2603 1658 2722 1710 cap.
2755 1642 2835 1709 2.)
2869 1643 2945 1695 De
2980 1641 3068 1694 his
3096 1642 3195 1711 qui
3228 1642 3290 1695 in
3311 1641 3666 1711 quibuscun-

1973 1744 2083 1799 que
2114 1729 2253 1781 locis
2279 1728 2530 1783 ordinati
2560 1729 2779 1783 fuerint
2810 1728 3079 1794 ministri,
3115 1727 3175 1781 in
3201 1728 3341 1798 ipsis
3367 1728 3506 1782 locis
3534 1744 3666 1798 per-

1971 1832 2098 1871 SBVO
2105 1828 2247 1871 rent.

1971 1906 2097 1961 CAP.
2149 1905 2378 1960 XLVIII.
2428 1935 2499 1945 —
2542 1910 2615 1960 De
2661 1906 2976 1976 presbytero
3023 1908 3120 1975 qui
3167 1908 3442 1970 confessus
3494 1906 3666 1971 fuerit

2278 1976 2422 2044 quod
2447 1981 2570 2029 ante
2609 1978 3006 2031 ordinationem
3034 1978 3355 2046 peccaverit.

2042 2064 2153 2131 (Ea:
2201 2066 2388 2119 concil.
2448 2064 2737 2131 Cabillon.,
2785 2081 2903 2133 cap.
2959 2064 3035 2133 5.)
3088 2063 3145 2117 Si
3194 2063 3319 2133 quis
3366 2063 3664 2134 presbyter

1969 2156 2100 2205 ante
2146 2152 2565 2206 ordinationem
2603 2152 2940 2222 peccaverit,
2980 2157 3035 2206 et
3065 2157 3191 2222 post
3236 2150 3661 2205 ordinationem

1968 2246 2267 2311 peccatum
2314 2241 2608 2294 confessus
2638 2242 2828 2308 fuerit,
2861 2241 3015 2311 quod
3059 2246 3190 2293 ante
3221 2239 3515 2305 erraverit,
3546 2256 3663 2292 non

1971 2328 2191 2395 offerat,
2234 2328 2332 2381 sed
2380 2334 2602 2383 tantum
2628 2345 2731 2399 pro
2763 2330 3039 2399 religione
3085 2346 3297 2382 nomen
3347 2327 3666 2399 presbyteri

1968 2422 2178 2489 portet.
2239 2417 2295 2471 Si
2346 2423 2535 2472 autem
2586 2435 2703 2471 non
2758 2418 2879 2488 ipse
2925 2419 3235 2486 confessus,
3295 2417 3392 2470 sed
3439 2416 3507 2470 ah
3551 2416 3662 2470 alio

1970 2504 2195 2575 publice
2244 2505 2419 2558 fuerit
2466 2506 2777 2572 convictus,
2830 2522 2933 2559 nec
2976 2507 3083 2559 hoc
3112 2505 3301 2575 ipsum
3348 2504 3554 2557 habeat
3600 2508 3663 2556 ut

1970 2609 2181 2647 nomen
2228 2593 2546 2663 presbyteri
2584 2599 2794 2663 portet.
2830 2593 3103 2647 Similiter
3133 2598 3188 2647 et
3218 2592 3286 2646 de
3331 2590 3663 2645 diaconibus

1972 2680 2390 2733 observandum
2441 2685 2542 2747 est,
2574 2686 2636 2733 ut
2663 2680 2710 2734 si
2756 2681 2876 2750 ipse
2924 2681 3212 2735 confessus
3261 2680 3455 2745 fuerit,
3507 2678 3661 2732 ordi-

1970 2784 2106 2821 nem
2138 2768 2467 2821 subdiaconi
2499 2768 2762 2821 retineat.

2441 2856 2567 2910 CAP.
2596 2857 2769 2911 XLIX.
2805 2887 2861 2895 —
2899 2859 2971 2911 De
2992 2856 3189 2911 eodem.

2045 2943 2156 3011 (Ea:
2200 2944 2384 2996 concil.
2440 2945 2876 3009 Neocaesariensi,
2927 2959 3054 3011 cap.
3115 2944 3207 3013 8.)
3265 2940 3564 3011 Presbyter
3616 2940 3665 2993 si

1976 3037 2406 3102 praeoccupatus
2467 3031 2754 3101 corporali
2820 3037 3053 3102 peccato
3115 3034 3542 3101 promoveatur,
3610 3033 3665 3082 et

1976 3120 2263 3173 confessus
2312 3120 2486 3173 fuerit
2518 3121 2587 3174 de
2637 3136 2694 3173 se
2729 3120 2884 3191 quod
2933 3123 3063 3173 ante
3094 3118 3537 3185 ordinationem,
3572 3118 3665 3171 de-

1975 3209 2227 3279 liquerit,
2283 3208 2472 3261 oblata
2510 3225 2626 3261 non
2675 3213 2983 3271 consecret,
3036 3223 3271 3261 manens
3320 3207 3380 3260 in
3430 3204 3665 3275 reliquis

1975 3296 2174 3351 officiis
2220 3301 2455 3366 propter
2487 3297 2741 3350 studium
2786 3297 3019 3350 bonum.
3055 3295 3217 3360 Quod
3247 3295 3293 3348 si
3344 3295 3412 3347 de
3457 3310 3513 3347 se
3546 3293 3666 3362 ipse

1972 3402 2089 3439 non
2138 3385 2310 3438 fuerit
2363 3386 2671 3451 confessus,
2721 3390 2777 3438 et
2829 3385 2993 3453 argui
3042 3383 3343 3437 manifeste
3390 3382 3663 3452 nequive-

1972 3473 2065 3539 rit,
2108 3472 2401 3543 potestatis
2435 3490 2551 3526 suaa
2576 3471 2791 3543 judicio
2817 3472 3199 3542 relinquatur.

1974 3562 2102 3616 CAP.
2137 3562 2193 3615 L.
2236 3591 2305 3599 —
2348 3563 2413 3615 Ut
2441 3563 2621 3615 nullus
2663 3562 2946 3630 presbyter
2993 3561 3192 3629 absque
3238 3558 3664 3613 sacerdotalibus

2388 3634 2719 3685 vestimentis
2748 3634 2972 3685 missam
3011 3632 3249 3685 celebret.

2047 3722 2151 3790 (Ea:
2183 3721 2370 3775 concil.
2422 3723 2685 3787 Remensi,
2733 3736 2852 3790 cap.
2888 3720 2968 3789 4.)
3007 3722 3078 3774 Ut
3134 3721 3323 3773 nullus
3368 3717 3666 3789 presbyter

1974 3809 2187 3880 absque
2236 3810 2470 3875 amictu,
2525 3810 2671 3876 alba,
2704 3815 2761 3863 et
2804 3810 2967 3875 stola,
3018 3814 3075 3862 et
3106 3808 3331 3872 fanone,
3382 3813 3438 3860 et
3475 3807 3667 3860 casula

1972 3899 2261 3953 ullatenus
2290 3905 2602 3969 praesumat
2628 3899 2860 3952 missam
2907 3898 3195 3952 celebrare
3230 3914 3241 3950 :
3276 3902 3333 3950 et
3360 3896 3481 3950 1]th
3509 3912 3666 3948 sacra

1972 3987 2310 4040 vestimenta
2342 3987 2721 4041 mundissima
2759 3987 2891 4052 sint,
2952 3991 3006 4040 et
3049 3987 3109 4039 in
3139 3985 3321 4039 nitido
3365 3986 3490 4037 loco
3521 3983 3669 4037 infra

1973 4075 2269 4129 ecclesiam
2315 4077 2671 4129 collocentur
2721 4092 2733 4128 :
2779 4092 2882 4129 nec
2924 4091 3181 4145 unquam
3231 4074 3529 4144 presbyter
3576 4073 3664 4125 his

1971 4164 2211 4218 indutus
2241 4171 2396 4217 extra
2446 4164 2741 4218 ecclesiam
2788 4171 2952 4217 exeat
2987 4181 3000 4217 :
3035 4164 3170 4234 quia
3202 4164 3309 4216 hoc
3357 4162 3545 4215 divina
3577 4162 3664 4215 lex

241 4235 360 4301 (Ea:
389 4237 567 4291 eodem
612 4253 777 4305 conc.,
828 4254 946 4307 cap.
995 4240 1065 4308 6.)
1109 4238 1363 4293 Privatus
1413 4239 1713 4309 episcopus
1760 4242 1863 4294 Be-
1891 4266 1933 4318 Ι)
1972 4252 2255 4320 prohibet.

167 4322 509 4391 gesilitanus
556 4324 696 4379 dixit
727 4342 740 4379 :
776 4326 1036 4397 Suggero
1091 4326 1376 4380 sanctitati
1406 4332 1604 4381 vestrae
1652 4333 1717 4381 ut
1747 4332 1861 4381 sta-

167 4410 344 4463 tuatis
376 4427 489 4464 non
519 4412 688 4466 licere
719 4413 989 4467 clericum
1030 4414 1280 4467 alienum
1312 4414 1381 4467 ab
1414 4414 1604 4486 aliquo
1653 4414 1862 4485 suscipi

168 4496 295 4551 sine
329 4498 530 4553 litteris
555 4501 811 4571 episcopi
846 4502 957 4569 sui,
990 4519 1178 4573 neque
1212 4504 1363 4573 apud
1393 4520 1449 4556 se
1482 4503 1729 4557 retinere
1761 4519 1864 4557 nec

164 4585 379 4640 laicum
412 4604 691 4657 usurpare
722 4590 829 4643 sibi
855 4590 925 4644 de
953 4591 1120 4660 plebe
1145 4591 1351 4658 aliena,
1378 4597 1443 4646 ut
1473 4608 1605 4646 eum
1640 4592 1866 4646 ordinet

168 4675 290 4729 sine
320 4676 668 4731 conscientia
699 4679 821 4748 ejus
869 4680 938 4732 de
971 4681 1131 4751 cujus
1158 4680 1325 4751 plebe
1374 4685 1474 4735 est.
1511 4682 1711 4736 Gratus
1742 4681 1863 4751 epi-

166 4778 375 4833 scopus
431 4765 614 4819 dixit:
647 4768 761 4820 Hoc
811 4768 1109 4821 observare
1157 4784 1357 4838 pacem
1406 4770 1666 4824 custodit.
1722 4771 1863 4823 Nam

168 4851 229 4904 in
280 4868 479 4906 mensa
527 4854 755 4908 concilii
798 4856 1143 4909 sanctissimi
1195 4857 1553 4911 Sardinensis
1600 4858 1866 4913 similiter

168 4945 445 4994 statutum
478 4947 581 5003 est,
611 4947 674 4995 ut
706 4959 874 4997 nemo
903 4945 1137 4999 alterius
1166 4945 1348 5015 plebis
1377 4946 1673 5000 hominem
1705 4964 1867 5001 usur-

165 5034 282 5098 pet.
338 5029 449 5084 Sed
480 5030 528 5083 si
574 5031 719 5085 forte
776 5033 885 5086 erit
916 5034 1324 5101 necessarium,
1385 5039 1542 5103 petat
1571 5052 1603 5089 a
1646 5036 1865 5107 collega

167 5132 290 5184 suo,
324 5121 382 5171 et
412 5133 750 5174 consensum
780 5121 1007 5176 habeat.

168 5223 298 5278 CAP.
335 5224 509 5279 XLIV.
543 5256 612 5265 —
660 5230 736 5280 De
776 5228 1109 5296 presbyteris
1157 5233 1207 5282 et
1251 5228 1566 5283 diaconibus
1606 5233 1703 5298 qui
1748 5233 1864 5285 sine

560 5298 757 5352 litteris
788 5301 1026 5368 episcopi
1054 5302 1143 5354 sui
1168 5300 1468 5354 ambulant.

241 5384 353 5451 (Ea:
381 5400 525 5439 conc.
557 5387 882 5455 Agathensi,
916 5403 1037 5456 cap.
1067 5391 1137 5455 5.)
1163 5388 1462 5457 Presbyter
1488 5392 1541 5441 et
1561 5387 1859 5456 diaconus,

167 5478 269 5527 aut
314 5473 573 5540 clericus,
607 5474 655 5528 si
689 5474 811 5529 sine
860 5474 1131 5531 antistitis
1180 5476 1270 5531 sui
1299 5476 1553 5547 epistolis
1587 5478 1859 5545 ambulat,

169 5562 639 5618 communionem
672 5562 726 5618 ei
753 5564 946 5619 nullus
975 5563 1291 5635 impendat.

1974 4339 2101 4394 CAP.
2136 4340 2218 4393 LI.
2257 4368 2319 4379 -
2375 4342 2441 4394 Ut
2469 4341 2877 4463 clericusdinlter
2901 4340 3226 4463 ttentationes
3256 4338 3323 4391 ab
3351 4340 3532 4406 ofﬁcio
3558 4352 3665 4390 non

2733 4426 2784 4463 ec
2810 4426 2896 4463 me
2926 4451 2939 4463 .

2733 4426 2939 4464 θοιιηθι.

2045 4502 2149 4563 (Em
2178 4498 2369 4553 concit.
2412 4499 2713 4567 Carthag.,
2755 4514 2873 4568 cap.
2910 4500 3020 4565 50.)
3053 4498 3332 4554 Clericum
3363 4496 3512 4550 inter
3538 4500 3663 4550 ten-

1971 4587 2217 4641 tationes
2245 4588 2314 4640 ab
2337 4588 2524 4641 ofﬁcio
2556 4588 2957 4653 declinantem,
2980 4587 3067 4640 vel
3090 4586 3473 4657 negligentius
3497 4602 3667 4656 agen-

1970 4680 2110 4744 tem,
2142 4676 2213 4730 ab
2240 4676 2363 4746 ipso
2397 4675 2585 4729 ofﬁcio
2616 4677 2814 4730 dicunt
2843 4676 3276 4730 removendum.

1975 4783 2098 4837 CAP.
2136 4784 2245 4837 LII.
2293 4812 2361 4821 -
2415 4785 2479 4836 Ut
2521 4785 2693 4836 omnis
2733 4782 3013 4851 presbyter
3058 4785 3118 4837 in
3159 4799 3260 4838 sua
3303 4784 3521 4838 ecclesia
3548 4784 3663 4836 sin-

2194 4854 2337 4922 gulis
2369 4855 2665 4907 Dominicis
2693 4853 2881 4907 diebus
2909 4870 3109 4923 aquam
3142 4854 3436 4909 benedicat.

2044 4944 2151 5013 (Ea:
2199 4943 2384 4997 concil.
2437 4944 2783 5004 Nannetensi,
2838 4958 2954 5011 cap.
3006 4942 3083 5011 5.)
3141 4942 3418 4998 Omnibus
3464 4940 3665 4994 diebus

1973 5032 2287 5087 Dominicis
2340 5032 2580 5102 quisque
2630 5031 2926 5100 presbyter
2980 5030 3039 5084 in
3089 5048 3191 5085 sua
3246 5029 3480 5084 ecclesia
3532 5032 3663 5082 ante

1972 5121 2275 5175 missarum
2308 5120 2589 5173 solemnia
2619 5135 2824 5190 aquam
2856 5119 3215 5173 benedictam
3246 5118 3414 5172 faciat
3445 5117 3503 5171 in
3535 5133 3664 5170 vase

1971 5210 2176 5273 nitido,
2232 5215 2287 5263 et
2328 5215 2486 5263 tanto
2517 5208 2783 5279 mysterio
2814 5207 3194 5275 convenienti,
3230 5208 3300 5260 de
3333 5222 3447 5277 qua
3476 5221 3661 5276 popu-

1972 5300 2059 5353 lus
2088 5299 2311 5353 intrans
2339 5298 2637 5352 ecclesiam
2687 5302 3043 5367 aspergatur,
3081 5301 3137 5350 et
3165 5296 3376 5349 atrium
3408 5295 3663 5365 ejusdem

1972 5388 2222 5442 ecclesia:
2268 5404 2398 5441 cum
2430 5387 2692 5441 crucibus
2727 5385 3131 5440 circumeundo
3175 5384 3439 5438 similiter
3468 5399 3662 5454 asper-

1971 5481 2087 5547 gat,
2131 5482 2187 5530 et
2226 5492 2330 5546 pro
2374 5476 2674 5530 animabus
2700 5474 2909 5529 ibidem
2955 5473 3380 5544 quiescentibus
3411 5477 3558 5528 oret.
3599 5474 3668 5526 Et

1972 5567 2072 5636 qui
2102 5566 2346 5621 voluerit
2391 5566 2451 5621 in
2482 5566 2719 5621 vasculis
2762 5566 2877 5620 suis
2928 5562 3168 5637 accipiat
3205 5581 3272 5618 ex
3319 5564 3444 5636 ipsa
3489 5581 3657 5635 aqua,
