3956 6304
303 297 406 350 635

1376 294 1786 351 BURCHABDI
1821 293 2350 350 WORMACIENSIS
2387 293 2729 350 EPISCOPI.

3705 295 3816 347 636

308 425 364 474 et
392 436 496 491 per
540 420 884 484 mansiones,
919 425 976 474 et
1024 436 1207 490 agros,
1249 425 1307 474 et
1333 421 1546 486 vineas,
1580 436 1752 489 super
1795 435 2003 489 pecora

2166 437 2464 507 iscepistis,
2512 436 2801 490 unctionis
2840 453 2852 489 :
2901 439 2968 490 ut
3012 452 3116 489 nec
3165 435 3236 489 ab
3283 437 3481 490 eadem
3529 435 3818 504 dignitate

310 525 540 579 quoque
589 525 712 576 sua,
760 514 931 579 atque
993 525 1165 579 super
1214 509 1428 578 pabula
1474 524 1697 573 eorum,
1748 524 1851 562 nec
1885 523 2001 562 non

310 609 486 664 super
511 593 670 647 cibos
700 599 757 646 et
786 597 986 661 potum
1019 608 1187 646 suum
1216 598 1573 662 conspergat.

535 683 660 736 CAP.
700 683 841 735 LIII.
868 712 936 719 —
966 683 1097 735 Item
1129 681 1194 734 de
1222 697 1367 749 aqua
1401 680 1775 734 benedicenda.

379 771 492 836 (Ea:
547 772 706 839 epist.
766 770 1041 824 Alemand.
1101 785 1282 838 papae,
1338 771 1564 834 fratrib.
1624 785 1725 838 per
1778 771 1998 837 Egypt.

311 857 528 926 missa.)
559 861 784 927 Aquam
832 858 986 911 enim
1038 858 1152 910 sale
1182 873 1544 928 consparsam
1593 857 1793 928 populi
1822 856 2005 909 bene—

310 945 572 1013 dicimus,
625 954 686 999 ut
734 962 801 999 ea
844 945 1031 998 cuncti
1079 946 1295 1015 aspersi
1351 946 1791 1000 sanctiﬁcentur.
1839 945 2005 1007 Quod

311 1038 366 1086 et
399 1034 665 1087 omnibus
709 1034 1094 1088 sacerdotibus
1123 1034 1447 1088 faciendum
1478 1050 1599 1087 esse
1641 1033 2000 1087 mandamus.

312 1122 452 1174 Nam
482 1121 527 1174 si
557 1121 697 1174 cinis
736 1122 930 1175 vitula:
973 1137 1234 1190 aspersus
1274 1124 1554 1192 populum
1591 1121 2000 1188 sanctiﬁcabat,

309 1213 481 1279 atque
540 1210 872 1277 mundabat,
945 1215 1162 1281 quanto
1237 1211 1422 1281 magis
1493 1227 1642 1282 aqua
1701 1227 1829 1276 qua:
1887 1211 2003 1264 sale

311 1313 537 1365 aspersa
588 1298 910 1368 divinisque
969 1299 1234 1368 precibus
1285 1303 1502 1352 sacrata
1562 1305 1666 1367 est,
1720 1298 2002 1368 populum

309 1385 623 1438 sanctiﬁcat
672 1389 842 1456 atque
904 1387 1187 1440 mundat?
1236 1388 1305 1440 Et
1352 1387 1399 1440 si
1448 1387 1561 1440 sale
1620 1402 1849 1453 asperso
1901 1401 2004 1456 per

311 1472 552 1526 Eliseum
629 1475 968 1543 prophetam
1037 1475 1306 1528 sterilitas
1383 1490 1547 1544 aqua:
1623 1481 1819 1528 sanata
1879 1479 2000 1539 est,

309 1567 524 1630 quanto
554 1561 735 1632 magis
788 1561 996 1616 divinis
1043 1563 1308 1632 precibus
1353 1567 1569 1616 sacrata
1599 1579 1748 1632 aqua
1795 1561 2002 1616 sterili-

313 1651 489 1702 tatem
548 1665 741 1703 rerum
798 1651 984 1704 aufert
1037 1650 1443 1718 humanarum,
1498 1657 1556 1704 et
1607 1651 2003 1720 coinquinatos

308 1737 622 1792 sanctiﬁcat
652 1744 708 1792 et
752 1744 977 1809 purgat,
1025 1744 1080 1793 et
1113 1745 1320 1794 caetera
1364 1740 1513 1793 bona
1545 1739 1906 1809 multiplicat,
1947 1743 2006 1792 et

307 1825 548 1878 insidias
576 1826 788 1880 diaboli
829 1828 1049 1890 avertit,
1084 1831 1140 1880 et
1163 1843 1197 1880 a
1225 1828 1692 1898 phantasmatum
1738 1827 2004 1881 versutiis

309 1914 602 1970 hominem
634 1917 924 1971 defendit?

309 2021 437 2076 CAP.
472 2022 599 2076 LIV.
629 2052 698 2061 —
728 2025 794 2077 Ut
822 2025 999 2077 missa
1035 2025 1337 2162 peciélt'ages
1364 2025 1422 2076 in
1454 2023 1642 2078 diebus
1669 2022 2001 2078 solemnibus

1011 2110 1118 2148 non
1186 2111 1256 2148 an
1288 2135 1300 2146 .

1011 2110 1118 2148 non
1148 2100 1300 2148 ﬁant.

382 2179 490 2249 (Ea:
541 2179 702 2234 dictis
745 2183 1015 2250 August.)
1044 2183 1114 2235 Et
1165 2183 1274 2236 hoc
1324 2182 1734 2236 attendendum
1784 2186 1889 2248 est,
1946 2186 2008 2235 ut

313 2267 502 2322 missae
535 2271 854 2340 peculiares
903 2286 1034 2341 quae
1065 2287 1170 2341 per
1216 2271 1335 2324 dies
1366 2273 1646 2325 solemnes
1675 2289 1708 2325 a
1737 2272 2004 2325 sacerdo-

311 2356 464 2410 tibus
494 2358 658 2424 ﬁunt,
711 2375 828 2412 non
857 2359 935 2413 ita
964 2360 1024 2413 in
1051 2359 1280 2428 publico
1329 2359 1489 2420 ﬁant,
1522 2365 1583 2414 ut
1628 2376 1731 2429 per
1760 2377 1854 2413 eas
1896 2376 2006 2430 po-

307 2446 480 2515 pulus
510 2463 544 2499 a
573 2448 818 2516 publicis
849 2448 1157 2501 missarum
1190 2448 1541 2502 solemnibus
1572 2465 1700 2520 qua
1724 2449 1869 2503 hora
1900 2456 2008 2502 ter-

306 2533 387 2587 tia
437 2536 709 2589 canonice
755 2535 901 2588 fiunt
941 2536 1343 2589 abstrahatur:
1378 2535 1513 2606 quia
1560 2536 1840 2606 pessimus
1871 2553 2006 2592 usus

307 2628 391 2675 est
422 2624 573 2692 apud
612 2624 910 2692 quosdam,
944 2625 1003 2678 in
1033 2624 1344 2678 Dominicis
1387 2624 1609 2693 diebus,
1640 2625 1755 2678 sive
1779 2625 1839 2678 in
1872 2627 2006 2696 qui-

311 2711 566 2764 buslibet
609 2712 1011 2766 festivitatibus
1049 2729 1180 2766 mox:
1211 2714 1444 2766 missam
1493 2713 1797 2779 celebrare,
1830 2730 2006 2784 quam

309 2798 460 2868 quis,
503 2805 561 2852 et
591 2800 638 2851 si
669 2815 773 2869 pro
823 2800 1102 2854 defunctis
1133 2801 1226 2866 sit,
1260 2817 1390 2853 cum
1433 2801 1674 2854 audierit
1719 2802 2000 2871 abscedat,

310 2889 368 2938 et
394 2901 498 2954 per
526 2891 708 2939 totum
735 2887 885 2940 diem
913 2904 946 2940 a
976 2889 1163 2957 primo
1195 2904 1364 2941 mane
1401 2888 1664 2942 ebrietati
1693 2895 1752 2942 et
1779 2906 2004 2943 comes-

2109 525 2487 594 degeneretis,
2554 541 2658 578 nec
2713 529 2960 578 vestram
3031 526 3518 578 consecrationem
3583 524 3818 578 irritam

2109 613 2348 679 faciatis,
2408 628 2511 666 nec
2559 628 2763 666 manus
2818 629 2977 666 sacro
3029 613 3284 683 unguine
3333 614 3617 667 delibutas
3671 629 3818 683 pec-

2111 703 2292 756 cando
2336 701 2608 772 polluatis
2642 717 2655 754 :
2687 701 2788 754 sed
2837 701 3022 755 cordis
3061 707 3117 754 et
3156 702 3411 772 corporis
3461 701 3818 756 munditiam

2112 796 2532 856 conservantes,
2566 788 2828 859 plebibus
2861 790 3185 859 exemplum
3218 789 3362 842 bene
3409 789 3634 843 vivendi
3663 805 3820 858 pree-

2112 879 2332 944 bentes,
2386 877 2475 930 his
2527 876 2736 946 quibus
2782 877 3065 946 praeestis,
3116 877 3388 930 ducatum
3439 877 3509 930 ad
3557 875 3821 930 coelestia

2112 983 2292 1038 regna
2321 965 2645 1035 praebeatis.

2114 1073 2240 1128 CAP.
2284 1073 2414 1126 LVI.
2457 1103 2524 1112 —
2577 1075 2644 1127 Ut
2684 1073 2890 1140 singuli
2934 1071 3247 1141 presbyteri
3289 1072 3529 1137 singulos
3578 1071 3822 1125 habeant

2840 1144 3079 1196 clericos.

2183 1253 2292 1320 (Ea:
2322 1251 2510 1304 concil.
2541 1251 2886 1316 Nannetensi,
2929 1264 3047 1318 cap.
3081 1249 3157 1317 9.)
3202 1249 3271 1302 Ut
3299 1248 3542 1318 quisque
3573 1248 3818 1318 presby-

2112 1343 2199 1392 ter
2245 1338 2346 1408 qui
2395 1339 2623 1408 plebem
2673 1337 2840 1408 regit,
2895 1337 3165 1391 clericum
3216 1336 3425 1390 habeat
3472 1336 3571 1406 qui
3617 1352 3818 1389 secum

2113 1431 2320 1492 cantet,
2357 1433 2412 1480 et
2454 1427 2755 1496 epistolam
2787 1431 2844 1479 et
2876 1426 3179 1479 lectionem
3223 1425 3394 1494 legat,
3429 1430 3486 1477 et
3515 1425 3616 1494 qui
3649 1424 3814 1477 scho-

2113 1515 2226 1568 lam
2276 1513 2457 1584 possit
2501 1519 2716 1578 tenere,
2771 1519 2829 1567 et
2878 1514 3183 1566 admoneat
3232 1528 3364 1566 suos
3409 1512 3816 1582 parochianos,

2113 1608 2176 1656 ut
2217 1603 2366 1656 ﬁlios
2394 1619 2527 1655 suos
2571 1603 2638 1654 ad
2670 1602 2841 1656 ﬁdem
2884 1602 3214 1655 discendam
3248 1602 3480 1654 mittant
3524 1601 3593 1654 ad
3627 1601 3820 1654 eccle-

2033 1703 2076 1756 B
2115 1691 2279 1757 siam,
2313 1707 2457 1761 quos
2487 1690 2608 1760 ipse
2639 1705 2768 1744 cum
2803 1689 2961 1744 omni
2992 1690 3248 1743 castitate
3279 1689 3524 1744 erudiat.

2115 1799 2241 1853 CAP.
2307 1798 2462 1851 LVII.
2519 1827 2592 1838 --
2645 1798 2802 1863 Quod
2869 1798 3305 1868 presbyterorum
3373 1797 3505 1866 ﬁdes
3567 1799 3822 1866 primum

2735 1886 3076 1940 discutienda
3094 1887 3188 1940 sit.

2185 1991 2294 2061 (E'e
2322 1991 2509 2046 concil.
2558 1993 2864 2054 Matiscen.,
2909 2007 3032 2060 cap.
3071 1991 3150 2060 3.)
3183 1989 3375 2044 Primo
3406 1987 3671 2042 omnium
3706 1988 3823 2042 dis-

2115 2079 2380 2133 cutienda
2423 2085 2508 2132 est
2557 2079 2698 2134 ﬁdes
2741 2080 3101 2133 sacerdotum
3155 2077 3403 2148 qualiter
3448 2078 3706 2144 credant,
3765 2081 3826 2131 et

2116 2167 2255 2220 alios
2306 2167 2537 2220 credere
2585 2167 2843 2222 doceant.
2901 2166 2984 2220 lbi
3031 2171 3088 2220 et
3134 2167 3392 2236 exempla
3438 2166 3825 2236 proponenda

2115 2261 2270 2321 sunt,
2323 2260 2603 2326 quatenus
2634 2272 2666 2309 a
2695 2259 2957 2309 creatura
2983 2256 3215 2310 Creator
3239 2254 3824 2324 quantulumcunque

2115 2344 2291 2414 possit
2322 2343 2586 2413 intelligi.

2528 2451 2656 2504 CAP.
2692 2450 2873 2504 LVIII.
2904 2478 2978 2490 —
3013 2452 3085 2504 De
3112 2449 3298 2503 eadem
3324 2465 3399 2503 re.

2187 2557 2305 2621 (Ea:
2357 2556 2518 2611 dictis
2569 2558 2833 2624 August.)
2897 2557 3205 2610 Hortamur
3258 2572 3354 2608 vos
3407 2559 3636 2624 paratos
3695 2572 3826 2609 esse

2115 2645 2187 2699 ad
2239 2645 2522 2698 docendas
2591 2645 2786 2714 plebes
2852 2649 3093 2697 nostras.
3148 2644 3257 2708 Qui
3314 2643 3632 2713 Scripturas
3689 2645 3823 2710 scit,

2114 2734 2388 2802 praadicet
2439 2733 2778 2802 Scripturas.
2835 2732 2942 2796 Qui
3000 2749 3133 2786 vero
3187 2733 3389 2798 nescit,
3447 2734 3645 2786 saltem
3706 2733 3825 2786 hoc

2116 2821 2271 2890 quod
2300 2821 2663 2874 notissimum
2713 2821 2883 2874 habet
2914 2821 3180 2890 plebibus
3213 2821 3381 2887 dicat,
3429 2825 3493 2873 ut
3523 2821 3830 2874 declinent

2115 2924 2148 2960 a
2207 2909 2380 2975 malo,
2438 2913 2494 2961 et
2543 2909 2754 2962 faciant
2805 2909 3045 2974 bonum,
3102 2909 3398 2978 inquirant
3446 2925 3670 2979 pacem,
3729 2926 3827 2963 se-

309 2971 520 3024 sationi
573 2974 766 3042 potius
832 2991 1006 3044 quam
1069 2977 1180 3029 Deo
1239 2976 1539 3030 deserviat.
1600 2977 2003 3032 Admonendus

2166 2999 2370 3049 uantur
2397 3012 2523 3049 eam
2559 3013 2572 3048 :
2603 2997 2738 3066 quia
2769 2997 2920 3050 oculi
2952 2997 3179 3050 Domini
3210 3013 3381 3067 super
3405 2999 3587 3067 justos
3617 3003 3677 3052 et
3712 3014 3824 3051 au-

311 3063 396 3111 est
435 3060 683 3128 populus
729 3065 794 3113 ut
821 3065 951 3115 ante
990 3062 1287 3131 publicum
1319 3068 1724 3134 peractumque
1755 3065 2007 3118 ofﬁcium

311 3145 384 3199 ad
439 3146 630 3201 cibum
686 3165 802 3202 non
853 3149 1082 3203 accedat
1128 3166 1140 3203 :
1193 3150 1290 3204 sed
1347 3167 1547 3204 omnes
1597 3153 1667 3206 ad
1718 3153 2007 3222 publicam

311 3241 565 3288 sanctam
612 3243 853 3291 matrem
909 3239 1206 3293 ecclesiam
1250 3239 1556 3293 missarum
1608 3241 1900 3307 solemnia,
1951 3247 2008 3296 et

310 3323 774 3393 praedicationem
815 3326 1066 3380 audituri
1111 3327 1493 3381 conveniant:
1545 3334 1600 3382 et
1633 3335 1696 3382 ut
1743 3331 2005 3384 sacerdo-

307 3417 397 3466 tes
428 3413 626 3467 missas
656 3415 797 3468 hora
828 3415 998 3469 tertia
1023 3416 1335 3482 celebrent,
1379 3421 1442 3469 ut
1478 3418 1730 3486 populus
1755 3436 1788 3472 a
1817 3419 2005 3489 publi-

311 3500 388 3552 cis
420 3502 776 3556 solemnibus
825 3519 941 3557 non
988 3505 1371 3558 abstrahatur.
1405 3507 1512 3561 Sed
1544 3507 1863 3560 sacerdotes
1907 3508 2009 3578 qui

309 3587 369 3640 in
403 3588 639 3642 circuitu
673 3590 829 3644 urbis
859 3597 959 3644 aut
983 3591 1042 3644 in
1070 3592 1269 3645 eadem
1299 3593 1442 3646 urbe
1471 3598 1622 3659 sunt,
1653 3599 1707 3647 et
1738 3597 2006 3665 populus,

311 3681 376 3730 ut
404 3679 795 3746 praediximus,
832 3679 893 3732 in
931 3695 1111 3733 unum
1145 3682 1212 3734 ad
1257 3682 1545 3751 publicam
1575 3683 1880 3736 missarum
1910 3700 2007 3737 ce-

312 3765 692 3820 lebrationem
723 3768 1084 3835 conveniant,
1135 3769 1385 3838 exceptis
1416 3771 1529 3824 Deo
1570 3771 1802 3825 sacratis
1846 3772 2008 3825 femi-

311 3855 424 3918 nis,
477 3855 685 3925 quibus
737 3872 859 3909 mos
891 3861 976 3909 est
1026 3858 1094 3910 ad
1144 3858 1438 3927 publicum
1472 3875 1591 3913 non
1639 3861 1856 3930 egredi,
1906 3861 2007 3915 sed

312 3943 572 3996 claustris
605 3945 937 4000 monasterii
971 3945 1274 3999 contineri.

315 4048 443 4103 CAP.
476 4050 578 4103 LV.
611 4081 680 4090 —
717 4054 783 4104 De
824 4054 1127 4106 ministerio
1163 4054 1618 4122 presbyterorum,
1652 4057 1735 4110 vel
1765 4056 1899 4123 quid
1929 4058 2005 4111 eis

931 4127 1271 4178 commissum
1299 4131 1390 4179 sit.

385 4209 496 4264 (Er
524 4210 686 4265 dictis
729 4212 1014 4282 ejusdem.)
1049 4214 1156 4266 Vos
1185 4214 1501 4284 presbyteri
1532 4214 1807 4268 veraciter
1836 4231 2003 4269 nosse

315 4297 555 4364 debetis,
587 4307 644 4354 et
689 4317 915 4371 semper
945 4302 1293 4366 meminisse,
1355 4303 1490 4374 quia
1521 4320 1646 4370 nos,
1680 4305 1888 4374 quibus
1915 4320 2004 4357 re-

313 4386 630 4455 gendarum
658 4389 982 4441 animarum
1021 4405 1155 4443 cura
1186 4391 1488 4444 commissa
1519 4397 1624 4457 est,
1655 4408 1758 4461 pro
1790 4393 1879 4446 his
1910 4391 2012 4463 qui

315 4481 511 4528 nostra
564 4477 916 4546 negligentia
959 4483 1205 4547 pereunt
1250 4479 1534 4532 rationem
1591 4480 1868 4534 reddituri
1910 4497 2012 4534 su—

318 4579 445 4616 mus
477 4580 488 4616 :
519 4580 624 4633 pro
657 4564 746 4618 his
791 4581 924 4618 vero
977 4583 1122 4636 quos
1167 4567 1352 4620 verbis
1393 4573 1450 4620 et
1479 4568 1762 4638 exemplis
1811 4568 2011 4622 lucrati

314 4651 592 4705 fuerimus
623 4654 925 4722 praemium
957 4661 1189 4708 aeternas
1221 4655 1351 4709 vita:
1399 4655 1804 4725 percipiemus.
1835 4656 2012 4710 Nobis

317 4740 473 4794 enim
505 4757 536 4793 a
570 4742 812 4795 Domino
833 4743 1047 4797 dictum
1071 4749 1155 4797 est
1187 4760 1199 4796 :
1235 4745 1344 4796 Vos
1371 4743 1505 4797 estis
1535 4745 1614 4796 sal
1637 4749 1821 4799 terrae.
1848 4745 2012 4808 Quod

317 4829 368 4881 si
411 4830 658 4898 populus
714 4830 898 4884 ﬁdelis
938 4832 1098 4885 cibus
1129 4839 1212 4885 est
1263 4832 1382 4897 Dei,
1418 4832 1679 4901 ejusdem
1723 4833 1833 4887 cibi
1867 4851 2012 4888 con-o

320 4917 638 4971 dimentum
670 4935 774 4972 nos
826 4936 1042 4973 sumus.
1095 4920 1304 4974 Scitote
1333 4925 1583 4973 vestrum
1626 4923 1870 4990 gradum
1909 4939 2010 4976 no-

317 5011 432 5059 stro
462 5007 666 5076 gradui
690 5009 1007 5062 secundum
1040 5016 1090 5062 et
1114 5025 1261 5078 pene
1287 5009 1658 5077 conjunctum
1688 5027 1828 5065 esse.
1859 5011 2015 5066 Sicut

315 5094 471 5148 enim
503 5095 754 5166 episcopi
800 5098 1191 5166 apostolorum
1223 5097 1282 5150 in
1320 5097 1586 5166 Ecclesia,
1632 5098 1710 5152 ita
1737 5098 2014 5152 nimirum

315 5184 634 5254 presbyteri
692 5189 1028 5238 caeterorum
1082 5185 1490 5254 discipulorum
1549 5187 1776 5240 Domini
1827 5189 2011 5242 vicem

315 5277 532 5326 tenent.
572 5273 635 5326 Et
663 5273 746 5326 illi
768 5278 965 5326 tenent
990 5274 1230 5343 gradum
1257 5274 1468 5327 summi
1493 5275 1776 5344 pontiﬁcis
1799 5279 2010 5342 Aaron,

317 5361 412 5414 isti
457 5377 592 5415 vero
642 5363 898 5415 ﬁliorum
959 5364 1100 5432 ejus.
1154 5363 1309 5418 Unde
1367 5368 1593 5428 oportet
1639 5381 1736 5417 vos
1786 5382 2014 5437 semper

316 5465 600 5504 memores
666 5467 789 5504 esse
850 5455 1027 5504 tantm
1083 5450 1400 5521 dignitatis,
1461 5467 1747 5506 memores
1811 5458 2013 5507 vestra:
2109 5465 2122 5474 ‘

318 5537 780 5603 consecrationis,
842 5554 1128 5594 memores
1181 5555 1374 5606 sacrae,
1425 5555 1595 5612 quem
1646 5539 1709 5594 in
1749 5540 2013 5596 manibus

2117 3099 2207 3137 res
2237 3085 2359 3153 ejus
2390 3084 2450 3137 in
2501 3100 2696 3155 preces
2743 3100 2963 3138 eorum.
2997 3086 3195 3138 Vultus
3225 3091 3416 3139 autem
3461 3085 3693 3139 Domini
3727 3103 3825 3139 su-

2115 3187 2220 3240 per
2247 3171 2520 3224 facientes
2552 3172 2720 3238 mala,
2749 3177 2814 3225 ut
2840 3172 3046 3242 perdat
3073 3173 3143 3226 de
3172 3178 3324 3226 terra
3349 3173 3689 3226 memoriam
3723 3190 3823 3227 eo-

2116 3275 2266 3313 rum.
2322 3259 2523 3313 Nullus
2572 3275 2709 3329 ergo
2766 3275 2824 3313 se
2880 3275 3148 3314 excusare
3204 3261 3436 3330 poterit,
3487 3261 3638 3331 quod
3699 3277 3826 3316 non

2115 3345 2322 3400 habeat
2351 3347 2609 3417 linguam
2653 3348 2801 3401 unde
2845 3349 3026 3418 possit
3054 3349 3303 3418 aliquem
3352 3348 3651 3402 aediﬁcare.
3691 3350 3826 3404 Mox

2117 3435 2271 3489 enim
2304 3440 2364 3488 ut
2396 3435 2714 3506 quemlibet
2743 3443 3032 3491 errantem
3080 3437 3303 3505 viderit,
3339 3445 3512 3506 prout
3541 3444 3732 3508 potest
3762 3445 3826 3492 et

2114 3525 2283 3588 valet,
2318 3529 2418 3578 aut
2447 3525 2765 3595 arguendo,
2795 3531 2896 3578 aut
2915 3525 3284 3591 obsecrando,
3309 3532 3409 3579 aut
3439 3526 3824 3596 increpando,

2117 3614 2188 3667 ab
2221 3629 2414 3666 errore
2461 3613 2733 3680 retrahat,
2783 3618 2838 3666 et
2871 3613 2940 3667 ad
2970 3614 3368 3684 peragendum
3412 3614 3632 3668 bonum
3666 3631 3824 3685 opus

2114 3702 2396 3756 hortetur.

2115 3807 2242 3861 CAP.
2279 3807 2415 3862 LIX.
2452 3835 2518 3846 -~
2551 3807 2708 3873 Quod
2737 3809 2796 3861 in
2813 3810 3013 3876 primis
3038 3808 3446 3876 praedicandum
3479 3810 3553 3862 sit
3577 3809 3828 3876 qualiter

2717 3881 2928 3933 credere
2957 3880 3201 3933 debeant.

2187 3974 2298 4042 (Ea:
2327 3976 2512 4028 concil.
2543 3977 2883 4044 Rothomag.,
2921 3992 3042 4045 cap.
3076 3979 3152 4044 t.)
3185 3978 3249 4030 In
3273 3975 3475 4046 primis
3495 3977 3820 4047 praedican-

2113 4062 2251 4116 dum
2283 4069 2367 4116 est
2397 4064 2662 4117 omnibus
2695 4065 3062 4134 generaliter,
3097 4070 3158 4117 ut
3203 4066 3438 4118 credant
3476 4067 3728 4132 Patrem,
3762 4071 3824 4120 et

2115 4151 2341 4218 Filium,
2376 4155 2432 4204 et
2458 4151 2733 4220 Spiritum
2765 4157 3024 4206 sanctum
3057 4169 3236 4206 unum
3270 4154 3449 4206 Deum
3481 4169 3602 4207 esse
3630 4155 3822 4208 omni-

2035 4259 2078 4312 ι)
2116 4244 2430 4309 potentem,
2464 4239 2600 4309 quia
2633 4241 2829 4294 omnia
2873 4241 3028 4306 facit,
3062 4247 3119 4295 et
3149 4257 3322 4295 unam
3353 4258 3472 4295 esse
3517 4242 3818 4311 deitatem,

2119 4333 2177 4382 et
2223 4327 2625 4395 substantiam,
2679 4335 2734 4382 et
2781 4331 3139 4400 majestatem
3188 4331 3248 4384 in
3299 4329 3480 4384 tribus
3527 4332 3818 4401 personis,

2119 4417 2320 4483 Patris,
2354 4422 2410 4470 et
2440 4417 2585 4482 Filii,
2618 4423 2674 4471 et
2699 4418 2944 4488 Spiritus
2974 4419 3173 4472 sancti.

2566 4524 2697 4578 CAP.
2739 4526 2841 4579 LX.
2875 4555 2945 4564 —
2973 4528 3046 4579 De
3075 4525 3262 4579 eadem
3290 4540 3366 4578 re.

2192 4631 2302 4698 (Ea:
2341 4629 2544 4697 eodem,
2593 4645 2713 4698 cap.
2761 4633 2836 4696 2.)
2882 4632 3023 4684 Item
3056 4629 3486 4700 praedicandum
3533 4633 3635 4695 est,
3671 4645 3819 4700 quo-

2117 4719 2290 4771 modo
2351 4717 2521 4771 Filius
2573 4719 2670 4771 Dei
2719 4718 3050 4772 incarnatus
3097 4724 3183 4772 est
3230 4719 3300 4772 de
3350 4717 3560 4788 Spiritu
3596 4724 3816 4783 sancto,

2119 4811 2176 4860 et
2220 4807 2394 4860 Maria
2433 4806 2685 4876 Virgine,
2719 4823 2822 4877 pro
2851 4808 3032 4860 salute
3064 4807 3292 4876 generis
3323 4806 3562 4860 humani
3591 4821 3818 4874 passus,

2119 4895 2396 4963 sepultus,
2448 4894 2616 4949 tertia
2663 4895 2754 4949 die
2803 4895 3133 4960 resurrexit,
3182 4901 3239 4949 et
3281 4896 3486 4949 caelum
3537 4895 3814 4962 ascendit,

2120 4983 2179 5036 in
2209 4984 2322 5036 ﬁne
2367 4984 2572 5038 mundi
2602 4985 2838 5039 veniens
2882 4985 3141 5055 judicare
3183 5001 3381 5038 omnes
3431 4985 3692 5038 homines
3722 5001 3817 5038 se-

2121 5071 2371 5124 cundum
2403 5087 2573 5141 opera
2605 5073 2838 5142 propria
2872 5090 2884 5125 :
2914 5073 3207 5142 quomodo
3229 5073 3395 5143 impii
3426 5089 3550 5126 cum
3587 5071 3818 5126 diabolo

2123 5157 2179 5210 in
2216 5159 2408 5228 ignem
2453 5166 2734 5213 internum
2766 5160 3085 5225 mittentur,
3131 5160 3272 5230 justi
3303 5177 3434 5214 cum
3484 5161 3706 5214 Christo
3756 5161 3818 5214 in

2121 5244 2238 5297 vita
2267 5250 2480 5298 aeterna
2513 5250 2705 5300 erunt.

2565 5351 2691 5405 CAP.
2728 5351 2855 5404 LXI.
2887 5381 2955 5389 -——
2981 5353 3052 5405 De
3081 5351 3267 5404 eadem
3294 5367 3369 5405 re.

2195 5456 2306 5524 (Ea:
2349 5456 2549 5522 eodem,
2580 5473 2702 5525 cap.
2753 5458 2830 5525 3.)
2879 5458 3021 5510 Item
3059 5456 3489 5527 praedicandum
3533 5460 3618 5510 est
3659 5458 3812 5527 quod

2122 5559 2322 5598 omnes
2352 5544 2616 5598 homines
2641 5543 2702 5598 in
2731 5545 2968 5615 propria
3001 5560 3170 5599 carne
3197 5550 3513 5616 resurgant.
