3956 6304
205 300 318 351 637

1064 350 1075 357 .
1163 293 1637 350 DECRETORUM
1678 294 1863 349 LIBRI
1899 294 2007 349 XX.
2046 321 2112 330 —-
2154 291 2364 346 LIBER
2404 291 2785 348 SECUNDUS.

3616 296 3719 347 638

205 421 346 475 CAP.
411 422 572 475 LXII.
617 450 689 458 —
730 420 798 474 Ut
854 420 1031 472 omnis
1075 418 1358 488 presbyter
1402 420 1749 487 parochianis
1803 418 1917 471 suis
1945 420 1993 469 Α
2031 415 2160 469 CAP.
2229 415 2401 469 LXVI.
2455 444 2522 453 ——
2575 417 2661 488 Ut;
2691 415 2755 468 de
2828 415 3101 488 auditorio
3142 416 3325 470 nullus
3383 416 3716 484 egrediatur,

387 491 700 559 Symbolum
719 494 768 544 et
794 490 1101 545 Orationem
1129 491 1469 543 Dominicam
1489 491 1745 543 insinuet.

287 600 398 666 (Ea:
428 599 615 651 concil.
663 598 932 664 Remensi,
967 611 1086 665 cap.
1143 594 1221 664 8.)
1274 597 1343 649 Ut
1389 594 1575 648 omnis
1622 594 1918 664 presbyter

208 688 486 742 omnibus
538 685 901 755 parochianis
949 684 1063 736 suis
1103 684 1435 755 Symbolum
1482 689 1538 737 et
1585 683 1916 737 Orationem

210 776 577 830 Dominicam
621 778 719 828 aut
766 773 890 844 ipse
920 773 1192 839 insinuet,
1226 777 1325 826 aut
1351 773 1477 825 aliis
1506 771 1916 825 insinuandum

208 865 505 934 injungat,
550 868 604 916 et
642 879 770 916 cum
803 863 874 915 ad
904 861 1321 914 confessionem
1359 865 1615 929 tempore
1661 860 1915 924 Quadra-

208 953 480 1023 gesimali
510 953 768 1021 veniunt,
806 951 927 1004 haec
954 951 1024 1004 ab
1060 966 1409 1020 unoquoque
1441 949 1777 1003 memoriter
1809 948 1917 1001 sibi

209 1040 508 1094 decantari
558 1040 748 1105 faciat,
816 1056 921 1092 nec
974 1043 1102 1092 ante
1152 1044 1406 1092 sanctam
1451 1038 1914 1091 communionem

209 1129 390 1182 alicui
443 1129 650 1193 tradat,
683 1128 791 1181 nisi
849 1128 971 1181 haec
1001 1144 1067 1180 ex
1117 1128 1282 1180 corde
1319 1126 1691 1196 pronuntiare
1737 1141 1917 1179 nove-

211 1219 307 1272 rit.
346 1219 641 1289 Siquidem
674 1218 794 1271 sine
834 1218 1041 1271 horum
1072 1217 1309 1270 scientia
1339 1217 1528 1269 nullus
1580 1218 1765 1269 salvus
1796 1231 1917 1268 esse

211 1309 451 1379 poterit.
498 1310 560 1361 In
600 1323 714 1361 uno
758 1306 911 1360 enim
959 1306 1099 1361 ﬁdes
1149 1312 1207 1361 et
1252 1306 1557 1360 credulitas
1596 1304 1919 1359 Christiana

212 1396 591 1449 continetur:
642 1395 701 1448 in
749 1395 858 1448 alio
908 1395 1044 1465 quid
1090 1410 1252 1447 orare
1285 1399 1339 1448 et
1376 1400 1568 1464 petere
1598 1410 1630 1445 a
1662 1395 1773 1448 Deo
1823 1394 1918 1446 de-

212 1486 459 1539 beamus
514 1483 867 1554 exprimitur.
929 1484 1090 1547 Quod
1152 1484 1274 1537 sine
1338 1483 1451 1536 ﬁde
1510 1499 1678 1536 nemo
1739 1481 1918 1551 possit

213 1590 341 1626 esse
391 1574 599 1636 salvus,
658 1572 935 1625 Dominus
977 1571 1248 1637 ostendit,
1283 1586 1410 1624 cum
1444 1570 1618 1624 dicit:
1649 1570 1757 1634 Qui
1795 1586 1915 1622 cre-

213 1660 450 1727 diderit,
485 1665 541 1713 et
578 1659 897 1729 baptizatus
940 1658 1134 1726 fuerit,
1190 1659 1377 1712 salvus
1408 1659 1534 1711 erit.
1584 1658 1783 1711 Nullus
1814 1674 1915 1710 au-

212 1753 334 1802 tem
395 1749 628 1802 credere
682 1752 871 1817 potest
933 1747 1086 1817 quod
1139 1747 1339 1809 nescit,
1390 1763 1494 1801 nec
1542 1745 1795 1813 audivit;
1840 1747 1918 1800 ait

214 1837 376 1889 enim
411 1837 617 1889 Paulus
651 1853 663 1890 :
697 1836 992 1899 Quomodo
1024 1837 1256 1889 credent
1285 1835 1336 1888 ei
1371 1851 1542 1906 quem
1573 1851 1690 1887 non
1720 1834 1915 1888 audie-

210 1924 397 1978 runt?
426 1927 538 1978 Nec
568 1924 686 1977 sola
715 1923 925 1977 sufﬁcit
956 1922 1095 1977 ﬁdes
1124 1923 1184 1976 in
1215 1924 1407 1990 corde,
1442 1923 1552 1977 nisi
1583 1923 1755 1976 etiam
1785 1938 1915 1975 ver-

209 2012 300 2065 bis
336 2011 690 2077 enuntietur,
720 2018 784 2064 ut
831 2011 982 2064 idem
1022 2012 1332 2080 Apostolus
1363 2011 1522 2064 testis
1562 2016 1681 2065 est:
1737 2011 1915 2065 Corde

211 2101 397 2165 enim,
430 2099 653 2170 inquid,
697 2099 945 2153 creditur
976 2100 1046 2152 ad
1072 2100 1379 2169 justitiam,
1412 2116 1508 2153 ore
1562 2105 1752 2153 autem
1786 2116 1918 2153 con-

211 2189 389 2243 fessio
419 2189 481 2243 ﬁt
535 2190 605 2242 ad
655 2188 916 2241 salutem.
976 2188 1174 2241 Nullus
1229 2193 1420 2242 autem
1483 2189 1553 2242 de
1611 2188 1915 2242 stoliditate

214 2294 439 2343 sensus,
472 2280 559 2331 vel
589 2276 865 2330 tenuitate
914 2277 1133 2346 ingenii
1162 2282 1457 2331 causetur:
1488 2276 1624 2347 quia
1652 2278 1770 2330 haec
1799 2281 1914 2329 tam

213 2382 393 2436 parva
438 2370 588 2431 sunt,
624 2372 687 2419 ut
715 2381 886 2418 nemo
918 2369 1035 2419 tam
1081 2366 1255 2419 hebes
1294 2370 1349 2419 et
1378 2365 1655 2418 barbarus
1691 2364 1781 2431 sit,
1816 2364 1916 2433 qui

213 2455 327 2508 hoc
358 2455 575 2508 discere
629 2458 685 2507 et
714 2453 899 2508 verbis
936 2454 1339 2507 communibus
1387 2454 1759 2523 pronuntiare
1801 2468 1915 2505 non

214 2543 436 2613 possit:
480 2548 596 2596 tam
629 2558 857 2613 magna,
897 2546 960 2596 ut
1004 2543 1103 2613 qui
1142 2544 1347 2596 horum
1388 2543 1679 2596 scientiam
1727 2542 1914 2611 pleni-

212 2637 304 2685 ter
331 2647 532 2701 capere
566 2632 839 2702 potuerit,
871 2632 1130 2685 sufﬁcere
1151 2632 1256 2686 sibi
1286 2633 1552 2685 credatur
1572 2633 1639 2685 ad
1672 2633 1914 2685 salutem

211 2724 578 2789 perpetuam.
618 2718 760 2772 Illud
785 2718 958 2771 etiam
999 2718 1438 2781 observandum,
1473 2724 1537 2772 ut
1564 2720 1757 2771 nullus
1790 2735 1913 2771 sus-

212 2806 390 2877 cipiat
440 2806 718 2860 infantem
770 2806 830 2859 in
883 2807 1164 2876 baptismo
1222 2823 1255 2859 a
1308 2823 1467 2859 sacro
1525 2808 1701 2873 fonte,
1754 2812 1913 2860 ante-

212 2910 390 2965 quam
421 2894 572 2947 idem
604 2895 937 2965 Symbolum
971 2900 1028 2948 et
1056 2894 1382 2949 Orationem
1432 2895 1788 2949 Dominicam
1820 2912 1913 2949 co-

2471 486 2746 539 sacerdote
2773 486 2992 539 verbum
3018 488 3270 551 faciente.

2093 576 2202 639 (Ea:
2276 575 2463 627 concil.
2535 576 2804 641 Carthag.
2881 590 3006 642 cap.
3082 577 3196 641 24.)
3271 574 3571 629 Sacerdote
3655 575 3717 628 in

2024 661 2257 714 ecclesia
2294 662 2534 715 verbum
2566 662 2829 728 faciente,
2883 662 2980 733 qui
3025 679 3284 733 egressus
3324 663 3391 715 de
3440 663 3720 716 auditorio

2023 748 2195 803 fuerit
2222 750 2344 803 sine
2376 750 2536 820 gravi
2562 751 2919 816 necessitate,
2953 751 3494 805 excommunicetur.

2412 839 2539 893 CAP.
2579 840 2789 894 LXVII.
2824 871 2893 878 —
2930 844 2999 894 De
3036 841 3219 893 eadem
3248 857 3324 893 re.

2097 929 2204 995 (Ea:
2248 942 2445 980 canone
2490 930 2892 996 apostolorum.)
2946 929 3154 981 Omnes
3199 928 3395 981 ﬁdeles
3445 928 3543 999 qui
3586 943 3719 980 con-

2024 1014 2259 1068 veniunt
2305 1015 2364 1068 in
2410 1016 2760 1069 solemnibus
2812 1016 2984 1070 sacris
3015 1017 3087 1070 ad
3128 1017 3446 1082 ecclesiam,
3496 1022 3554 1070 et
3585 1015 3721 1068 scri-

2023 1107 2218 1173 pturas
2274 1105 2661 1174 apostolorum
2719 1109 2776 1157 et
2834 1106 3198 1175 Evangelinm
3266 1105 3530 1171 audiunt,
3604 1120 3720 1157 non

2025 1196 2218 1244 autem
2250 1198 2615 1261 perseverant
2644 1192 2702 1245 iu
2736 1193 2991 1247 oratione
3016 1210 3196 1263 usque
3224 1194 3358 1247 dum
3394 1194 3567 1245 missa
3597 1208 3722 1261 per-

2025 1284 2246 1348 agatur,
2280 1296 2385 1333 nec
2414 1284 2665 1333 sanctam
2695 1281 3156 1333 communionem
3188 1280 3535 1349 percipiunt,
3570 1281 3723 1332 velut

2025 1365 2455 1434 inquietudines
2490 1367 2747 1421 Ecclesiae
2785 1374 3226 1430 commoventes,
3268 1368 3537 1421 convenit
3565 1382 3722 1420 com-

2025 1454 2299 1508 munione
2329 1455 2565 1525 privari.

2398 1544 2524 1598 CAP.
2572 1545 2803 1599 LXVIII.
2841 1575 2901 1584 —
2941 1547 3018 1598 De
3048 1547 3231 1599 eadem
3262 1562 3340 1599 re.

2117 1630 2293 1695 (Unde
2331 1630 2540 1699 supra.)
2586 1633 2797 1685 Omnes
2847 1634 3152 1687 Christiani
3192 1634 3291 1703 qui
3317 1632 3722 1703 ingrediuntur

2028 1718 2322 1772 ecclesiam
2357 1720 2474 1781 Dei,
2526 1724 2581 1773 et
2622 1720 2939 1791 Scripturas
2986 1738 3171 1775 sacras
3221 1723 3480 1788 audiunt,
3534 1738 3722 1791 neque

2026 1808 2453 1860 communicant
2482 1808 2544 1861 in
2576 1808 2835 1862 oratione
2879 1826 3006 1862 cum
3042 1813 3277 1880 populo,
3323 1812 3422 1865 sed
3450 1827 3554 1880 pro
3587 1827 3723 1880 qua-

2026 1893 2158 1948 dam
2185 1895 2631 1965 intemperantia
2662 1915 2718 1951 se
2751 1916 2784 1950 a
2822 1900 3191 1967 perceptione
3224 1904 3433 1953 sanctae
3463 1914 3719 1952 commn-

2025 1982 2212 2035 nionis
2243 1989 2524 2050 avertunt,
2570 1986 2633 2038 hi
2668 1987 2739 2039 de
2775 1987 3023 2039 Ecclesia
3068 1993 3494 2052 removeantur,
3543 1987 3721 2041 donec

2024 2086 2127 2141 per
2155 2072 2569 2126 confessionem
2599 2074 2947 2143 poenitentiae
2976 2074 3190 2128 fructus
3220 2076 3541 2129 ostendant.

2168 2179 2292 2233 CAP.
2330 2180 2498 2235 LXIX.
2526 2209 2594 2219 —-
2633 2183 2705 2233 De
2738 2181 2991 2249 precibus
3024 2184 3145 2246 post
3184 2183 3575 2235 allocutionem.

2100 2266 2209 2333 (Eu:
2251 2268 2437 2320 concil.
2495 2268 2834 2333 Laodicensi,
2890 2285 3010 2337 cap.
3072 2271 3182 2336 19.)
3243 2270 3401 2333 Quod
3456 2272 3723 2340 oporteat

2026 2352 2279 2407 seorsum
2346 2355 2597 2424 primum
2667 2360 2798 2425 post
2859 2358 3234 2411 allocutiones
3299 2358 3719 2427 episcoporum,

2024 2444 2113 2495 vel
2166 2444 2656 2514 presbyterorum,
2706 2446 3026 2499 orationem
3074 2462 3247 2516 super
3286 2447 3722 2499 catechumenos

2025 2532 2320 2597 celebrari,
2362 2537 2418 2588 et
2447 2538 2747 2602 postquam
2782 2535 3175 2588 catechumeni
3222 2535 3435 2603 egressi
3485 2533 3715 2597 fuerint,

2025 2635 2196 2688 super
2237 2635 2334 2672 eos
2367 2620 2465 2689 qui
2516 2625 2650 2673 sunt
2690 2622 2752 2673 in
2804 2622 3139 2690 pmnitentia
3193 2638 3390 2691 preces
3428 2622 3572 2676 ﬁeri.
3623 2621 3721 2676 His

2025 2710 2197 2762 etiam
2249 2708 2646 2762 accedentibus
2693 2709 2763 2762 ad
2796 2725 3032 2762 manum
3082 2711 3392 2765 sacerdotis
3448 2716 3505 2764 et
3547 2710 3721 2763 disce-

2024 2794 2312 2854 dentibus.
2370 2801 2486 2848 tres
2538 2796 2827 2850 orationes
2875 2799 3260 2852 consummari
3314 2798 3589 2864 ﬁdelium,
3640 2800 3722 2852 ita

2024 2889 2087 2937 ut
2114 2884 2301 2952 prima
2329 2884 2564 2954 quidem
2594 2886 2698 2939 sub
2728 2886 2976 2953 silentio,
3010 2888 3263 2941 secunda
3299 2903 3433 2941 vero
3471 2892 3529 2941 et
3552 2888 3721 2940 tertia

212 2999 340 3037 ram
380 2983 713 3052 presbytero
770 2983 1050 3036 decantet.
1096 2984 1160 3036 Et
1210 2988 1346 3037 tunc
1391 2984 1689 3054 presbyter
1732 2984 1912 3038 omni-
1947 2981 1987 3035 C
2024 2986 2128 3039 per
2159 2970 2598 3024 “Clama-tiones
2631 2972 2824 3025 δοιίῗθε
2855 2976 3144 3044 expleant-

174 3072 321 3128 .bus
371 3071 614 3141 patrinis
665 3071 969 3124 annuntiet
1022 3072 1173 3141 quod
1226 3062 1512 3125 debitores
1556 3072 1669 3125 sint
1708 3073 1824 3125 suis
1854 3074 1913 3126 ﬁ-

212 3159 382 3226 liolis,
420 3175 550 3213 cum
595 3159 663 3213 ad
705 3158 1128 3229 intelligibilem
1175 3165 1403 3215 aetatem
1458 3161 1741 3228 venerint,
1792 3161 1915 3214 haec

214 3247 417 3301 eadem
447 3246 758 3300 insinuare.

607 3335 734 3389 CAP.
782 3335 958 3389 LXIII.
993 3365 1056 3375 -
1090 3337 1170 3389 De
1218 3336 1402 3390 eadem
1445 3353 1521 3390 re.

286 3424 397 3494 (Ea:
434 3414 620 3478 concil.
688 3425 982 3491 Cabillon.,
1043 3440 1163 3493 cap.
1219 3424 1297 3495 4).
1339 3425 1664 3479 Jubendum
1705 3429 1789 3478 est
1850 3430 1914 3479 ut

215 3512 414 3567 Oratio
448 3512 764 3579 Dominica,
790 3512 848 3564 in
888 3528 1001 3582 qua
1034 3513 1230 3566 omnia
1278 3513 1596 3566 necessaria
1642 3513 1912 3568 humanae

213 3602 347 3657 vitae
392 3601 979 3671 comprehenduntur,
1036 3606 1093 3654 et
1134 3602 1467 3671 Symbolum
1497 3603 1909 3672 apostolorum,

214 3690 276 3743 in
321 3706 435 3760 quo
490 3690 630 3743 ﬁdes
670 3689 949 3743 catholica
995 3706 1059 3742 ex
1108 3690 1331 3760 integro
1382 3692 1908 3761 comprehenditur,

214 3780 286 3833 ab
335 3779 604 3832 omnibus
665 3778 937 3844 discatur,
990 3783 1108 3831 tam
1156 3778 1369 3844 Latine,
1426 3795 1597 3849 quam
1649 3780 1912 3833 Barbari-

216 3883 295 3930 ce,
352 3873 415 3920 ut
483 3866 637 3936 quod
696 3882 792 3919 ore
850 3866 1215 3936 proﬁtentur,
1293 3868 1462 3921 corde
1511 3867 1797 3936 credatur,
1857 3872 1914 3921 et

215 3955 593 4025 intelligatur.

358 4045 494 4097 CAP.
532 4043 702 4097 LXIV.
736 4071 801 4083 —
835 4046 913 4097 De
944 4043 1226 4097 dilectione
1260 4047 1357 4099 Dei
1386 4049 1433 4097 et
1460 4046 1729 4113 proximi.

289 4134 395 4202 (Ea:
442 4132 638 4195 eodem,
695 4147 813 4201 cap.
875 4131 950 4201 5.)
1009 4134 1149 4186 Item
1208 4133 1640 4202 praadicandum
1702 4136 1787 4186 est
1841 4134 1910 4187 de

216 4221 519 4275 dilectione
541 4220 645 4274 Dei
676 4225 730 4273 et
759 4221 1030 4289 proximi,
1064 4221 1133 4275 de
1164 4221 1296 4283 ﬁde,
1326 4224 1382 4274 et
1420 4238 1549 4290 spes
1574 4221 1635 4273 in
1669 4222 1804 4287 Deo,
1841 4222 1909 4274 de

218 4309 569 4377 humilitate,
601 4309 898 4378 patientia,
943 4310 1217 4375 castitate,
1270 4309 1645 4380 benignitate,
1694 4309 1911 4362 miseri-

216 4399 430 4465 cordia,
485 4397 553 4450 de
584 4399 982 4467 eleemosynis,
1033 4399 1103 4452 de
1134 4399 1510 4465 confessione,
1548 4405 1608 4450 ut
1636 4398 1908 4451 fratribus

214 4501 279 4538 ex
326 4484 497 4538 corde
540 4484 882 4539 remittatur.
919 4487 1027 4550 Qui
1084 4487 1207 4540 harc
1252 4492 1308 4540 et
1336 4486 1546 4540 similia
1590 4492 1789 4557 agunt,
1820 4502 1911 4539 re-

215 4590 393 4643 gnum
424 4573 525 4627 Dei
553 4578 1001 4645 consequentur.

215 4678 342 4733 CAP.
406 4679 555 4733 LXV.
611 4709 678 4717 —
735 4681 810 4734 De
855 4681 1195 4745 criminibus,
1250 4680 1451 4748 quibus
1507 4682 1743 4735 homines
1792 4696 1913 4735 cum

769 4751 983 4805 diabolo
1005 4751 1353 4819 deputantur.

287 4838 398 4905 (Ea:
439 4838 637 4903 eodem,
690 4854 808 4908 cap.
859 4839 938 4907 4.)
992 4840 1132 4892 Item
1182 4838 1610 4908 praedicandum
1654 4844 1756 4906 est,
1804 4855 1910 4909 pro

217 4925 424 4995 quibus
455 4925 793 4980 criminibus
819 4927 1081 4980 homines
1114 4943 1242 4980 cum
1278 4928 1505 4981 diabolo
1537 4929 1908 4997 deputantur.

217 5030 343 5083 qua
365 5015 669 5084 Apostolus
696 5015 775 5068 sic
797 5021 1125 5069 enumerat:
1152 5015 1495 5082 Fornicatio,
1522 5016 1909 5083 immunditia,

218 5102 459 5169 luxuria,
538 5102 823 5157 idolorum
883 5104 1146 5172 servitus,
1213 5104 1506 5168 veneﬁcia,
1568 5104 1909 5172 inimicitias,

216 5190 625 5257 contentiones,
680 5192 1096 5261 aemulationes,
1147 5193 1270 5258 irin,
1313 5193 1470 5259 rixae,
1505 5192 1909 5262 dissensiones,

216 5285 417 5345 sectae,
489 5278 755 5347 invidiae,
815 5280 1162 5347 homicidia,
1223 5281 1561 5349 ebrietates,
1627 5297 1911 5334 comessa-

216 5367 418 5433 tiones,
470 5371 526 5420 et
556 5367 644 5420 his
684 5367 913 5423 similia.
948 5368 1056 5432 Qui
1104 5369 1240 5423 talia
1289 5373 1487 5439 agunt,
1528 5384 1772 5437 regnum
1810 5369 1912 5423 Dei

217 5471 327 5509 non
376 5461 834 5526 consequentur:
886 5461 943 5511 et
989 5456 1117 5512 ideo
1170 5458 1288 5511 haec
1335 5472 1465 5510 cum
1512 5455 1669 5510 omni
1722 5456 1911 5511 studio

216 5541 647 5611 prohibeantur.

2024 3075 2150 3129 CAP.
2212 3076 2360 3131 LXX.
2419 3106 2492 3149 ἡ
2536 3080 2603 3131 Ut
2648 3082 2819 3132 omnis
2875 3082 3157 3149 presbyter
3211 3085 3269 3136 in
3319 3083 3506 3136 diebus
3563 3084 3723 3148 festis

2091 3149 2352 3220 populum
2390 3148 2676 3202 admoneat
2720 3166 2857 3218 quas
2880 3148 3093 3220 preces
3151 3154 3225 3206 ad
3270 3157 3435 3208 Deum
3493 3153 3722 3219 fundere

2092 3217 2298 3272 debeat.

2094 3321 2216 3390 (Ea:
2252 3325 2439 3378 concil.
2486 3327 2699 3390 Aurel.,
2748 3343 2868 3396 cap.
2913 3329 2988 3396 3.)
3036 3330 3270 3396 Oportet
3315 3335 3380 3383 ut
3417 3330 3477 3383 in
3519 3331 3719 3383 diebus

2026 3411 2332 3464 Dominicis
2363 3413 2447 3464 vel
2484 3412 2661 3479 festis,
2699 3420 2830 3483 post
2868 3432 3188 3471 sermonem
3231 3418 3381 3471 intra
3414 3418 3716 3471 missarum

2022 3498 2297 3552 solemnia
2352 3498 2613 3553 habitum
2663 3502 2729 3554 ad
2776 3502 3024 3571 plebem,
3082 3506 3344 3559 sacerdos
3390 3506 3714 3570 admoneat,

2020 3590 2104 3653 ut,
2171 3585 2336 3654 juxta
2408 3589 2779 3655 apostolicam
2861 3592 3327 3663 institutionem,
3400 3595 3718 3648 orationem

2020 3689 2221 3727 omnes
2266 3674 2325 3727 in
2359 3691 2666 3730 commune
2712 3695 2814 3748 pro
2848 3680 3085 3736 diversis
3114 3685 3551 3738 necessitatibus
3580 3685 3719 3737 fun-

2020 3762 2157 3816 dant
2186 3763 2258 3816 ad
2306 3764 2635 3831 Dominum,
2676 3782 2782 3835 pro
2824 3784 2957 3839 rege
3004 3776 3061 3823 et
3090 3771 3355 3842 episcopo
3402 3788 3621 3837 eorum,
3664 3777 3720 3825 et

2025 3852 2340 3905 rectoribus
2393 3854 2790 3921 Ecclesiarum,
2842 3874 2944 3927 pro
3001 3875 3159 3928 pace,
3214 3878 3319 3930 pro
3378 3866 3554 3931 peste,
3616 3878 3719 3930 pro

2019 3938 2265 3993 inﬁrmis
2296 3941 2395 4011 qui
2441 3942 2500 3995 in
2534 3942 2654 4013 ipsa
2685 3947 2957 4013 parochia
2986 3947 3132 4001 lecto
3180 3949 3552 4015 decumbunt,
3613 3966 3716 4019 pro

2020 4044 2206 4098 nuper
2235 4029 2539 4095 defunctis,
2588 4031 2649 4084 in
2691 4034 2897 4102 quibus
2945 4036 3232 4106 sigillatim
3266 4038 3530 4106 precibus
3556 4039 3719 4107 plebs

2020 4118 2349 4170 Orationem
2396 4119 2755 4174 Dominicam
2809 4123 2914 4175 sub
2963 4124 3188 4177 silentio
3235 4126 3403 4179 dicat.
3447 4126 3716 4181 Sacerdos

2022 4222 2152 4258 vero
2220 4206 2507 4259 orationes
2574 4209 2644 4261 ad
2710 4210 2818 4263 hoc
2879 4214 3231 4280 pertinentes
3295 4231 3400 4284 per
3463 4214 3716 4285 singulas

2022 4293 2442 4347 admonitiones
2500 4296 2832 4349 solemniter
2888 4301 3129 4369 expleat.
3196 4304 3329 4355 Post
3385 4302 3504 4355 haec
3560 4319 3719 4357 sacra

2019 4381 2338 4434 celebretur
2397 4382 2630 4436 oblatio.
2693 4385 2787 4438 Ait
2833 4386 2986 4439 enim
3043 4390 3385 4458 Apostolus:
3448 4390 3713 4455 Obsecro,

2019 4469 2273 4538 primum
2305 4470 2564 4523 omnium
2603 4470 2727 4524 ﬁeri
2770 4473 3073 4542 orationes,
3107 4476 3546 4544 obsecrationes,
3582 4494 3717 4548 gra-

2019 4558 2229 4611 tiarum
2266 4559 2532 4626 actiones,
2566 4566 2621 4614 et
2649 4567 2872 4617 caetera.

2021 4664 2147 4718 CAP.
2236 4664 2408 4719 LXXI.

2498 4669 2565 4721 Ut
2626 4670 2934 4735 presbyteri
3008 4673 3187 4741 plebes
3254 4674 3579 4729 admoneant
3657 4681 3717 4728 ut

2092 4735 2342 4814 bubulcos
2374 4740 2535 4814 atque
2576 4743 2855 4814 porcarios
2905 4746 2962 4797 in
3000 4735 3398 4814 principalibus
3448 4748 3602 4811 festis
3644 4746 3719 4798 ad

2090 4808 2311 4860 missam
2341 4810 2523 4860 venire
2549 4810 2891 4877 permittant.

2091 4916 2199 4985 (Em
2240 4916 2426 4969 concil.
2480 4920 2813 4987 Rothomag.,
2863 4938 2982 4991 cap.
3018 4923 3093 4992 5.)
3142 4925 3461 4977 Admonere
3508 4922 3719 4976 debent

2021 5004 2342 5061 sacerdotes
2385 5004 2579 5074 plebes
2629 5009 2882 5064 subditas
2921 5011 3049 5076 sibi,
3085 5018 3147 5065 ut
3192 5011 3493 5077 bubulcos,
3545 5015 3717 5081 atque

2018 5094 2326 5164 porcarios,
2388 5096 2477 5148 vel
2531 5094 2674 5147 alios
2722 5102 2997 5164 pastores,
3051 5098 3135 5149 vel
3191 5103 3443 5150 aratores
3499 5098 3599 5166 qui
3657 5098 3716 5150 in

2024 5188 2173 5255 agris
2218 5185 2445 5239 assidue
2494 5189 2947 5248 commorantur,
3002 5184 3091 5235 vel
3138 5184 3197 5236 in
3247 5184 3423 5249 silvis,
3482 5190 3538 5238 et
3586 5185 3717 5239 ideo

2021 5276 2177 5328 velut
2204 5291 2358 5329 more
2397 5274 2681 5344 pecudum
2715 5276 2931 5339 vivunt,
2978 5274 3037 5326 in
3075 5272 3384 5327 Dominicis
3415 5279 3473 5326 et
3505 5274 3562 5326 in
3596 5273 3719 5326 aliis

2020 5364 2178 5418 festis
2209 5365 2408 5419 diebus
2443 5366 2643 5418 saltem
2674 5365 2762 5417 vel
2806 5364 2871 5417 ad
2905 5363 3137 5416 missam
3195 5361 3406 5413 faciant
3437 5361 3523 5414 vel
3580 5378 3717 5431 per-

2021 5453 2254 5507 mittant
2281 5453 2513 5507 venire:
2563 5469 2696 5506 nam
2745 5453 2932 5506 ethos
2985 5450 3241 5504 Christus
3285 5448 3536 5518 pretioso
3588 5465 3717 5503 san-

2022 5540 2197 5610 guine
2245 5557 2347 5594 suo
2396 5540 2657 5594 redemit.
2702 5540 2867 5603 Quod
2896 5539 2942 5591 si
2992 5536 3369 5607 neglexerint,
3428 5552 3531 5606 pro
3590 5536 3716 5590 ani-
