3956 6304
255 323 356 373 639

1321 322 1729 378 BURCHARDI
1773 321 2303 378 WORMACIENSIS
2340 318 2679 376 EPISCOPI.

3675 320 3783 372 640

254 441 458 495 mabus
503 458 702 496 eorum
747 443 961 514 absque
993 443 1168 498 dubio
1212 445 1491 499 rationem
1543 462 1599 499 se
1634 445 1950 500 reddituros
1980 446 2022 498 A
2066 444 2190 498 CAP.
2249 445 2499 500 LXXVII.
2540 472 2622 514 75-
2666 444 2734 496 Ut
2779 442 3087 514 presbyteri
3141 443 3385 510 plebibus
3445 445 3774 498 annuntient

252 530 452 584 sciant.
487 530 787 600 Siquidem
822 531 1099 586 Dominus
1130 532 1366 586 veniens
1396 533 1455 586 in
1489 534 1640 587 hunc
1670 533 1950 587 mundum

251 633 367 671 non
417 617 592 688 elegit
637 624 890 672 oratores
937 625 1106 690 atque
1157 620 1466 674 nobiliores
1516 637 1796 692 quosque,
1849 621 1947 676 sed

2379 517 2476 584 qui
2513 513 2631 568 dies
2666 515 2778 567 sint
2808 513 3060 579 feriandi
3085 528 3186 582 per
3214 529 3438 568 annum.

2131 620 2250 689 (Em
2281 621 2466 674 concil.
2509 618 2853 687 Lugdunen.,
2901 634 3020 687 cap.
3076 617 3154 689 4.)
3207 620 3346 673 Item
3382 619 3773 689 pronuntian-

251 705 564 774 piscatores
611 713 783 777 atque
844 707 1046 761 idiotas
1095 708 1201 762 sibi
1255 708 1562 778 discipulos
1620 709 1832 776 ascivit,
1891 715 1952 764 ut
2059 709 2197 764 dum
2227 713 2332 774 est,
2381 714 2446 762 ut
2477 707 2660 762 sciant
2703 711 2964 776 tempora
3011 706 3254 761 feriendi
3295 723 3399 776 per
3431 724 3670 774 annum,
3706 707 3765 761 id

253 795 581 848 ostenderet
621 795 682 848 in
733 796 880 850 facto
924 797 1078 867 quod
1126 797 1250 866 ipse
1299 797 1486 851 verbis
1542 798 1601 851 in
1645 799 1948 869 Evangelio

249 882 520 949 afﬁrmat,
578 883 806 937 dicens:
868 885 1032 948 Quod
1091 885 1423 939 hominibus
1478 891 1562 939 est
1593 887 1795 952 altum,
1852 887 1946 940 ab-

253 971 564 1024 ominabile
593 976 678 1024 est
702 973 853 1041 apud
889 974 1087 1026 Deum.
1124 974 1188 1027 Et
1217 972 1370 1026 salva
1395 974 1598 1028 altiore
1628 975 1950 1043 intelligen-

253 1057 352 1127 tia,
417 1060 682 1113 nativitas
741 1061 919 1113 nostri
968 1061 1365 1131 Redemptoris
1429 1062 1618 1132 primo
1684 1062 1944 1116 omnium

250 1147 577 1217 pastoribus
611 1149 682 1200 ab
714 1148 916 1217 angelo
950 1149 1266 1202 nuntiatur.

360 1236 485 1288 CAP.
531 1237 732 1290 LXXII.
772 1267 840 1275 —
873 1238 954 1291 De
987 1237 1354 1292 admonitione
1383 1238 1837 1308 presbyterorum.

323 1325 429 1390 (Ea:
480 1325 667 1378 concil.
700 1325 1011 1392 Aureliam,
1061 1342 1179 1395 cap.
1240 1327 1317 1393 4.)
1360 1328 1429 1381 Ut
1487 1327 1802 1380 sacerdotes
1844 1327 1947 1380 ad—

251 1415 522 1464 moneant
552 1412 831 1482 populum
878 1417 940 1466 ut
993 1415 1412 1484 eleemosynam
1457 1415 1613 1482 dent,
1650 1420 1707 1468 et
1737 1414 1947 1468 oratio-

249 1515 350 1552 nes
403 1499 614 1552 faciant
666 1515 772 1569 pro
824 1501 1060 1554 diversis
1107 1501 1312 1573 plagis,
1361 1519 1504 1574 quas
1558 1503 1785 1556 assidue
1843 1519 1947 1573 pro

251 1586 493 1655 peccatis
513 1587 786 1655 patimur.

251 1676 378 1728 CAP.
459 1676 687 1730 LXXIII.
746 1705 817 1715 —
873 1677 1146 1742 Quomodo
1206 1682 1574 1749 unusquisque
1635 1695 1790 1734 orare
1859 1679 1948 1732 de-

322 1815 429 1885 (Ea:
458 1817 656 1882 eodem,
688 1832 808 1886 cap.
857 1819 936 1886 6.)
969 1749 1522 1875 Itgrfiiltinstruendus
1555 1824 1639 1873 est
1680 1819 1946 1890 populus,

253 1907 314 1957 ut
361 1903 600 1974 singulis
642 1905 862 1972 diebus,
903 1907 1003 1976 qui
1033 1907 1282 1979 amplius
1322 1925 1437 1962 non
1488 1913 1697 1979 potest,
1746 1908 1948 1962 saltem

251 1991 472 2046 duabus
509 1991 724 2046 vicibus
772 1999 934 2047 oret:
987 2011 1154 2050 mane
1205 1997 1418 2050 scilicet
1470 2002 1527 2050 et
1566 2012 1820 2066 vespere,
1861 1996 1947 2050 di-

249 2097 381 2133 cens
411 2081 740 2151 Symbolum
774 2086 830 2136 et
859 2083 1190 2138 Orationem
1233 2085 1591 2139 Dominicam
1616 2102 1627 2138 :
1653 2085 1788 2151 sive,
1839 2084 1948 2149 Qui

249 2167 542 2238 plasmasti
595 2185 710 2238 me,
749 2169 1018 2225 miserere
1051 2172 1204 2239 mei;
1241 2175 1325 2226 vel
1358 2173 1555 2239 etiam,
1594 2174 1761 2238 Deus,
1812 2189 1944 2242 pro-

250 2255 426 2326 pitius
458 2261 579 2310 esto
607 2257 750 2311 mihi
792 2260 1112 2329 peccatori:
1150 2265 1206 2315 et
1241 2263 1354 2315 Deo
1387 2261 1599 2331 gratias
1630 2277 1808 2332 agens
1839 2277 1945 2331 pro

252 2343 598 2415 quotidianae
631 2344 758 2399 vitae
805 2349 1238 2412 commeatibus,
1282 2353 1337 2402 et
1363 2349 1498 2420 quia
1531 2366 1589 2404 se
1643 2351 1713 2404 ad
1745 2349 1947 2420 imagi-

248 2447 383 2485 nem
425 2448 585 2485 suam
617 2449 810 2487 creare
865 2436 1132 2506 dignatus
1184 2436 1275 2501 sit,
1305 2442 1363 2490 et
1411 2455 1444 2490 a
1491 2437 1808 2508 pecudibus
1857 2453 1944 2492 se-

247 2534 506 2588 gregare.
546 2520 641 2574 His
691 2522 960 2591 peractis,
995 2529 1051 2576 et
1083 2524 1202 2578 solo
1233 2525 1348 2578 Deo
1391 2530 1644 2578 creatore
1695 2542 1797 2579 suo
1848 2525 1944 2579 ad-

249 2613 432 2675 orato,
466 2614 686 2662 sanctos
733 2610 978 2677 invocet,
1025 2616 1088 2665 ut
1137 2629 1240 2682 pro
1289 2630 1348 2667 se
1396 2612 1747 2668 intercedere
1794 2615 1945 2684 apud

247 2696 608 2765 majestatem
652 2698 900 2753 divinam
933 2701 1262 2771 dignentur.
1315 2703 1447 2756 Heec
1476 2702 1704 2768 faciant,
1738 2702 1946 2772 quibus

246 2784 496 2838 basilica:
539 2787 689 2840 locus
741 2803 922 2858 prope
975 2793 1078 2854 est,
1128 2790 1188 2843 in
1238 2790 1508 2845 basilica:
1561 2792 1660 2862 qui
1701 2807 1834 2844 vero
1886 2791 1946 2845 in

245 2871 471 2938 itinere,
527 2878 626 2928 aut
681 2892 786 2945 pro
849 2877 1106 2946 qualibet
1169 2878 1469 2933 occasione
1524 2879 1586 2932 in
1643 2879 1816 2946 silvis,
1886 2880 1944 2933 in

2059 802 2165 862 est,
2199 812 2431 849 omnem
2474 795 2830 850 Dominicam
2861 811 2894 847 a
2935 810 3172 865 vespera
3215 811 3397 866 usque
3439 795 3504 849 ad
3558 811 3764 866 vespe-

2056 900 2204 954 ram,
2235 900 2307 938 ne
2339 885 2397 937 in
2426 883 2719 938 Judaismo
2751 883 3074 954 capiantur.
3130 883 3394 937 Feriandi
3445 889 3578 938 sunt
3626 901 3764 938 vero

2057 988 2161 1042 per
2190 988 2406 1026 annum
2435 972 2529 1025 isti
2574 971 2730 1026 dies:
2782 971 2994 1025 Natalis
3029 971 3258 1025 Domini
3307 973 3486 1026 sancti
3531 972 3772 1041 Stepha-

2057 1061 2138 1128 ni,
2189 1061 2369 1115 sancti
2416 1060 2650 1115 Joannis
2692 1060 3076 1130 evangelista,
3126 1061 3523 1126 Innocentum,
3567 1066 3768 1114 octava

2058 1149 2270 1203 Natalis
2302 1148 2552 1213 Domini,
2582 1148 2972 1218 Theophania,
3033 1147 3359 1201 Puriﬁcatio
3406 1153 3615 1202 sancta:
3647 1149 3762 1202 Ma-

2059 1237 2179 1304 riae,
2228 1242 2486 1292 sanctum
2537 1237 2753 1291 Pascha
2809 1252 2939 1290 cum
2991 1241 3110 1290 tota
3153 1237 3534 1302 hebdomade,
3581 1238 3768 1307 Roga-

2058 1326 2248 1380 tiones
2276 1326 2460 1380 tribus
2491 1325 2712 1391 diebus,
2767 1325 3038 1378 Ascensio
3091 1325 3342 1392 Domini,
3395 1325 3578 1379 sancti
3637 1325 3764 1380 dies

2056 1416 2435 1482 Pentecostes,
2471 1413 2648 1468 sancti
2687 1413 2919 1468 Joannis
2950 1413 3237 1483 Baptistae,
3289 1414 3591 1468 duodecim
3624 1430 3764 1484 apo-

2055 1504 2356 1570 stolorum,
2411 1502 2655 1556 maxime
2686 1508 2882 1556 tamen
2913 1506 3237 1555 sanctorum
3268 1502 3422 1556 Petri
3469 1507 3526 1556 et
3573 1501 3763 1568 Pauli,

2057 1591 2156 1662 qui
2186 1592 2463 1645 mundum
2516 1607 2619 1645 sua
2663 1591 3052 1661 predicatione
3100 1590 3592 1654 illuminaverunt,
3637 1607 3768 1644 san-

2057 1679 2132 1734 cti
2187 1679 2498 1745 Laurentii,
2548 1679 2878 1748 Assumptio
2947 1683 3152 1731 sanctae
3219 1679 3426 1742 Maria,
3482 1679 3764 1732 Nativitas

2058 1773 2268 1822 sanctae
2323 1767 2509 1822 Mariae
2570 1766 2840 1835 Virginis,
2913 1767 3203 1820 Dedicatio
3272 1767 3520 1821 basilicae
3578 1768 3766 1822 sancti

2057 1854 2384 1925 archangeli
2418 1854 2728 1919 Michaelis,
2763 1854 3048 1908 Dedicatio
3080 1855 3488 1926 cujuscumque
3519 1856 3767 1909 oratorii

2056 1947 2114 1996 et
2168 1943 2428 1996 omnium
2481 1947 2829 2010 sanctorum,
2895 1947 2950 1996 et
2994 1944 3173 1997 sancti
3227 1943 3473 2011 Martini,
3531 1949 3590 1998 et
3647 1945 3763 1998 illm

2055 2031 2388 2085 festivitates
2437 2047 2577 2102 quas
2623 2030 2837 2101 singuli
2887 2029 3136 2102 episcopi
3179 2031 3241 2084 in
3287 2031 3404 2084 suis
3453 2031 3765 2103 episcopiis

2056 2134 2187 2172 cum
2235 2120 2450 2190 populo
2492 2118 2961 2185 collaudaverint,
2997 2135 3124 2189 quae
3157 2119 3357 2173 vicinis
3387 2124 3609 2174 tantum
3643 2121 3759 2174 cir-

2056 2223 2185 2261 cum
2238 2208 2597 2262 morantibus
2658 2208 2976 2262 indicendaa
3029 2213 3176 2269 sunt,
3234 2224 3346 2261 non
3407 2209 3764 2278 generaliter

2057 2295 2347 2350 omnibus.
2403 2297 2657 2367 Reliquae
2696 2313 2827 2350 vero
2858 2296 3192 2351 festivitates
3222 2313 3325 2367 per
3373 2313 3590 2350 annum
3637 2313 3758 2352 non

2055 2389 2188 2438 sunt
2214 2385 2484 2456 cogendae
2528 2385 2598 2438 ad
2629 2383 2972 2450 feriendum,
3015 2401 3120 2438 nec
3165 2385 3552 2455 prohibenda.
3608 2385 3763 2440 Indi-

2053 2478 2208 2526 ctum
2250 2489 2383 2526 vero
2407 2472 2694 2542 jejunium
2743 2473 2974 2544 quando
3008 2473 3183 2527 fuerit
3223 2473 3646 2541 denuntiatum,
3683 2474 3758 2529 ab

2053 2561 2320 2615 omnibus
2352 2561 2704 2615 observetur.

2055 2668 2180 2723 CAP.
2270 2666 2536 2722 LXXVIII.
2582 2697 2650 2706 —
2722 2668 2790 2722 Ut
2845 2667 3175 2735 presbyteri,
3233 2681 3354 2721 cum
3421 2669 3758 2733 festivitates

2267 2741 2617 2802 annuntiant,
2649 2739 2967 2804 vigiliarum
2994 2753 3100 2791 non
3125 2738 3530 2792 obliviscantur.

2125 2827 2228 2893 (Em
2257 2827 2453 2880 concil.
2511 2826 2661 2894 apud
2713 2826 3117 2896 Compendium,
3149 2842 3268 2896 cap.
3325 2827 3399 2896 1.)
3444 2829 3583 2881 Item
3622 2843 3758 2882 cum

2053 2914 2369 2985 presbyteri
2433 2930 2618 2967 sacras
2688 2913 3021 2967 festivitates
3095 2915 3308 2984 populo
3381 2916 3756 2985 annuntiant,

249 2977 421 3074 33"”:
455 2961 802 3074 υδίθωῗίίιξθ
828 2980 930 3074 ξοδ,
952 2965 1074 3035 ipsa
1106 2967 1250 3063 11.0”
1284 2967 1569 3074 matutina
1595 2969 1683 3074 j’?‘
1715 2983 1942 3038 vesper'
1974 2997 2014 3052 C
2053 2961 2540 3074 Etiam‘ljejunium
2575 3002 2922 3072 vigiliarum,
2977 3003 3078 3056 ubi
3096 2961 3231 3057 Esse
3263 3003 3451 3072 debet,
3494 3021 3589 3059 eos
3635 2961 3761 3060 om:

247 3049 369 3102 tina
407 3049 690 3104 invenerit
722 3051 799 3104 sic
828 3052 1057 3119 faciant,
1081 3054 1324 3108 scientes
1356 3055 1535 3108 Deum
1556 3055 1772 3125 ubique
1800 3071 1944 3126 prm-

249 3141 470 3191 sentem
511 3155 652 3205 esse,
703 3139 925 3196 dicente
975 3142 1310 3197 Psalmista:
1363 3144 1426 3196 In
1472 3143 1632 3196 omni
1669 3145 1794 3198 loco
1849 3145 1945 3198 do-

248 3224 590 3279 minationes
615 3228 756 3298 ejus.

249 3310 377 3367 CAP.
418 3314 636 3369 LXXIV.
684 3345 756 3356 —
798 3320 872 3371 De
895 3319 1049 3390 ﬁliis,
1079 3320 1340 3388 quomodo
1381 3321 1702 3390 parentibus
1733 3321 1942 3375 obedire

319 3454 431 3522 (Ea:
476 3457 660 3510 concil.
711 3389 1248 3530 Λνυθνηηάἓῗιῖῗηὲ.)
1300 3461 1668 3516 Admonendi
1701 3468 1835 3517 sunt
1880 3463 1943 3516 ﬁ-

248 3543 404 3596 deles
450 3549 656 3599 sanctae
692 3546 788 3599 Dei
821 3548 1077 3601 Ecclesiae
1128 3549 1254 3618 ﬁlii,
1304 3552 1391 3606 vel
1441 3550 1594 3616 ﬁliae,
1628 3557 1692 3605 ut
1734 3567 1940 3622 paren-

245 3630 398 3684 tibus
428 3632 544 3684 suis
574 3633 960 3689 obedientiam
1009 3637 1336 3706 exhibeant,
1379 3638 1601 3693 dicente
1648 3640 1889 3694 Domino
1923 3656 1937 3706 ;

248 3717 372 3785 Fili,
408 3721 722 3775 honoriﬁca
746 3727 967 3792 patrem
998 3729 1186 3779 tuum.
1232 3728 1373 3781 Nam
1404 3732 1459 3780 et
1493 3734 1554 3782 ut
1592 3728 1702 3798 ipsi
1731 3745 1938 3798 paren-

246 3812 332 3860 tes
362 3823 497 3876 erga
523 3809 671 3862 ﬁlios
693 3827 825 3864 suos
846 3827 910 3864 ac
931 3811 1076 3865 ﬁlias
1105 3814 1354 3868 modeste
1387 3819 1560 3884 agant
1589 3816 1941 3870 admonendi

247 3899 401 3960 sunt,
435 3895 658 3950 dicente
705 3899 1017 3968 Apostolo:
1055 3900 1119 3952 Et
1166 3917 1285 3968 vos,
1330 3908 1613 3971 parentes,
1662 3903 1838 3958 nolite
1873 3904 1942 3958 ad

247 3982 600 4037 iracundiam
655 4001 964 4055 provocare
1023 3987 1172 4041 ﬁlios
1228 3995 1461 4044 vestros.
1527 3992 1667 4045 Nam
1727 3997 1784 4046 et
1835 3991 1943 4045 hoc

249 4071 556 4126 dicendum
587 4079 671 4128 est
699 4073 798 4140 eis,
858 4080 919 4129 ut
949 4076 996 4129 si
1045 4077 1128 4130 illi
1181 4077 1415 4147 genitali.
1450 4079 1652 4133 aﬁ'ectu
1707 4097 1941 4150 parcere

247 4159 424 4213 velint
454 4161 680 4230 injuriis
709 4164 984 4233 ﬁliorum,
1028 4182 1144 4219 non
1184 4167 1287 4220 hos
1317 4167 1634 4238 impunitos
1665 4169 1940 4222 Dominus

249 4247 407 4315 sinit,
439 4249 546 4303 nisi
575 4251 718 4306 forte
763 4254 1116 4323 paenitentia:
1169 4255 1562 4324 subjiciantur.
1611 4257 1716 4311 Sed
1747 4263 1940 4312 tamen
1966 4284 2010 4337 ι)

249 4337 427 4391 levius
455 4343 538 4392 est
577 4340 709 4394 ﬁliis
741 4347 1045 4411 parentum
1083 4343 1354 4414 quaelibet
1400 4346 1625 4416 ﬂagella
1655 4348 1939 4418 suscipere

249 4443 421 4496 quam
454 4428 553 4481 Dei
578 4427 721 4483 iram
754 4431 1065 4486 incurrere.

249 4513 382 4570 CAP.
416 4513 608 4570 LXXV.
640 4545 712 4557 —
742 4518 822 4570 De
853 4519 962 4571 illis
1015 4522 1112 4587 qui
1154 4521 1483 4590 principales
1513 4523 1835 4588 festivitates
1882 4525 1940 4576 in

869 4591 1014 4644 villis
1040 4592 1324 4646 celebrant.

319 4672 428 4742 (Ea:
455 4675 643 4728 concil.
677 4676 989 4744 Aureliam,
1022 4695 1141 4748 cap.
1180 4679 1258 4750 8.)
1301 4681 1440 4734 Item
1480 4680 1940 4736 denuntiandum

248 4767 352 4826 est,
387 4767 453 4816 ut
479 4763 623 4816 nulli
653 4764 862 4820 civium
892 4769 1145 4835 Pascbm,
1179 4769 1391 4824 Natalis
1423 4771 1653 4824 Domini
1681 4771 1769 4824 vel
1796 4772 1939 4825 Pen-

246 4849 488 4900 tecostes
536 4847 924 4902 solemnitates
972 4853 1138 4905 liceat
1186 4852 1244 4906 in
1295 4852 1428 4906 villa
1474 4854 1780 4922 celebrare,
1829 4855 1942 4910 nisi

246 4951 419 5006 quem
450 4935 754 4990 inﬁrmitas
783 4939 1121 5008 probabitur
1149 4940 1420 4995 tenuisse.

637 5027 765 5081 CAP.
802 5029 1025 5084 LXXVI.
1059 5059 1128 5070 —
1156 5032 1232 5084 De
1259 5030 1444 5085 eadem
1471 5047 1546 5085 re.

317 5117 426 5184 (Ea:
455 5117 643 5170 concil.
684 5116 992 5185 Agathen.,
1043 5134 1164 5187 cap.
1216 5118 1292 5189 5.)
1341 5122 1478 5173 Item
1521 5120 1759 5175 docendi
1809 5127 1944 5176 sunt

245 5202 415 5272 cives,
469 5209 531 5258 ut
582 5204 816 5271 Pascha,
863 5206 1118 5259 Natalem
1176 5207 1424 5276 Domini,
1485 5213 1541 5262 et
1569 5211 1942 5263 Pentecosten

244 5289 302 5342 in
360 5289 681 5346 civitatibus
740 5307 871 5346 cum
933 5292 1216 5364 episcopis
1278 5293 1416 5362 suis,
1471 5295 1581 5349 nisi
1635 5295 1942 5350 inﬁrmitas

247 5377 598 5447 impedierit,
653 5381 964 5447 celebrent,
1008 5383 1354 5453 accipiendas
1406 5385 1824 5439 communionis
1856 5387 1940 5439 vel

247 5465 662 5522 benedictionis
703 5469 925 5539 gratia:
975 5475 1034 5524 et
1059 5472 1159 5540 qui
1209 5473 1317 5526 hoc
1365 5474 1737 5544 neglexerint,
1788 5491 1943 5529 com-

249 5555 524 5610 munione
557 5557 874 5627 priventur.

2052 3091 2300 3145 nimodis
2325 3107 2547 3145 servare
2578 3095 2867 3144 moneant.

2053 3197 2182 3251 CAP.
2246 3197 2456 3251 LXXIX.
2513 3226 2574 3236 —
2627 3199 2695 3251 Ut
2741 3197 2816 3250 ad
2862 3198 3214 3252 salutationes
3262 3199 3622 3255 sacerdotales
3679 3203 3758 3255 ad

2369 3271 2590 3322 missam
2629 3283 2806 3322 omnes
2836 3268 3022 3322 devote
3047 3270 3425 3337 respondeant.

2124 3355 2242 3424 (Ea:
2279 3356 2466 3408 concil.
2501 3357 2811 3422 Aureliam,
2867 3372 2988 3424 cap.
3028 3357 3106 3422 2.)
3163 3356 3304 3410 Item
3362 3356 3753 3413 intimandum

2051 3449 2137 3497 est
2163 3448 2227 3496 ut
2265 3443 2337 3496 ad
2368 3443 2736 3496 salutationes
2773 3445 3148 3497 sacerdotales
3197 3460 3467 3515 congrua:
3512 3463 3754 3517 respon-

2051 3531 2240 3585 siones
2268 3531 2579 3600 discantur,
2606 3531 2706 3585 ubi
2735 3548 2852 3586 non
2878 3534 3062 3586 solum
3098 3534 3289 3588 clerici
3320 3541 3377 3589 et
3407 3538 3518 3589 Deo
3545 3537 3753 3593 dicatae

2049 3619 2333 3675 sacerdoti
2392 3619 2826 3690 responsionem
2877 3621 3136 3687 offerant,
3200 3623 3299 3676 sed
3353 3624 3540 3678 omnis
3586 3627 3754 3696 plebs

2051 3710 2255 3764 devota
2286 3725 2538 3762 consona
2566 3725 2699 3764 voce
2730 3711 3076 3780 respondere
3109 3710 3296 3765 debet.

2052 3817 2181 3871 CAP.
2235 3815 2419 3871 LXXX.
2452 3844 2519 3855 —
2555 3817 2619 3870 Ut
2669 3817 2852 3870 nullus
2903 3816 3186 3870 ordinatus
3239 3834 3336 3886 per
3381 3824 3570 3874 sancta
3627 3821 3756 3876 dis-

2361 3893 2568 3952 currat,
2592 3887 2851 3941 Ecclesiae
2875 3903 2984 3942 suae
3013 3904 3144 3942 cura
3164 3888 3436 3943 derelicta.

2124 3974 2246 4041 (Ea:
2294 3973 2458 4028 dictis
2505 3975 2763 4044 August.)
2810 3976 3272 4030 Interdicendum
3317 3983 3401 4031 est
3447 3981 3509 4032 ut
3557 3980 3756 4034 nullus

2052 4061 2368 4129 ordinatus,
2403 4063 2519 4116 sive
2557 4063 2910 4117 ordinandus
2963 4063 3173 4134 migret
3227 4065 3297 4118 de
3327 4081 3429 4119 sua
3474 4067 3753 4136 parochia

2051 4150 2120 4204 ad
2149 4149 2340 4215 aliam,
2366 4167 2471 4204 nec
2491 4151 2559 4204 ad
2596 4151 2792 4204 limina
2823 4152 3212 4222 apostolorum
3245 4153 3521 4207 orationis
3551 4171 3750 4226 causa,

2051 4239 2309 4293 Ecclesiae.
2364 4255 2481 4293 sua).
2513 4255 2647 4294 cura
2680 4239 2969 4308 derelicta,
3001 4257 3103 4294 nec
3145 4241 3216 4295 ad
3258 4243 3534 4312 palatium
3578 4260 3754 4298 causa

2049 4327 2475 4398 interpellandi.
2522 4328 2681 4392 Quod
2714 4329 2760 4382 si
2791 4329 3004 4394 fecerit,
3044 4329 3188 4383 nihil
3219 4329 3370 4384 valet
3410 4331 3751 4402 hujusmodi

2048 4421 2146 4472 aut
2171 4417 2454 4471 ordinatio
2487 4420 2585 4471 aut
2617 4416 2979 4488 demigratio.
3034 4419 3099 4472 Et
3147 4418 3254 4471 hoc
3302 4419 3567 4474 omnibus
3608 4420 3749 4476 ﬁde-

2046 4505 2198 4559 libus
2228 4505 2707 4573 denuntiandum,
2734 4511 2796 4559 ut
2813 4505 2914 4576 qui
2941 4522 3109 4559 causa
3138 4507 3413 4560 orationis
3443 4507 3511 4561 ad
3541 4507 3749 4564 limina

2047 4593 2346 4648 beatorum
2391 4594 2781 4661 apostolorum
2819 4610 3058 4665 pergere
3105 4594 3363 4663 cupiunt,
3415 4595 3570 4649 domi
3614 4614 3746 4651 con-

2047 4682 2321 4736 ﬁteantur
2363 4687 2590 4753 peccata
2639 4699 2761 4751 sua,
2805 4688 2864 4737 et
2912 4683 2991 4736 sic
3019 4683 3489 4753 proﬁciscantur:
3535 4686 3669 4754 quia
3710 4705 3746 4740 a

2047 4771 2281 4842 proprio
2327 4771 2592 4842 episcopo
2625 4788 2726 4825 suo
2761 4777 2860 4825 aut
2881 4771 3173 4825 sacerdote
3226 4772 3464 4842 ligandi,
3497 4778 3597 4827 aut
3629 4775 3748 4827 sol-

2047 4859 2220 4914 vendi
2250 4866 2404 4928 sunt,
2443 4875 2559 4913 non
2590 4861 2660 4914 ab
2693 4865 2978 4914 extraneo.

2050 4964 2178 5019 CAP.
2243 4965 2454 5018 LXXXI.
2491 4968 2664 5020 —De
2719 4964 2992 5019 dominica
3049 4966 3139 5019 die
3189 4967 3425 5034 qualiter
3471 4969 3543 5022 sit
3593 4983 3751 5022 vene-

2799 5037 2999 5090 randa.

2121 5125 2228 5188 (Em
2250 5124 2436 5178 concil.
2472 5123 2622 5192 apud
2653 5125 3069 5194 Compendium,
3114 5141 3232 5194 cap.
3277 5128 3356 5194 2.)
3384 5126 3593 5180 Omnes
3627 5127 3754 5183 dies

2049 5209 2381 5265 Dominicos
2411 5227 2443 5264 a
2473 5227 2708 5281 vespera
2745 5211 2804 5265 in
2834 5228 3130 5282 vesperam
3160 5229 3290 5266 cum
3324 5213 3482 5268 omni
3519 5229 3752 5269 venera-

2049 5299 2206 5353 tione
2238 5300 2538 5354 observare
2576 5301 2950 5367 decrevimus,
2987 5307 3044 5355 et
3074 5303 3144 5356 ab
3181 5301 3380 5356 illicito
3414 5318 3586 5372 opere
3619 5303 3751 5358 abs-

2049 5388 2253 5450 tinere,
2278 5393 2334 5443 et
2365 5393 2429 5442 ut
2459 5394 2740 5442 mercatus
2774 5389 2833 5443 in
2865 5390 2947 5443 eis
2996 5390 3234 5444 minime
3280 5391 3371 5451 sit.
3421 5407 3526 5446 nec
3564 5393 3754 5462 placi-

2050 5481 2175 5531 tum
2205 5477 2300 5532 ubi
2329 5478 2534 5548 aliquis
2565 5477 2634 5532 ad
2681 5482 2925 5532 mortem
2964 5480 3053 5532 vel
3095 5480 3159 5533 ad
3195 5495 3423 5549 poenam
3460 5479 3751 5549 judicetur

2052 5582 2157 5620 nec
2189 5573 2542 5621 sacramenta
2563 5566 2848 5636 jurentur,
2875 5567 2985 5622 nisi
3013 5584 3118 5639 pro
3148 5584 3287 5639 pace
3316 5567 3594 5623 facienda.
