3956 6306
170 330 271 382 64ιὶ

427 451 556 505 CAP.
594 449 835 504 LXXXII.
867 479 936 487 —
967 451 1099 503 Item
1128 448 1193 501 de
1225 451 1507 504 Dominica
1536 450 1640 502 die.

246 540 371 610 (Ea:
395 539 590 594 concil.
625 538 775 607 apud
801 539 855 593 S.
889 537 1232 603 Medardum,
1271 543 1531 606 praesente
1563 538 1749 593 Carolo
1775 540 1885 590 im-

172 636 449 699 peratore,
482 643 604 697 cap.
640 627 715 696 5.)
750 625 1063 681 Statuimus
1093 642 1344 697 quoque,
1380 627 1694 680 secundum
1730 625 1884 696 quod

174 718 237 771 in
268 717 396 787 lege
430 717 710 770 Dominus
752 714 1061 780 mandavit,
1100 718 1165 768 ut
1201 731 1375 784 opera
1414 714 1642 768 servilia
1684 714 1884 768 diebus

181 806 496 860 Dominicis
531 820 647 858 non
686 808 952 874 agantur,
1004 802 1149 856 sicut
1191 803 1415 873 genitor
1455 819 1617 857 meus
1665 802 1727 855 in
1767 802 1884 855 suis

177 894 554 963 synodalibus
597 892 799 946 edictis
837 891 1152 958 mandavit,
1186 892 1343 962 quod
1379 907 1484 945 nec
1521 891 1633 945 viri
1671 890 1886 944 ruralia

179 987 525 1047 exerceant,
576 998 683 1035 nec
737 981 798 1034 in
855 981 1024 1033 vinea
1071 980 1327 1046 colenda,
1388 996 1492 1034 nec
1550 980 1609 1034 in
1667 978 1884 1049 campis

180 1071 420 1136 arando,
450 1072 536 1123 vel
575 1069 865 1137 metendo,
910 1069 998 1123 vel
1031 1068 1231 1121 fenum
1269 1070 1533 1135 secando,
1568 1068 1656 1121 vel
1691 1084 1882 1139 sepem

180 1158 456 1231 ponendo
499 1174 513 1211 :
560 1174 664 1210 nec
702 1157 762 1210 in
812 1157 968 1211 silvis
1011 1156 1309 1226 stirpando
1358 1156 1445 1210 vel
1496 1157 1727 1211 arbores
1775 1174 1882 1211 cae-

181 1249 341 1315 dere,
376 1248 464 1300 vel
508 1247 568 1299 in
603 1245 780 1315 petris
819 1245 1102 1310 laborare,
1135 1261 1241 1299 nec
1272 1246 1471 1299 domos
1500 1249 1740 1312 struere,
1780 1262 1885 1299 nec

180 1336 244 1389 in
283 1336 457 1388 horto
508 1334 798 1399 laborare,
847 1348 951 1387 nec
998 1333 1069 1386 ad
1115 1334 1323 1403 placita
1374 1334 1737 1401 conveniant,
1780 1350 1886 1388 nec

182 1430 472 1478 mercatus
502 1423 585 1491 ﬁt,
614 1439 719 1476 nec
749 1422 1079 1475 venationes
1111 1428 1500 1478 exerceantur.

574 1514 697 1566 CAP.
734 1512 998 1565 LXXXIII.
1028 1541 1097 1552 —
1129 1514 1206 1566 De
1226 1512 1410 1565 eadem
1431 1529 1508 1565 re.

255 1604 377 1672 (Ea:
438 1602 618 1656 eodem
665 1602 879 1663 concil.,
925 1616 1044 1669 cap.
1097 1602 1173 1671 6.)
1223 1600 1356 1654 Tria
1406 1599 1656 1654 carraria
1712 1615 1888 1669 opera

183 1692 320 1744 licet
358 1690 484 1744 ﬁeri
527 1690 586 1742 in
636 1688 930 1742 Dominica
976 1688 1090 1753 die,
1133 1688 1190 1741 id
1231 1693 1335 1749 est,
1382 1688 1663 1742 hostilitia
1701 1704 1881 1753 carra,

182 1779 457 1833 victualia
492 1778 578 1831 vel
609 1777 846 1847 auguria
885 1794 897 1830 :
935 1780 1008 1842 et,
1035 1776 1082 1828 si
1121 1777 1267 1831 forte
1298 1793 1529 1831 necesse
1560 1776 1650 1844 sit,
1682 1793 1886 1847 corpus

184 1867 497 1937 cujuslibet
524 1865 653 1919 duci
685 1866 754 1918 ad
786 1865 1137 1935 sepulcrum.

496 1955 618 2009 CAP.
652 1955 904 2008 LXXXIV.
937 1982 1004 1994 —
1038 1955 1169 2007 Item
1199 1954 1264 2007 de
1300 1954 1485 2007 eadem
1513 1970 1587 2007 re.

261 2046 375 2111 (Ea:
422 2044 625 2108 eodem,
682 2059 808 2111 cap.
858 2045 934 2111 7.)
984 2042 1231 2096 Feminae
1280 2058 1453 2111 opera
1499 2042 1715 2096 textilia
1772 2058 1882 2096 non

185 2133 404 2187 faciant
441 2132 503 2185 in
543 2132 634 2185 die
674 2130 993 2196 Dominica,
1025 2147 1140 2184 non
1179 2132 1449 2200 capulent
1487 2131 1742 2199 vestitus,
1772 2147 1886 2185 nou

187 2225 494 2287 consuant,
545 2222 628 2274 vel
673 2220 867 2274 lanam
906 2224 1163 2290 carpant,
1214 2236 1331 2273 non
1362 2219 1493 2273 licet
1544 2221 1727 2274 linum
1756 2221 1887 2273 bat-

189 2315 333 2376 tere,
385 2315 484 2363 aut
532 2308 868 2363 vestimenta
912 2309 1131 2374 lavare,
1178 2324 1282 2362 nec
1317 2325 1575 2361 verveces
1610 2309 1886 2374 tondere,

190 2404 257 2451 ut
287 2398 638 2465 omnimodis
669 2398 855 2451 honor
886 2402 940 2450 et
975 2396 1198 2467 requies
1228 2397 1319 2451 die
1352 2396 1648 2451 Dominica
1678 2399 1891 2468 persol-

189 2491 359 2540 vatur
409 2504 422 2540 :
473 2487 569 2540 sed
611 2488 679 2540 ad
724 2486 1026 2539 missarum
1072 2485 1353 2539 solemnia
1396 2484 1653 2556 undique
1692 2502 1891 2540 conve-

189 2575 386 2642 niant,
439 2581 495 2628 et
550 2574 789 2629 laudent
837 2575 1017 2628 Deum
1068 2590 1171 2644 pro
1219 2573 1487 2628 omnibus
1544 2574 1706 2628 bonis
1759 2590 1888 2645 quae

190 2664 362 2718 nobis
392 2663 455 2717 in
482 2664 582 2717 illa
608 2663 700 2717 die
729 2663 982 2716 conferre
1013 2662 1276 2732 dignatus
1305 2667 1409 2716 est.

524 2753 651 2807 CAP.
683 2752 913 2806 LXXXV.
941 2782 1002 2791 —
1036 2753 1169 2806 Item
1194 2751 1260 2804 de
1284 2752 1468 2805 eadem
1490 2767 1568 2806 re.

266 2843 383 2912 (Ea:
432 2841 630 2907 eodem,
675 2857 795 2909 cap.
825 2840 917 2911 -8.)
972 2840 1180 2895 Omnes
1221 2840 1342 2893 dies
1389 2840 1712 2894 Dominicas
1759 2857 1888 2894 cum

193 2930 357 2983 omni
398 2928 757 2983 veneratione
798 2929 1098 2982 observare
1138 2928 1516 2994 decrevimus,
1564 2932 1619 2982 et
1657 2927 1726 2981 ab
1771 2927 1886 2982 illi-

1126 324 1596 382 DECRETORUM
1643 328 1832 382 LIBRI
1870 327 1978 382 XX.
2021 356 2089 364 —
2127 325 2345 382 LIBER
2384 325 2756 381 SECUNDUS.

3586 328 3691 381 642

1924 454 1971 508 Α
2001 448 2128 502 CAP.
2176 448 2278 502 XC.
2314 478 2381 487 —
2430 449 2497 501 Ut
2537 447 2844 516 presbyteri
2888 446 3299 501 benedictionem
3335 450 3690 517 episcopalem

1926 1733 1965 1785 Β

2329 551 2492 605 super
2516 536 2725 604 plebem
2754 536 2936 601 facere
2963 550 3069 588 non
3099 535 3343 589 debeant.

2066 624 2185 694 (Ea:
2229 624 2428 690 eodem,
2474 640 2594 691 cap.
2635 623 2749 693 47.)
2799 624 3257 676 Benedictionem
3306 623 3686 695 episcopalem

1992 728 2164 782 super
2194 712 2417 782 plebem
2451 712 2509 765 in
2544 712 2786 765 Ecclesia
2810 711 3074 775 fundere,
3108 716 3204 764 aut
3234 711 3609 781 pcenitentem
3630 712 3689 766 in

1994 800 2237 854 Ecclesia
2282 800 2671 865 reconciliare,
2697 800 3029 869 presbytero
3064 799 3293 869 penitus
3325 816 3440 852 non
3472 799 3681 855 licebit.

1994 907 2122 961 CAP.
2182 908 2310 961 XCI.
2371 937 2433 947 —
2493 909 2560 961 Ut
2600 908 2783 960 nullus
2825 907 3107 974 presbyter
3167 907 3392 960 alterius
3444 907 3689 975 plebesa-

2475 993 2603 1030 num
2626 993 2682 1030 eo
2711 979 2919 1031 nolente
2949 979 3205 1046 recipiat.

2066 1067 2187 1136 (Ea:
2234 1068 2421 1120 concil.
2454 1069 2806 1131 Nannetensi,
2842 1082 2959 1135 cap.
3006 1067 3082 1136 5.)
3121 1068 3188 1120 Ut
3229 1066 3423 1119 nullus
3453 1067 3690 1137 presby-

1992 1158 2082 1206 ter
2112 1153 2347 1206 alterius
2394 1152 2769 1222 plcbesanum
2800 1169 2866 1205 eo
2919 1153 3167 1213 nolente,
3218 1153 3330 1205 nisi
3374 1154 3435 1206 in
3483 1154 3691 1207 itinere

1990 1241 2182 1303 fuerit,
2228 1242 2314 1294 vel
2339 1241 2612 1311 placitum
2640 1241 2720 1294 ibi
2745 1241 3029 1307 habuerit,
3059 1241 3129 1294 ad
3157 1241 3393 1294 missam
3420 1242 3684 1312 recipiat.

1993 1347 2118 1401 CAP.
2152 1348 2304 1401 XCII.
2357 1375 2427 1387 —
2471 1349 2540 1400 De
2569 1347 2800 1400 alterius
2824 1347 3129 1415 presbyteri
3160 1346 3470 1415 plebesano,
3518 1347 3689 1414 deque

2161 1419 2272 1471 illis
2300 1420 2396 1485 qui
2417 1419 2562 1470 litem
2583 1418 2981 1485 implacabilem
3011 1421 3149 1470 inter
3178 1432 3232 1470 se
3261 1418 3436 1470 alunt.

2066 1507 2174 1575 (Ea:
2203 1506 2402 1572 eodem,
2435 1521 2556 1574 cap.
2595 1505 2743 1574 4-19.)
2791 1506 2859 1559 Ut
2900 1504 3212 1558 Dominicis
3251 1506 3337 1558 vel
3370 1506 3527 1558 festis
3565 1505 3691 1558 die-

1994 1594 2102 1647 bus
2146 1594 2463 1664 presbyteri
2506 1599 2816 1663 antequam
2862 1593 3061 1647 missas
3111 1593 3419 1660 celebrent,
3461 1594 3688 1662 plebem

1994 1682 2371 1753 interrogent,
2419 1682 2466 1735 si
2512 1682 2745 1735 alterius
2794 1681 3177 1751 parochianus
3224 1681 3284 1734 in
3328 1681 3563 1735 ecclesia
3593 1682 3685 1748 sit,

1998 1772 2119 1843 qui,
2147 1771 2379 1842 proprio
2424 1776 2752 1840 contempto
2790 1770 3141 1840 presbytero,
3184 1770 3265 1823 ibi
3297 1769 3526 1824 missam
3557 1770 3693 1824 velit

1997 1861 2216 1914 audire.
2251 1859 2432 1922 Quem
2470 1860 2518 1912 si
2567 1859 2909 1927 invenerint,
2949 1859 3138 1912 statim
3187 1859 3256 1912 ab
3304 1859 3540 1913 ecclesia
3588 1859 3692 1928 eji-

1997 1949 2167 2015 ciant,
2218 1953 2273 2000 et
2304 1948 2375 2001 ad
2405 1963 2566 2001 suam
2612 1946 2942 2016 parochiam
2982 1947 3167 2000 redire
3203 1948 3567 2016 compellant.
3600 1947 3690 2001 Si-

1997 2036 2210 2089 militer
2254 2035 2634 2104 interrogent,
2682 2034 2729 2087 si
2764 2035 2941 2105 aliqui
2991 2035 3382 2088 discordantes
3415 2035 3546 2101 sint,
3590 2036 3691 2105 qui

1996 2124 2146 2178 inter
2189 2139 2247 2177 se
2290 2124 2450 2176 litem
2498 2122 2922 2193 implacabilem
2968 2123 3237 2188 habeant,
3287 2128 3342 2176 et
3385 2123 3432 2175 si
3472 2122 3692 2176 inventi

1995 2212 2230 2278 fuerint,
2264 2210 2455 2264 statim
2499 2210 2957 2264 reconcilientur.
3002 2211 3160 2274 Quod
3195 2212 3241 2264 si
3274 2212 3565 2266 noluerint
3593 2228 3692 2282 pa-

1997 2317 2118 2354 cem
2164 2299 2474 2368 suscipere,
2516 2298 2583 2351 ab
2630 2299 2863 2352 ecclesia
2916 2298 3216 2368 ejiciantur
3266 2315 3566 2370 usquequo
3621 2300 3692 2355 ad

1997 2389 2336 2443 charitatem
2368 2389 2626 2443 redeant.
2672 2388 2797 2441 Non
2830 2387 2984 2440 enim
3026 2404 3330 2457 possumus
3361 2404 3570 2441 munus
3606 2389 3694 2442 vel

2000 2477 2344 2532 oblationem
2393 2478 2463 2530 ad
2504 2478 2680 2530 altare
2713 2476 2940 2541 offerre,
2972 2475 3082 2529 nisi
3112 2476 3272 2545 prius
3299 2477 3460 2530 fratri
3493 2493 3693 2531 recou-

1999 2566 2280 2620 ciliemur.
2333 2564 2429 2620 His
2479 2564 2674 2635 itaque
2720 2565 2985 2633 peractis,
3020 2564 3337 2618 sacerdotes
3389 2564 3692 2619 missarum

2000 2654 2282 2709 solemnia
2312 2655 2417 2707 rite
2448 2658 2741 2723 peragant.

2002 2762 2128 2816 CAP.
2162 2760 2338 2814 XCIII.
2386 2790 2457 2798 —
2487 2760 2569 2812 De
2593 2759 2863 2812 ordinatis
2906 2763 2956 2811 et
2991 2759 3217 2827 reliquis
3249 2758 3516 2827 ﬁdelibus,
3552 2761 3697 2828 quod

2183 2834 2299 2884 sine
2328 2830 2547 2885 licentia
2575 2833 2664 2883 sui
2692 2831 2929 2898 episcopi
2961 2831 3041 2883 nil
3079 2845 3237 2897 agere
3265 2831 3510 2883 debeant.

2072 2921 2180 2990 (Ea:
2221 2922 2376 2988 epist.
2426 2920 2705 2975 Clementis
2735 2918 2982 2972 omnibus
3027 2918 3280 2983 ﬁdelibus
3331 2921 3521 2985 missa,
3571 2935 3692 2989 cap.

191 3019 307 3073 cito
348 3034 521 3088 opere
565 3017 871 3085 abstinere,
906 3022 963 3070 et
1010 3022 1071 3069 ut
1102 3021 1380 3070 mercatus
1424 3017 1486 3069 in
1535 3017 1614 3070 eis
1655 3016 1890 3070 minime
1926 3001 1967 3054 (ἶ
2004 3008 2114 3081 22.)
2171 3009 2530 3077 Quapropter
2578 3006 2794 3061 cunctis
2848 3006 3116 3060 ﬁdelibus
3145 3047 3160 3073 ,
3225 3012 3282 3061 et
3332 3024 3698 3079 summopere

193 3106 289 3174 sit,
322 3122 427 3160 nec
464 3108 736 3177 placitum
770 3106 867 3160 ubi
905 3104 1110 3176 aliquis
1159 3104 1228 3158 ad
1269 3110 1511 3159 mortem
1544 3106 1633 3159 vel
1664 3106 1734 3159 ad
1766 3122 1893 3175 poe-

192 3212 332 3249 nam
377 3196 699 3265 judicetur,
747 3210 852 3249 nec
900 3198 1255 3248 sacramenta
1295 3196 1595 3264 jurentur,
1652 3193 1764 3247 nisi
1820 3195 1893 3249 ad

192 3299 424 3354 pacem.

578 3356 709 3409 CAP.
746 3354 1004 3409 LXXXVI.
1037 3385 1105 3391 —
1135 3356 1208 3407 De
1228 3352 1411 3407 eadem
1438 3369 1515 3407 re.

271 3444 384 3511 (Ea:
423 3443 622 3508 eodem,
655 3458 779 3511 cap.
834 3441 910 3512 9.)
944 3443 1013 3496 Ut
1052 3446 1335 3496 mercatus
1373 3442 1464 3495 die
1509 3441 1804 3496 Dominico
1835 3442 1895 3495 in

198 3532 358 3585 nullo
392 3531 516 3585 loco
547 3531 845 3585 habeatur.

555 3620 681 3675 CAP.
717 3620 1000 3673 LXXXVII.
1032 3649 1099 3657 —
1137 3620 1213 3672 De
1250 3618 1435 3672 eadem
1463 3634 1540 3672 re.

272 3711 384 3779 (Ea:
431 3709 630 3775 eodem,
671 3724 793 3777 cap.
847 3708 956 3779 10.)
1012 3710 1082 3762 Ut
1122 3708 1316 3761 nullus
1363 3707 1765 3778 episcoporum
1808 3707 1895 3760 vel

194 3799 687 3869 presbyterorum,
725 3798 813 3851 vel
843 3796 1198 3862 clericorum,
1235 3796 1326 3849 die
1360 3796 1656 3849 Dominico
1688 3811 1895 3865 propo-

199 3888 375 3941 situm
421 3887 698 3956 cujusque
746 3900 930 3938 causae
980 3883 1278 3953 negotium
1317 3882 1525 3936 audeat
1572 3883 1893 3949 vindicare,

199 3976 314 4029 nisi
371 3977 477 4029 hoc
532 3981 794 4041 tantum,
862 3977 923 4025 ut
989 3974 1104 4027 Deo
1164 3976 1375 4025 statuta
1431 3972 1711 4025 solemnia
1762 3987 1895 4041 per—

197 4069 466 4133 agantur.

199 4151 329 4206 CAP.
393 4151 702 4205 LXXXVIII.
767 4182 834 4191 —
892 4152 959 4203 Ut
1008 4150 1189 4203 nullus
1247 4152 1306 4203 in
1355 4151 1648 4204 Dominicis
1708 4148 1898 4202 diebus

852 4236 1029 4288 genua
1056 4225 1254 4288 flectat.

273 4311 382 4376 (Ea:
428 4309 617 4363 concil.
661 4310 896 4375 Nicano,
947 4322 1065 4375 cap.
1109 4306 1223 4377 20.)
1269 4306 1553 4371 Quoniam
1594 4308 1734 4360 sunt
1768 4305 1894 4376 qui-

200 4397 331 4451 dam
369 4397 429 4450 in
473 4397 565 4450 die
610 4396 905 4450 Dominico
945 4412 1133 4466 genua
1165 4396 1478 4461 ﬂectentes,
1521 4400 1576 4448 et
1604 4395 1664 4448 in
1698 4395 1897 4448 diebus

199 4488 581 4554 Pentecostes,
631 4490 694 4539 ut
730 4484 925 4538 omnia
970 4484 1030 4537 in
1075 4484 1313 4537 diversis
1352 4484 1489 4537 locis
1518 4488 1900 4538 consonanter

201 4571 580 4625 observentur
610 4613 623 4638 ,
700 4569 916 4641 placuit
992 4574 1184 4623 sancto
1263 4568 1505 4622 concilio
1580 4584 1614 4621 a
1687 4568 1900 4622 Pascha

202 4674 383 4729 usque
441 4658 503 4711 in
548 4663 768 4712 octavas
815 4659 1175 4713 Pentecostes
1223 4661 1437 4711 stantes
1488 4657 1729 4711 Domino
1769 4660 1899 4710 vota

199 4747 543 4817 persolvere.

200 4837 328 4890 CAP.
394 4837 652 4889 LXXXIX.
706 4865 774 4875 —
830 4838 897 4890 Ut
947 4836 1253 4904 presbyteri
1319 4837 1585 4904 privatim
1649 4834 1899 4904 ﬁdelibus

269 4907 706 4961 desiderantibus
765 4906 1113 4972 benedicant,
1167 4911 1217 4959 et
1272 4911 1333 4959 ut
1390 4910 1562 4961 omnis
1614 4906 1900 4975 presbyter

264 4992 365 5046 per
406 4980 676 5043 familias,
710 4993 812 5046 per
847 4992 1032 5044 agros,
1079 4992 1178 5045 per
1198 4980 1451 5045 privatas
1482 4977 1662 5031 domos
1704 4978 1900 5031 habeat

268 5049 588 5113 facultatem
620 5048 1006 5102 benedictiones
1038 5051 1266 5116 aperire.

271 5135 379 5206 (Ea:
408 5138 594 5191 concil.
629 5137 812 5191 habito
834 5136 985 5206 apud
1012 5139 1255 5204 Regiam,
1288 5151 1409 5205 cap.
1442 5136 1519 5207 4.)
1558 5137 1627 5189 Ut
1661 5136 1897 5207 presby-

198 5226 306 5279 teri
334 5225 603 5295 privatim
636 5225 906 5280 ﬁdelibus
939 5225 1398 5280 desiderantibus
1427 5224 1790 5278 benedicant.
1836 5224 1901 5277 Et

199 5313 353 5368 inter
401 5315 651 5369 minutas
710 5315 813 5369 has
870 5314 1271 5382 discussiones,
1320 5314 1545 5383 jussum
1595 5317 1681 5367 est
1739 5313 1899 5366 omni

200 5399 533 5471 presbytero
562 5442 575 5466 ,
621 5415 726 5470 per
767 5399 1037 5466 familias,
1090 5415 1195 5471 per
1244 5414 1448 5469 agros,
1501 5414 1605 5468 per
1651 5397 1900 5468 privatas

202 5489 403 5544 domos
430 5505 535 5559 pro
567 5488 849 5543 desiderio
898 5488 1158 5543 fidelium
1198 5486 1409 5543 habere
1438 5486 1765 5541 facultatem
1794 5486 1899 5540 be—

206 5577 560 5632 nedictiones
587 5578 831 5648 aperire.

1925 4275 1968 4328 D

2004 3098 2272 3153 omnibus
2301 3095 2651 3167 presbyteris
2691 3100 2747 3148 et
2785 3095 3136 3163 diaconibus,
3171 3110 3235 3148 ac
3276 3096 3509 3166 reliquis
3533 3097 3699 3151 cleri-

2001 3186 2082 3240 cis
2112 3185 2522 3239 attendeudum
2553 3188 2657 3250 est,
2689 3186 2751 3235 ut
2781 3183 2923 3237 nihil
2959 3183 3171 3253 absque
3203 3183 3459 3253 episcopi
3480 3184 3701 3254 proprii

2003 3274 2229 3328 licentia
2274 3279 2465 3344 agant.
2527 3273 2652 3325 Non
2698 3271 2900 3341 utique
2948 3272 3147 3323 missas
3197 3272 3318 3324 sine
3362 3274 3484 3342 ejus
3533 3272 3700 3341 jussu

2003 3362 2311 3433 quisquam
2358 3360 2822 3429 presbyterorum
2861 3359 2920 3410 in
2953 3374 3053 3411 sua
3087 3359 3358 3428 parochia
3388 3364 3541 3429 agat,
3580 3376 3698 3413 non

2001 3449 2268 3519 baptizet,
2316 3465 2420 3501 nec
2465 3446 2980 3517 quidquamrquod
3024 3446 3095 3499 ad
3143 3447 3472 3517 episcopum
3519 3449 3698 3517 perti-

2002 3542 2154 3600 neat,
2184 3537 2396 3607 absque
2428 3536 2549 3605 ejus
2579 3535 2869 3605 permissu
2897 3534 3083 3588 faciat.
3112 3534 3387 3588 Similiter
3409 3541 3463 3589 et
3485 3534 3698 3605 reliqui

2003 3624 2225 3697 populi,
2271 3625 2516 3693 majores
2568 3623 2782 3676 scilicet
2814 3628 2869 3676 et
2908 3622 3179 3687 minores,
3214 3638 3318 3691 per
3366 3624 3489 3693 ejus
3517 3623 3698 3677 licen-

2003 3714 2145 3768 tiam
2176 3713 2459 3784 quidquid
2491 3712 2779 3782 agendum
2809 3716 2893 3765 est
2925 3716 3119 3781 agant,
3148 3727 3253 3765 nec
3278 3711 3399 3765 sine
3433 3712 3556 3782 ejus
3578 3726 3706 3782 per-

2003 3803 2182 3857 missu
2213 3819 2245 3856 a
2285 3818 2387 3856 sua
2418 3801 2690 3871 parochia
2720 3801 3045 3867 abscedant,
3077 3801 3163 3853 vel
3205 3801 3261 3853 in
3293 3817 3359 3854 ea
3389 3801 3699 3855 adventan-

2004 3900 2089 3946 tes
2118 3891 2331 3946 morari
2354 3895 2727 3961 praesumant.
2756 3890 2979 3943 Animas
3010 3906 3143 3943 vero
3166 3906 3366 3942 eorum
3395 3890 3447 3943 ei
3471 3890 3702 3944 creditae

2006 3987 2162 4049 sunt,
2210 3980 2337 4035 ideo
2368 3980 2560 4034 omnia
2590 3979 2712 4048 ejus
2744 3978 2980 4031 consilio
3015 3978 3222 4032 debent
3257 3976 3515 4050 [facere],
3548 3984 3603 4032 et
3637 3994 3703 4031 eo

2006 4070 2329 4123 inconsulto
2379 4068 2543 4121 nihil.
2578 4068 2916 4137 Quicunque
2946 4066 3100 4119 enim
3123 4066 3399 4119 obediunt
3423 4066 3703 4136 episcopis

2006 4158 2143 4226 suis,
2191 4158 2458 4211 videntur
2506 4156 2742 4225 quidem
2789 4154 3022 4209 obedire
3069 4160 3126 4207 et
3182 4155 3318 4208 Deo.
3364 4153 3472 4218 Qui
3510 4160 3704 4208 autem

2008 4248 2089 4301 eis
2136 4262 2254 4300 non
2303 4244 2596 4311 obediunt,
2642 4244 3035 4297 indubitanter
3077 4242 3162 4296 rei
3209 4247 3265 4296 et
3306 4243 3536 4313 reprobi
3583 4243 3702 4296 exi-

2008 4339 2181 4390 stunt.

2426 4423 2553 4475 CAP.
2586 4420 2759 4474 XCIV.
2794 4450 2863 4459 —
2892 4422 2966 4473 De
2998 4420 3183 4473 eadem
3204 4436 3280 4474 re.

2079 4511 2187 4582 (Ea:
2236 4512 2395 4579 epist.
2446 4509 2705 4577 ejusdem,
2751 4524 2869 4577 cap.
2924 4508 3035 4578 36.)
3094 4509 3325 4562 Nullum
3372 4508 3530 4564 enim
3582 4525 3706 4581 pre-

2008 4601 2300 4671 sbyterum
2331 4599 2390 4651 in
2422 4597 2663 4667 alicujus
2692 4596 2942 4669 episcopi
2981 4597 3254 4668 parochia
3285 4598 3504 4670 aliquid
3536 4616 3705 4670 agere

2009 4690 2217 4744 debere
2249 4687 2461 4758 absque
2501 4687 2623 4758 ejus
2652 4686 2939 4756 permissu
2980 4688 3236 4742 docebat.
3273 4688 3518 4743 Cunctos
3543 4705 3708 4761 pres—

2008 4780 2235 4847 byteros
2282 4775 2534 4847 propriis
2582 4775 2866 4845 episcopis
2902 4776 2962 4830 in
3002 4778 3270 4832 omnibus
3302 4778 3518 4849 absque
3547 4795 3709 4833 mora

2008 4865 2340 4923 obedientes
2389 4864 2721 4919 instituente
2768 4864 3012 4919 Domino
3041 4883 3161 4919 esse
3194 4866 3400 4921 debere
3443 4867 3705 4922 docebat.

2008 4954 2245 5009 Nullum
2275 4953 2462 5007 aliena
2507 4952 2908 5022 concupiscere
2946 4959 3043 5007 aut
3089 4971 3438 5027 praesumere
3483 4972 3706 5013 eorum.

2009 5042 2106 5097 sed
2156 5055 2634 5111 unumquemque
2687 5039 2802 5093 suis
2845 5040 3071 5111 sibique
3112 5042 3433 5096 commissis
3472 5049 3707 5097 conten-

2009 5137 2133 5186 tum
2172 5147 2292 5185 esse
2340 5129 2597 5184 docebat.
2666 5129 2967 5183 Neminem
3014 5130 3190 5184 etiam
3250 5132 3431 5202 aliqui
3489 5131 3708 5202 aliquid

2010 5222 2216 5288 facere,
2250 5219 2357 5274 nisi
2389 5219 2543 5290 quod
2577 5218 2684 5272 sibi
2714 5219 2837 5273 vult
2865 5219 2991 5272 ﬁeri
3020 5220 3359 5275 instruebat.

2443 5308 2571 5363 CAP.
2607 5308 2754 5363 XCV.
2788 5338 2856 5349 -—
2888 5312 2960 5364 De
2984 5309 3169 5363 eadem
3192 5325 3268 5363 re.

2082 5398 2191 5468 (Em
2218 5399 2405 5453 concil.
2452 5397 2786 5463 Arelatensi,
2833 5412 2953 5465 cap.
2996 5396 3074 5466 2.)
3107 5398 3185 5450 De
3227 5396 3582 5467 presbyteris
3612 5402 3713 5452 aut

2010 5484 2342 5540 diaconibus
2390 5484 2489 5556 qui
2537 5484 2728 5539 solent
2769 5483 3057 5539 dimittere
3104 5485 3228 5538 loca
3266 5485 3457 5539 suain
3500 5484 3710 5556 quibus

2008 5574 2254 5629 ordinati
2283 5578 2453 5647 sunt,
2482 5576 2540 5628 et
2577 5574 2645 5628 ad
2672 5573 2786 5628 alia
2829 5572 2955 5630 loca
2995 5590 3053 5628 se
3083 5574 3454 5641 transferunt,
3488 5576 3707 5645 placuit
