3956 6316
231 366 332 418 643

1307 362 1712 418 BURCIIARDI
1749 357 2280 418 WORMACIENSIS
2317 355 2650 412 EPISCOPI.

3630 353 3742 408 644·

227 496 294 545 ut
322 490 527 544 iisdem
557 489 694 543 locis
742 489 1083 542 ministrent.
1127 487 1289 552 Quod
1339 488 1384 541 si
1431 489 1498 542 de
1547 488 1758 542 relictis
1783 488 1920 541 locis
1958 490 2006 541 A
2035 483 2224 538 ceatis.
2268 483 2374 535 Per
2411 495 2580 533 usum
2628 475 2924 541 orationis,
2972 480 3030 530 et
3076 474 3236 529 vobis
3287 479 3342 529 et
3382 475 3491 540 his,
3524 475 3741 546 quibus

228 579 346 632 suis
380 579 446 632 ad
489 578 664 631 alium
717 594 776 631 se
812 577 1002 630 locum
1045 577 1352 631 transferre
1394 576 1694 641 voluerint,
1745 576 1924 646 depo-

226 671 460 720 nantur.

227 755 354 808 CAP.
405 754 581 808 XCVI.
632 783 701 792 -—
750 752 900 818 Quod
947 767 1051 806 non
1081 753 1238 805 liceat
1279 753 1529 806 clericum
1585 754 1645 804 in
1689 751 1923 805 duarum

542 826 821 876 civitatum
854 825 1014 876 simul
1045 823 1306 876 conscribi
1346 824 1617 876 Ecclesiis.

299 913 414 980 (Em
449 913 636 966 concil.
670 911 942 978 Chalced.,
984 926 1104 979 cap.
1153 911 1257 978 lO.)
1299 911 1425 964 Non
1452 911 1622 964 licere
1653 910 1923 964 clericum

223 1001 287 1054 in
349 1001 592 1054 duarum
641 999 933 1052 civitatum
982 999 1264 1052 conscribi
1307 999 1478 1052 simul
1532 999 1814 1066 Ecclesiis,
1867 1005 1926 1054 et

226 1089 287 1141 in
321 1104 433 1158 qua
462 1089 534 1141 ab
563 1087 729 1140 initio
771 1087 1069 1140 ordinatus
1096 1093 1200 1151 est,
1249 1091 1304 1140 et
1338 1087 1406 1140 ad
1438 1103 1612 1156 quam
1642 1087 1918 1156 confugit,

227 1176 392 1246 quasi
443 1176 512 1229 ad
560 1175 869 1244 potiorem,
923 1175 996 1228 ob
1050 1175 1238 1227 inanis
1283 1175 1482 1244 gloria:
1527 1175 1919 1244 cupiditatem.

229 1268 341 1319 Hoc
393 1270 584 1318 autem
625 1265 896 1318 facientes
943 1263 1196 1317 revocari
1247 1263 1454 1317 debere
1493 1264 1560 1317 ad
1613 1280 1775 1317 suam
1819 1265 1921 1317 Ec-

226 1353 454 1406 clesiam
503 1353 564 1405 in
610 1368 721 1422 qua
752 1352 1022 1420 primitus
1074 1351 1322 1406 ordinati
1372 1356 1524 1417 sunt,
1571 1357 1629 1405 et
1671 1351 1752 1404 ibi
1793 1355 1918 1404 tan-

225 1441 521 1494 tummodo
555 1440 899 1492 ministrare.

226 1528 352 1582 CAP.
401 1529 595 1582 XCVII.
631 1558 700 1566 —
735 1528 814 1580 De
843 1527 1133 1593 ordinatis,
1163 1543 1229 1579 ne
1259 1527 1324 1580 de
1371 1529 1590 1581 civitate
1619 1530 1676 1580 in
1725 1530 1918 1581 civita-

484 1603 587 1652 tem
611 1603 797 1650 contra
821 1599 914 1666 jus
946 1613 1207 1650 canonum
1241 1599 1666 1662 transferantur.

295 1670 414 1738 (Ea:
468 1670 657 1722 concil.
714 1670 947 1729 Niceno,
1013 1684 1130 1736 cap.
1193 1668 1298 1736 15.)
1367 1671 1607 1737 Propter
1680 1669 1920 1722 multam

225 1757 718 1826 perturbationem
752 1760 806 1808 et
837 1755 1138 1808 seditiones
1170 1772 1298 1825 qum
1336 1755 1504 1820 ﬁunt,
1534 1756 1750 1825 placuit
1779 1772 1917 1809 con-
1950 1767 1990 1820 Β

226 1845 590 1898 suetudinem
629 1843 976 1897 omnimodis
1028 1844 1333 1914 amputari,
1385 1860 1512 1914 quas
1560 1849 1770 1914 praeter
1829 1860 1918 1898 re-

225 1935 420 2003 gulam
469 1933 527 1985 in
571 1932 914 2002 quibusdam
962 1933 1221 2002 partibus
1269 1933 1491 1986 videtur
1537 1933 1805 1998 admissa,
1841 1932 1920 1986 ita

225 2026 289 2073 ut
331 2021 401 2074 de
445 2019 670 2074 civitate
737 2021 797 2073 in
858 2019 1183 2081 civitatem,
1228 2037 1342 2073 non
1400 2021 1738 2090 episcopus,
1800 2037 1918 2074 non

221 2109 555 2178 presbyter,
609 2124 722 2160 non
766 2107 1039 2161 diaconus
1088 2108 1482 2162 transferatur.
1529 2109 1590 2164 Si
1640 2109 1768 2179 quis
1815 2125 1916 2162 au-

223 2201 340 2249 tem
386 2199 518 2265 post
559 2195 955 2250 deﬁnitionem
999 2196 1178 2250 sancti
1217 2200 1273 2250 et
1312 2197 1508 2266 magni
1549 2196 1774 2250 concilii
1806 2197 1918 2249 tale

222 2284 438 2353 aliquid
487 2299 657 2352 agere
703 2285 1024 2348 tentaverit,
1083 2289 1140 2338 et
1186 2301 1244 2337 se
1297 2285 1628 2352 hujusmodi
1681 2285 1916 2355 negotio

221 2372 581 2441 manciparit,
613 2373 722 2426 hoc
759 2372 971 2425 factum
1021 2388 1255 2442 prorsus
1293 2372 1354 2426 in
1392 2373 1622 2426 irritum
1653 2373 1916 2440 ducatur,

222 2463 278 2511 et
334 2460 669 2513 restituatur
733 2459 991 2513 Ecclesia
1050 2460 1139 2512 cui
1188 2459 1362 2513 fuerit
1417 2460 1716 2529 episcopus
1745 2501 1761 2528 ,
1821 2465 1920 2514 aut

219 2547 532 2616 presbyter,
576 2552 676 2601 aut
705 2546 980 2600 diaconus
1010 2547 1328 2622 ordinatus.

610 2635 737 2688 CAP.
766 2636 994 2689 XCVIII.
1028 2665 1096 2674 —
1129 2638 1201 2688 De
1230 2635 1414 2688 eadem
1441 2651 1519 2688 re.

290 2724 407 2794 (Ea:
438 2723 636 2789 eodem,
669 2739 790 2792 cap.
835 2723 942 2794 16.)
988 2722 1326 2794 Quicunque
1359 2727 1574 2778 temere
1605 2739 1669 2777 ac
1693 2724 1916 2794 pericu-

218 2812 356 2878 lose,
397 2828 584 2882 neque
629 2811 895 2865 timorem
950 2811 1181 2864 Domini
1229 2828 1349 2880 prae
1389 2811 1568 2865 oculis
1616 2812 1911 2881 habentes,

218 2916 323 2954 nec
373 2906 744 2969 agnoscentes
801 2900 1236 2956 ecclesiasticam
1286 2901 1566 2969 regulam,
1617 2901 1916 2956 discedunt

219 2989 289 3041 ab
334 2988 594 3053 Ecclesia,
641 2988 960 3058 presbyteri
1011 2993 1110 3041 aut
1155 2988 1402 3053 diaconi,
1445 2989 1533 3042 vel
1581 2989 1913 3060 quicunque

218 3077 321 3128 sub
373 3077 573 3145 regula
609 3091 843 3144 prorsus
894 3075 1164 3140 existunt,
1208 3076 1268 3129 hi
1299 3092 1667 3146 nequaquam
1707 3078 1915 3133 debent

217 3164 280 3217 in
313 3164 483 3218 aliam
533 3163 837 3218 Ecclesiam
869 3164 1066 3233 recipi,
1116 3164 1215 3217 sed
1246 3180 1478 3218 omnem
1518 3166 1913 3222 necessitatem

217 3253 484 3306 convenit
528 3253 640 3306 illis
687 3253 927 3322 imponi,
991 3257 1054 3306 ut
1099 3252 1170 3306 ad
1221 3269 1349 3306 suas
1388 3253 1684 3323 parochias
1721 3271 1910 3308 rever—

214 3345 429 3415 tantur.
484 3341 646 3404 Quod
693 3341 741 3395 si
787 3357 902 3395 non
933 3341 1192 3407 fecerint,
1244 3346 1470 3412 oportet
1511 3357 1609 3396 eos
1646 3358 1913 3398 commn-

217 3428 390 3483 nione
417 3429 647 3499 privari.

217 3520 374 3591 CAP._
412 3519 580 3573 XCIX.
643 3550 711 3559 —
766 3522 845 3576 Ne
894 3521 1202 3588 presbyteri
1259 3535 1426 3574 causa
1481 3521 1768 3588 legationis
1814 3538 1914 3591 per

338 3589 555 3643 diversa
584 3593 876 3643 mittantur
908 3592 1040 3658 loca,
1076 3608 1208 3645 cura
1237 3595 1547 3645 animarum
1573 3593 1783 3647 relicta.

286 3676 404 3746 (Ea:
435 3677 629 3730 concil.
685 3679 1018 3744 Arelatensi,
1067 3693 1188 3746 cap.
1237 3677 1313 3748 3.)
1369 3677 1656 3732 Statutum
1711 3683 1796 3733 est
1849 3684 1914 3733 ut

212 3763 554 3834 presbyteri,
588 3763 735 3817 sicut
777 3765 1052 3818 hactenus
1083 3766 1294 3819 factum
1327 3769 1432 3832 est,
1477 3765 1779 3822 indiscrete
1809 3784 1913 3837 per

214 3851 439 3905 diversa
485 3867 602 3904 non
646 3851 948 3905 mittantur
995 3853 1134 3918 loca,
1187 3869 1290 3906 nec
1337 3853 1406 3907 ab
1461 3853 1766 3924 episcopis,
1809 3871 1913 3910 nec

211 3939 282 3993 ab
330 3939 456 3992 aliis
505 3940 777 4010 praelatis,
814 3957 916 3994 nec
965 3940 1140 3994 etiam
1173 3958 1205 3995 a
1249 3941 1430 4004 laicis,
1479 3958 1549 3996 ne
1595 3943 1744 3996 forte
1776 3960 1910 4014 pro-

211 4032 340 4097 pter
385 4044 586 4082 eorum
641 4029 955 4083 absentiam
986 4070 1000 4096 ,
1066 4035 1121 4083 et
1179 4029 1505 4084 animarum
1560 4031 1816 4102 pericula
1855 4036 1912 4086 et

211 4117 588 4171 Ecclesiarum
631 4117 692 4171 in
735 4118 943 4188 quibus
993 4117 1290 4172 constituti
1337 4123 1490 4185 sunt,
1541 4121 1910 4190 negligantur

211 4205 416 4330 0113:!
444 4277 502 4332 C.
535 4308 601 4318 —
634 4277 785 4342 Quod
807 4277 1116 4346 presbyteri
1145 4278 1364 4332 assidue
1389 4279 1558 4346 legere
1587 4279 1832 4333 debeant.

281 4366 389 4434 (Ex
432 4365 593 4420 dictis
633 4367 892 4434 August.)
945 4367 1284 4436 Presbyteri,
1345 4372 1572 4438 oportet
1623 4385 1722 4422 vos
1769 4369 1908 4422 assi-

212 4452 491 4506 duitatem
523 4454 731 4508 habere
761 4453 1016 4524 legendi,
1045 4460 1103 4508 et
1126 4455 1456 4509 instantiam
1489 4456 1693 4510 orandi
1725 4473 1737 4510 :
1772 4457 1907 4526 quia

208 4539 326 4594 vita
370 4540 476 4593 viri
499 4541 640 4610 justi
679 4541 924 4595 lectione
966 4542 1291 4607 instruitur,
1340 4543 1598 4598 oratione
1644 4549 1902 4612 ornatur,

208 4635 267 4683 et
324 4629 655 4684 assiduitate
702 4631 964 4684 lectionis
1016 4633 1278 4686 munitur
1322 4633 1496 4686 homo
1549 4648 1582 4685 a
1640 4637 1902 4702 peccato,

202 4718 370 4786 juxta
401 4716 566 4771 illum
596 4719 697 4789 qui
728 4718 952 4774 dicebat
987 4736 999 4772 :
1051 4723 1114 4774 In
1145 4721 1314 4775 corde
1343 4737 1470 4774 meo
1501 4721 1772 4774 abscondi
1796 4722 1908 4776 elo-

207 4807 344 4877 quia
374 4811 494 4873 tua,
530 4811 593 4860 ut
634 4823 749 4861 non
787 4824 1018 4878 peccem
1051 4811 1172 4864 tibi.
1213 4813 1342 4866 Hice
1379 4814 1510 4863 sunt
1540 4811 1695 4862 enim
1725 4826 1901 4876 arma,

207 4894 473 4948 videlicet
501 4895 667 4948 lectio
719 4901 775 4949 et
805 4897 1009 4965 oratio,
1058 4899 1268 4970 quibus
1303 4897 1564 4951 diabolus
1613 4913 1904 4968 expugna-

204 4988 319 5036 tur.
356 4984 484 5036 Haec
516 4989 651 5037 sunt
695 4983 1077 5040 instrumenta
1120 4987 1329 5056 quibus
1359 4990 1574 5038 aeterna
1605 4985 1903 5040 beatitudo

204 5072 538 5142 acquiritur.
595 5072 691 5125 His
740 5073 913 5126 armis
956 5074 1092 5128 vitia
1134 5072 1613 5143 comprimuntur,
1672 5073 1762 5126 his
1809 5075 1908 5126 ali-

207 5160 413 5213 mentis
461 5161 703 5214 virtutes
750 5161 1107 5216 nutriuntur.
1159 5161 1267 5215 Sed
1301 5165 1358 5213 et
1387 5161 1433 5213 si
1484 5161 1715 5231 quando
1761 5177 1794 5213 a
1821 5161 1903 5214 le-

205 5248 390 5301 ctione
437 5255 709 5315 cessatur,
753 5250 923 5304 debet
970 5267 1249 5304 manuum
1283 5250 1542 5319 operatio
1581 5249 1855 5319 subsequi
1889 5265 1901 5304 :

205 5335 342 5404 quia
372 5337 628 5392 otiositas
677 5337 911 5392 inimica
955 5343 1040 5392 est
1085 5338 1312 5392 animae.
1368 5338 1432 5390 Et
1480 5337 1753 5406 antiquus
1798 5337 1906 5390 ho-

205 5423 328 5488 stis,
361 5441 532 5494 quem
565 5443 596 5479 a
642 5426 886 5482 lectione
938 5427 1054 5481 sive
1095 5427 1166 5480 ab
1205 5424 1464 5480 oratione
1495 5431 1792 5479 vacantem
1820 5426 1906 5479 in-

205 5511 445 5577 venerit,
491 5513 652 5568 facile
683 5515 753 5569 ad
793 5516 932 5570 vitia
972 5514 1141 5586 rapit.
1178 5515 1286 5569 Per
1335 5530 1503 5568 usum
1533 5530 1784 5585 namque
1815 5513 1904 5568 le-

203 5599 408 5653 ctionis
459 5600 686 5657 discetis
714 5605 962 5674 qualiter
1005 5609 1061 5658 et
1109 5620 1204 5658 vos
1234 5603 1452 5670 vivatis,
1503 5609 1560 5658 et
1611 5602 1754 5657 alios
1803 5604 1902 5656 do-

2033 573 2094 626 in
2134 571 2410 625 cbaritate
2453 565 2747 637 conjuncti
2796 565 2950 630 estis,
2985 564 3250 635 prodesse
3298 562 3577 616 valebitis.
3631 562 3742 616 Per

2035 676 2312 714 manuum
2357 657 2754 728 operationem
2784 659 2841 708 et
2881 653 3135 725 corporis
3175 652 3646 716 macerationem,
3680 656 3742 704 et

2034 747 2185 800 vitiis
2234 747 2507 800 alimenta
2563 744 2886 815 negabitis,
2942 748 2999 797 et
3044 742 3247 796 vestris
3299 739 3740 794 necessitatibus

2033 835 2397 902 subvenietis,
2444 839 2502 887 et
2540 833 2828 887 habebitis
2874 831 3027 885 unde
3074 829 3469 884 necessitatem
3509 827 3736 898 patien-

2031 923 2184 978 tibus
2213 922 2536 994 porrigatis.

2111 1013 2242 1068 CAP.
2274 1013 2360 1068 CI.
2392 1041 2460 1052 —
2495 1013 2562 1065 Ut
2585 1009 2894 1080 presbyteri
2922 1011 3036 1062 sine
3065 1008 3266 1061 orariis
3294 1021 3400 1059 non
3428 1005 3657 1058 cadant.

2103 1103 2211 1168 (Ea:
2248 1100 2434 1154 concil.
2469 1096 2736 1166 Mogunt.)
2779 1095 3104 1166 Presbyteri
3150 1095 3272 1148 sine
3303 1093 3734 1148 intermissione

2030 1193 2268 1243 utantur
2322 1188 2527 1241 orariis
2555 1229 2568 1253 ,
2615 1189 2851 1257 propter
2916 1183 3298 1238 differentiam
3364 1182 3733 1236 sacerdotalis

2029 1275 2346 1348 dignitatis.

2029 1383 2159 1438 CAP.
2194 1383 2308 1437 Cll.
2357 1411 2428 1422 —
2460 1383 2527 1436 Ut
2571 1381 2795 1435 clericus
2827 1381 3067 1504 arttiﬁcio
3101 1379 3315 1433 honesto
3359 1379 3560 1432 victum
3589 1393 3735 1446 quae-

2824 1467 2889 1504 ra
2921 1491 2934 1503 .

2824 1467 2934 1504 rat.

2101 1540 2219 1610 (Em
2277 1539 2464 1593 concil.
2529 1538 2757 1606 Afric.,
2821 1554 2938 1606 cap.
3006 1538 3120 1607 51.)
3181 1536 3427 1591 Clericus
3487 1535 3734 1607 quilibet

2028 1627 2200 1681 verbo
2239 1627 2336 1681 Dei
2367 1626 2624 1682 eruditus
2674 1625 2914 1680 artiﬁcio
2948 1627 3190 1680 honesto
3230 1625 3439 1679 victum
3471 1628 3720 1694 quaerat.

2445 1715 2573 1768 CAP.
2610 1715 2750 1769 CIII.
2789 1745 2848 1754 —
2885 1716 2966 1768 De
3004 1714 3187 1768 eadem
3225 1730 3301 1767 re.

2101 1802 2208 1872 (Ea:
2251 1802 2431 1856 eodem
2464 1803 2677 1870 concil.,
2714 1817 2836 1870 cap.
2879 1800 2951 1867 3.)
2983 1800 3230 1855 Clericus
3272 1800 3486 1854 victum
3535 1805 3593 1853 et
3637 1815 3728 1853 ve-

2029 1891 2223 1944 stitum
2274 1891 2380 1944 sibi
2413 1891 2651 1943 artificio
2684 1891 2769 1943 vel
2808 1889 3159 1960 agricultura
3190 1889 3406 1960 absque
3433 1888 3608 1942 ofﬁcii
3637 1888 3726 1941 sui

2029 1979 2303 2032 duntaxat
2333 1978 2680 2032 detrimento
2707 1981 3010 2048 prmparet.

2029 2085 2156 2140 CAP.
2187 2086 2314 2140 CIV.
2346 2115 2414 2126 -—
2455 2088 2527 2139 De
2551 2085 2902 2154 presbyteris,
2934 2085 3251 2138 matutinali
3281 2085 3460 2152 ofﬁcio
3489 2083 3722 2151 empleto,

2630 2156 2766 2234 quid
2795 2171 2954 2224 agere
2978 2155 3221 2211 debeant.

2101 2244 2212 2314 (Ea:
2269 2245 2456 2298 concil.
2517 2246 2748 2299 Nannet.
2779 2284 2792 2309 ,
2852 2259 2973 2313 cap.
3034 2242 3147 2312 60.)
3203 2242 3503 2310 Presbyter
3553 2257 3725 2294 mane

2027 2333 2353 2386 matutinali
2407 2333 2594 2386 ofﬁcio
2645 2334 2868 2402 expleto
2903 2374 2916 2398 ,
2971 2348 3217 2402 pensum
3267 2329 3552 2384 servitutis
3605 2346 3725 2384 suae

2027 2422 2284 2476 canendo
2336 2421 2608 2486 Primam,
2640 2416 2910 2490 Tertiam,
2947 2421 3194 2487 Sextam,
3233 2421 3566 2489 Nonamque
3593 2435 3726 2488 per-

2029 2512 2208 2564 solvat
2267 2525 2279 2563 :
2326 2509 2404 2563 ita
2445 2514 2656 2574 tamen,
2705 2514 2769 2564 ut
2816 2515 3018 2580 postea
3064 2509 3222 2562 horis
3269 2507 3726 2577 competentibus

2027 2604 2086 2652 et
2113 2599 2290 2668 signis
2319 2598 2756 2667 designantibus
2778 2598 2941 2668 juxta
2971 2597 3427 2667 possibilitatem,
3457 2600 3555 2648 aut
3584 2611 3616 2647 a
3641 2611 3722 2658 se,

2025 2692 2126 2741 aut
2172 2704 2206 2740 a
2245 2687 2556 2740 scolaribus
2596 2687 2824 2756 publice
2872 2687 3282 2756 compleantur.
3337 2684 3549 2738 Deinde
3597 2699 3727 2754 per-

2026 2775 2162 2829 actis
2207 2775 2382 2841 horis,
2442 2775 2689 2828 inﬁrmis
2742 2775 3004 2839 visitatis,
3055 2774 3104 2828 si
3159 2773 3402 2827 voluerit
3449 2773 3515 2826 ad
3575 2788 3726 2842 opus

2025 2864 2211 2917 rurale
2254 2869 2417 2917 exeat
2455 2864 2713 2934 jejunus,
2756 2869 2820 2917 ut
2845 2863 3057 2918 iterum
3088 2861 3520 2917 necessitatibus
3551 2876 3722 2931 pere-

2022 2950 2322 3019 grinorum
2371 2957 2426 3004 et
2469 2951 2782 3021 hospitum,
2834 2951 2948 3004 sive
3000 2951 3359 3005 diversorum
3399 2963 3724 3002 commean-

1948 3042 1987 3096 C
2026 3038 2204 3104 tium,
2242 3039 2603 3092 inﬁrmorum
2653 3055 2880 3110 quoque
2924 3043 3094 3110 atque
3143 3038 3541 3092 defunctorum
3592 3051 3720 3090 suc-

2022 3143 2250 3180 currere
2293 3127 2471 3198 possit
2514 3143 2696 3198 usque
2727 3127 2798 3180 ad
2832 3132 3101 3181 statutam
3133 3127 3356 3192 horam,
3402 3141 3506 3195 pro
3532 3125 3720 3195 quali-

2022 3219 2136 3269 tate
2166 3216 2437 3287 temporis
2466 3219 2522 3269 et
2549 3215 3015 3286 opportunitatis.

2466 3322 2592 3376 CAP.
2629 3322 2734 3376 CV.
2768 3353 2835 3360 —
2865 3325 2944 3376 De
2968 3322 3152 3376 eadem
3183 3337 3260 3375 re.

2092 3410 2201 3480 (Ea:
2229 3410 2390 3464 dictis
2439 3410 2760 3480 Benedicti.)
2793 3411 3079 3480 Propheta
3122 3409 3366 3477 dicente,
3400 3408 3622 3479 Septies
3659 3409 3722 3462 in

2020 3498 2113 3552 die
2167 3499 2397 3553 laudem
2446 3499 2564 3552 dixi
2606 3498 2712 3552 tibi
2764 3515 2776 3552 :
2823 3500 2922 3570 qui
2971 3498 3330 3569 septenarius
3367 3514 3644 3552 numerus
3687 3513 3722 3551 a

2020 3587 2184 3640 nobis
2229 3588 2310 3641 sic
2357 3586 2710 3658 implebitur,
2757 3587 2805 3640 si
2846 3587 3119 3640 Matutino
3146 3628 3159 3653 ,
3204 3586 3431 3652 Primae,
3491 3585 3718 3652 Tertiae,

2020 3675 2220 3739 Sextaa,
2283 3677 2478 3744 Nonae,
2531 3676 2830 3746 Vesperaa,
2891 3675 3377 3746 Completoriique
3431 3679 3718 3744 tempore,

2018 3769 2230 3818 nostra;
2269 3764 2556 3818 servitutis
2600 3764 2783 3818 ofﬁcia
2834 3765 3225 3834 persolvamus
3282 3779 3295 3816 :
3331 3763 3466 3834 quia
3509 3763 3578 3816 de
3629 3763 3722 3817 his

2018 3853 2160 3906 dixit
2191 3854 2494 3923 Propheta.
2530 3853 2671 3906 Nam
2711 3854 2781 3907 de
2813 3853 3108 3907 nocturnis
3153 3852 3366 3924 vigiliis
3397 3852 3548 3905 idem
3589 3851 3718 3921 ipse

2017 3940 2099 3994 ait
2130 3957 2144 3995 :
2181 3941 2361 3996 Media
2390 3945 2554 3995 nocte
2587 3941 2894 4012 surgebam
2924 3941 2991 3995 ad
3024 3941 3414 3995 conﬁtendum
3446 3940 3572 4006 tibi,
3605 3946 3714 3994 etc.

2018 4031 2164 4100 Ergo
2204 4029 2292 4083 his
2339 4029 2697 4100 temporibus
2737 4031 3052 4084 referamus
3098 4030 3294 4084 laudes
3327 4028 3582 4084 Creatori
3616 4045 3718 4083 no-

2018 4123 2155 4186 stro,
2193 4134 2366 4189 super
2384 4117 2604 4188 judicia
2629 4118 2870 4188 justitiaa
2903 4135 3036 4172 suae.

2017 4226 2146 4280 CAP.
2205 4225 2335 4279 CVI.
2388 4253 2458 4263 —
2493 4225 2646 4295 Quod
2691 4241 2948 4291 magnum
2997 4225 3296 4294 periculum
3351 4226 3422 4278 sit
3477 4226 3714 4294 aliquem

2088 4298 2210 4364 ﬁeri
2253 4295 2494 4364 judicem
2555 4298 2678 4349 vitae
2723 4299 2910 4351 aliene
2934 4339 2947 4362 ,
2997 4298 3094 4364 qui
3145 4298 3313 4349 nescit
3366 4310 3522 4349 suam
3579 4301 3712 4350 tem-

2086 4382 2303 4436 perare.

2089 4455 2199 4525 (Ea:
2259 4455 2422 4509 dictis
2466 4454 2732 4524 August.)
2781 4453 3146 4508 Admonendi
3206 4457 3337 4507 sunt
3392 4453 3713 4523 presbyteri

2014 4549 2078 4597 ut
2107 4543 2466 4612 perpendant
2495 4543 2632 4613 quia
2672 4543 2954 4614 quidquid
2997 4559 3031 4596 a
3077 4542 3346 4596 ﬁdelibus
3379 4542 3566 4608 datur,
3613 4557 3714 4596 re-

2015 4630 2269 4701 demptio
2324 4637 2689 4702 peccatorum
2744 4637 2828 4687 est
2880 4648 2893 4684 :
2948 4637 3004 4686 et
3046 4631 3176 4686 ideo
3232 4647 3348 4684 non
3394 4631 3714 4701 glorientur

2013 4720 2223 4773 talibus
2271 4720 2596 4788 sumptibus
2641 4721 2747 4787 uti,
2795 4721 2893 4774 sed
2932 4720 3115 4788 magis
3164 4719 3404 4773 timeant
3446 4719 3598 4790 quod
3650 4719 3715 4773 in

2015 4807 2201 4861 Veteri
2229 4809 2592 4862 Testamento
2614 4808 2683 4863 de
2705 4808 3096 4863 sacerdotibus
3125 4808 3342 4862 dictum
3371 4813 3473 4874 est,
3503 4808 3716 4879 iniqui:

2012 4901 2190 4950 tatem
2213 4899 2410 4968 populi
2442 4915 2540 4952 eos
2573 4899 2779 4953 debere
2806 4903 3051 4968 portare.
3090 4899 3154 4951 Et
3183 4897 3310 4952 ideo
3336 4914 3468 4952 cum
3501 4914 3713 4968 magno

2013 4983 2218 5038 timore
2251 5001 2422 5056 super
2447 5002 2545 5040 eos
2575 4986 2801 5040 solliciti
2835 4985 2968 5048 sint,
3003 5001 3249 5056 quorum
3285 4985 3450 5039 donis
3479 4984 3713 5055 partici-

2013 5077 2226 5142 pantur
2271 5089 2284 5126 :
2320 5073 2454 5143 quia
2500 5090 2776 5144 magnum
2807 5072 3129 5143 periculum
3179 5078 3262 5126 est
3299 5073 3556 5142 judicem
3586 5072 3714 5127 ﬁeri

2013 5161 2144 5214 vitae
2171 5160 2395 5230 alienae,
2428 5161 2528 5232 qui
2560 5162 2738 5216 nescit
2767 5166 2960 5214 tenere
2991 5161 3380 5215 moderamina
3407 5161 3539 5214 vita:
3569 5178 3708 5216 suae.

2015 5268 2140 5323 CAP.
2190 5269 2347 5323 CVII.
2403 5297 2466 5308 —
2523 5270 2589 5322 Ut
2627 5269 2936 5338 presbyteri
2976 5269 3146 5339 juxta
3196 5270 3470 5323 ecclesiam
3521 5269 3714 5337 hospi-

2758 5345 2957 5394 tentur.

2085 5425 2195 5495 (Ea:
2224 5428 2411 5482 concil.
2461 5427 2742 5496 Meldensi,
2795 5445 2915 5499 cap.
2972 5433 3049 5497 5.)
3101 5430 3170 5483 Ut
3219 5427 3539 5500 presbyteri
3579 5427 3712 5481 nul-

2012 5515 2235 5568 latenus
2285 5515 2633 5588 ubicumque
2693 5517 2973 5588 hospitari
3025 5518 3312 5584 sinantur,
3363 5521 3463 5571 aut
3513 5517 3711 5587 aliquo

2011 5603 2184 5658 modo
2260 5603 2373 5675 ipsi
2423 5610 2826 5675 praesumant,
2899 5606 2998 5660 sed
3075 5605 3302 5660 assidue
3375 5606 3526 5675 apud
3579 5622 3713 5661 suas
