3956 6300
121 338 224 390 645

1064 340 1544 395 DECRETORUM
1583 342 1771 398 LIBRI
1807 344 1915 399 XX.
1959 375 2027 385 -ο
2065 348 2271 402 LIBER
2309 348 2685 405 SECUNDUS.

3525 360 3627 412 646

121 461 391 516 ecclesias
437 478 559 515 esse
612 461 881 515 studeant
917 466 1155 532 propter
1201 480 1361 518 sacra
1413 466 1706 535 mysteria,
1738 467 1824 520 vel
1853 474 1900 526 Α
1938 485 2051 538 quo
2096 476 2155 524 et
2198 471 2353 523 salva
2404 471 2475 525 sit
2519 472 2763 527 charitas
2810 474 3254 543 connubiorum,
3308 480 3364 531 et
3407 482 3630 532 cessent

119 550 473 617 ministeria,
545 549 811 604 ﬁdelibus
862 551 1217 619 exhibenda,
1278 569 1381 607 nec
1446 555 1621 608 etiam
1687 555 1823 609 alibi

118 640 383 694 habitare
414 638 848 709 permittantur.
878 640 1075 709 Neque
1111 640 1382 695 mulieres
1421 658 1823 713 quamcunque

120 727 548 782 habitationem
581 728 829 781 habeant
858 727 919 780 in
960 727 1101 782 locis
1138 729 1199 781 in
1248 729 1458 799 quibus
1503 731 1822 801 presbyteri

124 817 380 887 aliquem
456 832 752 870 recursum
799 817 1128 871 habuerint.
1198 818 1359 881 Quod
1420 818 1467 872 si
1525 819 1823 873 observare

121 905 618 976 parvipenderint,
652 905 732 958 ita
763 910 824 958 ut
871 910 1345 975 transgressores,
1388 911 1444 960 et
1487 907 1587 978 qui
1627 913 1825 962 contra

124 994 431 1048 interdicta
460 994 719 1061 fecerint,
748 993 1101 1063 judicentur.

126 1084 254 1137 CAP.
299 1083 486 1137 CVIII.
540 1113 608 1122 —
648 1086 722 1137 De
762 1083 1107 1155 presbytero,
1158 1086 1209 1137 si
1254 1099 1475 1138 umorem
1525 1088 1821 1155 acceperit,

817 1154 1139 1222 deponatur.
1646 1154 1653 1155 “

196 1226 311 1293 (Ea:
357 1225 543 1277 consil.
601 1226 1044 1292 Niocaasariensi,
1095 1240 1213 1293 cap.
1276 1226 1351 1297 1.)
1419 1226 1722 1296 Presbyter
1778 1226 1826 1280 si

126 1328 369 1365 uxorem
433 1312 734 1382 acceperit,
786 1312 855 1366 ab
912 1312 1113 1366 ordine
1173 1312 1511 1384 deponatur.
1576 1314 1636 1368 Si
1692 1331 1824 1368 vero

126 1400 439 1453 fornicatus
468 1399 662 1463 fuerit,
694 1404 794 1453 aut
842 1400 1188 1453 adulterium
1233 1402 1669 1471 perpetraverit,
1699 1419 1827 1456 am-

126 1488 279 1559 plius
326 1488 464 1559 pelli
503 1489 688 1554 debet,
736 1492 790 1541 et
834 1489 904 1541 ad
952 1488 1353 1558 paenitentiam
1390 1491 1590 1559 redigi.
1642 1491 1827 1545 Simili

126 1576 305 1630 modo
336 1576 508 1629 etiam
544 1576 838 1640 diaconus,
869 1575 914 1628 si
945 1576 1147 1629 eodem
1178 1582 1408 1646 peccato
1445 1579 1823 1645 succubuerit,

129 1665 197 1718 ab
226 1664 430 1718 ordine
464 1664 769 1717 ministerii
801 1664 1185 1717 subtrahatur.

547 1753 672 1807 CAP.
718 1754 848 1808 CIX.
892 1783 960 1793 —
1001 1757 1076 1807 Dc
1116 1754 1300 1807 eadem
1327 1770 1403 1807 re.

201 1844 315 1912 (Em
343 1842 531 1895 consil.
574 1843 809 1909 Nicaeno,
853 1858 972 1911 cap.
1019 1843 1097 1910 3.)
1146 1842 1443 1896 lnterdixit
1484 1858 1590 1911 per
1632 1842 1826 1896 omnia

129 1946 345 1997 magna
385 1930 635 2000 synodus
678 1946 797 1983 non
828 1931 1115 2000 episcopo,
1163 1946 1279 1983 non
1317 1931 1670 2001 presbytero,
1710 1947 1827 1985 non

130 2019 396 2084 diacono,
448 2019 534 2071 vel
584 2018 751 2071 alicui
793 2019 1024 2072 omnino
1058 2019 1156 2088 qui
1200 2019 1259 2071 in
1310 2020 1460 2072 clero
1507 2023 1609 2084 est,
1659 2019 1827 2072 licere

130 2106 624 2160 subintroductam
680 2105 892 2159 habere
945 2107 1280 2172 mulierem,
1335 2105 1446 2159 nisi
1502 2106 1644 2160 forte
1699 2122 1827 2160 ma—

128 2199 300 2260 trem,
360 2198 461 2247 aut
511 2210 789 2258 sororem,
835 2200 934 2248 aut
994 2195 1250 2260 amitam,
1311 2195 1399 2247 vel
1452 2211 1547 2248 eas
1603 2198 1829 2249 tantum

124 2299 403 2353 personas
431 2299 558 2353 qum
588 2283 938 2354 suspiciones
966 2283 1265 2353 effugiunt.

576 2371 701 2425 CAP.
747 2373 848 2426 CX.
888 2400 961 2412 —
991 2376 1064 2426 De
1093 2373 1275 2426 eadem
1309 2388 1385 2426 re.

202 2460 311 2529 (Ex
341 2460 487 2513 decr.
537 2460 743 2527 Syricii
764 2476 849 2529 p.,
898 2475 1018 2528 cap.
1075 2458 1184 2529 12.)
1236 2459 1497 2513 Feminas
1535 2475 1667 2512 vero
1709 2475 1828 2513 non

128 2549 269 2601 alias
320 2564 444 2602 esse
489 2549 742 2617 patimur
779 2549 837 2602 iu
888 2548 1151 2602 domibus
1192 2548 1552 2616 clericorum,
1593 2547 1704 2601 nisi
1735 2565 1827 2602 eas

132 2641 360 2690 tantum
421 2652 562 2705 quas
634 2640 868 2706 prOpter
937 2637 1087 2690 solas
1141 2637 1579 2690 necessitudinis
1631 2652 1827 2690 causas

123 2724 386 2779 habitare
415 2741 546 2779 cum
575 2724 777 2779 iisdem
808 2726 1057 2795 synodus
1090 2726 1318 2779 Nicaana
1346 2725 1627 2796 permisit.

536 2814 662 2867 CAP.
706 2814 835 2868 CXI.
878 2844 945 2854 —-
979 2817 1053 2867 De
1081 2814 1267 2869 eadem
1304 2830 1379 2868 re.

202 2905 312 2973 (Em
340 2903 539 2966 eodem,
574 2918 693 2971 cap.
738 2901 819 2971 4.)
852 2902 1137 2956 Statutum
1169 2908 1255 2956 est
1299 2903 1369 2956 ab
1417 2902 1719 2972 episcopis,
1756 2902 1827 2957 de

128 2990 481 3060 presbyteris
528 2989 627 3059 qui
679 2989 921 3043 feminas
966 3006 1154 3043 secum
1212 2990 1515 3044 indiscrete
1567 2989 1825 3043 habitare

128 3078 496 3149 permittunt,
531 3081 588 3130 et
606 3083 843 3146 propter
862 3078 969 3131 hoc
998 3078 1165 3131 mala:
1189 3076 1481 3146 opinionis
1505 3077 1827 3146 suspicione

128 3168 501 3232 denotantur,
544 3170 600 3219 et
630 3165 676 3218 si
707 3165 977 3235 deinceps
1006 3165 1287 3219 admoniti
1318 3182 1431 3218 non
1463 3182 1521 3218 se
1561 3181 1826 3220 correxe-

131 3255 269 3317 rint,
310 3253 467 3307 velut
512 3256 936 3322 contemptores
978 3269 1275 3307 sacrorum
1320 3269 1607 3307 canonum
1654 3270 1826 3308 cano-

127 3344 257 3397 nica
285 3341 606 3396 invectione
639 3341 937 3395 feriantur.

533 3430 660 3483 CAP.
704 3430 859 3484 CXII.
900 3460 971 3471 —
1009 3429 1091 3483 De
1128 3430 1313 3485 eadem
1353 3446 1430 3484 re.

200 3523 310 3591 (Εξε
340 3520 533 3573 consil.
581 3520 911 3585 Agathensi,
954 3535 1074 3587 cap.
1120 3520 1192 3589 3.)
1226 3520 1286 3573 Id
1335 3519 1508 3572 etiam
1541 3518 1611 3572 ad
1642 3522 1828 3572 custo-

128 3608 406 3664 diendam
435 3608 607 3661 vitam
637 3612 693 3660 et
722 3608 933 3661 famam
974 3608 1207 3677 speciali
1237 3608 1599 3661 ordinatione
1626 3608 1830 3672 praeci-

127 3698 353 3768 pimus,
407 3699 473 3750 ut
520 3697 707 3749 nullus
752 3696 1094 3750 clericorum
1142 3700 1425 3750 extranea:
1481 3695 1552 3749 sit
1599 3696 1831 3750 mulieri

129 3786 389 3856 qualibet
440 3784 829 3837 consolatione
879 3789 976 3837 aut
1022 3782 1410 3838 familiaritate
1460 3787 1827 3852 conjunctus,

129 3880 183 3928 et
207 3890 329 3928 non
373 3873 557 3926 solum
602 3871 662 3925 in
702 3872 939 3926 domum
970 3872 1125 3926 illius
1166 3877 1433 3926 extranea
1475 3873 1685 3926 mulier
1712 3890 1831 3927 non

130 3963 388 4030 accedat,
419 3962 517 4015 sed
558 3977 662 4015 nec
707 3961 830 4030 ipse
877 3960 1284 4031 frequentandi
1331 3965 1659 4015 extraneam
1703 3978 1831 4015 mu-

130 4052 334 4106 lierem
384 4050 592 4104 habeat
642 4053 1005 4119 potestatem,
1061 4050 1158 4103 sed
1208 4066 1338 4103 cum
1368 4052 1566 4117 {matre
1607 4054 1831 4104 tantum

137 4145 191 4195 et
224 4155 424 4193 sorore
472 4143 530 4192 et
570 4142 759 4208 nepte,
792 4138 840 4191 si
889 4138 1155 4191 habuerit
1188 4142 1287 4191 aut
1312 4138 1578 4204 voluerit,
1610 4138 1833 4191 vivendi

129 4230 377 4284 liberam
422 4227 632 4280 habeat
681 4231 1061 4296 potestatem,
1113 4227 1183 4281 de
1234 4227 1444 4297 quibus
1500 4227 1833 4281 nominibus

131 4318 291 4372 nefas
322 4320 409 4370 est
438 4315 592 4369 aliud
623 4331 795 4385 quam
827 4319 1032 4369 natura
1060 4315 1360 4369 constituit
1393 4315 1698 4385 suspicari.

131 4407 261 4462 CAP.
307 4405 491 4460 CXIII.
543 4434 611 4442 —
661 4405 728 4457 Ut
792 4405 1002 4457 ancilla.r
1049 4421 1083 4457 a
1132 4405 1346 4458 cellario
1391 4404 1830 4473 presbyterorum

788 4479 1180 4529 removeantur.

197 4550 310 4614 (Ea:
342 4546 529 4601 consil.
573 4547 839 4608 Remensi,
885 4561 1003 4615 cap.
1041 4546 1117 4615 3.)
1167 4544 1415 4599 Ancillas
1463 4544 1553 4598 vel
1599 4544 1832 4598 libertas

132 4652 161 4689 a
208 4634 447 4689 cellario
490 4634 579 4687 vel
645 4650 676 4686 a
734 4637 951 4687 secreto
998 4633 1340 4698 ministerio,
1391 4637 1446 4686 et
1497 4632 1569 4685 ab
1628 4632 1833 4687 eadem

130 4724 437 4778 mansione
470 4722 529 4775 in
561 4738 675 4792 qua
701 4722 938 4775 clericus
968 4725 1181 4787 manet,
1213 4722 1429 4791 placuit
1456 4720 1759 4775 removeri.

130 4814 261 4866 CAP.
306 4811 482 4866 CXIV.
514 4841 583 4848 —-
628 4810 780 4875 Quod
827 4810 1064 4875 diaconi,
1107 4813 1247 4864 sicut
1289 4813 1568 4879 episcopus
1614 4814 1665 4863 et
1704 4825 1831 4879 pre-

326 4883 536 4952 sbyter,
568 4897 773 4935 cessare
802 4882 1027 4935 debeant
1058 4883 1124 4934 ab
1152 4897 1307 4949 opere
1339 4879 1634 4949 conjugali.

203 4972 314 5041 (Eas
359 4974 519 5039 epist.
563 4972 721 5024 Leon.
764 4985 924 5040 pap.,
974 4986 1094 5039 cap.
1150 4970 1266 5039 Π.)
1307 4971 1417 5023 Lex
1464 4968 1833 5023 continentiae

132 5061 335 5114 eadem
390 5063 476 5112 est
532 5058 726 5113 altaris
784 5058 1088 5126 ministris,
1144 5074 1273 5128 qua:
1333 5056 1610 5127 episcopis
1660 5062 1832 5127 atque

131 5147 503 5219 presbyteris.
563 5147 672 5211 Qui
732 5163 861 5201 cum
919 5151 1108 5201 essent
1163 5145 1324 5212 laici,
1385 5145 1503 5198 sive
1560 5146 1830 5212 lectores,

132 5237 283 5291 licite
334 5242 392 5290 et
440 5252 644 5289 uxores
698 5236 926 5301 ducere,
976 5240 1031 5289 et
1075 5236 1225 5289 ﬁlios
1282 5250 1579 5312 procreare
1632 5239 1832 5305 potue-

132 5331 302 5392 runt,
373 5326 470 5379 sed
542 5342 672 5379 cum
736 5326 805 5379 ad
881 5325 1189 5395 praedictos
1264 5322 1633 5394 pervenerint
1701 5339 1830 5391 gra-

134 5417 274 5484 dus,
333 5413 509 5484 coepit
559 5413 641 5467 eis
701 5430 813 5467 non
869 5413 1041 5467 licere
1104 5412 1256 5484 quod
1288 5412 1469 5465 licuit.
1528 5410 1708 5476 Unde,
1771 5415 1837 5465 ut

136 5505 204 5559 de
237 5503 454 5557 carnali
502 5502 598 5557 ﬁat
646 5502 902 5573 spiritale
941 5502 1296 5573 conjugium,
1332 5504 1559 5572 oportet
1587 5516 1685 5554 eos
1728 5515 1835 5553 nec

136 5592 429 5649 dimittere
458 5607 686 5659 uxores,
717 5596 774 5646 et
824 5591 989 5662 quasi
1035 5607 1156 5646 non
1202 5591 1453 5647 habeant
1488 5588 1569 5644 sic
1596 5588 1830 5656 habere,

1936 574 2108 627 opera
2138 559 2494 628 nuptiarum.

2356 649 2486 702 CAP.
2530 649 2679 705 CXV.
2712 681 2780 689 —
2810 653 2883 705 De
2909 652 3093 705 eadem
3116 668 3194 706 re.

2002 736 2112 801 (Em
2166 737 2352 790 consil.
2408 740 2700 805 Turonic.,
2754 754 2875 807 cap.
2931 741 3009 807 6.)
3075 742 3139 793 Et
3193 740 3330 810 quia
3396 742 3626 797 diabolo

1934 823 2157 877 nullum
2215 825 2405 879 locum
2454 825 2588 879 dare
2645 832 2891 896 oportet,
2946 828 3051 881 hoc
3103 829 3392 899 praecipue
3442 835 3629 884 custo-

1934 911 2208 965 diendum
2255 912 2632 982 decrevimus,
2662 919 2725 967 ut
2754 916 2897 969 nulli
2929 916 3122 969 clerici
3168 932 3298 971 cum
3340 918 3627 972 extraneis

1933 999 2162 1053 feminis
2222 1000 2470 1054 habeant
2535 1001 3017 1070 familiaritatem,
3075 1020 3177 1058 nec
3238 1006 3421 1059 ullum
3479 1009 3629 1061 male

1934 1087 2206 1157 loquendi
2255 1089 2340 1141 vel
2394 1089 2677 1143 sentiendi
2717 1091 3043 1145 hominibus
3090 1092 3307 1146 aditum
3353 1094 3630 1163 tribuant,

1936 1174 2072 1245 quia
2118 1175 2453 1246 frequenter
2504 1194 2606 1246 per
2652 1179 2798 1232 hanc
2852 1180 3213 1234 indecentem
3272 1183 3629 1236 occasionem

1935 1263 2237 1333 contingit,
2264 1269 2326 1318 ut
2354 1266 2617 1320 diabolus
2650 1267 2749 1336 qui
2793 1268 3102 1323 insidiatur
3131 1270 3277 1323 sicut
3305 1271 3392 1324 leo
3438 1270 3499 1324 in
3529 1288 3628 1325 cu-

1935 1351 2039 1405 bili
2088 1368 2211 1415 suo,
2242 1353 2311 1405 de
2358 1352 2540 1406 ruinis
2590 1370 2885 1409 servorum
2935 1357 3036 1410 Dei
3084 1357 3334 1412 insultet.
3390 1358 3451 1412 Si
3502 1360 3629 1429 quis

1935 1455 2069 1493 vero
2132 1440 2369 1493 clericus
2443 1444 2573 1511 post
2634 1442 3001 1497 interdictum
3068 1446 3321 1515 episcopi
3388 1448 3475 1500 sui
3540 1448 3630 1501 his

1935 1528 2217 1583 inhaerere
2271 1531 2735 1600 praesumpserit,
2800 1548 2832 1584 a
2886 1535 3296 1588 communione
3350 1535 3631 1590 habeatur

1937 1617 2178 1670 alienus.

2347 1706 2473 1760 CAP.
2516 1708 2692 1761 CXVI.
2736 1738 2803 1745 —
2834 1710 2906 1761 De
2935 1709 3118 1762 eadem
3150 1727 3225 1765 re.

2010 1793 2121 1861 (Ea:
2159 1795 2342 1847 consil.
2394 1795 2758 1861 Nannetensi,
2807 1811 2927 1864 cap.
2984 1799 3097 1865 10.)
3149 1799 3530 1854 luhibendum
3577 1806 3632 1855 et

1935 1881 2119 1934 modis
2167 1882 2435 1935 omnibus
2466 1884 2957 1937 interminandum
2988 1891 3093 1950 est,
3127 1892 3189 1939 ut
3218 1887 3411 1941 nullus
3440 1905 3629 1942 sacer-

1937 1968 2040 2021 dos
2090 1984 2184 2022 eas
2238 1985 2509 2039 personas
2559 1971 2935 2036 feminarum,
2999 1973 3144 2025 sicut
3195 1978 3251 2026 et
3306 1975 3363 2027 in
3412 1991 3630 2030 canone

1938 2057 2223 2111 insertum
2255 2059 2595 2125 continetur,
2628 2059 2699 2113 de
2726 2060 2934 2129 quibus
2966 2062 3210 2131 suspicio
3258 2078 3379 2116 esse
3420 2070 3627 2133 potest,

1935 2144 1996 2197 in
2035 2145 2205 2199 domo
2254 2162 2358 2199 sua
2404 2145 2629 2213 habeat,
2664 2147 2761 2200 sed
2812 2163 2997 2218 neque
3030 2149 3152 2201 illas
3199 2166 3338 2220 quas
3385 2168 3630 2206 canones

1936 2234 2275 2297 concedunt,
2323 2239 2587 2301 matrem,
2624 2235 2881 2301 amitam,
2916 2253 3209 2291 sororem:
3264 2239 3419 2309 quia,
3466 2240 3633 2294 insti-

1936 2325 2107 2390 gante
2147 2321 2395 2389 diabolo,
2430 2322 2601 2376 etiam
2633 2322 2691 2375 in
2740 2323 2853 2376 illis
2904 2325 3087 2377 scelus
3118 2325 3450 2397 frequenter
3498 2344 3630 2397 per-

1936 2415 2225 2479 petratum
2273 2410 2580 2480 reperitur,
2615 2416 2714 2464 aut
2758 2412 2930 2465 etiam
2965 2413 3273 2484 impedisse
3317 2433 3457 2486 quas
3500 2417 3633 2470 illa-

1934 2513 2084 2551 rum.
2121 2498 2230 2552 Sed
2266 2498 2313 2551 si
2343 2498 2471 2568 quis
2502 2499 2571 2552 de
2610 2499 2699 2552 his
2732 2500 3000 2554 habuerit
3027 2504 3195 2555 talem
3238 2504 3631 2559 necessitatem

1936 2587 2272 2655 patientem,
2306 2587 2397 2640 cui
2429 2587 2501 2640 sit
2551 2589 2856 2641 necessitas
2900 2592 3237 2644 sustentatio
3287 2594 3629 2663 presbyteri,

1934 2675 2141 2727 habeat
2169 2675 2228 2728 in
2277 2675 2399 2728 vico
2429 2675 2618 2728 autin
2662 2676 2793 2729 villa
2842 2677 3078 2731 domum
3110 2679 3281 2749 longe
3322 2697 3353 2733 a
3402 2682 3633 2751 presby-

1933 2761 2043 2814 teri
2090 2762 2545 2827 conversatione,
2580 2770 2635 2815 et
2682 2762 2761 2815 ibi
2810 2762 2889 2815 eis
2920 2764 3316 2819 subministret
3358 2782 3486 2836 qua:
3526 2783 3633 2820 ne-

1937 2849 2178 2903 cessaria
2222 2853 2371 2903 sunt.
2425 2850 2533 2904 Sed
2577 2850 2685 2904 hoc
2733 2852 3047 2905 secundum
3101 2853 3494 2907 auctoritatem
3541 2870 3631 2908 ca-

1935 2951 2155 2990 nonum
2205 2936 2384 2991 modis
2425 2937 2693 2992 omnibus
2741 2938 3190 3008 prohibendum,
3236 2946 3298 2994 ut
3345 2943 3505 2996 nulla
3551 2943 3630 2995 fe-

1860 3034 1900 3088 C
1938 3027 2093 3080 mina
2143 3027 2212 3080 ad
2264 3028 2438 3080 altare
2477 3033 2787 3098 prmsumat
2835 3030 3121 3095 accedere,
3168 3036 3266 3084 aut
3301 3033 3632 3103 presbytero

1938 3115 2283 3181 ministrare,
2323 3121 2419 3169 aut
2447 3116 2595 3169 infra
2621 3117 2901 3171 cancellos
2933 3123 3082 3172 stare
3114 3124 3214 3172 aut
3244 3120 3460 3174 sedere.

2231 3204 2358 3258 CAP.
2402 3204 2604 3259 CXVII.
2645 3235 2715 3244 --
2751 3208 2825 3259 De
2854 3208 3332 3262 incontinentibus.

2009 3290 2126 3358 (Ea:
2156 3307 2345 3345 canon.
2390 3294 2705 3360 apostolor.,
2738 3308 2858 3361 sap.
2902 3295 3015 3365 22.)
3060 3296 3138 3347 De
3182 3295 3531 3365 presbyteris
3578 3301 3635 3350 et

1940 3378 2277 3433 diaconibus
2322 3379 2644 3433 divinarum
2693 3382 2888 3449 legum
2927 3387 3011 3435 est
3041 3382 3363 3452 disciplina,
3395 3388 3460 3437 ut
3482 3384 3636 3437 inter

1936 3467 2359 3521 incontinentes
2388 3467 2449 3520 in
2481 3467 2680 3521 ofﬁciis
2727 3468 2935 3521 talibus
2965 3469 3156 3538 positi,
3204 3471 3362 3523 omni
3410 3472 3633 3525 honore

1939 3555 2319 3609 ecclesiastico
2360 3555 2674 3625 priventur,
2708 3572 2811 3609 nec
2852 3557 3233 3612 admittantur
3273 3559 3341 3613 ad
3381 3561 3491 3613 tale
3523 3561 3631 3614 mi-

1936 3643 2258 3709 nisterium,
2290 3644 2438 3713 quod
2472 3645 2591 3698 sola
2619 3645 2972 3699 continentia
3001 3651 3226 3717 oportet
3256 3646 3507 3717 impleri.

1940 3750 2065 3805 CAP.
2110 3750 2338 3805 CXVIII.
2388 3780 2455 3789 ——-
2502 3754 2577 3805 De
2621 3750 2914 3817 ordinatis,
2967 3752 3112 3820 quod
3148 3769 3268 3807 cum
3315 3755 3635 3809 mulieribus

2506 3824 2646 3876 coire
2682 3838 2789 3876 non
2821 3823 3065 3878 debeant.

2011 3908 2118 3979 (Ea:
2148 3909 2372 3977 eodem.)
2419 3911 2702 3964 Praeterea
2736 3911 2890 3980 quod
2920 3912 3157 3983 dignum
3190 3915 3245 3965 et
3272 3912 3546 3981 pudicum
3578 3920 3637 3967 et

1939 3998 2247 4052 honestum
2294 4002 2395 4062 est,
2430 4004 2624 4052 tenere
2656 4000 2901 4053 Ecclesia
2942 4000 3178 4053 omnino
3226 4001 3412 4065 debet,
3446 4007 3508 4055 ut
3547 4018 3635 4055 sa-

1941 4086 2196 4139 cerdotes
2263 4092 2319 4140 et
2385 4087 2590 4140 Levitaa
2641 4103 2769 4140 cum
2828 4088 3165 4141 mulieribus
3229 4105 3345 4141 non
3398 4094 3632 4143 coeant:

1941 4176 2077 4244 quia
2128 4174 2435 4230 ministerii
2476 4176 2829 4246 quotidianis
2876 4178 3307 4231 necessitatibus
3352 4194 3635 4248 occupan-

1941 4269 2054 4317 tur.
2105 4263 2389 4333 Scriptum
2436 4268 2554 4317 est:
2597 4264 2786 4318 Sancti
2826 4269 3021 4330 estote,
3058 4266 3331 4335 quoniam
3362 4282 3467 4337 ego
3508 4283 3636 4320 san-

1941 4358 2061 4406 ctus
2090 4367 2215 4405 sum
2251 4351 2526 4405 Dominus
2559 4352 2704 4405 Deus
2735 4357 2940 4407 vester.

2011 4441 2146 4495 CAP.
2191 4441 2362 4495 CXIX.
2403 4471 2470 4478 —
2503 4443 2572 4494 De
2596 4440 2885 4506 ordinatis,
2917 4443 2968 4494 si
2983 4455 3180 4495 usuras
3206 4444 3561 4497 exercuerim.

2011 4530 2124 4599 (Ea:
2176 4528 2396 4598 eodem.)
2452 4528 2791 4599 Episcopus,
2841 4530 3171 4599 presbyter,
3217 4534 3314 4584 aut
3365 4530 3638 4586 diaconus

1940 4633 2141 4670 usuras
2171 4633 2203 4669 a
2247 4616 2601 4670 debitoribus
2650 4616 2906 4687 exigens,
2947 4622 3046 4671 aut
3084 4617 3322 4684 desinat,
3356 4623 3456 4673 aut
3485 4624 3638 4675 certe

1941 4706 2271 4760 damnetur.

2345 4793 2472 4847 CAP.
2516 4794 2665 4849 CXX.
2705 4822 2779 4835 -
2820 4795 2899 4847 De
2927 4794 3111 4848 eadem
3138 4812 3214 4850 re.

2011 4882 2121 4949 (Ea:
2152 4883 2337 4937 consil.
2386 4884 2615 4947 Nicaeus,
2653 4898 2771 4951 cap.
2826 4883 2937 4953 l7.)
2981 4883 3266 4946 Quoniam
3317 4884 3483 4938 multi
3532 4884 3635 4939 sub

1942 4974 2144 5042 regula
2188 4972 2483 5026 constituti
2524 4972 2822 5025 avaritiam
2877 4977 2932 5025 et
2976 4974 3170 5043 turpia
3217 4975 3375 5028 lucra
3425 4978 3640 5028 sectan-

1942 5067 2055 5127 tur,
2084 5060 2363 5131 oblitique
2390 5059 2598 5114 divinae
2629 5060 2935 5130 Scriptura:
2966 5060 3207 5114 dicentis
3232 5079 3243 5114 :
3280 5082 3307 5111 ‹‹
3341 5062 3449 5125 Qui
3477 5078 3641 5132 pecu-

1943 5150 2099 5204 niam
2141 5166 2303 5204 suam
2340 5165 2454 5203 non
2486 5149 2639 5203 dedit
2671 5148 2741 5203 ad
2773 5164 3029 5208 usuram,
3062 5168 3091 5199 »
3139 5155 3408 5204 mutuum
3441 5151 3640 5205 dantes

1942 5239 2273 5294 centesimas
2317 5239 2573 5309 exigunt,
2616 5239 2770 5308 juste
2816 5237 3037 5291 censuit
3086 5243 3281 5291 sancta
3326 5243 3383 5292 et
3430 5255 3643 5309 magna

1943 5330 2212 5399 synodus,
2250 5334 2310 5382 ut
2342 5328 2387 5381 si
2427 5328 2555 5398 quis
2587 5328 2853 5381 inventus
2894 5326 3068 5381 fuerit
3097 5333 3225 5397 post
3254 5328 3400 5382 hanc
3427 5328 3639 5383 deﬁni—

1942 5418 2161 5472 tionem
2206 5434 2409 5472 usuras
2441 5416 2744 5488 accipiens,
2777 5421 2873 5470 aut
2922 5432 2986 5469 ex
3020 5415 3424 5471 adinventione
3453 5418 3643 5488 aliqua

1943 5500 2031 5553 vel
2061 5499 2319 5571 quolibet
2348 5499 2518 5554 modo
2545 5499 2841 5570 negotium
2871 5499 3177 5565 transiens,
3213 5505 3312 5553 aut
3342 5499 3639 5567 hemiolia,

1944 5587 2003 5641 id
2033 5594 2139 5656 est,
2174 5589 2432 5659 sescupla
2459 5588 2715 5659 exigens,
2750 5588 2841 5643 vel
2884 5587 3102 5660 aliquid
3129 5588 3242 5643 tale
3275 5604 3510 5659 prorsus
3542 5605 3644 5645 ex-
