3956 6306
287 338 390 390 647

1376 329 1783 386 BUBCHARIH
1823 327 2354 385 WORMACIENSIS
2393 325 2729 384 EPISCOPI.

3701 327 3805 380 848

279 459 542 530 cogitans
593 455 782 525 turpis
828 453 974 508 lucri
1014 453 1218 521 gratia,
1270 451 1572 523 dejiciatur
1615 469 1649 506 a
1696 453 1876 517 clero,
1927 456 1985 506 et
2021 455 2068 507 A
2099 451 2184 504 vel
2233 450 2466 506 bibendi
2515 465 2685 504 causa
2731 449 2998 503 tabernas
3047 465 3166 503 non
3216 449 3638 520 ingrediantur,
3690 451 3803 504 nisi

281 549 504 602 alienus
529 545 739 598 existat
764 560 793 596 a
828 543 1044 613 regula.

688 632 814 686 CAP.
858 631 1033 686 CXXI.
1075 660 1144 670 —-
1180 633 1252 684 De
1277 629 1462 684 eadem
1488 646 1563 683 re.

353 723 474 791 (Em
505 723 659 790 epist.
693 721 851 774 Leon.
878 735 1038 788 pap.,
1071 733 1190 785 cap.
1227 717 1303 786 4.)
1335 717 1477 771 lllud
1509 717 1681 772 etiam
1709 715 1975 770 duximus

280 808 779 880 praemonendum,
808 811 872 860 ut
910 807 1055 859 sicut
1093 821 1205 858 non
1236 822 1360 870 suo,
1393 806 1472 858 ita
1512 821 1616 858 nec
1642 805 1832 858 alieno
1866 821 1973 857 uo-

283 899 440 953 mine
469 896 679 967 aliquis
709 895 1044 948 clericorum
1077 911 1340 948 exercere
1366 895 1551 948 fcenus
1581 897 1841 947 attentet.

673 984 800 1038 CAP.
844 983 1046 1038 CXXII.
1081 1012 1147 1022 —
1191 984 1270 1036 De
1294 982 1478 1036 eadem
1507 998 1582 1035 re.

355 1075 459 1143 (Ea:
506 1073 692 1126 concil.
745 1071 1151 1135 Tarraconensi,
1209 1084 1328 1138 cap.
1388 1069 1466 1135 3.)
1515 1067 1871 1136 Quicumque
1917 1065 1975 1118 in

281 1163 432 1216 clero
464 1176 584 1214 esse
634 1158 900 1222 voluerit,
933 1156 1163 1210 emendi
1190 1157 1378 1222 vilius,
1407 1156 1494 1208 vel
1526 1154 1811 1210 vendendi
1840 1154 1975 1208 cha-

285 1249 405 1304 rius
432 1248 620 1302 studio
650 1263 765 1300 non
795 1251 1009 1300 utatur.

655 1335 785 1388 CAP.
827 1334 1059 1388 CXXIII.
1102 1364 1170 1372 —-
1207 1336 1280 1387 De
1308 1332 1493 1386 eadem
1520 1348 1600 1386 re.

349 1425 460 1492 (Er
492 1426 648 1492 epist.
685 1424 842 1476 Leon.
867 1437 1022 1490 pap.,
1054 1436 1174 1490 cap.
1211 1423 1288 1486 3.)
1321 1421 1398 1473 Ne
1429 1421 1538 1474 hoc
1568 1435 1797 1490 quoque
1829 1435 1974 1490 prae-

278 1511 622 1565 tereundum
655 1526 775 1563 esse
807 1510 1091 1575 duximus,
1123 1508 1401 1578 quosdam
1434 1507 1617 1577 turpis
1648 1507 1790 1560 lucri
1821 1506 1976 1576 cupi-

281 1600 455 1653 ditate
486 1603 701 1668 captos,
743 1597 1064 1650 usurariam
1114 1612 1374 1649 exercere
1416 1597 1738 1666 pecuniam,
1776 1600 1833 1648 et
1868 1595 1974 1648 fce-

283 1703 420 1740 nore
450 1687 594 1740 velle
634 1686 928 1739 ditescere.
969 1686 1124 1748 Quod
1173 1701 1289 1737 non
1340 1684 1524 1737 dicam
1557 1683 1618 1736 in
1647 1700 1742 1736 eos
1774 1683 1832 1736 in
1863 1683 1974 1736 cle-

282 1775 442 1828 ricali
472 1773 659 1827 ofﬁcio
701 1774 1042 1826 constitutos
1074 1773 1168 1826 sed
1201 1777 1257 1825 et
1299 1771 1361 1824 in
1401 1771 1574 1824 laicos
1620 1772 1841 1837 cadere,
1875 1770 1975 1841 qui

283 1863 638 1918 Christianos
667 1878 726 1916 se
759 1861 868 1914 dici
900 1861 1163 1930 cupiunt,
1195 1859 1584 1914 condolemus.

668 1952 794 2004 CAP.
838 1950 1058 2005 CXXIV.
1100 1980 1168 1987 —
1208 1953 1280 2003 De
1307 1948 1491 2001 eadem
1518 1963 1594 2003 re.

352 2042 470 2110 (Eur:
499 2056 641 2095 conc.
695 2041 978 2104 Carthag.,
1010 2054 1130 2107 cap.
1173 2040 1283 2103 16.)
1332 2038 1470 2090 Item
1504 2035 1718 2105 placuit
1762 2039 1826 2089 ut
1856 2034 1978 2089 cle-

281 2129 433 2182 ricus
458 2128 505 2180 si
534 2127 984 2182 commodaverit
1020 2125 1348 2196 pecuniam,
1383 2125 1683 2194 pecuniam
1713 2123 1972 2194 accipiat,

283 2218 330 2271 si
377 2217 645 2287 speciem,
679 2216 940 2269 eamdem
987 2214 1236 2283 speciem
1287 2218 1568 2284 quantum
1614 2212 1838 2266 dederit
1882 2227 1976 2265 ac-

283 2305 479 2375 cipiat.

603 2393 730 2445 CAP.
773 2391 966 2445 CXXV.
1009 2420 1078 2429 —
1108 2392 1238 2443 Item
1272 2389 1337 2442 de
1364 2390 1654 2442 usurariis.

355 2482 462 2550 (Ea:
491 2481 678 2534 concil.
721 2479 932 2541 Aurel.,
971 2494 1095 2546 cap.
1150 2477 1229 2546 3.)
1288 2479 1352 2531 Ut
1382 2477 1703 2548 presbyteri
1731 2493 1765 2531 a
1793 2477 1976 2547 turpi-

282 2570 390 2624 bus
440 2568 609 2622 lucris
667 2571 724 2621 et
793 2567 979 2620 usuris
1046 2583 1164 2620 non
1217 2567 1406 2620 solum
1460 2565 1570 2636 ipsi
1621 2565 1972 2633 abstineant,

282 2673 481 2710 verum
558 2656 727 2710 etiam
789 2655 986 2724 plebes
1045 2655 1153 2708 sibi
1222 2653 1474 2708 subditas
1547 2654 1834 2708 abstinere
1886 2655 1976 2708 in-

282 2745 524 2796 struant.

628 2829 755 2882 CAP.
799 2829 1019 2883 CXXVI.
1063 2859 1130 2866 —
1162 2828 1310 2894 Quid
1337 2830 1410 2882 sit
1438 2843 1626 2882 usura.

353 2921 458 2986 (Ea:
488 2918 674 2972 concil.
724 2917 1022 2984 Agathen.,
1060 2932 1179 2984 cap.
1235 2916 1309 2984 1.)
1365 2917 1544 2970 Usura
1586 2921 1672 2970 est
1707 2917 1807 2970 ubi
1853 2933 1974 2970 am-

281 3006 432 3076 plius
482 3003 792 3075 requiritur
829 3019 1002 3074 quam
1031 3003 1216 3058 datur.
1251 3005 1420 3058 Verbi
1449 3005 1667 3073 gratia:
1715 3004 1775 3058 Si
1804 3005 1974 3059 dede-
2009 3002 2050 3056 C

282 3094 360 3147 ris
407 3093 621 3146 solidos
679 3091 896 3158 decem,
953 3096 1009 3144 et
1065 3091 1310 3161 amplius
1370 3091 1737 3162 requisieris:
1792 3093 1878 3146 vel
1928 3094 1977 3147 si

282 3181 505 3236 dederis
552 3180 825 3234 frumenti
867 3180 1126 3234 modium
1176 3196 1377 3245 unum,
1430 3186 1486 3235 et
1537 3196 1711 3251 super
1757 3180 1976 3251 aliquid

283 3269 560 3340 exegeris.

640 3357 768 3411 CAP.
813 3357 1056 3412 CXXVII.
1093 3385 1166 3397 —
1201 3359 1277 3410 De
1310 3357 1494 3410 eadem
1541 3373 1616 3411 re.

355 3447 464 3514 (Ea:
509 3445 652 3500 decr.
703 3448 840 3501 Julii
882 3461 1062 3515 papae,
1115 3448 1389 3501 usurariis
1418 3448 1620 3513 missis,
1659 3462 1780 3516 cap.
1833 3447 1975 3515 125.)

281 3534 619 3604 Quicunque
667 3533 821 3587 enim
854 3539 1112 3603 tempore
1144 3534 1344 3588 messis
1375 3535 1464 3587 vel
1507 3534 1832 3600 vindemias,
1862 3551 1976 3588 non

281 3623 636 3689 necessitate,
670 3621 764 3675 sed
812 3627 1046 3691 propter
1084 3621 1479 3691 cupiditatem,
1511 3628 1849 3691 comparant
1877 3639 1976 3676 an-

282 3725 498 3764 nonam
559 3710 648 3762 vel
705 3708 931 3775 vinum;
982 3708 1138 3762 verbi
1187 3710 1408 3779 gratia:
1473 3709 1520 3762 si
1574 3725 1704 3764 cum
1756 3711 1977 3764 duobus

285 3796 536 3850 denariis
582 3801 878 3865 comparat
925 3797 1181 3850 modium
1223 3813 1426 3866 unum,
1459 3802 1516 3852 et
1562 3803 1749 3852 servat
1795 3815 1976 3869 usque

282 3886 422 3940 dum
469 3885 830 3938 venundetur
871 3884 1119 3937 denariis
1149 3891 1420 3955 quatuor,
1453 3891 1553 3941 aut
1580 3903 1696 3954 sex,
1726 3892 1825 3941 aut
1854 3903 1976 3941 am-

282 3974 458 4045 plius,
489 3974 600 4028 hoc
629 3977 795 4043 turpe
819 3973 1041 4026 lucrum
1071 3973 1333 4028 dicimus.

639 4062 767 4116 CAP.
811 4062 1080 4116 CXXVIII.
1126 4093 1189 4103 —
1232 4065 1305 4118 De
1334 4063 1518 4117 eadem
1543 4079 1617 4118 re.

351 4152 461 4219 (Ea:
497 4153 656 4219 epist.
690 4151 880 4204 Leonis
919 4151 1124 4221 papae.)
1156 4151 1414 4215 Qualiter
1453 4151 1846 4222 negotiantem
1880 4156 1980 4206 aut

283 4242 530 4304 excusat,
582 4242 679 4292 aut
725 4238 932 4308 arguit,
982 4238 1119 4308 quia
1163 4244 1247 4293 est
1295 4239 1568 4292 honestus
1613 4245 1885 4310 quaestus,
1920 4243 1976 4294 et

283 4328 484 4398 turpis.
539 4327 940 4380 Verumtamen
986 4327 1289 4396 pcenitenti
1321 4328 1517 4381 utilius
1549 4333 1632 4380 est
1676 4329 1976 4398 dispendia

283 4415 404 4486 pati
435 4430 605 4484 quam
638 4414 905 4484 periculis
939 4415 1350 4485 negotiationis
1380 4414 1636 4484 astringi,
1667 4417 1803 4486 quia
1831 4417 1977 4471 difﬁ-

284 4503 391 4557 cile
449 4507 532 4556 est
583 4501 732 4556 inter
787 4503 1028 4557 ementis
1083 4502 1497 4572 vendentisque
1569 4502 1977 4556 commercium

285 4608 402 4646 non
435 4591 783 4646 intervenire
809 4596 1129 4662 peccatum.

286 4699 414 4752 CAP.
485 4697 705 4752 CXXIX.
769 4727 837 4738 —-
897 4701 962 4753 Ut
1005 4700 1186 4753 nullus
1250 4714 1318 4752 ea:
1383 4699 1739 4752 ecclesiastico
1787 4699 1978 4754 ordine

428 4768 623 4821 edendi
641 4769 723 4822 vel
747 4769 964 4823 bibendi
991 4785 1157 4824 causa
1187 4769 1440 4824 tabernas
1468 4769 1832 4835 ingrediatur.

356 4856 465 4927 (Em
498 4856 659 4911 dictis
688 4859 950 4927 August.)
982 4860 1282 4914 Canonum
1314 4861 1525 4910 statuta
1564 4856 1872 4926 prohibent
1915 4861 1979 4911 ut

285 4947 478 4999 nullus
510 4961 574 5000 ex
605 4946 983 5000 ecclesiastico
1015 4946 1216 5000 ordine
1246 4945 1515 4999 sumendi
1541 4945 1653 4999 cibi
1683 4952 1783 5001 aut
1810 4951 1978 5017 potus

286 5051 474 5098 causa,
531 5033 641 5088 nisi
699 5033 1181 5105 peregrinationis
1237 5033 1573 5088 necessitate
1627 5037 1975 5106 compulsus,

285 5123 549 5177 tabernas
594 5123 820 5194 ingredi
869 5123 1096 5176 audeat.
1149 5121 1256 5176 Sed
1303 5121 1350 5174 si
1399 5122 1606 5192 aliquis
1631 5121 1755 5177 haec
1796 5123 1976 5178 inter-

285 5212 434 5266 dicta
464 5211 777 5280 violaverit,
812 5215 876 5266 ut
914 5215 1240 5265 sanctorum
1291 5225 1572 5265 canonum
1612 5216 1979 5281 contemptor

285 5300 577 5354 acerrimis
609 5300 953 5371 corripiatur
981 5299 1316 5372 disciplinis.

287 5406 414 5459 CAP.
475 5407 660 5461 CXXX.
720 5437 788 5446 —
850 5408 916 5461 Ut
963 5407 1144 5460 nullus
1185 5421 1253 5459 ea:
1295 5420 1448 5458 sacro
1495 5405 1686 5459 ordine
1733 5407 1840 5461 cibi
1896 5409 1978 5462 vel

596 5482 764 5546 potus
793 5493 960 5532 causa
1005 5478 1256 5531 tabernas
1281 5476 1645 5543 ingrediatur.

358 5565 475 5630 (Ea:
552 5564 736 5621 concil.
797 5567 1090 5633 Carthag.,
1170 5565 1282 5635 24.)
1365 5566 1431 5619 Ut
1506 5564 1698 5620 clerici
1771 5567 1974 5624 edendi

2087 539 2574 611 peregrinationis
2603 538 2938 592 necessitate
2965 539 3268 610 compulsi.

2473 628 2599 682 CAP.
2643 627 2855 681 CXXXI.
2897 658 2966 666 —
3009 627 3088 680 De
3119 626 3304 680 eadem
3329 642 3406 680 re.

2158 717 2272 784 (Em
2315 717 2502 771 concil.
2538 717 2876 782 Laodicensi,
2918 731 3036 784 cap.
3075 716 3190 783 24.)
3235 716 3392 779 Quod
3443 731 3559 769 non
3611 732 3794 786 opor-

2084 811 2166 859 tet
2205 821 2364 858 sacro
2414 803 2686 874 mysterio
2727 803 2952 856 deditos
3004 819 3038 856 a
3086 803 3431 874 presbyteris
3479 819 3664 874 usque
3720 805 3793 858 ad

2085 894 2372 957 diaconos,
2429 897 2485 945 et
2531 891 2821 962 reliquum
2875 892 3319 945 ecclesiasticum
3377 892 3664 958 ordinem,
3729 893 3789 947 id

2085 985 2168 1036 est
2215 997 2393 1046 usque
2438 981 2510 1034 ad
2559 980 2960 1042 subdiaconos,
2993 981 3256 1044 lectores,
3292 986 3575 1051 cantores,
3609 997 3786 1035 exor-

2083 1071 2246 1124 cistas
2303 1075 2358 1123 et
2411 1068 2688 1128 ostiarios,
2739 1073 2796 1122 et
2844 1085 2908 1123 ex
2953 1085 3193 1123 numero
3243 1069 3667 1124 continentium
3727 1073 3788 1123 et

2084 1158 2498 1211 monachorum
2531 1156 2757 1227 ingredi
2785 1157 3064 1211 tabernas.

2086 1263 2212 1319 CAP.
2257 1263 2491 1319 CXXXII.
2532 1291 2602 1302 -
2652 1265 2718 1316 Ut
2763 1264 2849 1316 illi
2886 1263 3081 1332 quibus
3110 1277 3306 1316 urcores
3336 1262 3532 1318 ducere
3569 1265 3786 1318 licitum

2419 1350 2526 1387 non
2555 1339 2652 1398 est,
2681 1335 2912 1387 aliorum
2935 1336 3159 1402 nuptias
3189 1334 3444 1388 devitent.

2157 1424 2267 1493 (Ea:
2292 1425 2450 1492 epist.
2483 1424 2674 1478 Leonis
2720 1438 2896 1491 papae,
2948 1438 3069 1491 cap.
3126 1421 3234 1490 19.)
3284 1422 3502 1486 Quibus
3553 1423 3786 1477 licentia

2084 1528 2290 1565 uxores
2335 1511 2579 1565 ducendi
2622 1526 2738 1564 non
2783 1516 2888 1570 est,
2924 1511 3241 1564 alienarum
3283 1511 3617 1581 nuptiarum
3662 1512 3787 1564 evi—

2083 1604 2208 1654 tent
2235 1600 2511 1653 convivia.

2085 1689 2214 1743 CAP.
2258 1689 2518 1742 CXXXIII.
2568 1717 2637 1726 —
2687 1687 2840 1753 Quod
2888 1703 2994 1741 non
3041 1690 3284 1755 oporteat
3330 1689 3389 1741 in
3429 1688 3636 1755 bigami
3679 1704 3786 1742 nu-

2499 1760 2633 1827 ptiis
2662 1757 2932 1826 prandere
2964 1759 3358 1827 presbyterum.

2159 1848 2266 1918 (Ea:
2319 1847 2503 1900 concil.
2565 1848 2820 1913 Nemean,
2877 1861 2998 1914 cap.
3057 1845 3138 1914 7.)
3199 1845 3667 1916 Presbyterorum
3725 1849 3789 1902 in

2085 1936 2303 2006 nuptiis
2325 1935 2540 2004 bigami
2558 1934 2838 2005 prandere
2860 1950 2976 1988 non
2997 1935 3281 1999 convenit,
3297 1935 3432 2005 quia
3452 1951 3580 1988 cum
3604 1936 3791 2006 poeni-

2086 2024 2264 2078 tentia
2287 2023 2551 2092 bigamus
2577 2027 2757 2092 egeat,
2787 2023 2913 2093 quis
2941 2022 3050 2076 erit
3070 2023 3366 2092 presbyter
3395 2024 3515 2094 qui,
3545 2031 3791 2094 propter

2085 2110 2430 2174 convivium,
2449 2109 2656 2162 talibus
2677 2109 2896 2177 nuptiis
2916 2109 3096 2178 possit
3120 2109 3373 2179 praebere
3399 2114 3790 2166 consensum?

2439 2197 2568 2250 CAP.
2610 2196 2867 2250 CXXXIV.
2910 2226 2976 2235 —
3011 2195 3094 2250 De
3133 2193 3316 2251 eadem
3344 2215 3422 2252 re.

2158 2287 2265 2356 (Ea:
2317 2285 2476 2339 dictis
2522 2286 2782 2351 August.)
2837 2285 3178 2355 Presbyteri,
3238 2285 3486 2353 diaconi,
3546 2289 3786 2344 subdia-

2085 2375 2234 2441 coni,
2269 2375 2356 2428 vel
2406 2373 2673 2443 deinceps
2719 2372 2928 2442 quibus
2978 2373 3226 2427 ducendi
3281 2391 3485 2430 uxores
3532 2393 3652 2431 non
3699 2383 3789 2433 est

2085 2465 2330 2527 licitum,
2373 2462 2547 2516 etiam
2599 2460 2918 2515 alienarum
2967 2464 3298 2532 nuptiarum
3335 2463 3548 2518 evitent
3585 2467 3786 2520 convi-

2085 2553 2195 2620 via,
2239 2567 2425 2621 neque
2471 2551 2558 2603 his
2598 2550 2836 2604 ccetibus
2869 2549 3310 2618 admisceantur,
3354 2552 3452 2605 ubi
3499 2555 3790 2609 amatoria

2088 2645 2391 2694 cantantur
2432 2644 2490 2693 et
2536 2639 2748 2708 turpia,
2801 2643 2901 2692 aut
2935 2639 3188 2692 obscceni
3233 2645 3424 2692 motus
3470 2655 3789 2711 corporum

2087 2729 2272 2783 choris
2300 2733 2355 2782 et
2402 2727 2800 2781 saltationibus
2850 2726 3186 2793 efferuntur,
3218 2743 3288 2780 ne
3329 2727 3558 2781 auditus
3590 2735 3648 2782 et
3682 2731 3789 2784 ob-

2086 2823 2244 2871 tutus
2291 2815 2462 2870 sacris
2502 2815 2786 2886 mysteriis
2825 2815 3146 2885 deputatus,
3186 2815 3444 2884 turpium
3485 2822 3788 2886 spectacu-

2087 2905 2277 2958 lorum
2309 2909 2483 2974 atqne
2516 2903 2818 2956 verborum
2849 2903 3188 2972 contagione
3218 2902 3526 2972 polluatur.

2463 2992 2592 3046 CAP.
2636 2991 2864 3046 CXXXV.
2904 3019 2977 3031 —
3005 2993 3078 3044 De
3105 2991 3290 3044 eadem
3317 3007 3393 3044 re.

2158 3083 2266 3145 (Em
2305 3079 2500 3133 decret.
2547 3081 2780 3133 Martini
2813 3094 2994 3148 papa,
3028 3095 3146 3148 cap.
3204 3079 3276 3148 1.)
3321 3081 3447 3134 Non
3489 3080 3661 3136 liceat
3694 3100 3788 3136 sa-

2086 3168 2408 3222 cerdotibus
2439 3169 2526 3221 vel
2575 3168 2791 3222 clericis
2834 3167 3026 3238 aliqua
3071 3169 3391 3238 spectacula
3439 3169 3500 3222 in
3560 3172 3788 3241 nuptiis

2085 3257 2173 3310 vel
2219 3255 2492 3308 conviviis
2529 3261 2801 3326 spectare,
2837 3255 2933 3309 sed
2975 3260 3200 3326 oportet
3236 3261 3549 3327 antequam
3587 3259 3782 3330 ingre-

2087 3345 2318 3399 diantur
2346 3345 2470 3414 ipsa
2493 3345 2813 3413 spectacula
2846 3359 3078 3414 surgere
3108 3348 3163 3396 et
3193 3343 3378 3398 redire
3409 3345 3560 3400 inde.

2085 3435 2211 3488 CAP.
2254 3433 2511 3487 CXXXVI.
2555 3463 2622 3471 —
2668 3434 2736 3487 Ut
2775 3433 2956 3486 nullus
2993 3433 3215 3486 clericus
3244 3435 3303 3486 in
3352 3435 3532 3487 aliena
3562 3438 3789 3492 civitate

2305 3506 2643 3572 suscipiatur
2670 3506 2786 3557 sine
2807 3504 3255 3557 commendatitiis
3282 3505 3543 3573 epistolis.

2156 3592 2274 3662 (Ea:
2302 3607 2501 3646 canone
2547 3591 2861 3661 apostolor.)
2910 3593 2979 3646 Ut
3009 3592 3058 3644 si
3099 3591 3226 3662 quis
3264 3591 3500 3646 clericus
3545 3599 3647 3649 aut
3686 3597 3790 3650 lai-

2083 3696 2182 3734 cus
2239 3681 2308 3735 ad
2365 3681 2607 3736 alteram
2654 3685 2928 3750 properat
2982 3679 3297 3746 civitatem,
3358 3686 3414 3735 et
3471 3683 3792 3753 suscipitur

2086 3774 2292 3838 praeter
2331 3768 2827 3823 commendatitias
2871 3768 3156 3838 epistolas,
3207 3774 3264 3822 et
3303 3769 3400 3840 qui
3439 3774 3785 3843 susceperit,

2085 3863 2142 3913 et
2165 3857 2264 3928 qui
2295 3864 2589 3928 susceptus
2616 3861 2721 3924 est,
2747 3857 3156 3912 communione.
3182 3857 3453 3928 privetur.

2431 3947 2559 4000 CAP.
2603 3947 2888 4000 CXXXVII.
2931 3977 2999 3986 —-
3025 3949 3104 4001 De
3141 3947 3324 4000 eadem
3353 3962 3428 4000 re.

2157 4035 2268 4104 (Ea:
2313 4036 2502 4088 concil.
2551 4035 2856 4100 Antioch,
2891 4050 3010 4103 cap.
3062 4035 3170 4101 27.)
3234 4035 3383 4089 Nulli
3439 4039 3786 4108 peregrino-

2084 4139 2213 4177 rum
2259 4123 2381 4176 sine
2425 4123 2691 4192 paciticis,
2729 4123 2786 4176 id
2831 4128 2916 4178 est
2946 4124 3430 4178 commendatitiis
3463 4126 3788 4197 suscipian-

2083 4215 2178 4264 tur
2200 4210 2476 4280 epistolis.

2087 4299 2214 4353 CAP.
2258 4300 2564 4353 CXXXVIII.
2606 4327 2674 4338 —
2715 4301 2789 4353 De
2841 4300 3047 4353 clericis
3089 4301 3365 4368 fugitivis,
3404 4316 3469 4354 ne
3533 4301 3602 4355 ab
3651 4304 3788 4358 aliis

2750 4372 3106 4439 recipiantur.

2156 4459 2277 4526 (Ea:
2317 4458 2503 4512 concil.
2542 4458 2851 4524 Aureliam,
2885 4474 3005 4527 cap.
3057 4462 3138 4529 2.)
3189 4460 3250 4512 In
3292 4459 3530 4513 concilio
3573 4462 3787 4516 Antio-

2085 4545 2264 4601 cheno
2297 4546 2465 4598 simul
2496 4550 2553 4598 et
2599 4545 2658 4598 in
2697 4547 3144 4601 Chalcedonensi
3173 4548 3506 4618 praicipitur
3535 4552 3598 4602 ut
3627 4549 3787 4621 fugi-

2084 4635 2186 4688 tivi
2211 4635 2400 4688 clerici
2432 4637 2489 4688 et
2515 4634 2806 4704 peregrini
2831 4651 2864 4688 a
2895 4637 3050 4690 nullo
3085 4636 3452 4707 recipiantur,
3486 4653 3592 4692 nec
3621 4638 3788 4693 ordi-

2085 4727 2316 4788 nentur,
2348 4722 2456 4776 nisi
2499 4738 2628 4776 cum
2668 4724 3150 4778 commendatitiis
3193 4724 3415 4793 litteris,
3449 4729 3504 4779 et
3535 4727 3622 4780 sui
3658 4727 3785 4798 epi-

2087 4810 2243 4881 sc0pi
2273 4811 2359 4862 vel
2386 4809 2607 4863 abbatis
2636 4811 2885 4866 licentia.

2087 4898 2215 4952 CAP.
2259 4898 2510 4952 CXXXIX.
2555 4927 2617 4937 —
2696 4901 2761 4953 Ut
2824 4901 3100 4967 peregrini
3161 4900 3344 4954 clerici
3416 4903 3529 4955 sine
3583 4902 3788 4956 litteris

2484 4971 2573 5022 sui
2599 4971 2838 5039 episcopi
2875 4985 2980 5024 non
3018 4973 3375 5039 recipiantur.

2159 5057 2271 5124 (Em
2299 5057 2488 5111 concil.
2540 5057 2813 5126 Chalced,
2846 5073 2968 5126 cap.
3026 5058 3130 5128 t3.)
3179 5044 3518 5130 Peregrinos
3548 5059 3787 5114 clericos

2089 5149 2146 5198 et
2224 5145 2486 5214 lectores,
2541 5145 2601 5198 in
2655 5146 2768 5200 alia
2835 5145 3082 5212 civitate,
3137 5153 3345 5216 praeter
3413 5149 3785 5203 commenda-

2088 5233 2242 5286 titias
2288 5232 2503 5296 litteras
2548 5234 2635 5288 sui
2679 5235 2956 5306 episcopi,
3007 5251 3292 5307 nusquam
3331 5235 3560 5306 penitus
3609 5237 3786 5292 mini-

2088 5327 2266 5376 strare
2295 5322 2521 5377 debere.

2089 5411 2216 5465 CAP.
2260 5411 2402 5465 CXL.
2437 5443 2504 5450 —
2538 5414 2606 5466 Ut
2633 5413 2817 5467 clerici
2836 5415 2894 5466 in
2920 5414 3099 5467 aliena
3131 5415 3348 5468 civitate
3369 5428 3474 5467 non
3505 5421 3783 5482 maneant,

2281 5484 2393 5536 nisi
2421 5486 2699 5552 episcopus
2729 5485 2832 5538 loci
2857 5499 3028 5539 mores
3057 5499 3238 5539 eorum
3262 5484 3583 5553 pravideat.

2160 5571 2279 5636 (Ea:
2307 5573 2495 5626 concil.
2531 5572 2816 5640 Carthag.,
2842 5587 2962 5642 cap.
3007 5575 3118 5639 35.)
3151 5574 3222 5628 Ut
3265 5572 3454 5628 clerici
3497 5572 3559 5626 in
3595 5573 3786 5630 aliena
