3956 6302
112 355 219 405 649

1059 354 1537 410 DECRETORUM
1578 356 1761 413 LIBRI
1801 356 1907 413 XX.
1948 386 2018 395 —
2058 356 2271 412 LIBER
2310 353 2700 412 SECUNDUS.

3516 357 3621 411 650

111 476 341 531 civitate
392 492 510 531 non
555 476 959 543 immorentur,
996 476 1107 530 nisi
1153 493 1351 531 causas
1385 494 1587 532 eorum
1630 478 1813 549 justas
1842 482 1888 533 A
1925 478 2347 549 ingrediuntur,
2394 476 2585 546 turpia
2643 476 2801 530 lucra
2847 478 3157 543 sectantur,
3204 481 3262 531 et
3308 476 3623 532 diversissi-

115 566 421 637 episcopus
465 566 574 619 Loci
626 567 708 618 vel
762 564 1074 635 presbyteri
1132 566 1388 619 locorum
1443 566 1817 636 perviderint.

114 655 245 709 CAP.
301 654 477 709 CXLI.
554 685 623 692 -—
671 657 743 707 De
815 654 1023 707 clericis
1075 658 1125 707 et
1179 656 1476 720 monachis,
1555 658 1653 723 qui
1706 657 1821 708 sine

513 726 707 778 litteris
742 728 980 793 episcopi
1011 728 1103 776 sui
1132 730 1428 791 vagantur.

190 813 300 883 (Ea:
330 813 510 867 eodem
555 814 766 879 concil.,
814 828 934 881 cap.
970 813 1084 881 36.)
1138 812 1367 865 Clericis
1397 812 1483 864 vel
1528 812 1821 865 monachis

119 902 245 955 sine
301 900 786 954 commendatitiis
836 900 1093 970 epistolis
1152 899 1405 970 episeopi
1454 899 1542 953 sui
1592 900 1821 953 licentia

121 1006 237 1043 non
266 994 461 1060 pateat
486 989 782 1059 evagandi.

518 1079 647 1133 CAP.
680 1078 885 1132 CXLII.
920 1107 991 1116 —
1023 1078 1103 1130 De
1134 1076 1319 1131 eadem
1348 1092 1424 1130 re.

191 1168 307 1232 (Em
363 1168 543 1221 eodem
594 1168 777 1221 concil.
840 1182 959 1235 cap.
1032 1166 1138 1234 37.)
1197 1165 1427 1220 Clericis
1478 1165 1599 1218 sine
1665 1181 1820 1218 com-

121 1256 477 1310 mendatitiis
530 1255 785 1326 epistolis
828 1253 1081 1324 episcopi
1106 1253 1194 1307 sui
1227 1254 1456 1307 licentia
1485 1270 1602 1307 non
1634 1256 1822 1323 pateat

121 1344 422 1414 evagandi,
472 1343 534 1397 in
580 1342 875 1397 monachis
922 1358 1151 1413 quoque
1192 1341 1491 1411 praesentis
1523 1342 1820 1395 sententiae

122 1435 309 1487 forma
336 1434 612 1485 servetur.

122 1524 251 1576 CAP.
306 1520 531 1573 CXLIII.
585 1549 653 1558 —
687 1521 753 1573 Ut
794 1520 1131 1587 pauperibus
1171 1523 1221 1571 et
1250 1518 1617 1585 indigentibus
1662 1521 1822 1573 auri-

190 1593 504 1713 lio,.qi€iium
554 1592 995 1659 proﬁciscuntur,
1040 1588 1291 1658 paciﬁcis
1340 1590 1538 1643 litteris
1583 1591 1656 1642 sit
1700 1590 1824 1642 sub-

187 1677 380 1714 vemen
425 1676 534 1714 um.

330 1750 518 1846 concil.
556 1748 829 1846 claimed,
881 1763 1000 1816 cap.
1039 1746 1147 1846 lnl
1198 1747 1409 1846 Omnes
1452 1763 1737 1846 Ρδξλρθτθεζ
1765 1752 1820 1801 et
1851 1761 1891 1815 Β
1930 1746 2126 1846 ιιιίιξω,

121 1836 449 1906 indigentes
493 1836 723 1902 auxilio,
774 1852 903 1890 cum
945 1836 1412 1905 proﬁciscuntur,
1460 1836 1564 1889 sub
1612 1836 1822 1905 proba-

123 1924 302 1993 tione,
358 1924 612 1994 epistolis
669 1924 755 1977 vel
812 1923 1205 1977 ecclesiasticis
1260 1923 1512 1993 paciticis
1562 1928 1821 1976 tantum—

124 2013 295 2067 modo
329 2012 721 2066 commendari
761 2012 1134 2077 decrevimus,
1168 2018 1220 2065 et
1255 2027 1370 2064 non
1411 2011 1820 2065 commendati-

123 2101 218 2155 tiis
250 2100 477 2169 litteris,
526 2105 828 2170 propterea
876 2101 1026 2169 quod
1071 2100 1559 2153 commendatitias
1608 2100 1822 2153 litteras

125 2188 597 2243 honoratioribus
643 2189 1043 2242 tantummodo
1082 2188 1343 2258 praestari
1383 2187 1641 2258 personis
1682 2204 1822 2241 con-

124 2279 339 2331 veniat.

126 2367 252 2420 CAP.
313 2364 534 2419 CXLIV.
565 2395 632 2403 —
688 2366 753 2417 Ut
805 2364 892 2417 illi
935 2364 1119 2417 clerici
1163 2366 1259 2431 qui
1316 2367 1374 2416 in
1418 2365 1562 2417 alias
1604 2366 1822 2431 provin-

193 2439 308 2491 cias
334 2451 456 2489 suos
483 2440 781 2502 sequuntur
801 2436 1054 2499 seniores,
1096 2436 1209 2488 sine
1227 2437 1471 2501 formata
1506 2436 1823 2489 ministrare

191 2522 300 2560 non
326 2508 682 2574 permittitur.

192 2595 305 2661 (Ea:
339 2595 551 2659 concil.,
583 2593 863 2658 Meldensi,
910 2606 1032 2661 cap.
1066 2591 1142 2661 2.)
1187 2591 1294 2655 Qui
1328 2607 1457 2645 cum
1503 2591 1821 2645 senioribus

124 2682 243 2735 suis
276 2682 347 2737 de
377 2681 502 2735 aliis
545 2680 856 2751 provinciis
887 2680 945 2733 in
974 2679 1145 2733 aliam
1178 2680 1528 2750 provinciam
1560 2680 1821 2750 veniunt,

124 2771 249 2824 sine
301 2771 549 2824 formata
603 2768 931 2822 ministrare
987 2784 1101 2821 non
1150 2769 1596 2839 permittantur;
1647 2783 1819 2839 quam

124 2858 229 2911 etsi
278 2858 576 2911 attulerint
623 2864 680 2910 et
725 2856 1049 2911 ministrare
1096 2857 1290 2910 idonei
1332 2856 1547 2910 inventi
1584 2856 1819 2925 fuerint,

124 2947 484 2999 instruantur
535 2961 707 3016 quam
757 2944 1025 3014 religiose
1075 2948 1248 3015 atque
1296 2944 1549 2997 studiose
1597 2960 1817 2998 sacrum

126 3033 510 3087 ministerium
560 3036 873 3101 peragant,
939 3036 995 3085 et
1045 3031 1108 3084 in
1164 3031 1371 3101 quibus
1444 3032 1581 3085 locis
1649 3048 1817 3103 agere
1853 3030 1892 3084 C

125 3121 390 3175 debeant.

125 3211 253 3264 CAP.
288 3207 480 3262 CXLV.
531 3235 603 3247 —
639 3207 792 3273 Quod
839 3208 1029 3261 clerico
1077 3222 1183 3260 non
1232 3208 1389 3259 liceat
1435 3208 1642 3261 alienas
1690 3224 1816 3277 pos-

191 3281 453 3363 sessiones
524 3278 832 3343 conducere,
890 3284 987 3332 aut
1063 3278 1412 3332 saecularibus
1466 3293 1522 3332 se
1587 3282 1818 3347 negotiis

193 3364 510 3403 immiscere.

194 3439 317 3507 (Ea:
344 3438 531 3491 concil.
581 3436 849 3501 Chalced.,
900 3452 1019 3506 cap.
1058 3436 1132 3507 3.)
1170 3435 1433 3490 Pervenit
1464 3437 1532 3490 ad
1565 3442 1817 3491 sanctam

122 3526 407 3596 synodum
438 3524 590 3595 quod
623 3524 877 3595 quidam,
909 3524 1009 3595 qui
1050 3525 1108 3577 in
1151 3524 1303 3578 clero
1335 3524 1602 3579 videntur
1632 3524 1815 3592 electi,

123 3618 365 3684 propter
410 3613 566 3666 lucra
594 3613 787 3683 turpia
832 3612 1200 3666 conductores
1238 3612 1556 3666 alienarum
1603 3629 1821 3683 posses-

124 3702 355 3755 sionum
412 3700 572 3763 ﬁant,
633 3705 688 3754 et
739 3699 1031 3754 saecularia
1086 3700 1319 3770 negotia
1366 3701 1471 3755 sub
1529 3718 1665 3755 cura
1718 3718 1820 3754 sua

126 3789 435 3860 suscipiant
466 3808 481 3843 :
522 3788 616 3842 Dei
642 3788 874 3859 quidem
905 3788 1286 3842 ministerium
1320 3788 1818 3860 parvipendeutes,

126 3877 471 3931 secularium
503 3893 635 3929 vero
681 3877 1063 3930 discurrentes
1094 3893 1199 3947 per
1247 3878 1464 3943 domos,
1495 3883 1549 3931 et
1589 3884 1821 3948 propter

126 3962 423 4017 avaritiam
473 3960 954 4030 patrimoniorum
1010 3960 1455 4014 sollicitudinem
1508 3968 1816 4016 sumentes.

127 4050 388 4106 Decrevit
418 4049 608 4120 itaque
641 4054 898 4103 sanctum
927 4049 1252 4117 concilium,
1286 4051 1510 4103 nullum
1531 4050 1817 4121 deinceps,

125 4156 245 4193 non
292 4137 647 4208 episcopum,
682 4153 801 4191 non
838 4136 1131 4198 clericum,
1163 4153 1279 4190 non
1322 4139 1689 4206 monachum,
1725 4145 1822 4192 aut

124 4226 515 4299 possessiones
573 4225 929 4291 conducere,
988 4235 1087 4279 aut
1143 4224 1390 4294 negotiis
1452 4227 1820 4280 saecularibus

128 4330 185 4367 se
220 4313 477 4379 miscere,
524 4318 731 4383 praeter
761 4312 1271 4367 ecclesiasticarum
1318 4330 1511 4368 rerum
1544 4314 1818 4367 sollicitu-
1849 4308 1891 4360 Ι)

132 4403 345 4456 dinem.

129 4492 257 4546 CAP.
292 4491 511 4547 CXLVI.
546 4520 613 4529 —
645 4492 711 4545 Ut
740 4491 923 4545 nullus
946 4491 1116 4545 laicus
1138 4491 1513 4562 presbyterum
1537 4506 1693 4546 suum
1721 4492 1821 4546 vil-

527 4562 773 4615 licationi
795 4563 1078 4631 implicare
1104 4567 1419 4630 prasamat.

200 4651 309 4721 (Em
354 4651 542 4704 concil.
593 4650 874 4715 Meldensi,
923 4665 1044 4719 cap.
1089 4649 1169 4718 6.)
1201 4650 1335 4703 Item
1379 4650 1698 4720 jubendum
1739 4654 1823 4704 est

126 4744 191 4793 ut
218 4755 390 4793 nemo
440 4738 711 4791 laicorum
760 4738 1123 4809 presbyteros
1164 4739 1536 4793 Ecclesiarum
1589 4756 1821 4793 suarum

127 4828 285 4898 turpi
310 4825 665 4894 villicationi,
698 4830 753 4879 et
778 4826 1094 4880 secundum
1126 4827 1448 4895 apostolum
1482 4828 1739 4881 saeculari
1768 4832 1824 4882 et

126 4917 443 4970 inhonestae
474 4913 843 4985 negotiationi
874 4915 1191 4985 implicare,
1225 4931 1329 4968 nec
1354 4932 1543 4969 secum
1578 4917 1823 4971 aliorum

110 5010 324 5059 .contra
352 5005 750 5058 auctoritatem
787 5007 1101 5071 praesumat
1144 5003 1371 5069 ducere,
1420 5020 1532 5075 quo
1567 5005 1822 5060 ministe-

126 5094 278 5147 rium
308 5093 415 5146 sibi
464 5091 832 5145 commissum
884 5096 1161 5161 cogantur
1204 5091 1515 5162 negligere.
1567 5092 1730 5156 Quod
1778 5094 1825 5148 si

127 5182 247 5236 haec
279 5179 585 5235 interdicta
614 5178 1067 5249 praesumpserit,
1101 5178 1643 5234 excommunicetur.

128 5272 257 5326 CAP.
291 5269 538 5324 CXLVII.
594 5271 667 5322 De
695 5269 806 5321 illis
851 5267 1181 5336 presbyteris
1234 5270 1330 5335 qui
1383 5272 1573 5320 contra
1615 5272 1826 5320 statuta

199 5355 464 5395 canonum
516 5340 689 5393 villici
744 5341 903 5407 fiunt,
960 5342 1009 5391 et
1061 5339 1191 5391 aliis
1247 5338 1356 5391 sibi
1404 5353 1511 5391 non
1567 5340 1824 5392 concessis

200 5412 553 5481 implicantur
589 5411 846 5475 negociis,
876 5410 1140 5476 victisque
1168 5424 1275 5463 non
1306 5408 1678 5462 admittendis.

202 5500 310 5570 (Ea:
339 5496 545 5566 eodem,
585 5512 707 5566 cap.
759 5495 835 5567 5.)
882 5495 1158 5550 Similiter
1202 5496 1271 5550 de
1321 5494 1433 5548 illis
1478 5495 1826 5566 presbyteris

135 5588 234 5660 qui
282 5589 482 5642 contra
530 5587 741 5638 statuta
791 5599 1078 5639 canonum
1122 5582 1297 5641 villici
1339 5582 1507 5653 ﬁunt,
1560 5582 1826 5640 tabernas

486 5692 763 5759 PATBOL.
813 5690 987 5759 CXL.

1928 567 2036 621 mis
2097 567 2279 621 modis
2339 565 2528 619 usuris
2596 564 2940 630 inserviunt,
3001 568 3057 617 et
3124 566 3367 619 aliorum
3424 566 3622 620 domos

1929 655 2228 710 inhoneste
2278 661 2334 708 et
2382 653 2669 724 impudice
2722 654 3111 724 frequentant,
3159 659 3213 707 et
3256 655 3624 709 comessatio-

1930 745 2097 797 nibus
2142 748 2198 797 et
2245 742 2615 797 ebrietatibus
2662 742 2948 796 deservire
2994 759 3111 795 non
3158 743 3521 809 erubescunt,
3568 747 3626 796 et

1931 848 2034 903 per
2064 832 2312 885 diversos
2361 835 2643 885 mercatus
2689 831 2994 885 indiscrete
3028 830 3375 899 discurrunt,
3426 832 3624 885 obser-

1930 921 2183 974 vandum
2232 919 2615 989 judicavimus
2676 923 2742 973 ut
2791 919 2861 973 ab
2916 919 3049 973 hinc
3108 919 3361 973 districte
3420 919 3624 973 severi-

1930 1012 2131 1078 terque
2162 1011 2512 1075 corceautur,
2538 1023 2609 1060 ne
2630 1023 2735 1078 per
2764 1023 2961 1060 eorum
2994 1007 3255 1061 illicitam
3281 1014 3338 1061 et
3360 1008 3627 1061 indecen-

1856 1136 1859 1137 ν
1930 1102 2048 1150 tem
2099 1096 2407 1162 actionem,
2440 1101 2496 1150 et
2523 1096 2905 1151 ministerium
2937 1096 3283 1150 sacerdotale
3332 1096 3627 1167 vitupere-

1930 1189 2042 1250 tur,
2077 1191 2132 1238 et
2182 1184 2388 1255 quibus
2441 1185 2757 1238 debuerant
2805 1200 2924 1238 esse
2973 1184 3033 1238 in
3082 1185 3409 1255 exemplum
3447 1185 3619 1239 deve-

1932 1272 2093 1326 niant
2121 1271 2182 1325 in
2212 1272 2565 1326 scandalum.

1931 1360 2059 1414 CAP.
2149 1360 2423 1414 CXLVIII.
2505 1359 2655 1415 Nulli
2738 1361 3079 1421 clericorum,
3155 1374 3218 1413 ne
3294 1358 3621 1412 subdiacono

2187 1432 2403 1499 quidem
2431 1431 2750 1485 connubium
2782 1433 3000 1484 carnale
3035 1430 3361 1484 conceditur.

2003 1515 2113 1587 (Ea:
2142 1518 2300 1585 epist.
2357 1518 2540 1571 Leonis
2570 1533 2749 1585 papa,
2796 1532 2916 1585 cap.
2967 1517 3047 1580 4.)
3078 1517 3216 1569 Nam
3256 1530 3436 1585 quum
3465 1518 3623 1568 extra

1930 1603 2269 1656 clericorum
2300 1603 2561 1657 ordinem
2601 1603 2944 1668 constitutis,
2976 1602 3311 1672 nuptiarum
3342 1599 3620 1666 societati,

1930 1696 1987 1746 et
2032 1690 2418 1762 procreationi
2478 1690 2730 1744 ﬁliorum
2780 1690 3006 1743 studere
3053 1690 3125 1742 sit
3170 1689 3416 1743 liberum
3465 1688 3622 1743 arbi-

2168 1779 2236 1832 ad
2287 1778 2666 1832 exhibendam
2714 1783 2907 1832 tamen
2950 1777 3218 1848 perfecta:
3258 1777 3623 1831 continentiae

1929 1868 2259 1938 puritatem,
2345 1884 2449 1921 nec
2519 1866 2885 1921 subdiaconis
2954 1866 3187 1936 quidem
3269 1866 3623 1919 connubium

1931 1958 2154 2011 carnale
2202 1956 2550 2024 conceditur,
2600 1959 2662 2009 ut
2690 1960 2745 2008 et
2795 1954 2894 2025 qui
2940 1954 3172 2019 habent,
3204 1949 3618 2023 sint'tanquam

1929 2060 2047 2097 non
2082 2044 2375 2110 habentes,
2426 2048 2481 2096 et
2511 2043 2610 2114 qui
2659 2059 2771 2096 non
2802 2042 3032 2106 habent,
3082 2046 3458 2111 permaneant
3502 2041 3619 2095 sin-

1929 2134 2182 2202 gulares.
2239 2131 2402 2195 Quod
2436 2131 2574 2184 siin
2622 2131 2731 2184 hoc
2775 2129 2996 2195 ordine,
3046 2128 3144 2199 qui
3195 2135 3432 2199 quartus
3479 2135 3623 2183 esta

1929 2221 2134 2290 capite,
2169 2219 2408 2289 dignum
2441 2224 2522 2273 est
2552 2218 2848 2287 custodiri,
2880 2223 3095 2288 quanto
3132 2216 3314 2286 magis
3343 2217 3402 2269 in
3431 2206 3639 2286 primo.

1928 2313 2027 2362 aut
2082 2308 2329 2361 secundo
2382 2307 2616 2361 tertiove
2670 2306 3014 2360 servandum
3061 2310 3164 2371 est,
3215 2321 3288 2358 ne
3336 2311 3435 2358 aut
3483 2303 3626 2359 levi-

1930 2396 2041 2450 tico
2092 2401 2192 2449 aut
2238 2395 2614 2465 presbyterali
2662 2395 2903 2462 honore,
2949 2397 3049 2447 aut
3096 2393 3404 2464 episcopali
3440 2394 3622 2446 excel-

1929 2485 2106 2539 lentia
2161 2485 2467 2555 quisquam
2522 2484 2764 2537 idoneus
2821 2483 3138 2536 aestimetur
3187 2481 3286 2552 qui
3342 2498 3401 2535 se
3448 2498 3480 2534 a
3526 2498 3619 2534 vo-

1928 2574 2143 2642 luptate
2176 2573 2379 2625 uxoria
2407 2572 2649 2626 necdum
2681 2572 2933 2625 frenasse
2962 2570 3247 2639 detegitur
3267 2570 3294 2622 ?

1931 2664 2057 2715 CAP.
2087 2661 2302 2715 CXLIX.
2339 2690 2407 2698 —
2438 2662 2511 2713 De
2538 2659 2879 2727 principibus
2910 2660 3007 2725 qui
3034 2659 3201 2710 solent
3230 2672 3354 2711 suos
3377 2656 3622 2711 sacerdo-

2249 2737 2323 2784 tes
2358 2732 2676 2783 ministeriis
2697 2729 2994 2798 judicandi
3019 2728 3296 2799 deputare.

1997 2820 2113 2889 (Em
2168 2819 2356 2873 concil.
2420 2819 2691 2886 Toletano,
2745 2832 2866 2887 cap.
2926 2816 3037 2887 31.)
3091 2816 3248 2885 Saepe
3305 2814 3617 2886 principes,

1929 2912 2130 2962 contra
2184 2906 2472 2977 quoslibet
2522 2906 2833 2975 majestatis
2892 2904 3186 2971 obnoxios,
3237 2903 3621 2957 sacerdotibus

1928 2996 2161 3065 negotia
2202 3010 2305 3047 sua
2348 2994 2735 3047 committunt.
2770 2994 2840 3047 Et
2868 2992 3005 3064 quia
3052 2992 3372 3046 sacerdotes
3395 3008 3428 3044 a
3460 2992 3621 3046 Chri-

1929 3090 2013 3139 sto
2062 3084 2132 3137 ad
2163 3082 2546 3136 ministerium
2595 3082 2796 3136 salutis
2842 3081 3005 3135 electi
3056 3084 3206 3147 sunt,
3256 3079 3338 3133 ibi
3375 3096 3621 3134 consen-

1926 3173 2070 3226 tiant
2120 3172 2349 3241 regibus
2379 3171 2507 3225 fieri
2544 3171 2761 3240 judices
2803 3170 2901 3223 ubi
2926 3168 3305 3239 jurejurando
3353 3168 3622 3238 supplicii

1927 3259 2289 3329 indulgentia
2320 3258 2695 3329 promittitur,
2728 3274 2844 3311 non
2875 3257 2974 3310 ubi
3004 3256 3349 3309 discriminis
3393 3260 3617 3308 senten-

1924 3348 2003 3401 tia
2031 3352 2406 3417 praeparatur.
2442 3346 2498 3401 Si
2529 3346 2655 3416 quis
2686 3346 2857 3399 etiam
2890 3344 3249 3397 sacerdotum
3284 3349 3483 3397 contra
3512 3343 3621 3396 hoc

1925 3451 2231 3489 commune
2278 3435 2607 3487 consultum
2661 3433 2946 3487 discussor
2993 3432 3051 3484 in
3099 3432 3299 3484 alienis
3348 3431 3617 3499 periculis

1925 3524 2221 3589 exstiterit,
2257 3523 2327 3575 sit
2368 3538 2499 3575 reus
2542 3520 2707 3574 eﬂ‘usi
2757 3519 3054 3590 sanguinis
3104 3519 3255 3589 apud
3305 3519 3614 3585 Christum,

1925 3616 1980 3665 et
2012 3612 2162 3682 apud
2194 3610 2495 3665 Ecclesiam
2522 3609 2726 3680 perdat
2750 3608 3047 3679 proprium
3083 3608 3344 3676 gradum.

1926 3720 2053 3773 CAP.
2087 3718 2189 3772 CL.
2225 3747 2289 3754 —
2320 3718 2393 3769 De
2421 3716 2533 3769 illis
2576 3716 2672 3782 qui
2702 3715 2815 3767 Deo
2853 3715 3053 3767 servire
3087 3712 3400 3781 disponunt,
3433 3716 3493 3766 ut
3522 3712 3621 3765 ad-

2171 3789 2625 3841 ministrationem
2650 3785 2928 3838 domorum
2958 3800 3063 3837 non
3093 3784 3369 3837 accedant.

1998 3877 2103 3945 (Ea:
2134 3874 2320 3929 concil.
2359 3873 2675 3939 Carthagi.,
2717 3888 2833 3940 cap.
2868 3870 2947 3941 7.)
2984 3869 3236 3923 Nicasius
3266 3869 3623 3923 Evastitanus

1930 3965 2239 4034 Episcopus
2272 3962 2415 4016 dixit
2452 3978 2464 4015 :
2501 3963 2677 4017 Credo
2708 3962 2932 4030 placere
2976 3958 3401 4029 suggestionem
3435 3973 3625 4011 meam

1927 4051 2213 4107 sanctitati
2240 4056 2461 4116 vestrae,
2504 4056 2559 4103 et
2603 4049 2903 4118 displicere
2949 4047 3107 4099 vobis
3140 4046 3331 4115 utqui
3370 4046 3625 4099 serviunt

1930 4144 2070 4205 Deo,
2104 4146 2160 4193 et
2189 4139 2392 4192 annexi
2424 4144 2553 4192 sunt
2601 4138 2773 4199 clero,
2805 4136 3082 4189 accedant
3120 4135 3188 4187 ad
3222 4138 3398 4203 actus,
3432 4140 3489 4187 et
3519 4134 3625 4187 ad-

1928 4228 2409 4283 ministrationem
2442 4227 2527 4279 vel
2562 4224 3024 4296 procurationem
3055 4223 3380 4276 domorum.

1931 4320 2059 4372 CAP.
2094 4317 2218 4370 CLI.
2264 4344 2337 4356 —
2384 4317 2520 4368 Item
2558 4317 2607 4367 si
2638 4315 2795 4367 liceat
2846 4313 3085 4378 aliquem
3136 4327 3203 4365 ea:
3251 4313 3391 4366 clero
3420 4310 3622 4365 condu-

2411 4390 2605 4439 ctorem
2635 4386 2977 4453 privatorum
3006 4384 3138 4449 ﬁeri

2002 4474 2109 4545 (Ea:
2168 4475 2368 4542 eodem,
2427 4489 2545 4542 cap.
2610 4473 2718 4538 14.)
2779 4471 2918 4524 Item
2977 4469 3183 4540 placuit
3230 4474 3294 4523 ut
3343 4468 3619 4540 episcopi,

1930 4563 2247 4635 presbyteri
2297 4567 2352 4616 et
2380 4562 2604 4615 diaconi
2650 4561 2735 4614 vel
2768 4558 2957 4613 clerici
3002 4575 3115 4612 non
3163 4558 3275 4611 sint
3316 4558 3624 4612 conducto-

1933 4669 2023 4705 res
2059 4656 2158 4704 aut
2201 4656 2594 4721 procuratores
2644 4652 3018 4719 privatorum,
3071 4662 3256 4717 neque
3305 4647 3421 4701 ullo
3468 4647 3625 4718 turpi

1932 4741 2019 4794 vel
2053 4739 2358 4792 inhonesto
2389 4738 2619 4807 negotio
2653 4738 2862 4790 victum
2895 4740 3175 4806 quaerant,
3211 4735 3346 4807 quia
3374 4735 3625 4805 respice-

1932 4845 1995 4882 re
2025 4827 2234 4883 debent
2263 4827 2535 4897 scriptum
2563 4842 2684 4880 esse
2719 4843 2731 4879 :
2767 4826 2945 4879 Nemo
2980 4824 3230 4878 militans
3259 4826 3394 4893 Deo,
3427 4824 3625 4895 impli-

1934 4922 2025 4971 cat
2053 4932 2110 4969 se
2137 4915 2381 4985 negotiis
2412 4914 2799 4968 saecularibus.

1934 5005 2061 5060 CAP.
2096 5002 2251 5057 CLII.
2283 5032 2352 5051 -.—-
2388 5004 2455 5057 Ut
2496 5004 2545 5055 si
2575 5002 2801 5070 quilibet
2831 5003 3117 5057 ordinatus
3158 5003 3315 5067 infra
3338 5016 3519 5056 muros
3550 5002 3625 5054 ci-

2004 5077 2191 5129 vitatis
2247 5088 2488 5139 manens,
2566 5073 2639 5126 ad
2693 5076 3017 5141 sacriﬁcium
3084 5072 3464 5141 quotidianum
3520 5086 3628 5125 non

2004 5147 2229 5212 venerit,
2260 5144 2485 5198 clericus
2515 5159 2618 5198 non
2647 5144 2935 5197 habeatur.

2004 5236 2113 5301 (Ea:
2144 5234 2333 5288 concil.
2389 5234 2658 5299 Toletano,
2709 5247 2830 5301 cap.
2884 5232 2960 5302 ὃ.)
3008 5231 3329 5301 Presbyter,
3376 5231 3466 5284 vel
3506 5229 3627 5284 dia-

1936 5338 2137 5391 conus,
2170 5322 2257 5376 vel
2304 5321 2707 5388 subdiaconus,
2742 5321 2826 5374 vel
2874 5320 3116 5391 quilibet
3146 5318 3406 5373 Ecclesiae
3449 5319 3627 5389 depu-

1935 5414 2085 5464 tatus
2129 5410 2386 5477 clericus,
2422 5410 2471 5463 si
2512 5411 2661 5464 intra
2708 5408 2997 5463 civitatem
3046 5407 3238 5473 fuerit,
3286 5408 3373 5461 vel
3420 5407 3632 5461 inloco

1935 5497 1996 5552 in
2024 5514 2139 5569 quo
2188 5499 2426 5553 ecclesia
2454 5503 2559 5562 est,
2611 5502 2709 5553 aut
2738 5498 2797 5551 in
2828 5496 3074 5562 castello,
3128 5501 3227 5550 aut
3270 5495 3330 5550 in
3358 5495 3505 5562 vico,
3536 5500 3633 5549 aut

1936 5584 2000 5640 in
2028 5584 2186 5655 villa,
2219 5586 2263 5642 si
2311 5586 2382 5642 ad
2413 5585 2710 5643 ecclesiam
2741 5585 2813 5641 ad
2843 5582 3184 5641 sacrificium
3229 5583 3634 5656 quotidianum

3236 5698 3319 5761 21
