3956 6298
325 343 420 395 651

1399 335 1815 412 ,ΒΠΒΟΗΑΒΒΙ
1853 332 2385 390 WORMACIENSIS
2423 331 2741 388 EPISCOPI

3722 334 3830 386 652

325 479 446 518 non
502 461 741 526 venerit,
801 460 1042 516 clericus
1093 476 1211 515 non
1266 460 1562 528 habeatur,
1619 461 1664 513 si
1717 460 2022 530 castigatus
2058 462 2106 515 Α
2133 459 2454 531 specialiter
2480 462 2792 512 statuentes
2835 461 2921 524 ut,
2953 462 3164 527 praeter
3195 457 3296 512 Dei
3325 458 3662 526 sacerdotes,
3697 460 3832 513 nul-

332 569 451 606 non
481 549 585 622 [se]
622 549 1030 604 emendaverit.

760 638 891 692 CAP.
925 637 1280 692 CLIII.—De
1306 636 1488 690 eadem
1513 652 1592 690 re.

400 727 507 796 (Ειτ
557 728 745 781 concil.
800 727 1065 790 Venetico,
1117 740 1237 793 cap.
1293 725 1367 793 l.)
1421 723 1668 778 Clericus
1721 723 1820 794 qui
1872 723 2024 778 intra

329 832 528 870 muros
576 814 814 868 civitatis
859 818 1073 879 manet,
1117 820 1173 866 et
1222 813 1411 868 ea'die
1461 812 1756 866 matutinis
1795 812 2023 882 hymnis

332 905 454 957 sine
499 903 840 973 aegritudine
888 901 1150 968 defuerit,
1194 905 1414 970 septem
1451 900 1572 955 dies
1601 916 1635 954 a
1662 900 2022 954 communio-

331 1009 405 1046 ne
431 991 711 1045 habeatur
744 995 1065 1044 extraneus.

333 1098 462 1151 CAP.
498 1097 672 1151 CLIV.
724 1127 792 1135 —
826 1095 978 1162 Quod
1019 1110 1196 1149 omnes
1223 1096 1525 1149 sacerdotes
1568 1097 1784 1150 Domini
1819 1098 2025 1163 oportet

475 1168 675 1235 doceri,
705 1171 764 1220 ut
785 1171 998 1220 ceteros
1025 1168 1323 1232 instruant,
1357 1172 1410 1219 et
1439 1168 1546 1219 sibi
1570 1169 1880 1234 proﬁciant.

404 1256 516 1325 (Ex
569 1257 724 1324 epist.
791 1255 1044 1308 Anacleti
1091 1269 1251 1322 papa
1301 1254 1546 1308 omnibus
1605 1255 1774 1322 ﬁdeli.
1833 1255 2021 1320 missa,

331 1344 620 1420 capulo.)
669 1342 870 1396 Doceri
925 1358 1062 1412 ergo
1117 1357 1317 1395 omnes
1368 1347 1597 1412 oportet
1648 1341 1748 1412 qui
1796 1340 2025 1395 Domini

333 1431 650 1485 sacerdotio
706 1430 1049 1499 funguntur,
1111 1435 1174 1482 ut
1231 1436 1286 1483 et
1344 1435 1578 1484 caeteros
1634 1429 1923 1483 instruant
1972 1436 2029 1482 et

333 1519 446 1573 sibi
494 1519 815 1589 proficiant.
865 1518 1154 1588 Scriptum
1200 1523 1285 1570 est
1332 1517 1484 1572 enim
1516 1534 1530 1571 :
1557 1517 1665 1581 Qui
1713 1517 1864 1571 docti
1903 1518 2025 1570 fue-

333 1609 472 1673 rint,
505 1607 807 1677 fulgebunt
835 1606 1000 1676 quasi
1029 1606 1298 1674 splendor
1318 1606 1668 1659 ﬁrmamenti
1702 1621 1715 1659 :
1741 1611 1797 1659 et
1828 1606 1927 1676 qui
1957 1606 2029 1659 ad

330 1696 615 1766 justitiam
661 1695 932 1748 erudiunt
961 1695 1192 1758 multos,
1231 1694 1394 1763 quasi
1425 1696 1602 1747 stellae
1630 1694 1692 1746 in
1724 1698 2030 1764 perpetuas

338 1783 708 1837 aeternitates.
759 1783 825 1835 Et
872 1782 1053 1835 alibi:
1091 1783 1340 1852 Populus
1385 1788 1576 1835 autem
1621 1783 1802 1835 sciens
1852 1783 2031 1836 Deum

338 1887 508 1924 suum
560 1869 838 1924 obtinebit
885 1876 941 1922 et
987 1869 1173 1936 faciet,
1225 1875 1279 1923 et
1307 1870 1459 1924 docti
1505 1870 1566 1923 in
1612 1871 1826 1940 populo
1865 1871 2032 1924 doce-

338 1960 483 2014 bunt
530 1959 763 2012 multos.
803 1959 928 2026 Ipsa
966 1957 1120 2010 enim
1151 1957 1357 2010 veritas
1397 1974 1504 2027 per
1534 1974 1592 2011 se
1641 1957 1830 2024 infert,
1863 1963 1920 2011 et
1945 1957 2031 2012 di-

339 2048 455 2101 cit:
491 2047 694 2100 Beatus
727 2050 816 2099 est
864 2045 964 2114 qui
1014 2061 1128 2098 non
1160 2045 1332 2098 fuerit
1360 2045 1774 2100 scandalizatus
1823 2047 1881 2099 in
1916 2062 2027 2100 me.

337 2136 438 2189 Ille
468 2135 668 2206 procul
698 2134 873 2188 dubio
894 2139 977 2186 est
1007 2133 1418 2186 scandalizatus
1441 2134 1502 2186 in
1536 2135 1734 2200 Deum,
1757 2134 1857 2204 qui
1881 2140 2032 2189 recte

339 2240 456 2277 non
501 2224 683 2289 docet,
735 2227 794 2276 et
845 2221 944 2291 qui
996 2221 1117 2290 ejus
1163 2221 1508 2275 scandalizat
1553 2221 1883 2291 episcopum
1944 2223 2032 2275 vel

341 2311 711 2364 sacerdotem.

343 2419 472 2470 CAP.
507 2417 656 2470 CLV.
691 2445 755 2455 —
793 2417 860 2468 Ut
906 2415 1112 2480 singuli
1136 2415 1440 2482 presbyteri
1467 2415 1698 2482 singulis
1748 2418 1908 2468 annis
1935 2430 2033 2468 suo

507 2489 752 2555 episcopo
773 2486 838 2538 de
865 2487 1170 2538 ministerio
1197 2501 1291 2538 suo
1321 2488 1584 2538 rationem
1612 2485 1864 2538 reddant.

415 2577 520 2644 (Ea:
550 2575 736 2628 concil.
786 2576 1003 2641 Mogun.
1041 2589 1076 2626 a
1117 2574 1326 2640 Bicol/‘o
1359 2573 1599 2641 ejusdem
1647 2573 1788 2628 sedis
1821 2575 2032 2628 arehie—

336 2667 560 2734 piscopo
590 2663 792 2730 habito,
826 2677 946 2730 cap.
985 2662 1059 2731 3.)
1090 2663 1155 2716 Ut
1184 2661 1577 2732 unusquisque
1607 2662 1904 2732 presbyter
1930 2678 2036 2732 per

344 2752 601 2821 singulos
629 2767 807 2804 annos
851 2750 1117 2820 episcopo
1147 2766 1250 2803 suo
1283 2750 1566 2802 rationem
1611 2750 1913 2804 ministerii
1945 2750 2036 2803 sui

341 2840 564 2903 reddat,
613 2845 731 2892 tam
783 2839 852 2892 de
893 2838 1008 2892 ﬁde
1057 2838 1352 2905 catholica,
1403 2853 1574 2907 quam
1615 2838 1684 2891 de
1726 2838 2033 2908 baptismo,

343 2932 516 2997 atque
545 2927 614 2979 de
647 2927 804 2979 omni
839 2925 1041 2979 ordine
1074 2925 1375 2979 ministerii
1410 2925 1517 2979 sui.

2129 550 2220 602 lus
2249 548 2458 603 audeat
2486 546 2800 618 praedicare
2848 562 2947 600 seu
2977 547 3315 616 monachus,
3350 547 3468 602 sive
3496 547 3595 602 ille
3628 548 3827 612 laicus,

2131 636 2233 706 qui
2263 635 2572 706 cujuslibet
2603 634 2856 688 scientiae
2888 635 3124 688 nomine
3152 635 3450 704 glorietur.

2131 742 2258 796 CAP.
2297 741 2467 796 CLIX.
2500 771 2566 780 —
2618 742 2684 794 Ut
2708 740 3052 809 parochiarii
3088 742 3271 794 clerici
3309 741 3376 794 ab
3403 743 3668 810 episcopis
3715 743 3833 795 suis

2733 827 2956 864 canones
2989 811 3224 864 discant.

2202 903 2310 967 (Ea:
2338 900 2528 954 consil.
2558 899 2815 953 Aurelia.
2857 915 3003 968 cap.,
3036 898 3108 966 6.)
3157 900 3225 953 Ut
3255 899 3599 968 parochiarii
3638 900 3834 955 clerici

2131 1003 2166 1041 a
2204 987 2572 1058 pontificibus
2625 988 2743 1040 suis
2774 987 3094 1040 necessaria
3138 987 3249 1040 sibi
3287 993 3499 1041 statuta
3540 1005 3831 1042 canonum

2131 1075 2374 1146 legenda
2416 1075 2758 1146 percipiant,
2789 1091 2863 1128 ne
2907 1075 2992 1128 rei
3023 1073 3134 1144 ipsi
3177 1075 3263 1128 vel
3295 1076 3499 1146 populi
3548 1093 3681 1147 qum
3727 1093 3834 1146 per

2132 1165 2376 1218 salutem
2405 1178 2606 1216 eorum
2638 1163 2864 1216 decreta
2892 1167 3045 1228 sunt,
3077 1167 3350 1216 excusent
3379 1180 3438 1217 se
3464 1165 3832 1233 postmodum

2132 1252 2449 1322 ignorasse.

2136 1358 2264 1411 CAP.
2311 1356 2455 1411 CLX.
2510 1387 2576 1395 —
2624 1355 2775 1423 Quod
2819 1357 2960 1438 nulli
3005 1356 3342 1411 sacerdotum
3399 1371 3625 1412 canones
3673 1357 3834 1412 liceat

2843 1442 3116 1494 ignorare.

2209 1515 2321 1584 (Ea:
2359 1517 2516 1584 epist.
2569 1515 2755 1570 Celest.
2801 1529 2978 1583 papae,
3012 1531 3132 1584 cap.
3183 1515 3297 1584 20.)
3347 1515 3668 1570 Celestinus
3699 1515 3834 1570 uni-

2137 1604 2314 1656 versis
2358 1602 2640 1672 episcOpis
2685 1618 2791 1671 per
2834 1602 3099 1672 Apuliam
3148 1608 3205 1656 et
3255 1602 3572 1656 Calabriam
3621 1603 3837 1657 consti-

2139 1692 2297 1744 tutis.
2350 1691 2502 1744 Nulli
2549 1691 2831 1744 sacerdoti
2879 1708 3012 1744 suos
3055 1691 3225 1744 liceat
3266 1707 3509 1745 canones
3541 1692 3837 1762 ignorare,

2143 1796 2246 1833 nec
2300 1779 2614 1850 quidquam
2665 1780 2848 1832 facere
2915 1781 3070 1850 quod
3120 1782 3350 1833 Patrum
3397 1781 3578 1850 possit
3624 1782 3842 1851 regulis

2144 1867 2392 1921 obviare.
2429 1867 2566 1930 Quae
2611 1867 2765 1919 enim
2794 1883 2827 1919 a
2857 1866 3022 1920 nobis
3069 1883 3160 1920 res
3194 1867 3370 1937 digna
3415 1869 3759 1937 servabitur,
3790 1869 3840 1921 si

2143 1954 2512 2010 decretalium
2545 1971 2750 2007 norma
2795 1956 3230 2008 constitutorum
3275 1972 3378 2024 pro
3419 1957 3749 2027 aliquorum
3781 1958 3845 2010 li-

2141 2043 2285 2110 bitu,
2320 2043 2545 2096 licentia
2574 2041 2802 2112 populis
2832 2043 3130 2113 permissa,
3163 2045 3507 2114 frangatur?

2145 2149 2271 2203 CAP.
2333 2149 2504 2203 CLXI.
2575 2179 2642 2186 --
2700 2150 2782 2202 De
2843 2150 3176 2217 presbyteris
3241 2151 3650 2219 parochialibus
3721 2169 3843 2206 cum

2373 2222 2710 2272 convenerint
2739 2225 2799 2272 ut
2828 2235 2882 2272 se
2909 2221 3179 2274 inebriare
3213 2237 3318 2274 non
3345 2222 3601 2276 audeant.

2215 2307 2323 2377 (Ea:
2357 2308 2550 2362 concil.
2601 2309 2850 2362 Namnet.
2887 2323 3009 2376 cap.
3062 2310 3166 2370 lO.)
3202 2310 3270 2362 Ut
3299 2310 3492 2363 nullus
3538 2312 3842 2382 presbyte—

2142 2411 2360 2462 rorum,
2419 2395 2652 2464 quando
2703 2396 2770 2449 ad
2823 2396 3281 2450 anniversarium
3337 2397 3511 2464 diem,
3555 2401 3686 2454 XXX
3742 2407 3847 2454 aut

2145 2485 2240 2537 VII
2271 2485 2355 2537 vel
2389 2484 2488 2550 III,
2542 2484 2779 2554 alicujus
2830 2484 3101 2551 defuncti,
3149 2491 3247 2540 aut
3290 2502 3629 2557 quacunque
3671 2505 3846 2542 voca-

2144 2571 2302 2626 tione
2351 2571 2418 2625 ad
2454 2571 2752 2624 collectam
2800 2573 3118 2642 presbyteri
3167 2574 3556 2638 convenerint,
3603 2591 3662 2628 se
3717 2576 3842 2629 ine-

2144 2660 2332 2714 briare
2362 2661 2690 2713 nullatenus
2737 2666 3067 2730 praesumat,
3110 2678 3214 2715 nec
3261 2669 3572 2732 praesumat
3618 2665 3850 2734 precari

2145 2748 2207 2801 in
2249 2763 2445 2800 amore
2497 2753 2821 2800 sanctorum
2868 2749 2955 2800 vel
3004 2748 3183 2818 ipsius
3227 2749 3434 2802 animas
3471 2750 3694 2818 bibere,
3745 2758 3850 2805 aut

2146 2837 2290 2890 alios
2335 2837 2404 2890 ad
2439 2836 2754 2891 bibendum
2800 2853 3022 2907 cogere,
3069 2839 3153 2890 vel
3187 2855 3244 2890 se
3275 2838 3462 2892 aliena
3509 2841 3849 2909 precatione

2146 2924 2521 2995 ingurgitare,
2573 2940 2678 2978 nec
2721 2925 2956 2994 plausus
3005 2935 3061 2978 et
3089 2923 3238 2978 risus
3282 2925 3620 2994 inconditos,
3671 2937 3730 2980 et
3760 2928 3848 2981 fa-

344 3034 473 3088 οη,
511 3033 686 3086 ειη·
728 3061 798 3071 _
830 3034 896 3086 Ut
934 3035 1104 3086 omnis
1133 3033 1413 3100 presbyter
1456 3031 1564 3086 sibi
1589 3031 1830 3086 subditos
1877 3033 2037 3102 ﬁdem
2069 3012 2109 3067 C
2148 3013 2310 3102 bulas
2375 3012 2574 3102 inanes
2637 3012 2718 3066 ibi
2784 3012 3019 3102 referre,
3077 3018 3195 3102 aut,
3222 3019 3451 3066 cantare
3505 3023 3846 3083 praesumat,

900 3102 1102 3155 discere
1126 3105 1480 3168 constringat.

415 3193 538 3263 (Ea:
569 3192 755 3246 concil.
793 3194 1090 3258 Gangren.,
1120 3207 1239 3260 cap.
1275 3193 1351 3261 5.)
1385 3191 1739 3262 Symbolum,
1773 3193 1923 3262 quod
1954 3197 2039 3246 est

347 3281 701 3350 signaculum
749 3279 906 3343 ﬁdei,
955 3283 1010 3333 et
1055 3279 1375 3332 orationem
1423 3279 1782 3333 Dominicam
1822 3280 2036 3335 discere

344 3384 568 3438 semper
597 3367 942 3420 admoneant
973 3366 1286 3419 sacerdotes
1319 3365 1594 3435 populum
1628 3366 2033 3421 Christianum.

345 3456 730 3526 Volumusque
762 3460 825 3507 ut
869 3454 1227 3524 disciplinam
1275 3453 1621 3523 condignam
1661 3453 1910 3508 habeant
1938 3455 2035 3525 qui

343 3544 467 3598 hac
515 3543 730 3597 discere
776 3543 1098 3611 negligant,
1133 3541 1248 3594 sive
1295 3540 1355 3593 in
1394 3541 1637 3610 jejunio,
1689 3540 1806 3594 sive
1835 3542 1896 3595 in
1927 3543 2036 3596 alia

345 3630 746 3700 castigatione.
818 3631 1125 3698 Propterea
1170 3628 1413 3697 dignum
1461 3633 1545 3682 est
1597 3634 1660 3682 ut
1706 3629 1856 3682 filios
1903 3647 2037 3684 suos

345 3720 566 3773 donent
618 3719 685 3770 ad
722 3717 993 3783 scholam,
1045 3717 1161 3769 sive
1208 3716 1277 3768 ad
1309 3715 1674 3780 monasteria,
1727 3717 1844 3770 sive
1888 3717 2038 3770 foras

344 3805 714 3877 presbyteris,
761 3809 826 3856 ut
880 3805 1050 3857 iidem
1098 3803 1434 3856 catholicam
1491 3807 1642 3858 recte
1691 3803 1930 3872 discant,
1982 3810 2039 3859 et

346 3895 677 3950 Orationem
730 3892 1101 3956 dominicam,
1157 3896 1218 3944 ut
1259 3891 1414 3944 domi
1463 3891 1602 3944 alios
1650 3892 1886 3946 edocere
1934 3909 2039 3946 va-

344 3986 517 4037 leant.
560 3982 668 4045 Qui
697 3998 831 4035 vero
860 3981 1026 4034 aliter
1056 3995 1170 4034 non
1202 3979 1470 4049 potuerit,
1504 3980 1590 4034 vel
1620 3980 1680 4033 in
1711 3998 1811 4035 sua
1839 3981 2040 4051 lingua

344 4073 451 4126 hoc
484 4072 678 4125 discat.

345 4179 474 4232 CAP.
526 4177 728 4232 CLVII.
771 4207 838 4214 -η
878 4176 1098 4244 ()ualem
1144 4176 1527 4244 professionem
1564 4174 1900 4244 presbyteros
1943 4181 2038 4229 aut

416 4249 667 4302 diaconos
714 4264 809 4301 suo
853 4249 1094 4314 episcopo
1138 4252 1381 4314 oporteat
1423 4249 1623 4312 facere,
1677 4247 1894 4316 quando
1936 4263 2036 4314 per

410 4321 703 4388 parochias
729 4321 1150 4372 constituuntur.

415 4427 522 4493 (Ea:
551 4426 738 4478 concil.
776 4425 974 4478 Toleta.
1022 4426 1074 4489 5,
1107 4440 1225 4492 cap.
1280 4423 1395 4493 27.)
1427 4423 1667 4486 Quando
1718 4422 2034 4493 presbyteri

344 4519 441 4565 aut
472 4511 689 4564 diaconi
722 4527 824 4581 per
868 4511 1164 4581 parochias
1208 4511 1654 4576 constituuntur,
1687 4516 1913 4579 oportet
1939 4527 2036 4564 eos

343 4600 757 4668 professionem
803 4599 1071 4668 episcopo
1112 4615 1214 4652 suo
1259 4600 1464 4662 facere,
1499 4603 1564 4651 ut
1611 4603 1761 4650 caste
1792 4603 1848 4650 et
1893 4615 2034 4668 pure

342 4687 532 4740 vivant
555 4688 658 4740 sub
695 4687 793 4740 Dei
824 4687 1052 4754 timore,
1087 4693 1169 4752 ut,
1203 4687 1338 4740 dum
1367 4703 1463 4738 eos
1491 4685 1618 4739 telis
1646 4686 1924 4754 professio
1953 4688 2034 4739 al-

340 4777 502 4846 ligat,
537 4775 666 4829 vitze
696 4779 904 4829 sancta:
933 4774 1292 4844 disciplinam
1328 4778 1626 4827 retineant.

343 4883 470 4938 CAP.
502 4882 731 4936 CLVIII.
760 4911 826 4920 -—
858 4881 1022 4933 Nulli
1050 4881 1306 4932 monacho
1329 4895 1434 4932 non
1454 4879 1740 4946 sacerdoti,
1776 4881 1855 4934 vel
1875 4881 2031 4948 laico,

556 4952 948 5020 quantumlibet
970 4953 1081 5003 sint
1109 4950 1331 5014 eruditi,
1358 4952 1478 5003 licet
1497 4950 1817 5019 praedicare.

415 5043 532 5108 (Ea:
561 5045 718 5111 epist.
770 5041 953 5094 Leonis
985 5038 1186 5107 papae.)
1220 5039 1295 5091 De
1325 5038 1414 5091 his
1445 5055 1574 5092 vero
1619 5055 1748 5110 qua:
1777 5039 1838 5093 in
1882 5056 2034 5110 saepe

341 5132 492 5186 dicto
525 5129 765 5184 concilio
796 5127 996 5180 illicita
1025 5133 1226 5180 contra
1255 5129 1606 5182 venerandos
1648 5129 1908 5182 Nicaanos
1936 5145 2034 5182 ca-

340 5236 525 5274 nones
553 5217 1005 5288 praasumptione
1050 5220 1266 5268 tentata
1297 5221 1446 5278 sunt,
1483 5216 1554 5270 ad
1593 5216 1829 5270 fratrem
1857 5221 1913 5270 et
1941 5233 2033 5270 co-

342 5309 675 5378 episcopum
748 5311 1010 5360 nostrum
1080 5304 1448 5357 Antiochense
1521 5303 1668 5357 sedis
1728 5305 2033 5374 praesulem

343 5395 676 5466 scripsimus
709 5411 722 5448 :
752 5394 1080 5464 adjicientes
1131 5397 1188 5446 et
1215 5391 1354 5444 illud
1387 5391 1544 5462 quod
1593 5391 1757 5445 nobis
1802 5397 2034 5462 propter

340 5483 771 5555 improbitatem
817 5481 1227 5536 monachorum
1295 5479 1676 5549 quorumdam
1738 5480 2034 5550 religionis

342 5578 544 5628 vestra:
572 5573 746 5627 verbo
780 5570 1096 5626 mandastis
1124 5585 1227 5640 per
1250 5568 1490 5624 vicarios
1535 5573 1786 5638 nostros,
1819 5573 1877 5624 et
1925 5569 2033 5624 hoc

2145 3100 2235 3154 vel
2280 3099 2472 3170 turpia
2531 3100 2681 3169 joca,
2747 3100 2833 3154 vel
2897 3115 3054 3166 urso,
3116 3101 3204 3154 vel
3263 3101 3668 3156 tornatricibus
3707 3111 3849 3158 ante

2146 3205 2204 3242 se
2237 3187 2422 3242 facere
2447 3188 2762 3257 permittat,
2787 3203 2891 3241 nec
2919 3188 3102 3242 larvas
3132 3189 3476 3254 daemonum,
3504 3207 3646 3261 quas
3669 3193 3848 3262 vulgo

2144 3275 2496 3328 Talamascas
2561 3275 2779 3341 dicunt,
2847 3274 2929 3328 ibi
2989 3280 3120 3329 ante
3175 3292 3233 3329 se
3285 3277 3425 3331 ferri
3476 3279 3845 3333 consentiat:

2145 3364 2277 3434 quia
2317 3363 2425 3417 hoc
2469 3363 2816 3418 diabolicum
2847 3369 2951 3430 est,
2986 3369 3044 3418 et
3072 3381 3106 3417 a
3138 3365 3313 3419 sacris
3359 3367 3671 3421 canonibus
3700 3384 3847 3439 pro-

2144 3451 2413 3506 hibitum.

2554 3540 2681 3595 CAP.
2717 3539 2912 3594 CLXII.
2947 3571 3016 3579 —
3044 3543 3118 3594 De
3149 3541 3331 3596 eadem
3358 3558 3434 3597 re.

2217 3627 2324 3698 (Ea:
2355 3629 2552 3694 eodem,
2599 3644 2718 3697 cap.
2775 3628 2882 3698 ll.)
2934 3629 3174 3693 Quando
3225 3635 3418 3684 autem
3467 3633 3848 3688 convenerint

2144 3717 2461 3788 presbyteri
2487 3718 2556 3770 ad
2589 3717 2818 3788 aliquod
2851 3717 3195 3785 convivium,
3229 3719 3476 3773 decanus
3505 3727 3602 3774 aut
3633 3721 3848 3793 aliquis

2147 3807 2302 3876 prior
2343 3807 2594 3872 illorum,
2645 3823 2872 3860 versum
2908 3811 3038 3860 ante
3089 3823 3345 3861 mensam
3395 3809 3650 3879 incipiat,
3685 3816 3744 3865 et
3774 3811 3850 3864 ci-

2148 3895 2285 3948 bum
2330 3894 2646 3963 benedicat,
2681 3900 2736 3948 et
2781 3900 2918 3948 tunc
2949 3897 3262 3950 secundum
3289 3897 3550 3950 ordinem
3584 3899 3846 3968 sedeant,

2147 3984 2289 4036 alter
2329 3984 2493 4036 alteri
2535 3984 2814 4036 honorem
2859 3984 3197 4053 praebentes,
3245 3989 3300 4038 et
3337 4002 3441 4055 per
3470 3986 3617 4040 vices
3649 3987 3846 4042 cibum

2148 4076 2204 4125 et
2235 4076 2434 4141 potum
2486 4071 2848 4140 benedicant,
2901 4077 2957 4125 et
2987 4074 3194 4144 aliquis
3238 4074 3306 4128 de
3349 4074 3578 4128 illorum
3623 4077 3846 4131 clericis

2147 4159 2365 4230 aliquid
2413 4152 2481 4214 dé
2514 4165 2708 4213 sancta
2754 4160 3046 4230 Scriptura
3098 4161 3267 4231 legat.
3300 4162 3369 4216 Et
3399 4169 3526 4232 post
3573 4166 3844 4219 refectio-

2148 4264 2282 4302 nem
2336 4247 2600 4302 similiter
2648 4253 2906 4302 sanctum
2960 4251 3240 4320 hymnum
3293 4251 3484 4306 dicant
3526 4253 3597 4306 ad
3645 4269 3845 4307 exem-

2149 4337 2311 4408 plum
2353 4337 2600 4404 Domini,
2651 4337 2795 4390 sicut
2822 4337 2882 4391 in
2912 4353 3074 4392 coena
3101 4339 3298 4392 fecisse
3328 4339 3558 4410 legitur,
3591 4346 3647 4395 et
3678 4343 3760 4396 sic
3785 4362 3842 4398 se

2149 4425 2478 4478 contineant
2524 4441 2724 4478 omnes
2755 4427 3091 4497 presbyteri,
3140 4429 3387 4482 maxime
3417 4430 3479 4482 in
3517 4431 3727 4485 talibus
3759 4433 3841 4485 lo-

2148 4513 2246 4580 cis,
2278 4519 2341 4567 ut
2375 4531 2487 4567 non
2515 4514 2872 4584 vituperetur
2903 4516 3283 4570 ministerium
3319 4517 3571 4575 illorum.

2528 4604 2654 4657 Car.
2690 4603 2920 4659 CLXIII.
2959 4635 3028 4644 —
3056 4606 3140 4659 De
3167 4606 3351 4661 eadem
3378 4623 3455 4662 re.

2218 4690 2325 4760 (Ea:
2373 4690 2571 4758 eodem,
2620 4706 2739 4759 cap.
2799 4690 2908 4761 I2.)
2947 4691 3325 4762 Summopere
3375 4695 3548 4749 etiam
3596 4697 3841 4768 quisque

2144 4781 2444 4849 presbyter
2492 4783 2703 4845 caveat,
2759 4778 2906 4833 sicut
2935 4781 3004 4834 de
3055 4786 3200 4834 statu
3247 4799 3346 4836 suo
3397 4785 3517 4838 vult
3563 4786 3839 4855 gaudere,

2145 4874 2209 4922 ut
2238 4885 2351 4921 non
2383 4883 2725 4938 quacunque
2757 4868 3049 4922 occasione
3080 4875 3299 4940 patrem
3332 4888 3502 4926 suum
3531 4879 3630 4928 aut
3660 4873 3839 4928 alium

2144 4957 2460 5026 quemlibet
2509 4957 2578 5010 ad
2624 4957 2766 5010 iram
2821 4961 2876 5011 et
2921 4957 2994 5011 ad
3036 4958 3236 5025 rixam,
3280 4966 3495 5030 quanto
3545 4961 3737 5016 minus
3772 4965 3856 5049 ad.

2145 5059 2402 5113 pugnam
2431 5043 2520 5096 vel
2549 5043 2619 5096 ad
2644 5044 2858 5097 caedem
2890 5045 3084 5115 aliquo
3106 5047 3276 5100 verbo
3301 5048 3484 5102 irritet
3509 5066 3607 5103 seu
3637 5043 3843 5120 provo;

2143 5135 2248 5195 cet,
2303 5148 2404 5184 nec
2441 5138 2782 5201 provocatus
2831 5133 2902 5186 ad
2935 5133 3043 5187 hoc
3074 5135 3319 5206 quisque
3363 5138 3624 5208 prosiliat
3654 5157 3668 5193 :
3703 5140 3842 5211 quia

2142 5218 2204 5272 in
2233 5219 2445 5273 talibus
2487 5219 3002 5275 comessationibus
3044 5228 3100 5276 et
3145 5223 3556 5294 potationibus,
3610 5243 3842 5298 semper

2143 5324 2202 5362 se
2234 5306 2517 5361 immiscet
2547 5308 2827 5362 diabolus.

2536 5396 2664 5449 CAP.
2701 5397 2921 5451 CLXIV.
2958 5428 3026 5437 —
3061 5401 3127 5452 De
3155 5399 3336 5454 eadem
3365 5417 3440 5455 re.

2213 5484 2321 5554 (Ea:
2351 5483 2548 5551 eodem,
2581 5499 2702 5552 cap.
2735 5485 2813 5554 4.)
2862 5485 3100 5549 Quando
3133 5489 3453 5560 presbyteri
3499 5507 3604 5561 per
3634 5494 3837 5550 Kalen-

2142 5570 2242 5625 das
2283 5571 2455 5628 simul
2501 5571 2868 5644 conveniunt,
2901 5579 3033 5645 post
3076 5581 3377 5647 peractum
3411 5577 3677 5637 divinum
3707 5599 3837 5655 my-
