3956 6316
102 481 347 536 sterium
395 490 451 537 et
496 488 877 542 necessariam
928 492 1314 563 collationem,
1372 515 1489 554 non
1534 503 1698 572 quasi
1738 506 1804 560 ad
1834 510 1882 563 A
1920 510 2165 567 ﬁcantur
2192 515 2261 569 ad
2289 516 2526 589 bonum,
2559 527 2619 575 et
2654 522 2863 580 fabulae
2893 543 3009 583 non
3039 536 3370 590 necessaria:
3413 542 3607 610 probi,

102 567 329 610 nlnnnm
380 573 752 610 rof'nnfinnam
811 578 904 610 aut"
941 582 1099 610 ,τι-ηοξ
1151 584 1215 610 ..Δ
1253 588 1556 610 ...η-Διημ-
1609 591 1685 610 :1:
1789 595 1800 610 1
1917 599 1930 610 ς.
2037 606 2044 610 .

100 567 333 637 plenam
379 573 779 643 refectionem,
811 578 907 631 sed
940 582 1103 649 quasi
1148 584 1218 637 ad
1253 567 1570 654 prandium
1608 591 1690 645 ibi
1733 595 1805 648 ad

103 656 325 710 tabulas
370 660 681 730 residcant,
715 679 786 716 ne
815 681 919 734 per
948 668 1087 721 talia
1124 670 1430 728 inhonesta
1458 678 1718 733 convivia
1746 698 1805 734 se

100 744 346 799 invicem
365 755 603 817 gravent
627 767 639 803 :
664 751 797 828 quia
817 753 1084 809 indecens
1109 763 1191 811 est
1220 766 1615 818 etonerosum.
1640 768 1803 838 Smpe

101 833 277 887 etiam
311 837 471 890 tarde
506 838 577 891 ad
609 840 905 895 ecclesiam
940 845 1266 916 redeuntes,
1316 854 1498 921 majus
1528 855 1802 912 damnum

98 920 166 972 de
200 923 650 990 reprehensione
680 928 1053 997 conquirunt,
1088 938 1145 986 et
1173 934 1241 988 de
1267 920 1571 1005 gravedine
1602 949 1803 998 mutua

98 1009 470 1077 contrahunt,
522 1028 692 1082 quam
728 1015 950 1070 lucrum
996 1018 1078 1072 ibi
1123 1020 1357 1079 faciunt.
1407 1027 1547 1081 Nam
1581 1030 1649 1083 de
1695 1031 1804 1086 hu-

91 1096 348 1163 jusmodi
405 1107 685 1155 conventu
742 1104 953 1158 Paulus
1016 1107 1340 1165 Corinthios
1399 1118 1797 1186 reprehendit,

98 1184 197 1253 qui
251 1185 723 1242 inconvenienter
776 1207 994 1246 ccenam
1050 1196 1395 1254 dominicam
1451 1207 1798 1261 manducare

95 1274 529 1329 conveniebant.
584 1277 675 1331 Sic
705 1284 763 1332 et
794 1280 892 1349 qui
939 1282 1008 1335 ad
1042 1300 1262 1339 coenam
1312 1288 1677 1360 dominicam,
1708 1294 1796 1349 "id

94 1367 195 1428 est,
229 1363 304 1415 ad
334 1363 702 1420 collationem
733 1368 894 1421 verbi
943 1371 1047 1425 sub
1081 1375 1377 1429 occasione
1424 1382 1792 1449 conveniunt,

92 1454 146 1501 et
176 1466 246 1503 ex
283 1452 522 1505 veritate
553 1455 766 1508 ventris
801 1472 972 1511 causa
1000 1461 1453 1533 conjunguntur,
1488 1470 1796 1538 reprehen-

88 1538 286 1592 sibiles
330 1556 520 1594 coram
554 1543 667 1596 Deo
697 1549 753 1597 et
798 1546 1132 1603 hominibus
1176 1552 1464 1608 habentur
1498 1572 1509 1610 :
1545 1563 1600 1611 et
1639 1560 1789 1626 ideo,

88 1627 337 1695 peractis
370 1628 655 1695 omnibus,
689 1632 789 1701 qui
822 1634 1086 1703 voluerit,
1118 1655 1324 1708 panem
1356 1657 1483 1696 cum
1516 1646 1790 1702 charitate

86 1714 146 1767 in
180 1715 355 1768 domo
403 1716 595 1770 fratris
626 1719 714 1772 sui
746 1720 915 1775 simul
960 1740 1091 1777 cum
1112 1736 1113 1739 ‘
1134 1726 1407 1782 fratribus
1440 1730 1686 1803 frangat,
1734 1740 1789 1789 et

89 1802 306 1872 singuli
335 1803 591 1873 singulos
633 1806 829 1861 bibere
859 1809 1086 1879 faciant,
1124 1815 1371 1869 maxime
1402 1823 1465 1871 ut
1495 1802 1645 1873 ultra
1673 1827 1785 1875 ter-

86 1891 228 1944 tiam
275 1891 456 1946 vicem
488 1893 758 1963 poculum
821 1913 938 1951 non
987 1902 1340 1972 contingant,
1376 1910 1429 1959 et
1478 1908 1555 1961 sic
1601 1911 1671 1964 ad
1702 1926 1790 1965 ec-

87 1978 284 2033 clesias
313 1980 573 2036 redeant.

86 2082 210 2137 CAP.
247 2084 441 2140 CLXV.
470 2117 554 2171 1-
586 2089 663 2144 Ne
707 2090 906 2171 clerici,
942 2109 1035 2171 nec
1068 2110 1174 2171 non
1214 2099 1326 2150 viri
1366 2100 1629 2171 religiosi,
1663 2108 1787 2157 ante

461 2157 650 2212 horam
680 2157 902 2218 tertiam
932 2166 1119 2219 ineant
1144 2171 1413 2223 convivia.

152 2264 265 2327 (Ex
294 2263 482 2317 concil.
540 2265 823 2334 Carthag.,
859 2284 979 2337 cap.
1019 2272 1123 2338 l2.)
1173 2273 1294 2327 Non
1346 2281 1572 2346 oportet
1618 2279 1784 2332 cleri-

78 2366 171 2402 cos
223 2350 314 2403 vel
370 2351 543 2405 laicos
604 2354 899 2424 religiosos
955 2362 1086 2411 ante
1135 2376 1349 2415 sacram
1409 2364 1613 2418 horam
1668 2366 1783 2421 diei

78 2438 315 2492 tertiam
369 2439 516 2494 inire
571 2442 850 2511 convivia,
925 2462 1111 2516 neque
1169 2449 1479 2520 aliquando
1546 2454 1782 2508 clericos

77 2526 191 2580 nisi
222 2527 442 2597 hymno
467 2528 615 2582 dicto
651 2532 818 2586 edere
847 2550 1078 2603 panem,
1112 2540 1168 2589 et
1190 2542 1317 2607 post
1348 2538 1539 2594 cibum
1569 2542 1780 2612 gratias

76 2616 301 2669 auctori
333 2618 447 2669 Deo
475 2619 709 2672 referre.

146 2723 280 2776 CAP.
318 2723 537 2778 CLXVI.
578 2756 646 2764 —
676 2727 757 2780 De
783 2728 1133 2797 presbyteris,
1171 2736 1231 2785 ut
1257 2733 1548 2802 hospitales
1577 2739 1704 2791 sint.

145 2828 259 2897 (Ea:
292 2831 482 2884 concil.
532 2833 790 2896 Nannet.,
842 2849 964 2902 cap.
997 2837 1076 2905 3.)
1123 2837 1192 2890 Ut
1223 2853 1420 2893 curam
1458 2841 1775 2912 hospitum,

72 2917 324 2971 maxime
350 2932 672 2988 pauperum
695 2926 866 2990 atque
893 2921 1193 2991 debilium,
1218 2926 1609 2996 orphanorum
1638 2948 1777 3002 quo-

74 3021 187 3074 que
233 3012 406 3075 atque
450 3007 888 3078 peregrinorum
935 3011 1141 3066 habeat
1186 3016 1503 3086 presbyter,
1550 3018 1769 3090 hosque

75 3095 143 3147 ad
201 3095 516 3164 prandium
575 3113 744 3150 suum
800 3099 1057 3168 quotidie
1106 3101 1271 3171 juxta
1327 3106 1770 3174 possibilitatem

75 3187 373 3251 convocet,
401 3183 597 3255 eisque
627 3186 939 3256 hospitium
968 3189 1203 3243 tribuat.

415 3290 543 3345 CAP.
574 3321 643 3332 —
674 3292 921 3353 CLXVII.
956 3326 1023 3334 —
1051 3298 1126 3349 De
1152 3297 1335 3352 eadem
1356 3314 1434 3353 re.

144 3375 256 3447 (Ea:
284 3377 483 3445 eodem,
515 3395 635 3448 cap.
664 3380 741 3451 5.)
774 3382 845 3435 Ut
870 3388 1063 3437 autem
1088 3386 1276 3439 omnis
1304 3388 1521 3443 occasio
1552 3392 1769 3462 rapinae

71 3467 335 3533 tollatur,
384 3468 648 3521 volumus
697 3475 760 3522 ut
790 3472 1127 3541 presbyteri,
1187 3475 1287 3544 qui
1318 3475 1537 3530 bonum
1580 3496 1768 3534 exem-

69 3556 235 3624 plum
266 3555 558 3609 charitatis
607 3558 876 3612 omnibus
906 3562 1209 3615 extendere
1239 3564 1466 3629 debent,
1505 3567 1768 3638 hospita-

68 3645 149 3696 les
180 3644 443 3711 existant,
490 3645 656 3714 juxta
694 3646 1050 3702 dominicum
1094 3656 1150 3703 et
1196 3652 1571 3722 apostolicum
1618 3673 1765 3726 prae-

68 3738 323 3802 ceptum,
367 3739 424 3786 et
469 3734 890 3790 humanitatem
938 3739 1199 3807 praebent
1242 3739 1352 3794 iter
1387 3742 1762 3814 facientibus;

67 3821 205 3890 quia
225 3837 330 3891 per
362 3821 806 3891 hospitalitatem
833 3826 1169 3894 placuerunt
1217 3829 1453 3898 quidam
1486 3833 1619 3898 Deo,
1655 3850 1762 3889 an-

67 3908 210 3977 gelis
242 3908 495 3978 hospitio
536 3911 797 3981 receptis.
846 3914 911 3966 Et
940 3914 1219 3968 Dominus
1250 3916 1311 3969 in
1340 3917 1431 3970 die
1454 3920 1655 3988 judicii
1685 3923 1765 3976 di-

65 4001 263 4050 cturus
295 4003 380 4051 est
422 3999 614 4051 electis
649 4015 661 4053 :
695 4002 906 4071 Hospes
936 4001 1039 4069 fui,
1095 4008 1150 4056 et
1178 4005 1503 4075 suscepistis
1552 4025 1662 4064 me.
1694 4012 1764 4065 Et

63 4085 169 4138 Job
198 4085 339 4140 dicit
367 4102 380 4139 :
413 4087 631 4142 Ostium
664 4104 858 4143 meum
891 4104 1120 4160 semper
1147 4092 1349 4147 viatori
1379 4096 1583 4165 patuit.

66 4190 196 4244 CAP.
233 4192 506 4247 CLXVIII.
558 4223 617 4274 -τ
656 4196 723 4274 ζῙι
759 4195 1065 4274 presbyteri
1087 4198 1267 4265 plebes
1312 4216 1442 4255 suas
1484 4208 1545 4257 ut
1584 4203 1761 4274 hospi-

592 4265 725 4319 tales
755 4268 868 4319 sint
895 4267 1236 4323 admoneant.

135 4350 248 4421 (Ea:
277 4352 464 4405 concil.
515 4352 664 4420 apud
706 4353 1030 4424 Arvernus.)
1080 4356 1300 4411 Placuit
1331 4364 1393 4413 ut
1441 4362 1758 4433 presbyteri

66 4439 264 4507 plebes
312 4456 441 4493 suas
488 4440 840 4495 admoneant
898 4447 961 4496 ut
1005 4443 1118 4514 ipsi
1162 4445 1474 4515 hospitales
1512 4450 1647 4519 sint,
1704 4457 1761 4508 et

64 4528 206 4581 nulli
240 4527 353 4582 iter
382 4529 613 4583 facienti
641 4530 1001 4585 mansionem
1042 4532 1346 4605 denegent,
1378 4541 1434 4590 et
1477 4542 1541 4592 ut
1572 4540 1758 4595 omnis

63 4615 285 4669 occasio
317 4616 535 4685 rapinae
576 4617 829 4684 tollatur,
865 4619 1009 4674 nihil
1057 4622 1242 4675 carius
1290 4626 1540 4679 vendant
1578 4632 1759 4693 trans:

60 4703 353 4770 euntibus,
398 4705 509 4757 nisi
558 4709 775 4776 quanto
821 4707 882 4762 in
928 4714 1178 4763 mercato
1220 4712 1467 4767 vendere
1511 4716 1752 4784 possint.

14 4814 15 4819 η
60 4792 228 4857 Quod
279 4793 327 4846 si
372 4792 558 4847 carius
604 4795 852 4849 vendere
904 4798 1208 4867 voluerint,
1243 4800 1313 4854 ad
1356 4803 1755 4873 presbyterum

56 4886 423 4936 transeuntes
470 4882 576 4936 hoc
605 4883 872 4954 referant,
907 4890 963 4939 et
1004 4886 1158 4940 illius
1177 4887 1343 4958 jussu
1390 4906 1520 4945 cum
1549 4893 1754 4948 huma-

59 4971 239 5056 nitate
270 4970 352 5023 eis
379 4972 650 5026 vendant.

60 5077 187 5131 CAP.
239 5076 461 5131 CLXIX.
512 5105 581 5117 —
634 5079 705 5156 U_t_
752 5078 892 5156 _cibis
927 5081 1287 5156 sacerdotum
1341 5100 1549 5156 semper
1604 5089 1754 5145 lectio

644 5149 836 5203 divina
859 5152 1167 5207 misceatur.

126 5252 248 5322 (Ea:
295 5254 482 5307 concil.
536 5254 822 5322 Africano.
876 5273 997 5327 cap.
1032 5261 1110 5332 6.)
1160 5263 1268 5316 Pro
1298 5264 1621 5319 reverentia
1653 5267 1753 5321 Dei

58 5346 110 5395 et
142 5341 505 5395 sacerdotum
534 5342 594 5396 id
626 5344 888 5399 universa
917 5354 1111 5402 sancta
1140 5351 1388 5420 synodus
1420 5353 1635 5421 statuit,
1669 5360 1750 5423 ut,

56 5429 193 5501 quia
236 5431 423 5483 solent
459 5431 660 5485 crcbro
706 5433 920 5487 mensis
964 5436 1160 5491 otiosa:
1206 5439 1412 5493 fabulae
1440 5440 1748 5512 interponi,

56 5520 115 5573 in
174 5519 335 5573 omni
392 5520 726 5576 sacerdotali
791 5524 1048 5579 convivio
1104 5526 1273 5582 lectio
1329 5528 1753 5599 Scripturarum

58 5607 385 5663 divinarum
432 5607 758 5667 misceatur.
790 5612 899 5666 Per
939 5611 1050 5668 hoc
1090 5614 1246 5671 enim
1275 5619 1332 5672 et
1362 5616 1571 5674 animae
1612 5620 1749 5676 aedi-

2006 688 2134 743 CAP.
2172 691 2359 748 CLXX.
2390 724 2456 735 —
2486 698 2560 751 De
2588 700 2795 755 clericis
2825 701 3177 775 intemperate
3198 714 3516 769 viventibus.

1987 776 2107 844 (Ea:
2138 783 2323 836 concil.
2360 785 2653 855 Carthag.,
2700 806 2819 859 cap.
2857 794 2967 864 62.)
3016 797 3217 852 Clerici
3258 800 3410 856 inter
3439 806 3608 874 epula

1913 871 2226 936 cantantes,
2256 871 2325 924 ab
2357 873 2541 928 ofﬁcio
2573 876 2910 934 detrahendi
2942 890 3093 939 sunt.

2142 956 2270 1012 CAP.
2308 959 2524 1016 CLXXI.
2567 995 2626 1004 -—
2668 968 2747 1021 De
2774 970 2981 1025 clericis
3014 974 3361 1033 scurrilibus.

1984 1041 2095 1109 (Ea:
2124 1046 2325 1116 eodem,
2355 1064 2475 1118 cap.
2509 1053 2621 1119 80.)
2652 1053 2708 1109 Si
2740 1057 2867 1126 quis
2897 1060 3135 1115 clericus
3161 1072 3260 1119 aut
3289 1071 3602 1126 monachus

1908 1131 2080 1185 verba
2110 1135 2389 1203 scurrilia,
2432 1138 2731 1209 jocularia,
2767 1145 3060 1219 risumque
3090 1155 3378 1209 moventia
3407 1158 3601 1229 loqui—

1906 1223 2021 1284 tur,
2051 1222 2325 1277 acerrime
2356 1227 2717 1297 corripiatur.

2284 1311 2412 1365 CAP.
2448 1314 2696 1372 CLXXII.
2727 1350 2797 1360 ——-
2827 1324 2901 1376 De
2928 1325 3113 1381 eadem
3138 1344 3216 1381 re.

1976 1394 2083 1463 (Ea:
2129 1396 2327 1466 eodem,
2378 1417 2500 1470 cap.
2550 1405 2662 1475 60.)
2713 1408 2954 1463 Clericos
3002 1414 3267 1470 scurriles
3310 1424 3365 1474 et
3410 1423 3597 1478 verbis

1902 1483 2165 1552 turpibus
2188 1486 2535 1555 joculatores
2564 1494 2635 1546 ab
2666 1495 2852 1550 ofﬁcio
2884 1500 3287 1559 detrahendos.

2009 1571 2137 1626 CAP.
2172 1574 2440 1632 CLXXIII.
2473 1610 2539 1619 -—
2571 1583 2638 1635 Ut
2665 1585 2885 1640 clericus
2914 1588 3228 1658 ﬁdeijussor
3255 1611 3361 1649 non
3392 1603 3483 1653 sit.

1971 1658 2078 1728 (Ea
2114 1662 2313 1728 eodem,
2363 1681 2482 1735 cap.
2535 1670 2648 1738 70.)
2699 1673 2946 1728 Clericus
2991 1678 3475 1750 ﬁdeijussionibus
3503 1687 3592 1742 in-

1901 1747 2171 1817 serviens,
2206 1751 2527 1820 abjiciatur.

1970 1836 2099 1890 CAP.
2141 1837 2406 1895 CLXXIV.
2440 1872 2510 1885 —-
2547 1846 2613 1899 Ut
2638 1847 2861 1904 clericus
2889 1852 3114 1909 barbam
3142 1872 3248 1913 non
3286 1865 3515 1918 nutriat.

1967 1923 2074 1993 (Em
2106 1926 2303 1997 eodem,
2353 1945 2473 1999 cap.
2518 1934 2630 2002 44.)
2666 1935 2917 1993 Clericus
2962 1957 3067 1996 nec
3109 1961 3332 2002 comam
3375 1952 3592 2009 nutriat

1892 2026 1998 2065 nec
2022 2013 2280 2069 barbam.

1894 2118 2022 2172 CAP.
2057 2119 2295 2176 CLXXV.
2333 2153 2401 2163 —
2433 2127 2508 2179 De
2537 2128 2745 2184 clericis
2769 2147 2873 2201 per
2900 2142 3206 2195 creaturam
3241 2142 3582 2211 jurantibus.

1962 2206 2069 2276 (Ea:
2096 2209 2293 2277 eodem,
2326 2228 2445 2282 cap.
2484 2216 2591 2284 61.)
2626 2218 2905 2275 Clericum
2934 2240 3039 2294 per
3064 2206 3355 2309 creaturas
3379 2234 3585 2303 juran-

1889 2298 2026 2357 tem,
2076 2298 2352 2353 acerrime
2398 2303 2840 2375 objurgandum.
2881 2311 2939 2366 Si
2978 2316 3289 2383 perstiterit
3332 2298 3397 2375 in
3422 2323 3583 2392 vitio,

1889 2386 2520 2445 excommunicandum.

1888 2488 2017 2543 CAP.
2408 2526 2480 2575 —_-_
2526 2500 2602 2552 De
2646 2502 2854 2558 clericis
2930 2509 3028 2575 qui
3076 2510 3481 2571 adulationibus
3532 2524 3585 2573 et

2152 2565 2557 2631 proditionibus
2587 2586 2782 2626 vacare
2810 2565 3307 2644 deprehenduntur;

1955 2648 2067 2711 (Ea:
2095 2650 2273 2704 eodem
2304 2657 2515 2721 concil.,
2558 2673 2678 2727 cap.
2730 2663 2844 2731 56.)
2882 2665 3128 2720 Clericus
3160 2671 3259 2740 qui
3304 2672 3582 2729 adulatio-

1885 2734 2054 2789 nibus
2092 2742 2149 2790 et
2173 2740 2593 2808 proditionibus
2636 2763 2835 2804 vacare
2882 2734 3333 2824 deprehenditur
3374 2761 3581 2833 degra-

1884 2822 2051 2877 detur
2080 2825 2151 2879 ab
2180 2827 2390 2884 ofﬁcio.

1884 2929 2013 2984 CAP.
2047 2930 2356 3015 'CLXXVII.
2420 2966 2488 2976 —
2518 2940 2628 3015 _De
2690 2942 2962 3015 ordinatis
3026 2951 3124 3015 qui
3156 2953 3326 3007 solent
3390 2962 3579 3013 contra

1953 3002 2315 3089 ecclesiastica
2365 3009 2631 3065 mandata
2679 3014 2906 3069 auribus
2952 3002 3577 3089 principis-vmolestilzmw

1803 3062 1844 3117 C
1952 3073 2175 3137 inferre.

1950 3162 2060 3225 (Ea:
2090 3164 2276 3217 concil.
2304 3167 2588 3235 Antioch,
2618 3185 2738 3239 cap.
2776 3173 2885 3238 ll.)
2914 3174 2971 3229 Si
2992 3177 3121 3246 quis
3143 3180 3445 3254 episcopus
3476 3168 3577 3242 aut

1879 3248 2197 3319 presbyter,
2250 3258 2350 3305 aut
2398 3255 2640 3324 quilibet
2687 3261 2903 3329 regulae
2950 3248 3235 3334 subjectus
3286 3248 3568 3341 Edclesiaa,

1878 3341 2088 3405 praeter
2117 3339 2420 3394 consilium
2448 3348 2503 3397 et
2549 3344 2765 3400 litteras
2796 3350 3199 3422 episcoporum
3241 3360 3572 3433 provinciae,

1879 3428 1935 3476 et
1980 3425 2270 3495 praecipue
2325 3433 2777 3501 metropolitani,
2831 3438 3036 3493 adierit
3092 3425 3501 3515 imperatorem

1876 3509 2029 3564 hunc
2055 3514 2354 3581 reprobari
2399 3522 2457 3570 et
2481 3518 2648 3587 abjici
2678 3528 2944 3591 oportere
2988 3543 3101 3582 non
3137 3533 3324 3587 solum
3356 3552 3388 3589 a
3411 3553 3569 3591 com-

1874 3598 2169 3666 munione,
2221 3618 2421 3657 verum
2454 3610 2511 3659 et
2556 3607 2625 3661 ab
2655 3608 2874 3665 honore
2906 3614 3062 3684 cujus
3107 3620 3389 3692 particeps
3418 3625 3571 3680 vide-

1873 3688 1967 3736 tur
2004 3686 2246 3741 existere
2279 3704 2291 3741 :
2328 3689 2465 3758 quia
2507 3695 2815 3748 venerandi
2854 3686 3128 3769 principis
3178 3707 3411 3761 auribus
3440 3725 3569 3763 mo-

1873 3771 2095 3826 lestiam
2147 3776 2391 3829 tentavit
2442 3777 2675 3849 inferre,
2722 3795 2919 3838 contra
2972 3788 3124 3858 leges
3182 3793 3460 3850 Ecclesiae.
3511 3797 3569 3852 Si

1872 3858 2050 3929 igitur
2100 3862 2259 3916 adire
2315 3864 2635 3936 principem
2694 3875 3015 3928 necessaria
3063 3893 3233 3933 causa
3290 3882 3564 3954 deposcit,

1872 3947 1981 4001 hoc
2018 3956 2223 4019 agatur
2269 3967 2395 4005 cum
2429 3956 2673 4009 tractatu
2707 3963 2762 4011 et
2787 3962 3025 4016 consilio
3053 3947 3480 4038 metropolitani
3513 3947 3569 4028 et

1871 4040 2211 4090 caeterorum
2276 4039 2674 4111 episcoporum
2742 4048 2841 4115 qui
2903 4049 2964 4101 in
3024 4054 3222 4108 eadem
3272 4060 3565 4127 provincia

1870 4131 2302 4179 commorantur
2347 4144 2359 4181 :
2395 4129 2495 4198 qui
2548 4133 2717 4185 etiam
2761 4135 3219 4204 proﬁciscentem
3266 4146 3382 4199 suis
3426 4165 3562 4218 pro-

1870 4219 2186 4282 sequantur
2211 4214 2483 4285 epistolis.

1798 4344 1841 4398 Β
1873 4316 2015 4402 CAP.’
2060 4319 2377 4402 CLXXVIII.
2418 4325 2505 4402 ‘De
2563 4325 2675 4379 illis
2721 4330 2832 4402 qui
2877 4333 3139 4402 episcopis
3187 4341 3302 4393 suis
3362 4357 3428 4395 ne
3476 4359 3562 4399 eos

1939 4388 2015 4441 ad
2051 4391 2363 4477 ampliorem
2412 4392 2661 4450 honorem
2707 4388 2767 4452 in
2804 4388 3024 4457 ecclesia
3050 4388 3170 4459 ‘sua
3210 4421 3563 4477 promoveant

1940 4462 2335 4515 contradicunt.

1939 4563 2048 4634 (Em
2068 4568 2256 4621 concil.
2289 4569 2583 4637 Africano,
2640 4589 2761 4644 cap.
2796 4578 2906 4650 3t.)
2940 4582 3080 4636 Item
3103 4585 3317 4654 placuit
3346 4595 3407 4645 ut
3433 4592 3560 4663 qui-

1866 4669 2092 4724 cunque
2123 4655 2313 4709 clerici
2356 4659 2443 4711 vel
2495 4660 2719 4716 diaconi
2763 4682 2865 4735 pro
2898 4674 3328 4731 necessitatibus
3377 4683 3558 4737 eccle-

1866 4740 2078 4795 siarum
2109 4758 2227 4796 non
2274 4745 2796 4818 obtemperaverint
2824 4757 3104 4829 episcopis
3141 4765 3277 4833 suis,
3311 4770 3560 4825 volenti-

1864 4829 1970 4883 bus
1996 4846 2091 4884 eos
2135 4831 2208 4885 ad
2238 4832 2524 4889 honorem
2555 4841 2898 4909 ampliorem
2927 4846 2986 4900 in
3020 4866 3122 4903 sua
3150 4855 3386 4910 ecclesia
3428 4876 3558 4930 pro-

1864 4934 2115 4987 movere,
2161 4936 2267 4974 nec
2296 4921 2413 4976 illic
2462 4924 2791 4984 ministrent
2832 4931 2890 4986 in
2922 4937 3100 5005 gradu
3134 4957 3257 5009 suo,
3290 4921 3449 5001 unde
3472 4964 3559 5003 re-

1864 5007 2064 5061 cedere
2094 5008 2425 5065 noluerunt.

1864 5113 1994 5213 CAP
2028 5114 2295 5213 CLXXIX.
2339 5147 2427 5213 εἰ
2446 5120 2529 5202 De
2549 5123 2871 5213 presbytero
2905 5136 3058 5213 certe
3086 5137 3311 5213 crimine
3342 5142 3555 5213 ἀθροεί.

1935 5188 2005 5250 to,
2034 5187 2083 5239 si
2112 5187 2513 5283 depiinisterio
2533 5187 2641 5246 sibi
2665 5187 2951 5254 interdicto
2979 5187 3553 5283 aliquid'ap'er'ev'prg-

1932 5262 2243 5325 sumpserit.

1934 5359 2052 5430 (Ea:
2082 5365 2267 5417 concil.
2318 5367 2588 5435 Toletano,
2622 5386 2741 5439 cap.
2794 5374 2866 5445 6.)
2898 5375 2953 5429 Si
2984 5378 3111 5447 quis
3140 5384 3436 5456 presbyter
3481 5392 3552 5447 ab

1863 5447 2131 5519 episcopo
2163 5467 2264 5505 suo
2292 5452 2465 5509 fuerit
2506 5457 2864 5531 degradatus,
2898 5470 2996 5520 aut
3025 5447 3213 5525 ofﬁcio
3247 5447 3353 5544 prb
3385 5480 3553 5534 certis

1863 5535 2202 5592 criminibus
2232 5557 2566 5613 suspensus,
2593 5552 2649 5602 et
2676 5548 2799 5620 ipse
2827 5568 2930 5622 per
2959 5564 3354 5632 contemptum
3379 5571 3435 5621 et
3464 5585 3554 5623 su-

1860 5624 2122 5695 perbiam
2172 5628 2391 5701 aliquid
2431 5633 2502 5688 de
2552 5635 2873 5696 ministerio
2903 5643 3012 5699 sibi
3051 5624 3352 5707 interdicto
3384 5672 3552 5727 agere
