3956 6304
374 340 477 392 655

1460 335 1863 391 BURCHARDI
1903 332 2432 392 WORMACIENSIS
2470 331 2802 387 EPISCOPI.

3781 338 3881 390 656

373 455 830 527 praesumpserit,
861 463 920 509 et
949 459 1166 525 postea,
1210 455 1281 508 ab
1311 455 1576 526 episcopo
1618 474 1718 510 suo
1748 462 2066 527 correptus,
2099 457 2147 510 A
2183 471 2325 524 pum
2376 454 2673 524 proprium
2729 457 2786 506 et
2830 452 2900 506 ad
2946 453 3241 507 saecularia
3287 460 3586 524 percurrat
3609 456 3834 526 judicia
3865 474 3878 509 :

375 548 435 600 in
461 552 616 600 certa
642 543 1099 614 praesumptione
1147 544 1558 614 perduraverit,
1598 544 1688 597 hic
1717 545 2068 599 omnimodis

378 632 927 700 excommunicetur,
971 637 1026 685 et
1051 632 1120 686 ab
1168 632 1402 684 ecclesia
1446 633 1782 702 expellatur.
1837 635 1900 688 Et
1943 634 2069 704 qui-

377 738 603 792 cunque
644 735 774 773 cum
824 735 891 773 eo
940 719 1468 786 communicaverit,
1515 720 1780 774 similiter
1825 738 1883 774 se
1935 722 2075 774 sciat

379 827 500 864 esse
549 807 1124 862 excommunicatum.
1173 807 1446 861 Similiter
1494 807 1566 862 de
1605 809 1846 875 clericis,
1892 809 2069 870 laicis,

378 900 465 952 vel
515 897 742 951 feminis
773 895 1279 949 excommunicatis
1312 896 1735 950 observandum
1765 902 1868 950 est.
1913 897 2075 960 Quod

379 987 425 1039 si
457 984 663 1055 aliquis
693 984 798 1037 ista
827 983 1021 1036 omnia
1041 985 1464 1054 contempserit,
1491 989 1546 1037 et
1568 985 1870 1056 episcopus
1887 1001 2076 1038 emen-

381 1075 516 1129 dare
567 1072 814 1142 potuerit
861 1071 1122 1134 minime,
1179 1070 1330 1141 regis
1385 1072 1606 1141 judicio
1664 1073 1863 1127 exsilio
1910 1074 2074 1128 dam-

381 1167 567 1215 netur.

379 1269 506 1323 CAP.
561 1265 796 1320 CLXXX.
857 1293 924 1302 —
974 1266 1046 1317 De
1073 1264 1389 1333 presbytero
1435 1265 1518 1318 vel
1547 1265 1773 1319 diacono
1817 1265 2075 1319 damnato

455 1385 460 1392 .
577 1338 673 1404 qui
702 1338 1048 1402 imperatoris
1079 1335 1303 1388 auribus
1334 1336 1584 1389 molestus
1612 1339 1871 1390 extiterit.

453 1424 559 1492 (Ea:
609 1424 795 1477 concit.
827 1423 1111 1486 Antioch.,
1145 1439 1265 1490 cap.
1326 1425 1434 1491 I2.)
1469 1424 1526 1477 Si
1581 1425 1709 1493 quis
1757 1441 1790 1477 a
1841 1423 2074 1494 proprio

382 1513 648 1582 episcopo
682 1510 978 1580 presbyter
1023 1515 1119 1562 aut
1149 1510 1444 1576 diaconus,
1499 1517 1597 1564 aut
1626 1529 1658 1564 a
1688 1513 1907 1582 synodo
1957 1513 2076 1566 fue-

381 1604 458 1654 rit
487 1599 786 1670 episcopus
817 1597 963 1650 forte
1001 1599 1130 1651 dam
1144 1604 1324 1662 natus,
1357 1604 1414 1652 et
1443 1599 1808 1669 imperatoris
1841 1602 2076 1654 auribus

383 1690 657 1742 molestus
707 1685 1004 1750 exstiterit,
1057 1691 1282 1756 oportet
1309 1686 1378 1738 ad
1425 1702 1627 1739 manus
1676 1687 2074 1758 episcoporum

382 1776 636 1830 converti
680 1773 1006 1840 concilium,
1058 1780 1114 1826 et
1144 1791 1271 1844 quae
1302 1776 1628 1843 putaverint
1658 1776 1868 1828 habere
1902 1777 2073 1846 justa,

383 1863 650 1936 plurimis
683 1861 966 1932 episcopis
996 1868 1324 1931 suggerant,
1358 1879 1670 1933 eorumque
1703 1865 2078 1918 discussiones

386 1970 449 2007 ac
479 1951 688 2023 judicia
731 1951 1152 2020 praestolentur.
1188 1949 1244 2004 Si
1274 1965 1405 2004 vero
1435 1951 1556 2004 haec
1602 1952 2078 2021 parvipendentes

388 2039 614 2094 molesti
658 2037 873 2091 fuerint
919 2037 1274 2105 imperatori,
1320 2039 1428 2091 hoc
1476 2039 1634 2092 nulla
1681 2040 1846 2093 venia
1875 2040 2080 2109 dignos

388 2144 529 2191 esse,
568 2143 669 2180 nec
700 2127 888 2178 locum
937 2126 1337 2180 satisfactionis
1377 2126 1608 2193 habere,
1644 2142 1745 2179 nec
1794 2142 1951 2196 spem
1983 2127 2078 2180 fu-

387 2221 530 2269 turae
556 2214 934 2268 restitutionis
962 2215 1189 2284 penitus
1218 2214 1450 2284 operiri.

389 2321 517 2376 CAP.
555 2321 818 2374 CLXXXI.
869 2349 938 2360 —-—
983 2323 1054 2373 De
1092 2320 1405 2388 presbytero
1436 2321 1533 2388 qui
1577 2323 1767 2388 pravis
1817 2319 2080 2389 exemplis

744 2392 890 2444 mala
925 2391 990 2443 de
1014 2405 1068 2443 se
1096 2394 1369 2458 suspicari
1393 2390 1722 2458 permiserit.

459 2481 570 2547 (Ea:
598 2480 786 2533 concil.
821 2480 1119 2545 Agathen.,
1142 2494 1263 2547 cap.
1297 2478 1374 2547 4.)
1397 2478 1455 2532 Si
1487 2480 1614 2548 quis
1641 2479 1928 2548 presbyter
1950 2478 2081 2532 vitae

387 2584 502 2621 suae
533 2567 832 2636 negligens
878 2568 1066 2636 pravis
1097 2566 1372 2635 exemplis
1413 2567 1563 2619 mala
1601 2566 1670 2620 de
1719 2584 1778 2620 se
1805 2567 2082 2637 suspicari

385 2655 734 2726 permiserit,
785 2659 840 2707 et
889 2655 1159 2724 populus,
1201 2655 1272 2707 ab
1316 2655 1582 2724 episcopo
1626 2655 1957 2724 juramento
1982 2671 2081 2707 seu

388 2744 579 2797 hanno
611 2741 1058 2796 Christianitatis
1105 2742 1461 2803 constrictus,
1493 2742 1790 2795 infamiam
1830 2743 1952 2812 ejus
1982 2759 2080 2812 pa-

385 2831 664 2897 tefecerit,
714 2835 771 2884 et
819 2829 958 2883 certi
1012 2836 1368 2883 accusatores
1419 2830 1676 2883 criminis
1719 2831 1840 2899 ejus
1883 2831 2080 2884 defue-

389 2920 524 2985 rint,
558 2919 933 2972 admoneatur
966 2917 1153 2986 primo
1185 2933 1440 2970 seorsum
1471 2918 1542 2970 ab
1572 2916 1857 2986 episcopo,
1881 2917 2084 2972 deinde

2179 543 2278 596 sed
2306 543 2467 612 prius
2498 542 2643 595 actio
2675 542 2980 594 ventiletur
3004 542 3160 609 apud
3190 543 3520 613 episcopum
3554 545 3881 616 proprium,

2179 633 2267 685 vel
2293 637 2442 685 certe
2470 630 2704 684 consilio
2747 630 3000 700 ejusdem
3034 631 3307 701 episcopi,
3340 633 3491 701 apud
3523 649 3669 702 quos
3703 639 3886 688 utra:-

2181 735 2292 790 que
2320 724 2511 790 partes
2550 716 2722 789 [cum]
2761 718 3050 772 voluerint
3074 718 3356 787 judicium
3388 721 3793 776 continebunt.
3827 722 3885 776 Si

2182 808 2310 878 quis
2358 812 2549 862 autem
2580 813 2792 877 praeter
2831 808 2955 861 haec
2984 807 3202 875 fecerit,
3237 808 3522 863 canonicis
3565 811 3889 882 correptio-

2181 897 2352 950 nibus
2377 895 2707 966 subjacebit.

2182 1002 2308 1056 CAP.
2356 1002 2662 1055 CLXXXIV.
2690 1028 2759 1040 —-
2799 1001 2881 1054 De
2924 1001 3254 1069 presbyteris
3297 1007 3394 1071 qui
3433 1019 3469 1056 a
3513 1003 3761 1071 plebibus
3805 1009 3886 1058 in-

2417 1073 2796 1138 famabuntur,
2839 1072 3100 1138 quomodo
3124 1075 3361 1140 purgari
3389 1073 3635 1128 debeant.

2253 1163 2364 1228 (Ea:
2410 1161 2594 1214 concil.
2651 1159 2984 1224 Hilerdensi,
3031 1176 3151 1229 cap.
3200 1162 3310 1228 l0.)
3361 1162 3416 1215 Si
3461 1162 3588 1232 quis
3636 1165 3885 1233 presby-

2181 1253 2269 1302 ter
2298 1265 2330 1302 a
2368 1249 2533 1318 plebe
2579 1248 2687 1301 sibi
2719 1247 3022 1301 commissa
3052 1250 3203 1302 mala
3249 1249 3522 1318 opinione
3565 1251 3886 1306 infamatus

2181 1336 2373 1400 fuerit,
2408 1341 2464 1390 et
2493 1336 2792 1406 episcopus
2833 1336 3106 1406 legitimis
3139 1337 3380 1390 testibus
3411 1339 3731 1409 approbare
3763 1356 3886 1394 non

2183 1424 2452 1493 potuerit,
2505 1425 2886 1493 suspendatur
2933 1424 3003 1476 ab
3035 1424 3222 1477 ofﬁcio
3253 1425 3549 1495 presbyter
3592 1443 3780 1498 usque
3813 1429 3886 1482 ad

2182 1513 2416 1581 dignam
2467 1513 2928 1575 satisfactionem,
2984 1528 3054 1565 ne
3109 1514 3355 1582 populus
3403 1515 3661 1568 fidelium
3713 1516 3775 1568 in
3816 1531 3882 1566 eo

2183 1600 2514 1653 scandalum
2568 1601 2837 1670 patiatur.
2890 1599 3073 1669 Digna
3122 1601 3276 1654 enim
3326 1602 3632 1655 satisfactio
3681 1609 3789 1669 est,
3839 1604 3885 1655 si

2187 1686 2266 1738 eis
2293 1702 2321 1737 a
2355 1685 2562 1754 quibus
2609 1701 2738 1736 reus
2781 1685 3050 1750 creditur,
3098 1692 3225 1756 post
3254 1694 3467 1742 rectam
3514 1690 3886 1743 securitatem

2188 1773 2257 1826 de
2309 1772 2580 1841 imposito
2635 1771 2894 1838 crimine,
2955 1775 3228 1828 innocens
3279 1793 3401 1830 esse
3460 1778 3884 1832 manifestatur.

2187 1861 2348 1924 Quod
2377 1860 2456 1912 ita
2486 1859 2651 1913 nobis
2675 1878 2704 1912 a
2736 1862 3048 1930 majoribus
3069 1865 3442 1918 constitutum
3473 1881 3596 1919 esse
3624 1867 3885 1920 docetur.

2188 1948 2297 2001 Sed
2359 1949 2474 2000 sive
2540 1949 2856 2002 secundum
2923 1967 3186 2018 canones,
3264 1952 3379 2006 sive
3443 1953 3514 2006 ad
3579 1955 3890 2008 arbitrium

2189 2037 2442 2107 episcopi
2473 2035 2581 2090 sibi
2610 2038 2854 2106 collegas
2884 2039 2974 2090 VII
3005 2040 3336 2109 conjungat,
3371 2048 3427 2094 et
3449 2042 3608 2111 juret
3636 2043 3698 2096 id
3728 2060 3890 2096 sacro

2187 2140 2378 2178 coram
2429 2125 2614 2193 posito
2657 2125 2960 2195 Evangelio
2997 2142 3009 2179 :
3048 2126 3201 2196 quod
3244 2143 3376 2182 eum
3422 2135 3614 2182 sancta
3638 2131 3892 2184 Trinitas

2189 2217 2245 2266 et
2275 2211 2526 2268 Christus
2574 2212 2725 2265 ﬁlius
2772 2213 2893 2279 Dei,
2927 2214 3028 2284 qui
3076 2216 3216 2269 illud
3246 2216 3380 2270 fecit
3423 2223 3481 2270 et
3510 2217 3704 2272 docuit
3735 2222 3893 2289 quod

2188 2301 2559 2369 Evangelium
2609 2301 2883 2368 continet,
2917 2308 2972 2354 et
3003 2303 3180 2355 sancti
3225 2309 3475 2374 quatuor
3512 2307 3890 2376 Evangelistae

2189 2389 2290 2458 qui
2334 2389 2477 2442 illud
2509 2389 2857 2457 scripserunt
2899 2389 2977 2442 sic
3008 2390 3301 2460 adjuvent,
3337 2393 3489 2462 quod
3519 2393 3612 2446 ille
3658 2411 3894 2464 praeno-

2191 2477 2463 2530 minatam
2512 2478 2792 2530 actionem
2827 2477 2906 2531 ita
2957 2495 3067 2532 non
3118 2469 3483 2550 perpetrarit,
3531 2483 3680 2535 sicut
3735 2483 3790 2536 ei
3823 2485 3893 2537 de

2190 2563 2302 2617 illis
2349 2564 2604 2618 oblatum
2640 2571 2742 2618 est.
2776 2567 2857 2630 Et,
2909 2567 2969 2619 in
3016 2567 3122 2620 hac
3151 2568 3532 2622 satisfactione
3578 2577 3890 2641 purgatus,

2190 2667 2386 2705 secure
2419 2651 2685 2720 deinceps
2729 2668 2897 2706 suum
2947 2660 3203 2709 exerceat
3251 2656 3652 2711 ministerium.
3701 2659 3892 2722 Quam

2191 2739 2637 2793 satisfactionem
2688 2741 2952 2794 nonnulli
3001 2743 3452 2811 praecedentium
3496 2752 3729 2815 patrum
3763 2764 3894 2801 san-

2191 2833 2346 2881 ctum
2392 2828 2636 2881 Leonem
2682 2843 2913 2898 papam,
2959 2829 3018 2882 in
3047 2831 3279 2884 basilica
3331 2833 3507 2885 sancti
3548 2834 3700 2886 Petri
3747 2851 3891 2904 apo-

2193 2915 2345 2981 stoli,
2375 2931 2566 2970 coram
2612 2917 3092 2970 reverendissimo
3132 2934 3341 2974 caesare
3377 2921 3597 2988 Carolo,
3639 2938 3703 2976 ac
3736 2924 3894 2977 clero

391 3008 497 3062 sub
545 3006 768 3060 duobus
803 3005 890 3058 vel
917 3005 1099 3058 tribus
1145 3005 1403 3058 testibus.
1439 3004 1497 3059 Si
1528 3021 1642 3058 non
1682 3003 1776 3073 [se]
1813 3006 2073 3059 emenda-
2117 3003 2158 3057 C
2197 3008 2254 3057 et
2301 3003 2468 3073 plebe
2509 3003 2588 3056 ita
2639 3003 2836 3058 fecisse
2881 3013 3380 3060 commemorant:
3415 3014 3585 3078 atque
3631 3010 3714 3063 ita
3758 3027 3893 3064 mox

391 3094 557 3159 verit,
592 3093 650 3146 in
677 3097 959 3146 conventu
988 3091 1453 3162 presbyterorum
1487 3093 1788 3162 episcopus
1818 3109 1948 3147 cum
1980 3111 2084 3164 pu-

392 3183 540 3237 blica
585 3181 972 3251 increpatione
1009 3180 1333 3233 admoneat.
1385 3180 1442 3234 Si
1492 3197 1622 3234 vero
1666 3197 1852 3250 neque
1902 3182 1979 3235 sic
2027 3199 2084 3236 se

393 3270 717 3336 correxerit,
751 3270 822 3322 ab
858 3267 1047 3321 ofﬁcio
1095 3269 1478 3338 suspendatur
1527 3286 1706 3339 usque
1732 3270 1799 3323 ad
1851 3270 2083 3340 dignam

393 3357 856 3420 satisfactionem,
891 3373 960 3410 ne
992 3358 1238 3427 pepulus
1272 3357 1531 3411 fidelium
1557 3358 1618 3411 in
1655 3374 1721 3412 eo
1753 3359 2084 3413 scandalum

392 3447 656 3518 patiatur.
706 3445 760 3499 Si
794 3449 984 3498 autem
1032 3451 1388 3499 accusatores
1437 3446 1680 3516 legitimi
1715 3463 1830 3500 non
1873 3447 2087 3502 fuerint

393 3536 493 3605 qui
523 3537 644 3604 ejus
673 3533 913 3586 crimina
957 3534 1274 3588 manifestis
1302 3535 1530 3588 indiciis
1575 3536 1820 3605 probare
1852 3543 2083 3590 conten-

395 3624 601 3688 derint,
634 3627 690 3675 et
722 3623 841 3691 ipse
888 3623 1202 3693 negaverit,
1247 3629 1369 3676 tum
1401 3623 1521 3692 ipse
1555 3639 1682 3676 cum
1729 3630 1945 3693 septem
1987 3642 2086 3678 so-

394 3711 494 3763 ciis
521 3709 638 3762 suis
667 3710 924 3777 ejusdem
967 3709 1204 3776 ordinis,
1236 3710 1281 3762 si
1313 3712 1483 3776 valet,
1534 3727 1566 3762 a
1599 3709 1839 3764 crimine
1883 3717 2083 3766 semet-

394 3799 583 3867 ipsum
617 3801 910 3867 expurget.
963 3798 1245 3851 Diaconus
1295 3814 1450 3860 vero,
1497 3799 1543 3852 si
1599 3799 1802 3852 eodem
1847 3800 2084 3854 crimine

395 3892 687 3940 accusatus
715 3887 906 3951 fuerit,
940 3887 1312 3955 semetipsum
1343 3903 1471 3940 cum
1506 3887 1687 3940 tribus
1720 3893 1965 3942 excuset.

775 3992 901 4044 CAP.
945 3992 1192 4046 CLXXII.
1221 4021 1288 4031 —
1320 3995 1390 4045 De
1419 3993 1602 4046 eadem
1631 4007 1707 4045 re.

465 4077 572 4145 (Ea:
603 4079 787 4130 concil.
825 4077 1178 4143 Triburiensi,
1230 4093 1348 4147 cap.
1382 4078 1497 4146 21.)
1531 4079 1584 4132 Si
1632 4079 1760 4148 quis
1792 4079 2086 4150 presbyter

393 4171 589 4220 contra
617 4167 848 4233 laicum,
882 4167 967 4218 vel
992 4167 1166 4219 laicus
1189 4174 1387 4220 contra
1414 4167 1810 4237 presbyterum
1833 4169 2083 4238 aliquam

2193 3091 2585 3145 venerandum
2624 3093 2942 3162 principem
2975 3100 3171 3148 contra
3218 3096 3473 3164 ejusdem
3501 3099 3680 3152 sancti
3721 3116 3897 3170 papae.

2194 3180 2567 3242 adversarios,
2600 3181 2788 3250 dignm
2816 3183 3051 3236 ultionis
3077 3183 3385 3238 vindictam
3415 3201 3691 3241 exercere.

2197 3288 2330 3341 CAP.
2367 3287 2641 3364 CLXXXV.
2691 3289 2853 3364 —ASi
2887 3291 3091 3364 aliquis
3135 3306 3202 3344 em
3229 3291 3498 3364 ordinatis
3527 3293 3595 3346 ab
3642 3296 3898 3364 episc0po

2266 3373 2361 3433 suo
2405 3359 2696 3433 damnatus
2746 3362 2936 3426 fuerit,
2970 3366 3030 3414 ut
3075 3377 3182 3416 non
3212 3363 3401 3417 debeat
3439 3363 3508 3416 ab
3554 3359 3742 3433 aliqua
3795 3359 3896 3420 de-

2263 3431 2493 3494 fensari.

2265 3534 2374 3601 (Ea:
2416 3535 2600 3588 concil.
2657 3535 2862 3601 Arria,
2916 3552 3037 3604 cap.
3095 3539 3209 3603 29.)
3265 3539 3330 3592 Et
3382 3539 3524 3594 illud
3575 3543 3896 3609 petendum

2193 3627 2259 3675 ut
2288 3628 2535 3676 statuere
2581 3623 2891 3692 dignentur
2937 3631 3018 3691 ut,
3051 3625 3098 3678 si
3145 3626 3272 3696 quis
3302 3628 3606 3697 cujuslibet
3652 3631 3894 3687 honoris

2194 3710 2452 3777 clericus,
2491 3710 2706 3780 judicio
2760 3713 3180 3783 episcoporum,
3230 3731 3597 3787 quocumque
3646 3721 3895 3776 crimine

2194 3799 2365 3852 fuerit
2414 3799 2737 3866 damnatus,
2786 3817 2902 3854 non
2951 3802 3120 3856 liceat
3170 3819 3301 3857 eum
3349 3805 3463 3858 sive
3508 3807 3578 3860 ab
3633 3809 3897 3863 Ecclesiis

2196 3887 2402 3958 quibus
2455 3888 2702 3957 praefuit,
2762 3889 2878 3943 sive
2916 3907 2948 3943 a
2997 3892 3254 3962 quolibet
3299 3894 3533 3948 homine
3582 3897 3894 3964 defensari,

2195 3975 2530 4046 interposita
2560 3993 2728 4046 poena
2770 3977 2966 4032 damni
2998 3981 3253 4048 pecuniae
3279 3987 3452 4052 atque
3482 3984 3738 4050 honoris,
3778 4003 3894 4057 quo

2197 4079 2301 4117 nec
2359 4071 2585 4119 aetatem
2636 4082 2740 4119 nec
2807 4083 3006 4121 sexum
3060 4071 3450 4125 excusandum
3519 4089 3640 4126 esse
3700 4076 3896 4144 praeci-

2195 4155 2376 4222 piant.

391 4255 565 4307 habet
608 4253 984 4323 querimoniae
1034 4255 1503 4321 controversiam,
1556 4256 1821 4326 episcopo
1874 4259 2080 4326 praeci-
2115 4281 2158 4334 ι)
2197 4260 2324 4313 CAP.
2359 4260 2657 4314 CLXXXVI.
2702 4291 2770 4301 —
2798 4265 2889 4331 De
2926 4263 3248 4334 presbytero
3290 4281 3324 4318 a
3369 4267 3568 4334 populo
3614 4276 3884 4324 accusata.

389 4342 606 4412 piente,
640 4343 760 4396 sine
803 4359 1178 4412 personarum
1221 4343 1551 4413 acceptione
1583 4344 1837 4398 finiatur.
1891 4345 2087 4400 Laicus

389 4447 495 4501 per
526 4431 940 4500 juramentum,
992 4431 1037 4483 si
1069 4448 1295 4485 necesse
1345 4432 1438 4499 sit,
1488 4449 1546 4485 se
1582 4438 1856 4502 expurget
1887 4449 1901 4486 :
1934 4450 2086 4504 pres-

389 4520 554 4588 byter
606 4534 736 4571 vero
790 4519 910 4572 vice
960 4519 1275 4588 juramenti
1329 4536 1432 4590 per
1490 4528 1743 4574 sanctam
1795 4537 2085 4576 consecra-

389 4607 604 4659 tionem
655 4607 1042 4678 interrogetur
1077 4624 1090 4661 :
1125 4609 1260 4677 quia
1305 4608 1630 4661 sacerdotes
1678 4625 1746 4662 ex
1775 4609 1883 4662 levi
1914 4626 2084 4664 causa

382 4696 578 4766 jurare
602 4711 716 4748 non
741 4695 967 4748 debent.
999 4698 1194 4750 Manus
1214 4712 1314 4766 per
1335 4712 1508 4766 quam
1536 4713 1742 4767 corpus
1769 4703 1825 4751 et
1849 4699 2082 4768 sanguis

387 4781 595 4836 Christi
641 4787 1064 4848 consecrantur,
1115 4785 1444 4853 juramento
1495 4784 1828 4853 polluatur!
1877 4787 2074 4842 Absit!

386 4887 516 4924 cum
560 4872 837 4924 Dominus
881 4871 941 4924 in
986 4873 1288 4942 Evangelia
1331 4872 1627 4941 discipulis
1661 4873 1800 4940 suis,
1833 4890 2079 4945 quorum

382 4959 563 5013 vicem
595 4976 707 5013 non
751 4960 977 5030 indigni
1007 4960 1068 5012 in
1099 4965 1291 5012 sancta
1322 4960 1574 5029 gerimus
1604 4961 1850 5016 Ecclesia
1877 4963 2030 5017 dicat
2062 4981 2074 5018 :

383 5049 572 5103 Nolite
620 5049 854 5102 omnino
896 5049 1110 5117 jurare.
1154 5047 1237 5102 Sit
1268 5052 1459 5101 autem
1510 5064 1698 5103 sermo
1732 5055 1938 5113 vester,
1971 5056 2074 5119 est,

381 5142 484 5204 est,
519 5153 654 5201 non,
705 5153 839 5190 non.
887 5136 1049 5198 Quod
1080 5140 1272 5189 autem
1320 5135 1409 5189 his
1441 5136 1826 5190 abundantius
1873 5142 1978 5205 est,
2011 5155 2077 5192 ex

378 5228 530 5278 malo
562 5231 666 5279 est.

301 5339 306 5346 ·
378 5314 507 5366 CAP.
553 5313 878 5368 CLXXXIII.
913 5342 982 5352 —
1015 5313 1076 5367 Si
1106 5313 1328 5366 clericus
1373 5313 1633 5367 adversus
1677 5315 1928 5368 clericum
1972 5315 2076 5370 ha-

483 5385 568 5438 bet
597 5386 888 5452 negotium,
921 5383 996 5436 ad
1019 5385 1304 5437 saecularia
1329 5399 1433 5437 non
1462 5390 1711 5438 recurrat
1725 5386 1963 5454 judicia.

448 5472 573 5538 (Ea:
599 5473 786 5526 concil.
823 5472 1106 5537 Chalced,
1143 5488 1263 5541 cap.
1297 5475 1374 5539 9.)
1405 5473 1462 5527 Si
1509 5473 1635 5543 quis
1683 5473 1919 5528 clericus
1969 5476 2071 5530 ad-

373 5575 568 5614 versus
597 5560 870 5615 clericum
899 5560 1072 5616 habet
1094 5560 1413 5632 negotium,
1446 5577 1566 5617 non
1597 5562 1822 5618 deserat
1851 5565 2070 5636 episco-

2268 4349 2378 4416 (Ea:
2443 4351 2602 4417 epist.
2675 4351 2972 4419 Gregorii.)
3041 4353 3118 4405 De
3189 4354 3522 4424 presbytero
3594 4372 3726 4411 vero
3804 4358 3891 4411 vel

2193 4436 2450 4508 quolibet
2494 4439 2782 4492 sacerdote
2832 4457 2863 4492 a
2894 4441 3110 4510 populo
3161 4448 3442 4505 accusata,
3488 4444 3532 4496 si
3584 4447 3725 4499 certi
3772 4463 3890 4500 non

2191 4525 2406 4579 fuerint
2462 4531 2631 4579 testes
2691 4527 2790 4597 qui
2849 4528 3076 4582 crimini
3127 4530 3284 4583 illato
3334 4532 3624 4586 veritatem
3674 4534 3887 4603 dicant,

2186 4612 2592 4683 jusjurandum
2625 4614 2734 4668 erit
2775 4614 2835 4668 in
2867 4616 3073 4682 medio,
3115 4623 3170 4671 et
3201 4619 3362 4672 illum
3395 4624 3599 4674 testem
3628 4623 3890 4691 proferat

2189 4699 2258 4753 de
2289 4701 2632 4755 innocentiae
2667 4719 2779 4756 suae
2825 4704 3091 4773 puritate,
3122 4707 3212 4759 cui
3259 4708 3414 4762 nuda
3440 4713 3495 4762 et
3523 4717 3721 4781 aperta
3754 4718 3884 4766 sunt

2188 4789 2402 4854 omnia,
2435 4791 2627 4860 sicque
2661 4797 2890 4845 maneat
2914 4793 2973 4846 in
3006 4795 3239 4865 proprio
3269 4797 3472 4865 gradu.

2189 4895 2314 4972 CAP.
2348 4896 2686 4972 CLXXXVII.
2735 4929 2802 4937 -
2833 4898 2914 4952 De
2960 4901 3166 4955 clericis
3208 4905 3463 4957 convictis
3506 4909 3558 4958 et
3600 4907 3880 4972 confessis,

2257 4969 2307 5020 si
2336 4969 2485 5050 intra
2517 4984 2718 5022 annum
2751 4985 2971 5024 causam
2995 4987 3149 5050 suam
3176 4989 3415 5040 purgare
3445 4969 3882 5050 contempserint,

2255 5039 2407 5090 nulla
2435 5054 2540 5092 vom
2569 5055 2749 5093 eorum
2778 5048 2897 5108 post
2927 5039 3208 5097 audiatur.

2257 5126 2362 5195 (Ere
2407 5129 2594 5181 concil.
2648 5129 2829 5194 Afric.
2879 5146 2998 5198 cap.
3055 5130 3171 5202 46.)
3208 5134 3454 5188 Rursum
3508 5135 3884 5190 constitutum

2184 5217 2270 5266 est
2319 5218 2380 5267 ut
2434 5215 2739 5284 aliquoties
2793 5216 3014 5270 clericis
3069 5220 3342 5274 convictis
3397 5226 3454 5274 et
3501 5221 3776 5276 confessis
3820 5223 3882 5277 in

2183 5300 2377 5371 aliquo
2409 5303 2666 5370 crimine,
2703 5306 2787 5358 vel
2816 5311 3049 5376 propter
3093 5324 3292 5362 eorum
3323 5325 3569 5380 quorum
3604 5327 3880 5366 verecun-

2183 5389 2292 5443 diae
2326 5391 2596 5460 parcitur,
2643 5393 2728 5446 vel
2777 5399 3012 5464 propter
3043 5396 3301 5450 Ecclesiae
3350 5397 3754 5468 opprobrium,
3785 5409 3880 5454 aut

2179 5477 2528 5534 insolentem
2574 5481 3007 5538 insultationem
3062 5485 3467 5540 haereticorum
3513 5492 3686 5560 atque
3736 5505 3876 5559 gen-

2178 5567 2390 5637 tilium,
2425 5568 2473 5623 si
2513 5569 2660 5627 forte
2693 5586 2882 5628 causae
2912 5589 3026 5628 suae
3055 5573 3252 5630 adesse
3290 5575 3598 5646 voluerint,
3627 5581 3685 5632 et
3713 5577 3875 5633 inno-
