3956 6310
96 364 204 414 657

1058 363 1533 420 DECRETORUM
1574 366 1759 421 LIBRI
1797 368 1900 424 XX.
1941 399 2009 408 —
2049 369 2256 425 LIBER
2296 368 2671 424 SECUNDUS.

3509 373 3611 425 658

96 482 352 536 centiam
395 498 560 536 suam
593 498 863 551 asserere,
900 482 1053 537 intra
1090 501 1306 538 annum
1341 488 1806 541 excommunica-
1834 490 1880 543 Α
1920 507 2049 545 rum
2083 491 2433 557 convocanti,
2466 490 2559 544 hic
2589 491 2893 545 damnetur
2920 491 3274 559 omnimodo,
3309 508 3415 546 nec
3457 494 3610 547 ultra

97 568 278 622 tionis
330 571 442 624 hoc
490 570 719 624 faciant.
783 570 842 625 Si
898 588 1033 625 vero
1093 573 1243 626 intra
1299 590 1516 629 annum
1572 592 1799 629 causam

96 674 261 712 suam
331 674 582 730 purgare
652 661 1120 731 contempserint,

101 752 305 815 postea
343 747 573 817 penitus
604 748 886 801 audiatur.

100 850 229 904 CAP.
271 852 630 906 CLXXXVIII.
679 882 749 892 —-
796 855 860 907 Ut
903 855 1085 907 nullus
1116 870 1183 907 ea:
1227 856 1495 910 ordinatis
1546 858 1682 911 laico
1704 858 1800 925 ju-

719 940 846 977 rare
868 931 1184 993 praesumat.

173 1009 285 1079 (Ea:
322 1013 509 1064 concil.
558 1013 824 1077 Remensi,
882 1028 1010 1081 cap.
1061 1014 1134 1083 ὅ.)
1183 1015 1251 1067 Ut
1284 1016 1477 1069 nullus
1518 1032 1581 1068 ex
1623 1018 1798 1070 eccle-

100 1097 329 1151 siastico
365 1099 567 1153 ordine
595 1100 865 1170 cuiquam
897 1101 1039 1153 laico
1066 1102 1383 1172 quidquam
1414 1120 1588 1173 supra
1618 1121 1798 1172 sacra,

101 1186 184 1239 vel
244 1203 418 1257 super
469 1197 666 1242 sancta
723 1190 1029 1259 Evangelia
1068 1191 1245 1259 juret,
1306 1192 1401 1245 sed
1462 1192 1798 1262 simpliciter

102 1291 231 1329 cum
282 1276 533 1345 puritate
565 1284 623 1330 et
652 1277 888 1330 veritate
938 1278 1119 1332 dicat:
1158 1281 1270 1346 Est,
1305 1283 1407 1347 est,
1448 1281 1595 1347 Non,
1647 1298 1793 1347 non;

102 1363 199 1416 sed
245 1364 294 1416 si
338 1369 424 1417 est
470 1364 687 1435 aliquid
733 1366 889 1435 quod
937 1366 1017 1418 eis
1065 1384 1099 1419 a
1149 1367 1306 1420 laicis
1351 1352 1676 1438 objicia‘tur,
1727 1371 1795 1424 ad

101 1451 461 1521 episcopum,
528 1453 590 1507 in
647 1454 807 1521 cujus
848 1454 1140 1507 territorio
1206 1464 1312 1524 est,
1362 1456 1692 1510 deferatur:
1742 1463 1798 1511 et

92 1539 259 1609 juxta
302 1540 358 1593 id
406 1541 555 1610 quod
605 1541 690 1594 illi
731 1542 830 1610 qui
864 1542 1119 1611 ejusdem
1151 1547 1283 1595 sunt
1313 1544 1534 1597 ordinis
1575 1545 1795 1614 dijudi—

97 1628 372 1693 caverint,
402 1633 499 1681 aut
528 1628 849 1697 corrigatur
878 1637 977 1682 aut
999 1636 1365 1701 expurgetur.

97 1718 228 1769 CAP.
264 1716 565 1770 CLXXXIX.
617 1747 682 1755 —
714 1718 780 1770 Si
806 1722 1085 1785 presbyter
1137 1725 1233 1773 aut
1271 1720 1529 1773 diaconus
1570 1724 1629 1774 in
1672 1724 1789 1787 for-

167 1790 460 1861 nicatione,
493 1791 590 1861 aut
616 1789 880 1854 periurio,
902 1794 1007 1861 aut
1044 1792 1217 1859 furto,
1244 1792 1552 1857 homicidio,
1600 1800 1790 1861 captus

157 1859 354 1923 fuerit,
384 1858 451 1910 ab
474 1858 657 1927 ofﬁcio
677 1858 1065 1925 suspendatur.

166 1946 281 2013 (Ea:
338 1961 459 1999 can.
511 1949 791 2016 apostolo.)
835 1949 1134 2017 Presbyter
1197 1954 1297 2001 aut
1362 1950 1635 2003 diaconus
1688 1951 1787 2021 qui

93 2033 152 2087 in
198 2033 602 2095 fornicatione,
640 2041 738 2087 aut
778 2035 1051 2104 perjurio,
1089 2041 1187 2089 aut
1225 2036 1396 2105 furto,
1427 2043 1527 2090 aut
1555 2038 1788 2091 homici-

90 2122 183 2175 dio
210 2127 414 2192 captus
456 2127 558 2189 est,
593 2123 951 2192 deponatur:
996 2139 1111 2176 non
1143 2129 1337 2177 tamen
1382 2126 1786 2180 communione

87 2210 368 2280 privetur.
404 2210 551 2263 Dicit
578 2210 732 2265 enim
766 2210 1089 2281 Scriptura:
1114 2214 1238 2265 Non
1263 2213 1486 2283 judicat
1510 2214 1786 2268 Dominus

87 2298 174 2353 bis
203 2299 266 2352 in
292 2298 568 2369 idipsum.

87 2386 220 2440 CAP.
254 2387 401 2441 CXC.
435 2416 504 2427 —
536 2388 618 2440 De
647 2387 939 2454 ordinatis,
985 2390 1035 2441 si
1077 2389 1278 2456 aliquis
1305 2390 1526 2444 illorum
1563 2405 1783 2459 percus-

739 2472 829 2512 sor
856 2460 1145 2513 exstiterit.

159 2545 283 2614 (Eas
318 2560 463 2599 conc.
526 2545 885 2613 Agathensi.,
935 2562 1033 2615 cap
1085 2546 1166 2616 3.)
1215 2546 1273 2601 Si
1320 2547 1448 2617 quis
1492 2548 1554 2602 in
1593 2549 1784 2619 aliquo

88 2633 476 2687 ecclesiastico
559 2634 741 2702 gradu
814 2639 1068 2688 sacratus
1148 2651 1451 2704 percussor
1514 2637 1781 2703 extiterit,

83 2721 437 2791 corripiatur
501 2722 797 2777 acerrime.
861 2722 918 2777 Si
962 2739 1079 2776 non
1137 2724 1545 2791 emendaverit,
1608 2725 1782 2794 depo~

87 2816 285 2865 natur.

87 2899 217 2953 CAP.
280 2898 454 2953 CXCI.
513 2928 581 2937 —
648 2900 723 2951 De
794 2899 1129 2967 presbyteris
1174 2902 1271 2968 qui
1330 2906 1555 2969 propter
1628 2917 1784 2956 suam

527 2969 914 3035 negligentiam
947 2970 1341 3035 degradantur.

1192 663 1353 717 nulla
1423 680 1531 717 vox
1600 680 1800 717 eorum

156 3055 282 3120 (Ea:
317 3054 503 3107 concil.
560 3057 824 3122 Mogunt.,
867 3072 986 3125 cap.
1043 3056 1159 3125 40.)
1212 3057 1434 3111 Dictum
1482 3063 1567 3111 est
1617 3058 1781 3112 nobis
1815 3043 1855 3099 (ἶ

82 3142 456 3212 presbyteros
522 3148 762 3212 propter
817 3160 978 3197 suam
1044 3145 1456 3215 negligentiam
1511 3147 1781 3201 canonice

86 3230 451 3300 degradatos,
502 3234 559 3283 et
605 3231 955 3285 saeculariter
996 3233 1177 3302 gradu
1221 3234 1429 3286 amisso
1474 3235 1680 3301 vivere,
1727 3240 1783 3289 et

88 3318 447 3388 paenitentiae
498 3319 735 3387 agendae
785 3318 1000 3372 bonum
1040 3320 1352 3390 negligere.
1390 3321 1547 3375 Unde
1580 3321 1782 3375 statui—-

86 3423 218 3460 mus
262 3410 347 3471 ut,
381 3407 563 3475 gradu
602 3407 833 3471 amisso,
866 3408 1100 3477 agendas
1128 3409 1480 3478 poenitentiae
1509 3411 1690 3479 gratia
1721 3410 1780 3463 in

86 3495 437 3548 monasterio
508 3500 607 3548 aut
653 3496 925 3549 canonico
988 3503 1087 3549 aut
1142 3497 1392 3566 regulari
1461 3498 1776 3552 mittantur.

88 3582 147 3636 Si
179 3598 316 3635 vero
366 3582 475 3635 hoc
516 3583 639 3636 fieri
689 3599 859 3636 causa
893 3583 1166 3653 quaelibet
1214 3584 1597 3653 prohibuerit,
1650 3587 1779 3639 ubi-

87 3686 339 3740 cumque
387 3671 523 3737 sint,
570 3672 966 3741 paenitentiam
1002 3688 1170 3743 agere
1214 3689 1331 3726 non
1382 3673 1672 3729 desistant.
1723 3674 1782 3729 Si

88 3763 286 3813 autem
318 3758 529 3812 amisso
582 3760 765 3829 gradu
794 3761 1137 3814 saeculariter
1166 3762 1349 3814 vivere
1384 3761 1683 3829 voluerint,
1727 3768 1784 3816 et

87 3847 492 3917 paenitentiam
559 3864 725 3919 agere
772 3848 1148 3919 neglexerint,
1200 3851 1269 3903 ab
1331 3850 1588 3904 Ecclesiae
1633 3866 1783 3904 com-

87 3936 365 3989 munione
398 3942 753 4007 separentur.

90 4042 221 4096 CAP.
282 4042 478 4095 CXCII.
538 4072 605 4080 --
656 4046 729 4097 De
778 4042 1072 4108 ordinatis,
1130 4046 1183 4096 si
1236 4044 1440 4112 injuste
1493 4044 1786 4109 degradati

822 4115 1047 4179 fuerint.

158 4202 269 4269 (Eae
328 4200 526 4265 eodem,
582 4217 699 4270 cap.
761 4202 877 4269 28.)
938 4202 1264 4271 Episcopus,
1325 4202 1626 4271 presbyter
1683 4206 1781 4255 aut

88 4289 383 4353 diaconus,
418 4289 485 4355 si,
517 4305 549 4340 a
578 4290 759 4358 gradu
780 4307 880 4343 suo
908 4290 1113 4361 injuste
1146 4291 1415 4360 dejectus,
1452 4291 1509 4343 in
1533 4291 1783 4344 secunda

1914 579 2235 633 remedium
2267 584 2668 649 consequatur.

1915 668 2043 720 CAP.
2081 667 2298 721 CXCIV.
2335 698 2402 705 ——
2442 668 2509 721 Si
2538 667 2822 735 presbyter
2869 671 3059 721 contra
3104 682 3261 720 suum
3304 671 3609 737 episcopum

2079 740 2302 805 inﬂatus
2328 740 2562 792 schisma
2593 740 2799 803 fecerit,
2832 743 2893 792 ut
2922 739 3432 792 anathematizetur.

1983 824 2089 893 (Ea:
2120 841 2261 879 conc.
2297 827 2578 893 Carthag.,
2627 842 2745 894 cap.
2789 828 2896 891 Il.)
2938 825 3021 878 Ab
3055 826 3335 879 universis
3383 826 3604 895 episco-

1910 912 1999 981 pis
2041 912 2258 967 dictum
2304 918 2426 967 est:
2470 914 2526 967 Si
2570 913 2698 983 quis
2743 913 3040 982 presbyter
3079 914 3149 967 ab
3187 914 3457 982 episcopo
3502 930 3604 967 suo

1908 1006 2207 1071 correptus
2251 1003 2441 1068 fuerit,
2492 1002 2660 1057 debet
2705 1001 2902 1072 utique
2945 1002 3099 1071 apud
3134 1002 3351 1055 vicinos
3386 1001 3601 1071 episco-

1907 1106 2009 1158 pos
2039 1090 2337 1160 conqueri,
2371 1095 2437 1144 ut
2466 1092 2536 1143 ab
2562 1090 2699 1159 ipsis
2730 1090 2852 1159 ejus
2878 1106 3044 1143 causa
3076 1090 3254 1159 possit
3284 1090 3493 1155 audiri,
3535 1106 3598 1144 ac

1906 1192 2009 1245 per
2036 1177 2187 1246 ipsos
2238 1194 2340 1231 suo
2385 1178 2652 1247 episcopo
2698 1177 3070 1230 reconciliari.
3106 1178 3267 1239 Quod
3300 1178 3409 1230 nisi
3451 1179 3599 1231 fece-

1904 1264 1998 1331 rit,
2033 1266 2128 1318 sed
2177 1266 2463 1336 superbia,
2499 1266 2650 1335 quod
2694 1266 2866 1318 absit!
2916 1264 3148 1318 inﬂatus
3180 1267 3597 1320 secernendum

1904 1369 1961 1406 se
2006 1354 2074 1407 ab
2106 1354 2360 1424 episcopi
2411 1356 2495 1407 sui
2530 1354 2936 1408 communione
2968 1354 3213 1419 duxerit,
3263 1371 3325 1407 ac
3367 1370 3593 1424 separa-

1901 1442 2007 1494 tim
2037 1458 2168 1495 cum
2218 1442 2507 1513 aliquibus
2556 1443 2802 1495 schisma
2844 1442 3055 1495 faciens
3090 1442 3430 1495 sacriﬁcium
3479 1444 3593 1497 Deo

1903 1530 2192 1597 obtulerit,
2245 1531 2551 1585 anathema
2594 1531 2890 1595 habeatur,
2927 1535 2982 1583 et
3027 1531 3211 1582 locum
3244 1531 3486 1583 amittat.
3533 1530 3593 1584 Si

1901 1619 2324 1688 querimoniam
2373 1621 2587 1689 justam
2645 1620 2917 1672 adversus
2959 1618 3295 1688 episcopum
3341 1635 3454 1672 non
3488 1619 3593 1672 ha-

1898 1706 2109 1772 buerit,
2152 1707 2563 1778 inquirendum
2597 1708 2724 1760 erit.

1900 1795 2025 1849 CAP.
2058 1796 2248 1851 CXCV.
2282 1826 2353 1836 ——
2381 1800 2455 1850 De
2491 1798 2602 1849 illis
2647 1798 2744 1865 qui
2784 1797 3019 1864 aliquem
3049 1810 3116 1848 ea:
3146 1795 3416 1849 ordinatis
3451 1797 3593 1862 falso

2447 1869 2671 1920 crimine
2697 1869 3043 1935 appetierint.

1967 1954 2079 2021 (Ea:
2130 1954 2329 2021 eodem,
2361 1970 2483 2022 cap.
2532 1955 2604 2022 5.)
2653 1954 2709 2007 Si
2741 1954 2869 2024 quis
2910 1953 3240 2023 episcopum
3288 1958 3383 2007 aut
3429 1971 3589 2024 pres-

1898 2041 2162 2110 byterum
2202 2042 2287 2095 vel
2335 2042 2642 2095 diaconum
2695 2041 2849 2094 falsis
2881 2041 3220 2094 criminibus
3261 2042 3585 2110 appetierit,

1897 2133 1953 2181 et
1985 2128 2227 2198 probare
2258 2145 2374 2182 non
2403 2128 2677 2198 potuerit,
2724 2129 2834 2181 nisi
2859 2129 2919 2182 in
2952 2128 3067 2182 ﬁne
3110 2129 3353 2183 dandam
3385 2130 3439 2183 ei
3468 2145 3586 2184 non

1898 2231 2019 2269 esse
2049 2217 2534 2270 communionem.

1897 2304 2022 2358 CAP.
2077 2303 2297 2358 CXCVI.
2346 2333 2415 2344 —
2462 2306 2530 2358 Ut
2575 2307 2895 2358 criminator
2932 2307 3131 2357 crimen
3166 2306 3463 2372 criminati,
3503 2306 3588 2358 lit-

1967 2374 2097 2427 teris
2170 2376 2624 2443 comprehensum,
2697 2380 2821 2429 ante
2892 2377 3286 2429 accusationem
3343 2379 3587 2445 episcopo

1967 2460 2062 2498 suo
2090 2449 2434 2513 representet.

1966 2532 2083 2601 (Ea:
2112 2535 2297 2587 concil.
2334 2535 2568 2600 Aureli,
2614 2548 2733 2601 cap.
2786 2535 2890 2598 I0.)
2925 2534 3069 2587 Illud
3112 2538 3392 2603 praeterea
3429 2533 3587 2587 omni

1896 2621 2273 2675 ecclesiastico
2305 2622 2494 2676 ordini
2529 2622 2877 2675 omnimodis
2924 2623 3343 2676 observandum
3390 2627 3493 2690 est,
3524 2626 3587 2675 ut

1894 2710 2221 2763 nullatenus
2248 2710 2458 2780 aliquis
2485 2715 2796 2779 praesumat
2830 2710 2892 2763 in
2930 2710 3172 2764 concilio
3205 2712 3292 2764 vel
3326 2710 3585 2780 synodali

1893 2805 2177 2851 conventu
2226 2799 2479 2868 aliquem
2526 2798 2878 2852 confratrum
2925 2799 3282 2853 accusatione
3330 2800 3581 2868 pulsare,

1892 2884 2002 2937 nisi
2046 2885 2205 2954 prius
2236 2885 2425 2955 ipsum
2466 2886 2839 2950 accusationis
2883 2885 3102 2939 crimen
3145 2891 3201 2939 et
3247 2885 3584 2954 litigationis

1892 2989 2109 3041 causas,
2146 2973 2349 3027 litteris
2396 2990 2499 3044 per
2548 2973 2809 3027 ordinem
2858 2974 3357 3044 comprehensum,
3410 2990 3580 3027 manu

1891 3062 2126 3131 propria
2170 3061 2586 3132 subscripserit,
2622 3067 2678 3115 et
2709 3061 2975 3132 episcopo
3026 3063 3113 3115 vel
3144 3077 3318 3115 sacrae
3363 3062 3582 3131 synodo

1891 3149 2226 3219 porrexerit,
2275 3155 2337 3203 ut
2367 3151 2523 3220 juste
2562 3154 2618 3203 et
2648 3151 2916 3204 canonice
2965 3150 3318 3221 litigantium
3359 3154 3585 3205 contro-

1891 3239 2088 3291 versiae
2123 3238 2417 3292 ﬁniantur.
2470 3240 2593 3292 Non
2624 3238 2776 3291 enin:
2826 3238 2978 3305 licet,
3021 3244 3081 3292 ut
3116 3238 3421 3291 auctoritas
3468 3240 3579 3291 Ro-

1890 3342 2061 3379 mana
2118 3331 2377 3393 testatur,
2455 3326 2564 3380 nisi
2630 3327 3004 3395 inscriptione
3062 3327 3345 3380 celebrata
3415 3341 3581 3379 reum

1890 3430 2242 3485 quemquam
2299 3414 2446 3477 ﬁeri,
2500 3431 2601 3467 nec
2658 3415 2727 3467 ad
2781 3414 3063 3483 judicium
3113 3414 3391 3481 exhiberi,
3445 3414 3580 3484 quia

1891 3503 2036 3555 sicut
2084 3503 2401 3556 convictam
2458 3503 2527 3556 de
2582 3501 2823 3555 crimine
2873 3518 3044 3572 poena
3086 3502 3451 3571 constringit,
3501 3501 3582 3555 ita

1891 3595 2300 3655 accusatorem,
2329 3591 2376 3644 si
2400 3606 2517 3643 non
2543 3590 2867 3658 probaverit
2896 3590 3047 3660 quod
3073 3589 3295 3659 objecit.

1891 3677 2020 3731 CAP.
2057 3678 2303 3732 CXCVII.
2339 3706 2412 3718 —
2457 3680 2523 3731 Ut
2566 3677 2751 3732 nullus
2794 3693 2860 3729 ea:
2899 3677 3167 3731 ordinatis
3197 3692 3251 3731 se
3290 3676 3581 3747 proclamet

2375 3750 2433 3801 in
2463 3748 2684 3815 synodo.
2717 3746 2827 3801 nisi
2852 3750 3087 3816 scriptis.

1964 3838 2074 3904 (Em
2108 3838 2295 3891 concil.
2347 3837 2420 3891 ad
2465 3841 2636 3890 sanet.
2688 3836 2958 3901 Medard.,
2993 3852 3112 3905 cap.
3179 3835 3255 3903 9.)
3308 3835 3578 3888 Hincma-

1891 3940 2010 3983 rus,
2090 3924 2550 3994 archiepiscopus
2600 3925 2929 3991 Remorum,
2981 3923 3097 3977 suis
3159 3922 3581 3977 accusatoribus

1893 4012 2067 4066 dixit:
2105 4014 2241 4073 Quae
2283 4018 2366 4067 est
2394 4013 2597 4082 petitio
2648 4018 2853 4079 vestra,
2888 4014 3128 4066 fratres?
3159 4044 3226 4052 —-
3274 4011 3583 4065 Misericor-

1895 4101 2070 4166 diam,
2102 4101 2393 4171 inquiunt,
2445 4102 2693 4172 petimus
2723 4101 2884 4155 nobis
2931 4118 2962 4153 a
3008 4105 3192 4154 vestra
3240 4100 3579 4170 paternitate

1894 4188 2167 4258 impendi,
2230 4189 2297 4242 de
2369 4189 2793 4243 ministratione
2849 4189 3107 4242 ordinem
3173 4186 3579 4241 ecclesiastico-

1894 4292 2042 4341 rum,
2084 4277 2153 4330 ad
2191 4293 2331 4347 quos
2362 4294 2394 4329 a
2428 4278 2664 4331 domino
2697 4279 2891 4331 Ebone
2923 4276 3215 4347 quondam
3244 4275 3513 4345 provecti,
3550 4292 3581 4329 a

89 4378 312 4448 synodo
360 4377 636 4430 innocens
669 4380 1008 4447 reperiatur,
1061 4396 1174 4432 non
1223 4384 1406 4449 potest
1459 4396 1577 4431 esse
1628 4380 1778 4448 quod
1812 4387 1855 4440 Β
1893 4370 2079 4417 vestra
2126 4365 2462 4419 auctoritate
2508 4367 2767 4437 suspensi
2815 4383 3032 4420 sumus.
3074 4366 3411 4419 Hincmarus
3458 4364 3580 4434 epi-

90 4466 298 4532 fuerat,
348 4464 456 4518 nisi
490 4466 695 4536 gradus
744 4468 982 4520 amissos
1013 4467 1250 4537 recipiat
1291 4484 1483 4521 coram
1519 4467 1680 4520 alteri
1714 4468 1782 4521 de

89 4570 273 4607 manu
324 4553 745 4623 episcoporum.
782 4555 841 4609 Si
870 4555 1171 4625 episcopus
1211 4560 1314 4623 est,
1351 4556 1625 4622 orarium,
1674 4572 1780 4608 an-

88 4643 297 4697 nulum
344 4648 401 4695 et
431 4642 718 4696 baculum.
751 4644 809 4697 Si
840 4645 1156 4714 presbyter,
1191 4645 1445 4697 orarium
1490 4648 1545 4697 et
1576 4645 1783 4713 plane—

88 4738 231 4784 tam.
264 4729 322 4783 Si
358 4730 646 4797 diaconus,
677 4731 931 4784 orarium
961 4737 1016 4785 et
1047 4732 1252 4785 albam.
1293 4732 1349 4786 Si
1377 4732 1781 4801 subdiaconus,

88 4823 364 4891 patenam
395 4823 451 4873 et
480 4821 729 4874 calicem.
765 4821 853 4875 Sic
897 4826 954 4874 et
978 4821 1187 4891 reliqui
1219 4821 1429 4890 gradus
1462 4822 1519 4873 in
1554 4838 1784 4891 repara-

90 4909 315 4962 tionem
346 4907 434 4961 sui
468 4908 748 4979 recipiant
773 4926 921 4979 quae,
954 4926 1084 4963 cum
1114 4909 1537 4976 ordinarentur,
1592 4926 1785 4979 perce-

89 5000 321 5068 perant.

91 5087 220 5140 CAP.
281 5084 504 5138 CXCIII.
569 5116 636 5124 ———
688 5086 769 5139 De
812 5086 1080 5140 ordinatis
1135 5089 1231 5155 qui
1294 5087 1601 5154 episcopum
1654 5103 1783 5155 pro-

656 5159 839 5225 priam
868 5162 1225 5211 contemnunt.

158 5244 269 5315 (Ea:
321 5244 506 5297 concil.
571 5245 848 5314 Antioch.,
899 5261 1019 5314 cap.
1074 5245 1150 5315 5.)
1200 5246 1255 5299 Si
1304 5245 1432 5315 quis
1489 5245 1786 5315 presbyter

88 5337 187 5385 aut
216 5331 513 5394 diaconus,
539 5333 870 5403 episc0pum
894 5334 1191 5404 proprium
1218 5340 1607 5400 contemnens,
1634 5350 1691 5386 se
1715 5334 1784 5386 ab

88 5420 340 5475 Ecclesia
386 5422 850 5490 sequestraverit,
885 5427 940 5475 et
986 5439 1242 5475 seorsum
1291 5422 1563 5491 colligens
1609 5423 1784 5474 altare

91 5509 471 5573 constituerit,
506 5515 562 5562 et
600 5510 992 5563 commonenti
1028 5511 1296 5580 episcopo
1326 5526 1439 5563 non
1479 5510 1785 5579 acquieve-

91 5599 186 5665 rit,
219 5614 323 5651 nec
350 5597 675 5651 consentire
701 5600 789 5652 vel
822 5598 1054 5653 obedire
1084 5599 1330 5652 voluerit
1366 5598 1543 5652 semel
1574 5602 1629 5652 et
1672 5597 1783 5650 ite-

1894 4468 2097 4521 scopus
2153 4453 2327 4506 dixit:
2405 4454 2636 4508 Habetis
2691 4455 2949 4507 libellum
3003 4452 3422 4507 reclamationis
3482 4458 3582 4507 aut

1894 4540 2319 4609 postulationis,
2373 4541 2517 4594 sicut
2561 4542 2940 4596 ecclesiastica
2992 4559 3049 4595 se
3096 4542 3267 4595 habet
3312 4540 3583 4594 traditio?

1894 4628 1981 4680 Illi
2014 4633 2205 4681 autem
2241 4629 2664 4697 responderunt
2697 4647 2753 4683 se
2779 4646 2894 4699 prae
2927 4630 3192 4684 manibus
3225 4629 3448 4683 nullum
3479 4629 3584 4682 ha—

1895 4717 2026 4768 bere
2084 4716 2359 4771 libellum.
2408 4717 2747 4770 Hincmarus
2787 4718 3087 4788 episcopus
3137 4718 3335 4772 dixit:
3371 4718 3585 4788 Legum

1894 4804 2401 4858 ecclesiasticarum
2454 4805 2761 4858 auctoritas
2835 4807 2964 4858 talis
3020 4812 3105 4860 est
3161 4811 3221 4859 ut
3278 4806 3336 4859 in
3401 4805 3585 4859 causis

1894 4897 2183 4962 gestorum
2215 4910 2443 4963 semper
2486 4894 2826 4962 scripturam
2860 4894 3155 4965 requirat:
3191 4894 3331 4948 adeo
3374 4898 3439 4946 ut
3487 4893 3585 4963 qui

1897 4982 1962 5036 ad
1998 4997 2218 5035 sacrum
2258 4981 2475 5034 fontem
2515 4981 2752 5049 accedit,
2800 4998 2965 5034 suum
3013 4983 3147 5035 dare
3187 4998 3401 5035 nomen
3430 4998 3586 5050 prae-

1895 5070 2173 5139 cipiatur;
2226 5069 2324 5139 qui
2364 5070 2433 5123 ad
2468 5086 2758 5121 summum
2799 5070 3183 5122 sacerdotium
3230 5069 3582 5138 provehitur,

1896 5158 2120 5212 decreto
2146 5157 2410 5211 manibus
2429 5157 2688 5210 omnium
2713 5157 2977 5210 roborato
3000 5157 3260 5225 eligitur;
3290 5157 3586 5209 ordinatus

1897 5251 2086 5299 autem
2120 5263 2150 5298 a
2181 5246 2297 5298 suis
2332 5245 2756 5299 ordinatoribus
2787 5244 3003 5298 litteras
3035 5244 3293 5313 accipere
3318 5242 3581 5312 jubetur;

1898 5334 1997 5403 qui
2053 5334 2223 5387 etiam
2290 5335 2359 5387 ab
2418 5333 2792 5394 ecclesiastica
2858 5332 3123 5386 societate
3186 5331 3441 5401 quolibet
3498 5345 3588 5381 ex-

1898 5437 2057 5473 cessu
2113 5421 2477 5485 discinditur,
2528 5422 2775 5475 libellari
2816 5421 3121 5490 scriptione
3167 5424 3262 5472 aut
3311 5417 3588 5487 recipitur

1900 5514 1997 5561 aut
2036 5509 2329 5578 dejicitur;
2373 5511 2465 5563 sed
2508 5512 2608 5580 qui
2643 5516 2957 5577 accusatur,
3008 5510 3095 5561 vel
3137 5506 3590 5561 excommunica-

1899 5601 1994 5650 tur
2043 5613 2142 5651 seu
2190 5598 2608 5663 reconciliatur,
2660 5616 2764 5669 per
2814 5600 3152 5669 scripturam
3203 5595 3455 5651 accusari
3501 5595 3588 5648 vel
