3956 6300
357 324 462 378 659

1421 319 1822 376 BURCHARDI
1857 316 2394 377 WORMACIENSIS
2432 315 2767 374 EPISCOPI.

3751 317 3851 368 660

353 439 712 496 reconciliari
743 439 996 510 jubetur.
1037 439 1106 493 Et
1135 439 1214 492 sic
1266 439 1327 493 in
1358 439 1578 493 caeteris
1622 438 1953 508 hujusmodi
1981 438 2042 492 in
2070 440 2117 493 A
2154 438 2325 492 faciat
2347 437 2406 490 in
2427 435 2692 490 exsilium
2717 434 3030 506 deportari,
3060 438 3127 489 ut
3153 433 3326 488 unius
3346 448 3515 504 pana
3536 433 3853 489 multorum

352 534 581 584 tantum
629 528 912 598 scriptura
968 528 1316 598 deposcitur,
1349 531 1431 591 ut,
1489 528 1634 581 sicut
1660 527 1859 581 beatus
1911 528 2048 583 Gre-

356 618 553 689 gorius
589 617 650 670 in
682 616 1136 672 Commonitorio
1167 617 1238 670 ad
1266 618 1545 671 Joannem
1576 615 1935 670 defensorem
1982 632 2049 670 ex

356 706 633 761 Romanis
686 705 910 776 legibus
963 721 1196 759 sumens
1252 704 1490 758 scribit:
1560 704 1858 758 Sententia
1917 721 2049 775 quas

357 795 479 848 sine
522 794 804 864 scriptura
851 793 1157 863 profertur,
1196 808 1298 845 nec
1342 809 1555 846 nomen
1593 792 1892 847 sententiae
1940 794 2048 846 ha-

356 883 492 936 bere
518 886 824 936 mereatur.
851 882 1227 951 Quapropter,
1251 881 1451 934 fratres
1467 886 1524 934 et
1539 880 1664 947 ﬁlii,
1686 885 1912 950 oportet
1931 897 2047 946 vos,

357 971 673 1024 secundum
721 969 1156 1023 ecclesiasticam
1213 969 1629 1036 auctoritatem,
1687 970 2047 1023 reclamatio-

360 1075 491 1113 nem
529 1063 770 1112 vestram
804 1057 982 1110 libelli
1019 1057 1165 1110 serie
1197 1058 1468 1127 allegare,
1501 1074 1742 1128 eamque
1782 1057 2050 1111 manibus

357 1147 559 1201 vestris
612 1145 934 1199 roboratam
969 1145 1184 1215 synodo
1233 1161 1407 1198 sacrte
1456 1146 1771 1214 porrigere,
1823 1150 1886 1198 ut
1914 1162 2048 1199 con-

359 1234 654 1288 venienter
709 1238 765 1286 et
816 1233 1087 1286 canonice
1141 1233 1299 1287 vobis
1347 1233 1532 1286 valeat
1579 1232 1932 1302 responderi.
1987 1235 2052 1286 Et

357 1327 493 1377 tunc
532 1321 643 1392 ipsi
694 1321 899 1376 fratres
947 1321 1206 1374 libellum
1245 1321 1689 1386 conscribentcs,
1737 1321 1906 1390 eique
1949 1337 2052 1374 sua

356 1410 592 1464 nomina
637 1409 1078 1475 subscribentes,
1139 1414 1524 1477 porrexerunt
1579 1409 1880 1462 Hincmaro
1930 1408 2050 1477 epi-

357 1515 546 1568 scopo,
582 1498 680 1568 qui
709 1502 846 1551 tunc
869 1513 986 1550 una
1013 1513 1142 1549 cum
1177 1496 1483 1562 Wevilone,
1517 1497 1830 1550 Senonensi
1865 1497 2050 1549 archi-

359 1587 648 1656 episcopo,
680 1590 736 1638 et
775 1601 905 1637 cum
948 1584 1256 1652 Amalrico,
1289 1584 1606 1637 Turonensi
1661 1600 1825 1654 aeque
1858 1584 2050 1636 archi-

2158 527 2338 598 possit
2375 541 2494 579 esse
2526 523 2822 578 correctio.

2158 615 2288 670 CAP.
2323 613 2476 668 CCII.
2508 641 2575 654 --
2611 615 2678 668 Ut
2721 615 2772 666 si
2802 614 2926 680 quis
2957 612 3209 666 clericum
3237 613 3591 676 accusaverit,
3624 617 3676 665 et
3705 614 3857 664 testi-

2227 686 2423 738 moniis
2488 684 2720 752 probare
2794 698 2900 737 non
2968 685 3227 750 potuerit,
3297 687 3580 736 accusator
3637 697 3855 752 paznam

2229 757 2474 809 accusati
2500 757 2754 822 accipiat.

2229 843 2338 914 (Ea:
2367 843 2554 896 concil.
2585 840 2985 905 Bi'uganden.,
3029 856 3148 909 cap.
3185 838 3258 907 8.)
3283 839 3502 893 Placuit
3532 843 3615 907 ut,
3650 839 3697 892 si
3730 841 3858 910 quis

2157 931 2403 1001 aliquem
2451 929 2786 983 clericorum
2821 931 2874 980 in
2910 928 3264 981 accusatione
3303 927 3701 981 fornicationis
3750 928 3858 981 im-

2156 1020 2316 1090 petit,
2367 1018 2680 1072 secundum
2728 1021 3076 1088 praeceptum
3108 1016 3268 1070 Pauli
3301 1015 3565 1086 apostoli,
3617 1016 3734 1068 duo
3768 1017 3856 1068 vel

2156 1103 2267 1157 tria
2316 1101 2645 1156 testimonia
2699 1101 3068 1170 requirantur
3129 1099 3197 1153 ab
3243 1100 3362 1153 illo.
3425 1100 3583 1164 Quod
3635 1099 3681 1152 si
3740 1116 3854 1152 non

2156 1191 2408 1262 potuerit
2483 1191 2629 1244 datis
2684 1188 3029 1243 testimoniis
3087 1189 3404 1258 approbare
3465 1188 3621 1258 quod
3689 1188 3856 1253 dixit,

2159 1279 2813 1334 excommunicationem
2844 1277 3092 1332 accusati
3115 1281 3406 1330 accusator
3431 1277 3688 1347 accipiat.

2159 1368 2290 1422 CAP.
2341 1367 2517 1420 CCIII.
2561 1397 2628 1406 —-
2683 1369 2749 1420 Ut
2794 1369 2934 1420 sicut
2982 1366 3111 1419 laici
3155 1367 3370 1418 clericos
3415 1368 3472 1418 in
3519 1366 3859 1418 secularibus

2231 1441 2289 1490 in
2339 1453 2439 1491 sua
2486 1440 2825 1491 accusatione
2869 1452 2977 1490 non
3028 1439 3318 1505 recipiunt,
3358 1437 3438 1490 ita
3493 1451 3586 1490 nec
3636 1439 3752 1505 ipsi
3800 1439 3859 1489 in

2229 1509 2568 1562 sacerdotum
2597 1510 2956 1576 recipiantur.

2232 1593 2340 1665 (Ea:
2395 1596 2584 1649 concil.
2637 1596 3041 1657 Aurelianensi,
3073 1610 3195 1661 cap.
3246 1593 3318 1660 5.)
3358 1593 3570 1648 Omnes
3602 1593 3861 1664 episcopi

358 1674 646 1744 episcopo,
724 1674 830 1726 sub
911 1672 1215 1741 prasentia
1292 1671 1526 1741 gloriosi
1605 1671 1756 1741 regis
1841 1670 2045 1737 Caroli,

2265 1683 2433 1736 tertia
2479 1683 2731 1737 sessione
2777 1683 3276 1736 acclamaverunt:
3323 1681 3468 1737 Sane
3497 1682 3746 1752 dignum
3780 1687 3864 1735 est

359 1762 574 1833 synodo
604 1761 963 1831 praesidebat.

363 1870 492 1923 CAP.
553 1868 822 1922 CXCVIII.
874 1897 942 1906 —
991 1869 1068 1920 De
1131 1867 1444 1920 clericorum
1499 1865 1944 1920 accusatoribus:
2004 1869 2054 1920 si

430 1954 598 1992 unum
631 1954 700 1992 ea:
728 1938 950 2005 objectis
992 1936 1228 2006 probare
1275 1953 1382 1990 non
1415 1939 1714 2007 potuerint,
1752 1937 1826 1989 ad
1861 1941 2052 1991 caetera

430 2025 537 2063 non
566 2009 952 2062 admittuntur.
1888 2010 1894 2016 ‘

433 2115 549 2186 (Ea:
575 2114 764 2168 concil.
807 2113 1098 2180 Africano,
1127 2127 1246 2180 cap.
1280 2115 1396 2177 75.)
1440 2113 1584 2164 Item
1627 2112 1863 2181 placuit,
1917 2129 2056 2183 quo-

363 2202 723 2272 tiescumque
754 2201 973 2254 clericis
1003 2201 1073 2254 ab
1112 2199 1538 2253 accusatoribus
1585 2201 1768 2254 multa
1814 2200 2056 2255 crimina

366 2290 731 2359 objiciuntur,
765 2293 822 2342 et
853 2304 1033 2342 unum
1067 2305 1136 2341 ex
1174 2288 1314 2358 ipsis
1345 2288 1415 2341 de
1449 2304 1565 2358 quo
1611 2288 1770 2358 prius
1809 2289 2053 2358 egerint,

365 2377 612 2448 probare
662 2391 776 2430 non
805 2375 1107 2442 valuerint,
1164 2377 1235 2430 ad
1281 2380 1487 2429 caetera
1527 2376 1648 2446 jam
1681 2391 1799 2430 non
1847 2377 2057 2431 admit-

364 2470 578 2519 tantur.

365 2575 498 2630 CAP.
531 2571 746 2626 CXCIX.
793 2601 861 2612 —
899 2571 980 2624 De
1025 2573 1270 2640 episcopo
1309 2575 1405 2625 aut
1427 2570 1764 2641 presbytero,
1799 2574 1850 2626 si
1893 2587 2060 2626 causa

435 2643 741 2696 criminalis
783 2644 859 2695 eis
907 2647 1166 2710 reputata
1208 2643 1401 2708 fuerit,
1447 2643 1708 2710 quomodo
1763 2657 1818 2697 se
1855 2657 2057 2712 expur-

435 2729 567 2781 gare
596 2713 841 2767 debeant.

437 2820 547 2883 (Em
585 2817 768 2882 concil.
835 2819 1218 2883 Wonnacien.,
1266 2832 1386 2887 cap.
1447 2821 1519 2885 8.)
1560 2817 1616 2872 Si
1657 2817 1923 2888 episcopo
1963 2822 2062 2872 aut

367 2907 696 2976 presbytero
745 2922 915 2959 causa
969 2905 1302 2970 criminalis,
1363 2905 1761 2970 homicidium,
1836 2905 2062 2960 adulte-

2162 1776 2248 1836 ut,
2287 1770 2430 1825 sicut
2479 1771 2800 1826 sacerdotes
2846 1771 2934 1823 vel
2975 1771 3210 1824 clericos
3253 1771 3313 1823 in
3345 1786 3446 1823 sua
3495 1771 3868 1824 accusatione

2159 1861 2248 1912 vel
2281 1859 2652 1913 saecularibus
2693 1859 2923 1928 judiciis
2958 1859 3084 1911 laici
3132 1874 3250 1911 non
3289 1857 3592 1928 rccipiunt,
3626 1857 3708 1911 ita
3753 1859 3867 1928 ipsi

2161 1946 2220 2000 in
2271 1948 2628 2001 sacerdotum
2678 1947 2764 2000 vel
2823 1946 3161 2000 clericorum
3219 1946 3696 2009 accusationibus,
3761 1963 3866 2000 seu

2162 2034 2551 2088 ecclesiasticis
2582 2033 2845 2104 negotiis,
2885 2033 2995 2087 nisi
3043 2043 3246 2104 sponte
3277 2034 3693 2100 collaudantur,
3739 2051 3864 2087 non

2162 2123 2546 2193 recipiantur:
2598 2123 2868 2193 quoniam
2927 2123 3333 2176 inconveniens
3390 2127 3476 2177 est
3525 2127 3588 2176 ut
3644 2123 3708 2176 hi
3761 2125 3862 2193 qui

2165 2211 2269 2264 1108
2292 2215 2591 2280 respuunt,
2624 2210 2694 2264 ab
2725 2210 2814 2264 his
2834 2209 3204 2280 recipiantur.

2165 2299 2296 2354 CAP.
2345 2299 2513 2354 CCIV.
2563 2328 2625 2338 —
2679 2301 2746 2354 Ut
2793 2301 3155 2352 testimonium
3197 2298 3326 2352 laici
3371 2301 3560 2352 contra
3607 2299 3860 2353 clericum

2779 2385 2930 2422 nemo
2950 2371 3234 2437 suscipiat.

2237 2459 2344 2523 (Ea:
2406 2457 2592 2512 concil.
2673 2457 3029 2520 Triburiensi,
3101 2473 3222 2526 cap.
3301 2456 3378 2526 4.)
3444 2455 3866 2512 Testimonium

2167 2545 2298 2599 laici
2323 2546 2592 2599 adversus
2619 2546 2889 2599 clericum
2923 2561 3092 2598 nemo
3123 2545 3411 2616 suscipiat.

2169 2653 2299 2708 CAP.
2351 2651 2498 2705 CCV.
2534 2681 2602 2692 —
2632 2655 2705 2706 De
2743 2653 3031 2716 ordinatis,
3078 2655 3130 2706 si
3170 2655 3412 2706 accusati
3454 2653 3687 2721 fuerint,
3738 2659 3867 2724 quot

2558 2741 2782 2794 testibus
2813 2755 2868 2793 se
2887 2753 3146 2794 excusare
3166 2739 3465 2794 debuerint.

2243 2831 2353 2899 (Ea:
2393 2829 2582 2883 concil.
2616 2829 3026 2896 Carthaginen.,
3060 2843 3180 2896 cap.
3223 2829 3340 2896 20.)
3369 2826 3426 2881 Si
3474 2831 3664 2882 autem
3700 2844 3868 2899 pres-

2169 2917 2358 2988 byteri
2387 2919 2474 2971 vel
2505 2917 2730 2971 diaconi
2773 2915 2990 2969 fuerint
3023 2915 3289 2981 accusati,
3323 2915 3593 2984 adjuncto
3635 2917 3750 2971 sibi
3801 2934 3869 2971 ex

365 2993 518 3046 rium
566 2998 622 3047 et
674 2993 1018 3046 maleﬁcium
1067 2997 1399 3062 reputatum
1452 2993 1646 3057 fuerit,
1705 2994 1766 3046 in
1815 2993 2045 3063 singulis

2227 3005 2369 3058 cinis
2427 3005 2560 3059 locis
2625 3004 2895 3075 proprius
2947 3005 3248 3075 episcopus
3305 3005 3566 3075 legitimo
3618 3022 3870 3059 numero

369 3081 594 3135 Missam
643 3084 886 3134 tractare
933 3080 1120 3146 debet,
1153 3084 1209 3134 et
1250 3080 1539 3134 Secretam
1569 3080 1799 3150 publice
1843 3081 2054 3146 dicere,

369 3174 425 3223 et
454 3168 896 3232 communicare,
930 3172 984 3220 et
1023 3168 1092 3222 de
1142 3167 1384 3237 singulis
1417 3167 1520 3221 sibi
1565 3169 1842 3238 reputatis
1888 3169 2057 3223 inno-

369 3261 592 3309 centem
641 3271 700 3309 se
757 3255 1073 3309 ostendere.
1133 3255 1295 3319 Quod
1350 3255 1398 3308 si
1446 3271 1560 3308 non
1613 3256 1831 3324 fecerit,
1889 3257 2057 3328 quin-

369 3343 622 3414 quennio
656 3361 686 3397 a
716 3343 1013 3396 liminibus
1039 3342 1290 3396 ecclesiae
1320 3347 1626 3396 extranens
1653 3343 1950 3398 habeatur.

511 3449 640 3504 CAP.
675 3448 778 3504 CC.
802 3478 869 3490 —
896 3450 964 3503 Ut
986 3449 1167 3502 clerici
1195 3447 1261 3501 ab
1285 3448 1478 3501 alienis
1501 3447 1785 3516 judicibus
1813 3465 1920 3504 non

977 3520 1443 3586 constringuntur.

438 3611 549 3676 (Ea:
603 3608 746 3662 decr.
806 3607 1047 3661 Adriani
1073 3622 1254 3676 papa,
1301 3622 1420 3675 cap.
1465 3606 1579 3676 38.)
1610 3607 1674 3660 In
1720 3607 2059 3662 clericorum

368 3712 537 3750 causa
565 3695 897 3765 hujusmodi
927 3695 1110 3748 forma
1143 3699 1416 3758 servetur,
1449 3698 1514 3748 ut
1559 3710 1929 3767 nequaquam
1965 3713 2061 3752 eos

371 3784 657 3840 sententia
686 3800 801 3837 non
821 3801 854 3837 a
880 3800 981 3837 suo
1005 3783 1198 3853 judice
1228 3783 1377 3837 dicta
1408 3785 1774 3855 constringat.

371 3889 501 3944 CAP.
538 3889 666 3942 CCI.
702 3919 770 3929 —
821 3889 1210 3945 Criminantem
1237 3889 1460 3956 injuste,
1497 3891 1546 3942 et
1575 3905 1682 3943 non
1723 3891 2059 3958 probantem,

439 3960 748 4014 verberibus
799 3960 1009 4027 publice
1058 3959 1454 4026 castigandum,
1500 3964 1551 4013 et
1598 3963 1654 4014 in
1703 3962 1931 4015 exilium
1975 3962 2063 4016 de-

435 4031 790 4100 portandum.

441 4135 550 4206 (Ea:
607 4151 756 4204 regn.
816 4135 890 4189 ad
949 4137 1265 4189 Antemium
1321 4135 1711 4190 subdiaconum
1773 4136 2061 4205 Campam,

369 4240 490 4293 cap.
541 4225 692 4292 201.)
737 4223 880 4278 Cum
924 4222 1123 4276 fortius
1167 4223 1462 4292 punienda
1510 4223 1623 4277 sint
1653 4223 1896 4278 crimina
1934 4239 2064 4292 quae

370 4311 694 4366 insontibus
724 4317 780 4364 et
824 4311 1072 4365 maxime
1107 4312 1339 4365 sacratis
1371 4311 1666 4365 ordinibus
1696 4311 2062 4382 ingeruntur,

373 4416 547 4471 quam
580 4400 702 4454 sitis
748 4400 1078 4470 culpabiles,
1111 4416 1310 4454 omnes
1365 4399 1464 4470 qui
1514 4399 1574 4451 in
1614 4415 1784 4452 causa
1833 4398 2067 4452 Joannis

374 4488 602 4542 diaconi
657 4488 970 4553 resedistis,
1022 4490 1315 4554 attendite,
1366 4492 1429 4542 ut
1487 4487 1749 4542 Hilarum
1802 4486 2068 4540 crimina-

373 4580 560 4629 torem
593 4575 791 4644 ipsius,
847 4575 1002 4628 nulla
1037 4593 1104 4629 ex
1135 4575 1474 4630 definitione
1517 4579 1702 4628 vestra
1745 4590 1915 4644 poena
1963 4591 2068 4628 ve-

371 4663 536 4717 niens
584 4663 904 4733 castigaret.
941 4665 1054 4718 Nec
1082 4664 1224 4717 illud
1266 4664 1338 4717 ad
1369 4661 1795 4717 excusationem
1821 4667 2064 4717 vestram

373 4768 496 4806 esse
549 4751 788 4806 credatis
839 4753 1136 4818 idoneum,
1187 4752 1343 4822 quod
1381 4751 1541 4805 vobis
1597 4750 1762 4821 quasi
1804 4751 2065 4820 judicare

371 4839 697 4893 volentibus
745 4840 902 4894 solus
950 4840 1130 4894 frater
1173 4845 1229 4892 et
1271 4838 1639 4909 coepiscopus
1678 4845 1879 4892 noster
1927 4841 2064 4892 Pas-

370 4928 595 4983 chasius
627 4927 835 4982 dicitur
863 4929 1152 4983 detulisse.
1181 4929 1320 4982 Nam
1353 4927 1400 4980 si
1430 4928 1583 4981 zelus
1607 4928 1669 4981 in
1700 4927 1860 4982 vobis
1893 4928 2064 4982 recti-

369 5017 586 5072 tudinis
622 5017 916 5088 viguisset,
967 5017 1188 5070 facilius
1219 5016 1321 5068 uni
1354 5032 1386 5069 a
1421 5016 1616 5070 multis
1647 5016 2066 5070 rationabiliter

370 5105 620 5171 suaderi,
672 5121 847 5176 quam
901 5105 1067 5158 multi
1124 5104 1196 5158 ab
1238 5120 1355 5158 uno
1408 5109 1677 5174 poterant
1717 5105 1840 5159 sine
1895 5121 2065 5158 causa

370 5194 608 5249 differri.
645 5193 790 5257 Quia
817 5209 955 5264 ergo
983 5197 1160 5247 tantae
1185 5192 1460 5263 nequitiae
1491 5194 1706 5246 malum
1734 5193 1858 5246 sine
1889 5191 2065 5262 digna

371 5299 486 5336 non
531 5282 702 5336 debet
756 5281 978 5336 ultione
1008 5280 1273 5348 transire,
1317 5281 1774 5351 suprascriptum
1827 5280 2062 5334 fratrem

370 5375 627 5425 nostrum
659 5369 1025 5424 Paschasium
1065 5359 1331 5422 volumus
1357 5368 1653 5423 admoneri
1682 5373 1747 5422 ut
1793 5369 2063 5424 eumdem

372 5459 628 5512 Hilarum
659 5459 821 5528 prius
841 5457 1299 5524 subdiaconatus,
1336 5474 1450 5528 quo
1479 5457 1752 5528 indignus
1778 5456 2057 5527 fungitur,

371 5545 559 5616 privet
604 5546 812 5612 ofﬁcio,
855 5551 1026 5616 atque
1068 5545 1403 5602 verberibus
1444 5545 1675 5617 publice
1717 5545 2059 5616 castigatum

2169 3092 2516 3163 collegarum
2546 3109 2690 3164 quos
2721 3092 2791 3147 ab
2821 3092 3026 3146 eodem
3057 3091 3304 3146 accusati
3341 3092 3629 3162 petierint,
3665 3092 3727 3146 id
3760 3101 3868 3159 est,

2169 3197 2285 3235 una
2335 3197 2526 3235 secum
2579 3182 2640 3234 in
2707 3180 3046 3252 presbyterii
3094 3182 3329 3234 nomine
3375 3182 3443 3234 VI
3493 3180 3558 3234 in
3612 3180 3874 3235 diaconii

2169 3270 2372 3337 tribus,
2405 3269 2661 3340 ipsorum
2714 3285 2912 3323 causas
2951 3269 3238 3338 discutiat,
3287 3269 3486 3323 eadem
3533 3269 3762 3324 dierum
3813 3275 3875 3324 et

2170 3359 2538 3426 dilationum,
2569 3362 2626 3412 et
2669 3375 2703 3411 a
2738 3358 3145 3412 communione
3191 3357 3598 3423 remotionum,
3649 3369 3707 3412 et
3746 3358 3870 3412 dis-

2169 3447 2430 3502 cussione
2479 3463 2855 3517 personarum
2909 3446 3060 3500 inter
3093 3452 3468 3512 accusatores,
3518 3451 3574 3501 et
3620 3462 3720 3500 eos
3764 3447 3872 3517 qui

2170 3539 2511 3589 accusantur
2541 3535 2726 3588 forma
2754 3539 2993 3591 servata.
3039 3535 3415 3606 Reliquorum
3462 3538 3658 3588 autem
3702 3535 3874 3589 cleri-

2170 3638 2369 3677 corum
2395 3639 2612 3691 causas,
2650 3624 2822 3678 etiam
2854 3624 3008 3678 solus
3041 3623 3341 3694 episcopus
3369 3623 3480 3676 loci
3507 3628 3780 3693 agnoscat
3812 3627 3871 3678 et

2170 3710 2356 3765 ﬁniat.

2173 3799 2300 3854 CAP.
2333 3800 2507 3854 CCVI.
2548 3831 2616 3839 —
2647 3802 2721 3854 De
2759 3800 3068 3854 substantia
3113 3801 3361 3865 defuncti
3392 3801 3718 3870 presbyteri,
3774 3818 3872 3856 cu-

2770 3873 2868 3938 jus
2907 3887 3016 3924 esse
3043 3872 3249 3926 debeat.

2245 3959 2353 4028 (Eae
2377 3973 2520 4013 conc.
2574 3959 2926 4023 Triburiensi,
2962 3961 3050 4014 cui
3092 3961 3349 4026 interfuit
3377 3959 3695 4028 Arnolphus
3746 3975 3871 4024 rear,

2173 4059 2274 4113 cap
2320 4045 2434 4115 23.)
2495 4045 2702 4100 Sancto
2750 4047 2992 4101 concilio
3039 4048 3278 4100 allatum
3325 4051 3410 4100 est
3447 4048 3602 4117 quod
3631 4047 3874 4117 quidam

2174 4133 2305 4186 laici
2351 4135 2612 4204 improbe
2641 4141 2815 4204 agant
2858 4141 3055 4188 contra
3099 4137 3460 4206 presbyteros
3491 4152 3642 4201 suos,
3686 4136 3769 4189 ita
3808 4143 3870 4190 ut

2179 4222 2248 4274 de
2294 4223 2661 4276 morientium
2677 4223 3142 4294 presbyterorum
3181 4224 3497 4277 substantia
3527 4228 3717 4294 partes
3761 4224 3874 4278 sibi

2178 4309 2462 4364 vindicent
2492 4311 2662 4365 sicuti
2711 4314 2780 4366 de
2811 4313 3060 4382 propriis
3100 4313 3294 4366 servis.
3328 4312 3728 4366 Interdicimus
3757 4313 3874 4365 ita-

2177 4413 2287 4468 que
2319 4399 2590 4452 canonica
2637 4401 2973 4454 auctoritate
3021 4417 3093 4454 ne
3135 4400 3245 4454 hoc
3297 4400 3532 4453 ulterius
3574 4399 3708 4454 ﬁat:
3771 4402 3871 4455 sed

2175 4487 2341 4541 sicuti
2371 4487 2537 4541 liberi
2583 4488 2717 4542 facti
2762 4495 2897 4542 sunt
2937 4489 3009 4543 ad
3061 4489 3484 4559 suscipiendum
3521 4489 3762 4558 gradum
3816 4495 3875 4543 et

2176 4577 2462 4646 agendum
2492 4575 2748 4630 divinum
2795 4577 3069 4644 officium,
3105 4579 3180 4630 ita
3214 4578 3357 4631 nihil
3398 4577 3468 4631 ab
3499 4577 3580 4631 eis
3609 4577 3877 4647 exigatur

2176 4671 2385 4735 praeter
2416 4665 2674 4719 divinum
2702 4665 2974 4720 ofﬁcium.
3016 4668 3092 4720 De
3123 4665 3402 4736 peculiari
3434 4682 3564 4719 vero
3598 4668 3874 4720 sacerdo—

2173 4759 2297 4807 tum
2347 4753 2486 4806 nihil
2520 4753 2630 4807 sibi
2675 4760 2973 4824 usurpent,
3001 4755 3099 4809 sed
3132 4760 3315 4808 totum
3355 4754 3414 4807 in
3447 4759 3694 4824 quatuor
3724 4755 3873 4808 divi-

2174 4841 2343 4895 datur
2391 4846 2606 4912 partes,
2658 4858 2771 4895 una
2813 4843 3098 4912 episcopo,
3147 4843 3257 4896 alia
3300 4841 3488 4911 altari,
3520 4841 3688 4895 tertia
3727 4859 3872 4911 pau-

2174 4931 2428 4999 peribus,
2478 4935 2685 5001 quarta
2730 4930 3102 5000 parentibus:
3154 4936 3210 4985 et
3247 4930 3295 4984 si
3338 4947 3453 4984 non
3497 4934 3632 4984 sunt
3674 4929 3874 4984 idonei

2174 5023 2459 5088 parentes,
2493 5019 2796 5089 episcopus
2841 5035 2966 5072 eam
3000 5019 3256 5090 recipiat,
3289 5024 3346 5072 et
3373 5019 3436 5072 in
3475 5034 3642 5072 usum
3677 5019 3874 5072 Eccle-

2175 5104 2272 5158 siae
2305 5105 2610 5175 diligenter
2654 5105 2978 5159 distribuat.
3031 5106 3096 5159 Et
3133 5105 3180 5158 si
3228 5104 3356 5175 quis
3397 5108 3591 5158 contra
3620 5104 3744 5158 haec
3779 5104 3871 5158 fa-

2173 5208 2300 5246 cere
2330 5193 2782 5263 prmsumpserit,
2813 5192 3349 5247 anathematizetnr.

2175 5298 2304 5353 CAP.
2357 5298 2565 5354 CCVII.
2618 5327 2688 5341 —
2732 5301 2806 5353 De
2868 5298 3200 5366 presbyteris
3245 5299 3344 5366 qui
3390 5299 3506 5352 sine
3558 5300 3875 5351 testamento

2835 5369 3204 5423 discesserint.

2245 5459 2353 5523 (Ea:
2380 5457 2580 5524 eodem,
2612 5473 2731 5526 cap.
2789 5457 2896 5528 14.)
2949 5456 3008 5510 Si
3038 5457 3396 5528 quiscunque
3433 5471 3498 5509 ex
3541 5451 3730 5526 gradu
3779 5471 3870 5510 ec-

2176 5545 2487 5600 clesiastico
2543 5545 2667 5600 sine
2727 5550 3070 5600 testamento
3126 5551 3184 5600 et
3230 5544 3351 5599 sine
3394 5543 3737 5614 cognatione
3771 5544 3870 5620 di-
