3956 6302
161 319 259 371 661
1106 316 1589 376 DECRETORUM
1630 319 1819 375 LIBRI
1856 321 1963 375 ΧΧ.
2005 348 2075 359 -—-
2115 320 2330 376 LIBER
2367 320 2734 375 SECUNDUS.
3554 325 3657 377 662

159 439 441 493 scesserit.
480 438 782 494 hereditas
828 439 951 510 ejus
992 439 1065 493 ad
1108 440 1425 505 ecclesiam,
1459 441 1558 495 ubi
1606 441 1852 511 servivit,
1883 443 1930 497 A
1968 446 2230 497 mutuam
2274 442 2490 497 caedem
2538 442 2927 513 proruperint,
2960 446 3131 513 prout
3160 443 3405 513 dignitas
3436 444 3658 498 officio-

162 528 519 582 devoIvatur.
553 528 824 582 Similiter
853 528 922 582 de
952 528 1498 583 sanctimonialibus.

160 635 292 689 CAP.
328 634 555 691 CCVIII.
597 664 666 675 —
697 637 772 688 De
818 635 1045 759 clemt‘zist
1068 637 1165 703 qui
1195 636 1479 690 laicalibus
1527 639 1855 691 vestimentis

885 722 921 759 u
984 722 1021 759 n
1048 722 1135 758 ur.

885 712 1135 759 utuntur.

230 797 343 861 (Ea:
374 795 577 859 eodem,
624 809 740 863 cap.
771 794 884 864 27.)
929 796 997 848 Ut
1027 795 1321 848 Iaicalibus
1352 796 1702 850 vestimentis
1741 797 1853 851 cle-

159 882 266 936 rici
320 898 435 936 non
491 885 748 947 utantur,
803 882 861 936 id
911 886 1016 945 est,
1066 884 1339 936 mantello
1386 885 1473 937 vel
1522 890 1687 948 cotto,
1738 884 1853 937 sive

150 986 352 1041 cappa,
420 986 525 1024 nec
554 970 813 1041 pretiosis
844 976 901 1024 et
945 971 1153 1041 ineptis
1184 972 1601 1037 calceamentis,
1643 977 1699 1026 et
1728 972 1853 1025 aliis

157 1058 477 1111 novitatum
525 1057 894 1123 vanitatibus,
942 1060 1041 1113 sed
1073 1058 1343 1129 religioso
1390 1064 1446 1113 et
1488 1060 1710 1113 decenti
1757 1062 1854 1113 ha-

157 1145 286 1199 bitu
314 1147 505 1200 induti
536 1146 822 1199 incedant.

578 1235 707 1289 CAP.
751 1234 919 1289 CCIX.
950 1266 1019 1274 —
1049 1238 1123 1290 De
1150 1236 1333 1289 eadem
1359 1252 1435 1289 re.

229 1322 337 1391 (Ea:
383 1324 571 1376 concil.
604 1324 1014 1391 Carthaginem,
1048 1339 1166 1392 cap.
1202 1324 1313 1393 45.)
1356 1324 1603 1379 Clericus
1632 1326 1849 1394 profes-

155 1410 382 1463 sionem
434 1426 596 1463 suam
655 1411 827 1465 etiam
884 1411 1083 1465 habitu
1134 1416 1188 1464 et
1233 1411 1457 1465 incessu
1514 1411 1734 1480 probet,
1796 1412 1853 1462 et

152 1497 369 1552 idoneo
446 1514 548 1551 nec
624 1498 872 1552 vestibus
946 1515 1051 1552 nec
1114 1499 1512 1553 calceamentis
1585 1499 1848 1552 decorem

153 1591 397 1655 quierat.

151 1675 284 1729 CAP.
321 1675 466 1729 CCX.
500 1706 566 1714 —
598 1678 670 1729 De
714 1677 923 1799 clerici;
967 1678 1083 1800 Ξ]νεί
1114 1678 1284 1729 ociose
1310 1678 1370 1729 in
1414 1675 1678 1729 nundinis
1724 1690 1848 1728 am-

927 1762 960 1800 u
986 1762 1056 1799 an
1092 1788 1102 1798 .

927 1762 1102 1800 utam.

223 1832 336 1901 (Ea:
365 1833 545 1887 eodem
580 1834 791 1899 concil.,
823 1848 943 1901 cap.
980 1833 1095 1899 48.)
1130 1831 1377 1885 Clericus
1415 1831 1535 1901 qui,
1581 1847 1695 1883 non
1745 1847 1847 1900 pro

151 1922 401 1975 emendo
431 1920 670 1991 aliquid,
705 1922 764 1974 in
792 1920 1066 1974 nundinis
1094 1921 1182 1973 vel
1232 1920 1292 1972 in
1322 1920 1447 1973 foro
1495 1919 1843 1986 deambulat,

150 2010 223 2063 ab
249 2009 441 2063 officio
471 2025 572 2063 suo
600 2010 965 2080 degradetur.

154 2115 283 2169 CAP.
339 2115 511 2170 CCXI.
564 2146 630 2155 —
698 2117 765 2170 Ut
827 2115 1029 2239 nullust
1062 2131 1137 2239 tea:
1196 2116 1333 2169 clero
1385 2130 1541 2167 arma
1577 2115 1848 2167 militaria

906 2202 1005 2239 por
1032 2202 1057 2238 e
1089 2225 1100 2236 .

903 2202 1100 2255 portet.

222 2275 334 2339 (Em
376 2273 554 2328 eodem
595 2275 782 2328 concil.
827 2290 949 2342 cap.
1021 2274 1136 2341 48.)
1187 2272 1525 2342 Quicunque
1576 2287 1648 2325 ex
1694 2271 1845 2325 clero

150 2378 274 2416 esse
304 2362 592 2429 videntur,
626 2378 782 2415 arma
802 2361 1075 2415 militaria
1104 2376 1222 2414 non
1244 2364 1492 2427 sumant,
1518 2376 1620 2413 nec
1640 2361 1846 2414 armati

148 2451 438 2514 incedant,
484 2451 584 2504 sed
617 2450 987 2521 professionis
1031 2466 1149 2504 suae
1186 2450 1530 2503 vocabulum
1561 2449 1845 2519 religiosis

148 2539 413 2594 moribus
441 2544 497 2594 et
525 2540 798 2609 religioso
829 2539 1029 2592 habitu
1075 2538 1389 2608 praebeant.
1424 2538 1587 2602 Quod
1627 2537 1675 2590 si
1712 2554 1843 2591 con-

144 2626 508 2697 tempserint,
538 2630 813 2696 tanquam
844 2642 1136 2679 sacrorum
1168 2641 1454 2679 canonum
1485 2629 1844 2696 contempto-

143 2732 240 2769 res
289 2720 346 2769 et
389 2715 779 2769 ecclesiastica
806 2714 1122 2769 sanctitatis
1167 2714 1579 2785 profanatores,
1624 2715 1843 2784 proprii

148 2805 368 2874 gradus
423 2803 728 2857 amissione
783 2805 1175 2857 mulctentur:
1236 2803 1372 2873 quia
1427 2819 1544 2856 non
1604 2808 1844 2873 possunt

145 2893 321 2946 simul
358 2894 470 2946 Deo
496 2896 554 2945 et
581 2892 790 2945 saecqu
819 2891 1089 2947 militare.

1966 547 2095 585 rum
2148 531 2209 585 in
2236 531 2334 584 tali
2361 547 2591 584 excessu
2623 530 3033 584 contumeliam
3079 532 3400 599 pertulerit,
3432 549 3466 586 a
3508 549 3655 603 pon-

1964 618 2115 673 tifice
2144 618 2455 673 districtius
2482 619 2823 674 vindicetur.

2345 707 2473 761 CAP.
2506 707 2746 761 CCXVII.
2780 737 2849 744 ——
2881 709 2953 760 De
2980 707 3164 760 eadem
3196 722 3270 759 re.

2036 794 2145 865 (Ea:
2173 795 2373 859 eodem,
2399 810 2523 863 cap.
2554 794 2632 865 7.)
2666 795 2860 847 Frater
2890 795 2951 847 in
2985 795 3219 847 fratrem
3251 794 3296 847 si
3326 810 3497 847 ausus
3526 794 3657 848 fue--

1964 883 2038 937 rit
2101 899 2338 937 manum
2404 881 2653 947 mittere,
2710 882 3028 953 legitimam
3086 881 3450 952 disciplinam
3518 882 3658 935 acci-

1964 972 2100 1042 piat.

1962 1060 2089 1115 CAP.
2126 1060 2389 1116 CCXVIII.
2424 1092 2490 1099 —
2524 1061 2603 1113 De
2629 1062 2825 1127 ofﬁciis
2856 1065 2905 1113 et
2946 1061 3265 1113 ministeriis
3302 1064 3502 1127 septem
3530 1060 3655 1113 dia-

2034 1147 2283 1185 conorum
2330 1147 2451 1185 cum
2513 1131 2931 1184 subdiaconibus
2987 1135 3037 1183 et
3099 1133 3435 1198 sequentium
3495 1130 3654 1185 ordi-

2030 1218 2158 1255 num
2192 1204 2460 1255 ministris
2490 1202 2861 1255 observandis.

2032 1290 2143 1359 (Ea:
2169 1305 2252 1359 ep.
2278 1290 2506 1343 Fabiani
2536 1305 2712 1358 papae,
2741 1305 2860 1358 cap.
2893 1288 2970 1357 2.)
3001 1290 3228 1359 Septem
3258 1304 3394 1358 ergo
3425 1288 3653 1342 diaconi

1960 1376 2073 1431 sint
2103 1378 2162 1431 in
2194 1378 2333 1431 urbe
2372 1379 2555 1432 Roma
2584 1394 2687 1447 per
2717 1382 2937 1447 septem
2974 1378 3238 1445 regiones
3275 1377 3544 1442 civitatis,
3574 1377 3651 1430 si-

1959 1470 2055 1518 cut
2084 1481 2117 1517 a
2148 1464 2407 1534 patribus
2454 1464 2800 1535 accepimus,
2846 1465 2945 1535 qui
2988 1480 3091 1534 per
3122 1464 3376 1532 singulas
3430 1464 3651 1517 hebdo—

1960 1555 2157 1606 madas
2189 1558 2244 1607 et
2258 1552 2571 1607 dominicos
2598 1553 2738 1618 dies,
2760 1557 2929 1622 atque
2952 1550 3324 1619 festivitatum
3349 1551 3648 1617 solemnia,

1959 1656 2090 1693 cum
2121 1640 2567 1693 subdiaconibus
2598 1644 2653 1693 et
2682 1640 2978 1709 acolythis,
3010 1654 3072 1691 ac
3102 1638 3464 1708 sequentium
3497 1638 3649 1691 ordi-

1960 1745 2097 1782 num
2138 1728 2435 1793 ministris,
2468 1728 2726 1797 injuncta
2753 1727 2861 1780 sibi
2892 1726 3196 1779 observent
3224 1725 3561 1791 ministeria,
3594 1730 3651 1778 et

1958 1817 2143 1887 parati
2163 1817 2321 1870 omni
2344 1818 2485 1870 hora
2504 1816 2617 1869 sint
2640 1816 2709 1869 ad
2727 1816 2982 1869 divinum
3004 1814 3278 1880 officium,
3298 1819 3353 1868 et
3373 1814 3649 1884 quidquid

1958 1906 2037 1960 eis
2066 1905 2390 1975 injungitur
2436 1905 2851 1975 peragendum.
2885 1903 3161 1957 Similiter
3189 1908 3245 1956 et
3291 1902 3450 1955 vobis
3480 1907 3650 1972 prout

1956 2000 2345 2068 Opportunum
2394 1993 2581 2058 fuerit,
2613 2008 2717 2062 per
2746 1993 2999 2061 singulas
3040 1991 3293 2044 civitates
3323 1996 3408 2044 est
3435 1991 3645 2044 facien-

1958 2082 2094 2136 dum
2125 2088 2189 2136 ut
2218 2081 2499 2143 divinum,
2548 2080 2762 2151 absque
2804 2081 2919 2133 ulla
2948 2095 3108 2132 mora
3137 2083 3238 2132 aut
3274 2078 3644 2149 negligentia,

1957 2169 2210 2225 studiose
2235 2186 2299 2223 ac
2329 2168 2662 2222 solemniter
2687 2174 2890 2237 agatur
2921 2167 3195 2221 ofﬁcium.

2098 2258 2223 2312 CAP.
2269 2257 2478 2313 CCXIX.
2514 2286 2581 2295 —
2612 2259 2683 2310 De
2711 2272 2931 2309 numero
2961 2260 3101 2309 certo
3131 2255 3500 2309 diaconorum.

2027 2347 2135 2416 (Em
2192 2346 2380 2401 concil.
2439 2347 2757 2409 Neocaesar.,
2816 2360 2936 2413 cap.
3000 2343 3104 2411 14.)
3152 2342 3388 2397 Diaconi
3427 2346 3648 2412 septem

1957 2434 2169 2488 debent
2198 2450 2318 2488 esse
2360 2433 2521 2503 juxta
2553 2433 2833 2503 regulam,
2873 2432 3006 2485 licet
3048 2438 3105 2485 et
3134 2432 3295 2485 valde
3325 2447 3535 2502 magna
3578 2432 3648 2484 sit

1956 2523 2173 2576 civitas.
2205 2522 2458 2592 Idipsum
2488 2526 2681 2574 autem
2708 2525 2762 2575 et
2791 2523 3032 2574 Actuum
3079 2520 3471 2591 apostolorum
3501 2520 3647 2573 liber

1954 2610 2229 2664 insinuat.

2370 2698 2497 2753 CAP.
2530 2697 2715 2751 CCXX.
2745 2727 2810 2735 ——
2839 2699 2913 2751 De
2939 2695 3123 2750 eadem
3151 2710 3229 2750 re.

2026 2789 2131 2855 (Ea:
2173 2788 2361 2842 concil.
2407 2788 2796 2855 episcoporum,
2842 2787 2939 2853 qui
2974 2788 3036 2838 in
3074 2786 3290 2838 Ancira
3318 2789 3368 2837 et
3405 2784 3645 2840 Cesaria

1953 2880 2328 2943 convenerunt,
2379 2890 2499 2943 cap.
2561 2877 2640 2942 9.)
2702 2872 2934 2927 Diaconi
2991 2877 3207 2942 septem
3257 2888 3378 2926 esse
3436 2872 3646 2925 debent

146 3000 278 3053 CAP.
330 2998 524 3053 CCXII.
576 3028 644 3038 -—-
697 3001 763 3053 Ut
808 3014 984 3051 omnes
1013 2999 1196 3053 clerici
1238 3000 1416 3064 magis
1462 2998 1735 3065 conﬁdant
1784 3001 1843 3053 in
1874 2994 1914 3049 C
1952 2964 2268 3065 δθθωῖἀυω
2311 2961 2893 3065 FeSP'amafI‘,‘fm"i?
2936 2976 3148 3065 .magna
3177 2959 3503 3065 Sitlci‘vitas‘
3542 2957 3647 3013 cui

531 3069 836 3135 defensione
864 3072 960 3123 Dei
990 3084 1153 3138 quam
1182 3072 1240 3122 in
1269 3072 1457 3123 armis.

216 3160 331 3224 (Ea:
383 3159 569 3211 concil.
631 3158 1007 3221 Aurelianen.,
1057 3172 1177 3225 cap.
1224 3157 1299 3225 9.)
1356 3157 1710 3213 Omnimodis
1755 3156 1839 3209 di-

144 3246 393 3300 cendum
435 3251 521 3299 est
564 3246 909 3317 presbyteris
956 3250 1014 3299 et
1050 3246 1381 3299 diaconibus
1426 3251 1490 3299 ut
1525 3262 1685 3299 arma
1725 3262 1840 3299 non

144 3338 399 3405 portent,
432 3335 529 3388 sed
550 3335 735 3404 magis
762 3334 1055 3388 confidant
1084 3334 1143 3387 in
1175 3333 1503 3387 defensione
1537 3334 1637 3387 Dei
1666 3350 1839 3403 quam

144 3439 205 3475 1n
237 3437 433 3475 armis.

144 3512 281 3566 CAP.
319 3511 541 3565 CCXIII.
593 3539 665 3551 —
695 3511 777 3565 De
805 3513 915 3565 illis
960 3515 1074 3580 qui,
1116 3527 1183 3565 ea:
1229 3513 1583 3566 ecclesiastico
1628 3512 1836 3577 ordine,

307 3586 404 3634 aut
430 3586 717 3646 venantur,
752 3587 848 3635 aut
877 3599 996 3637 cum
1020 3584 1377 3651 accipitribus
1400 3587 1677 3649 Jocantur.

219 3671 326 3736 (Ea:
360 3670 547 3723 concil.
599 3669 877 3736 Meldensi,
912 3687 1032 3739 cap.
1077 3670 1153 3741 8.)
1199 3670 1559 3740 Episcopum,
1607 3670 1841 3739 presby-

141 3761 333 3810 terum
361 3762 460 3810 aut
488 3757 787 3810 diaconem
816 3774 984 3811 canes
1012 3758 1084 3810 ad
1117 3758 1465 3822 venandum,
1500 3762 1599 3810 aut
1628 3757 1837 3827 accipi-

142 3850 278 3910 tres,
335 3851 434 3899 aut
484 3845 815 3915 hujusmodi
850 3862 938 3899 res
984 3847 1195 3900 habere
1225 3863 1343 3899 non
1392 3846 1541 3899 licet.
1586 3847 1747 3910 Quod
1791 3846 1840 3899 si

141 3933 275 4004 quis
305 3934 509 3987 talium
540 3950 913 4005 personarum
952 3934 1011 3987 in
1038 3934 1141 3987 hac
1178 3935 1468 3987 voluntate
1500 3933 1707 4003 saepius
1734 3935 1837 3988 de-

137 4027 328 4076 tectus
382 4022 571 4087 fuerit,
616 4022 665 4075 si
719 4022 1020 4092 episcopus
1069 4027 1172 4088 est,
1207 4023 1387 4076 tribus
1438 4021 1732 4075 mensibus
1780 4040 1838 4077 se

139 4128 173 4165 a
222 4111 628 4164 communione
669 4110 1000 4179 suspendat,
1046 4111 1341 4180 presbyter
1371 4109 1612 4173 duobus,
1646 4109 1837 4163 diaco-

138 4216 250 4253 nus
274 4216 387 4252 uno
410 4200 479 4252 ab
500 4199 656 4252 omni
678 4198 864 4252 ofﬁcio
890 4206 945 4251 et
967 4199 1370 4252 communione
1394 4197 1834 4267 suspendantur.

142 4308 271 4361 CAP.
327 4306 544 4361 CCXIV.
592 4338 660 4346 ——-
717 4310 792 4362 De
856 4309 1024 4360 servis
1089 4309 1207 4370 Dei,
1247 4311 1309 4359 ut
1347 4320 1522 4359 omnes
1561 4307 1838 4372 sylvaticz

209 4380 528 4501 vagptiones
595 4394 715 4433 cum
780 4379 1006 4432 canibus
1078 4382 1128 4431 et
1187 4377 1538 4446 accipitribus
1606 4377 1837 4429 interdi-

214 4464 316 4503 can
344 4464 428 4501 ur.

212 4536 327 4609 (Ea:
378 4539 564 4591 concil.
624 4538 1001 4602 Aurelianen.,
1060 4552 1180 4605 cap.
1222 4536 1293 4604 3.)
1346 4535 1625 4592 Omnibus
1663 4535 1837 4589 servis

145 4625 249 4680 Dei
277 4626 610 4679 venationes
641 4631 697 4680 et
725 4625 1024 4696 sylvaticas
1053 4625 1386 4695 vagationes
1416 4641 1545 4678 cum
1577 4624 1835 4687 canibus,

142 4717 202 4767 et
258 4718 325 4767 ut
373 4713 670 4784 accipitres
723 4719 778 4767 et
821 4714 1070 4767 falcones
1116 4730 1233 4767 non
1273 4713 1545 4774 habeant,
1594 4712 1834 4766 interdi-

142 4802 346 4856 cimus.

144 4891 271 4945 CAP.
326 4888 516 4946 CCXV.
584 4920 653 4928 —
725 4892 794 4945 Ut
860 4891 1075 4945 clericos
1132 4890 1503 4945 discordantes
1558 4891 1837 4961 episcopus

624 4975 726 5014 sua
754 4965 1017 5030 potestate
1035 4963 1356 5016 reconciliet.

214 5051 325 5120 (Ea:
351 5050 537 5104 concil.
570 5049 858 5115 Africano,
889 5065 1009 5118 cap.
1044 5052 1154 5115 59.)
1190 5049 1582 5103 Discordantes
1603 5048 1837 5103 clericos
1872 5081 1886 5093 ο

142 5139 443 5209 episcopus
486 5138 577 5191 vel
631 5137 852 5191 ratione
896 5138 981 5191 vel
1028 5142 1313 5207 potestate
1360 5137 1430 5191 ad
1472 5137 1835 5191 concordiam

141 5227 354 5293 trahat,
408 5225 799 5280 inobedientes
849 5227 1099 5296 synodus
1132 5243 1235 5297 per
1274 5226 1626 5280 audientiam
1675 5226 1834 5279 dam-

143 5318 259 5369 net.

147 5403 274 5458 CAP.
312 5401 527 5456 CCXVI.
562 5432 629 5441 —
658 5402 729 5455 De
764 5402 1023 5526 clericisde
1009 5405 1106 5471 qui
1138 5404 1489 5472 proruperint
1514 5404 1571 5455 in
1592 5405 1835 5455 mutuam

884 5488 957 5526 ea:
1024 5489 1097 5526 m.

884 5488 1074 5527 cwaem
1085 5513 1097 5525 .

216 5562 339 5627 (Ea:
397 5561 582 5615 concil.
642 5560 938 5623 Hilerden.,
992 5577 1111 5631 cap.
1167 5561 1244 5629 6.)
1288 5560 1345 5617 Si
1389 5559 1491 5631 qui
1543 5559 1733 5613 clerici
1774 5560 1835 5613 in

1953 3053 2168 3122 regulae
2202 3050 2508 3104 auctoritas
2541 3050 2650 3102 erit
2680 3050 2824 3103 liber
2850 3052 3093 3103 Actuum
3127 3048 3535 3116 apostolorum.

1953 3141 2082 3195 CAP.
2143 3140 2356 3195 CCXXI.
2418 3170 2484 3179 —
2534 3141 2601 3193 Ut
2645 3138 3101 3261 diagonitcoram
3152 3136 3483 3204 presbyteris
3540 3150 3645 3189 non

2676 3224 2731 3261 se
2773 3225 2870 3261 ean
2903 3248 2916 3261 .

2023 3300 2130 3370 (Em
2168 3300 2356 3354 concil.
2408 3297 2748 3360 Laodicensi,
2792 3311 2912 3364 cap.
2958 3295 3070 3365 20.)
3105 3294 3265 3358 Quod
3295 3310 3408 3347 non
3465 3309 3644 3363 opor—

1949 3392 2066 3441 teat
2115 3387 2420 3441 diaconum
2476 3400 2667 3438 coram
2722 3383 3052 3453 presbytero
3102 3382 3319 3448 sedere,
3379 3381 3477 3434 sed
3518 3381 3641 3451 jus-

1949 3476 2105 3529 sione
2167 3473 2484 3544 presbyteri
2554 3472 2763 3525 sedeat.
2826 3471 3101 3525 Similiter
3154 3474 3346 3523 autem
3399 3473 3454 3521 et
3520 3468 3639 3521 dia-

1948 3563 2103 3617 conis
2150 3562 2338 3615 honor
2382 3560 2666 3613 habeatur
2712 3559 2783 3613 ab
2833 3557 3302 3629 obsequentibus,
3354 3556 3411 3609 id
3456 3560 3560 3623 est,
3610 3574 3642 3608 a

1948 3648 2309 3703 subdiaconis
2339 3651 2394 3699 et
2423 3646 2690 3699 omnibus
2716 3645 2954 3699 clericis.

2039 3739 2168 3793 CAP.
2202 3736 2442 3791 CCXXII.
2475 3767 2542 3775 —
2575 3739 2645 3790 De
2671 3735 2987 3789 diaconibus
3024 3736 3120 3802 qui
3148 3748 3202 3788 se
3228 3733 3563 3803 presbyteris.

2624 3810 2976 3875 anteponunt.

2022 3898 2137 3965 (Ea:
2166 3898 2352 3951 concil.
2406 3896 2672 3960 Toletan.,
2721 3910 2841 3962 cap.
2889 3895 3003 3961 39.)
3058 3891 3331 3946 Nonnulli
3375 3891 3641 3945 diaconos

1948 3986 2008 4039 in
2054 3990 2275 4039 tantam
2309 3987 2622 4053 erumpunt
2668 3981 2995 4052 superbiam
3031 3985 3092 4033 ut
3135 3996 3254 4033 sese
3300 3979 3642 4049 presbyteris

1948 4077 2324 4143 anteponant,
2373 4077 2543 4141 atque
2574 4070 2634 4124 in
2666 4071 2855 4140 primo
2886 4071 3059 4123 choro
3090 4068 3201 4138 ipsi
3241 4067 3465 4137 priores
3495 4071 3641 4119 stare

1946 4165 2299 4231 praesumant
2343 4159 2688 4229 presbyteris
2716 4157 2776 4210 in
2810 4156 3058 4210 secundo
3090 4156 3262 4208 choro
3294 4153 3633 4208 constitutis.

1867 4270 1911 4323 ι)
1953 4252 2068 4319 Ego
2100 4254 2164 4302 ut
2206 4248 2567 4301 sublimiores
2616 4246 2723 4299 sibi
2755 4244 3115 4315 presbyteros
3159 4246 3490 4313 agnoscant,
3521 4246 3639 4294 tam

1948 4338 2007 4392 hi
2034 4354 2207 4407 quam
2239 4336 2321 4389 illi
2347 4337 2407 4389 in
2439 4342 2680 4404 utroque
2708 4334 2884 4387 choro
2909 4332 3242 4386 consistant.

1948 4426 2079 4481 CAP.
2136 4425 2405 4479 CCXXIII.
2461 4454 2526 4463 —
2579 4425 2645 4478 Ut
2689 4424 2966 4476 emorcistae
3025 4420 3395 4488 energumenis
3446 4432 3639 4471 manus

2642 4495 2940 4562 imponant.

2019 4584 2129 4651 (Ea:
2179 4583 2365 4637 concil.
2429 4580 2711 4647 Carthag.,
2760 4595 2879 4648 cap.
2942 4578 3055 4649 90.)
3108 4577 3277 4633 Omni
3338 4576 3430 4631 die
3481 4592 3640 4631 exor-

1945 4673 2098 4726 cistae
2129 4670 2535 4741 energumenis
2565 4685 2769 4722 manus
2795 4670 3115 4738 imponant.

2079 4777 2207 4831 CAP.
2242 4776 2500 4831 CCXXIV.
2530 4805 2597 4814 —
2618 4777 2692 4829 De
2717 4776 2913 4828 honore
2939 4775 3207 4827 universis
3225 4772 3507 4827 ordinibus

2626 4850 2963 4914 competente.

2017 4935 2125 5007 (Ea:
2154 4936 2298 4989 decr.
2327 4935 2573 4990 Silvestr.
2613 4949 2794 5002 papae,
2844 4950 2963 5002 cap.
2996 4932 3077 5001 4.)
3109 4934 3191 4987 Ita
3233 4932 3435 4985 fratres
3474 4932 3641 5001 jubet

1947 5023 2252 5080 auctoritas
2285 5022 2497 5086 divina,
2526 5026 2584 5075 et
2616 5022 2882 5087 afﬁrmat,
2914 5028 2997 5086 ut,
3023 5039 3054 5075 a
3076 5020 3423 5076 subdiacono
3457 5036 3637 5090 usque

1946 5115 2016 5169 ad
2066 5116 2351 5176 lectorem,
2405 5128 2605 5165 omnes
2661 5111 2875 5165 subditi
2917 5111 3030 5165 sint
3070 5111 3310 5165 diacono
3364 5109 3638 5163 cardinali

1946 5204 2103 5258 urbis
2152 5205 2371 5268 Romae,
2419 5201 2480 5255 in
2531 5200 2775 5255 Ecclesia
2830 5200 3111 5253 honorem
3165 5203 3636 5269 repraesentantes

1944 5298 2190 5347 tantum.
2241 5289 2505 5345 Pontiﬁci
2535 5305 2691 5357 vero,
2722 5289 3038 5359 presbyter,
3078 5287 3368 5347 diaconus.
3405 5286 3635 5340 subdia-

1944 5397 2138 5447 conus,
2174 5380 2485 5450 acolythus,
2517 5378 2814 5442 exorcista,
2847 5378 3043 5443 lector,
3074 5375 3265 5439 abbas,
3300 5376 3632 5443 monachus,

1944 5471 2004 5525 in
2034 5469 2189 5524 omni
2217 5471 2339 5523 loco
2365 5472 2737 5539 reprzrsentet
2760 5466 3121 5537 obsequium,
3149 5464 3265 5519 sive
3294 5463 3356 5518 in
3382 5464 3634 5535 publico,

1946 5558 2065 5613 sive
2094 5558 2156 5612 in
2186 5558 2408 5628 gremio
2439 5556 2709 5612 ecclesias.
