3956 6312
269 321 372 373 663

269 443 398 498 CAP.
469 439 704 496 CCXXV.
793 471 862 478 —
929 441 1004 493 De
1074 439 1442 492 sacerdotibus
1512 439 1610 507 qui
1675 439 1968 506 adimplere

338 527 497 571 suum
527 512 895 565 ministerium
923 511 1188 576 nesciunt,
1218 524 1311 563 nec
1341 508 1546 562 discere
1579 509 1763 562 volunt
1786 523 1798 561 :
1823 507 1968 576 quod

340 589 408 642 ab
439 584 622 652 ofﬁcio
651 584 762 635 sint
787 579 1159 634 submovendi.

345 694 456 764 (Ea:
499 689 688 746 concil.
741 687 1150 750 Aurelianensi,
1188 699 1307 752 cap.
1357 683 1433 752 6.)
1485 682 1820 737 Sacerdotes
1868 682 1968 753 qui

273 782 380 835 rite
411 795 528 834 non
579 775 808 847 sapiunt
852 772 1162 841 adimplere
1207 770 1586 824 ministerium
1632 787 1822 837 suum,
1865 788 1968 824 nec

273 870 487 925 discere
525 867 690 937 juxta
735 865 1082 932 praeceptum
1128 875 1363 911 suorum
1412 859 1815 928 episcoporum
1863 875 1966 929 pro

273 955 490 1008 viribus
552 954 839 1020 satagunt,
898 948 986 1000 vel
1043 951 1466 1015 contemptores
1514 961 1802 999 canonum
1851 945 1968 1000 exi-

275 1047 447 1105 stunt,
485 1041 553 1094 ab
585 1037 770 1092 ofﬁcio
799 1035 1034 1106 proprio
1066 1038 1198 1087 sunt
1236 1033 1635 1101 submovendi,
1669 1049 1968 1105 quousque

272 1131 396 1185 haec
423 1128 672 1199 pleniter
702 1124 1004 1178 emendata
1034 1122 1301 1176 habeant.

276 1238 403 1291 CAP.
454 1233 710 1289 CCXXVI.
755 1260 825 1269 —
870 1232 936 1284 Ut
981 1231 1123 1282 inter
1174 1229 1392 1282 clericos
1444 1243 1552 1281 non
1599 1231 1973 1296 computentur

406 1307 502 1374 qui
526 1304 623 1358 sub
652 1303 859 1356 nullius
887 1301 1125 1368 episcopi
1149 1299 1445 1366 disciplina
1469 1301 1836 1352 inveniuntur.

348 1395 451 1462 (Ea:
479 1392 666 1446 concil.
713 1389 1034 1450 Parisiensi,
1080 1402 1199 1456 cap.
1237 1387 1345 1451 10.)
1381 1387 1544 1438 Nulla
1589 1387 1810 1440 ratione
1857 1387 1970 1440 cle-

275 1499 380 1554 rici
439 1502 539 1552 aut
595 1496 913 1550 sacerdotes
965 1491 1213 1546 habendi
1261 1496 1394 1545 sunt
1445 1491 1544 1562 qui
1596 1492 1698 1546 sub
1760 1493 1968 1546 nullius

279 1586 530 1658 episcopi
560 1583 859 1652 disciplina
890 1587 945 1635 et
973 1579 1327 1650 providentia
1367 1579 1781 1650 gubernantur.
1811 1581 1971 1634 Tales

279 1676 434 1729 enim
477 1662 798 1742 acephalos,
832 1670 886 1723 id
919 1673 1021 1735 est,
1064 1669 1184 1722 sine
1233 1668 1439 1738 capite,
1479 1669 1681 1738 priscae
1713 1669 1970 1722 Ecclesiae

277 1762 635 1818 consuetudo
667 1757 1033 1828 nuncupavit.

281 1871 410 1924 CAP.
453 1865 740 1922 CCXXVII.
792 1893 860 1903 --
907 1863 1203 1931 Exemplar
1246 1864 1496 1927 formatae
1542 1863 1798 1930 epistola,
1856 1877 1975 1931 qua

351 1943 410 1992 in
453 1940 669 1992 Nicena
699 1934 901 2004 synodo
942 1950 976 1987 a
1004 1935 1206 1986 sanctis
1240 1933 1497 2001 patribus
1545 1937 1624 1986 est
1658 1935 1897 1999 formata
1925 1937 1977 1987 et

351 2009 679 2063 collaudata.

350 2115 464 2184 (Ea:
494 2113 636 2168 decr.
687 2112 890 2167 Nicaeni
919 2108 1170 2178 concilii.)
1220 2110 1285 2162 In
1328 2108 1563 2162 nomine
1612 2108 1791 2179 patris
1819 2128 1877 2177 π,
1920 2113 1978 2163 et

282 2203 386 2257 ﬁlii
418 2222 472 2272 γ,
514 2205 568 2254 et
617 2199 850 2270 spiritus
899 2198 1079 2250 sancti
1127 2216 1178 2249 α.
1224 2197 1495 2250 Walterio
1548 2196 1801 2267 Spirensi
1856 2197 1974 2268 epi-

282 2307 476 2360 scopo,
540 2305 646 2359 ego
706 2285 1064 2341 Burchardus
1121 2289 1326 2338 sanctae
1373 2285 1812 2338 Wormaciensis
1868 2287 1979 2338 Ec-

283 2379 468 2434 clesiae
514 2378 750 2431 devotus
784 2374 972 2444 gregis
1023 2372 1231 2426 Christi
1278 2372 1550 2438 famulus,
1594 2373 1654 2425 in
1689 2374 1801 2426 Deo
1842 2389 1976 2428 vero

284 2482 526 2523 summa:
571 2462 855 2518 felicitatis
886 2459 1321 2513 beatitudinem.
1358 2459 1498 2512 Cum
1547 2465 1742 2514 sancta
1785 2462 1976 2514 catho-

281 2557 392 2610 lica
417 2551 663 2606 Ecclesia
682 2552 951 2620 prompta
972 2547 1043 2600 sit
1072 2547 1233 2617 sequi
1256 2547 1600 2601 documenta
1621 2550 1976 2618 Evangelica,

285 2660 413 2714 quae
435 2641 633 2695 dicunt
654 2655 666 2692 :
688 2638 796 2701 Qui
815 2636 1020 2704 recipit
1039 2636 1380 2704 prophetam
1404 2635 1463 2689 in
1483 2636 1714 2690 nomine
1734 2639 1978 2708 prophe-

282 2736 376 2798 tae,
409 2729 650 2799 accipiet
690 2725 1032 2788 mercedem,
1066 2724 1392 2794 prophetae;
1440 2726 1496 2776 et
1525 2724 1624 2794 qui
1655 2725 1858 2795 recipit
1880 2726 1976 2796 ju-

285 2823 438 2871 stum
495 2816 557 2868 in
622 2813 855 2868 nomine
917 2811 1076 2881 justi,
1142 2816 1194 2864 et
1260 2816 1464 2865 caetera
1506 2817 1607 2866 :et
1671 2815 1978 2882 Apostolus

280 2905 480 2976 jubeat
510 2900 959 2970 hospitalitatem
989 2898 1210 2966 sectari,
1235 2903 1292 2953 et
1309 2899 1738 2952 necessitatibus
1761 2911 1978 2955 sancto-

1348 314 1748 370 BURCHARDI
1786 311 2318 370 WORMACIENSIS
2355 311 2688 369 EPISCOPI.

3673 313 3783 366 664

793 471 862 478 -
929 441 1004 493 De
1074 437 1442 492 sacerdotibus
1512 439 1610 507 qui
1675 436 1972 506 adimplere

2133 451 2219 489 I811
2257 438 2569 490 conservet.
2601 453 2659 487 π.
2692 454 2742 506 γ.
2776 454 2828 486 α.
2869 453 2926 488 π.
2963 433 3019 506 β.
3053 453 3092 486 ε.
3132 437 3180 497 ζ.
3215 435 3260 496 ξ.
3295 455 3349 487 α.
3383 454 3432 489 κ.
3466 454 3520 492 η.
3553 437 3601 486 θ.
3638 436 3782 489 Data

2076 523 2433 589 Wormaciae,
2484 522 2681 577 Idibus
2712 523 2910 590 Dartii,
2962 538 3115 577 anno
3166 522 3477 578 Dominicai
3513 523 3780 579 incarna—

2077 611 2251 666 tionis
2276 611 2583 665 millesimo
2613 610 2974 678 duodecimo,
3001 609 3310 664 indictione
3343 613 3402 666 X.

2078 719 2203 772 CAP.
2262 717 2578 772 CCXXVIII.
2625 748 2694 757 —
2735 717 2819 771 De
2864 717 2984 841 ilict
3006 719 3104 785 qui
3146 718 3340 784 fugam
3385 718 3587 784 fratris
3635 719 3776 772 cela-

2841 803 2958 841 veri
2991 827 3002 839 .

2841 803 3002 842 verna

2147 877 2257 943 (Ea:
2282 875 2445 928 dictis
2474 876 2710 939 Basilii.)
2741 875 2796 927 Si
2827 874 2956 944 quis
2979 889 3112 928 eum
3134 891 3328 945 quem,
3358 875 3778 929 districtionem

2077 961 2514 1015 ecclesiasticam
2543 977 2656 1014 non
2685 964 2984 1028 ferentem,
3017 961 3215 1031 fugam
3241 963 3505 1016 meditari
3536 979 3782 1032 agnove-

2077 1048 2170 1114 rit,
2211 1064 2326 1102 non
2387 1049 2578 1103 statim
2617 1049 2947 1119 prodiderit,
3003 1050 3341 1120 perditionis
3397 1051 3552 1104 illius
3590 1052 3780 1121 parti-

2077 1137 2261 1206 cipem
2295 1153 2353 1190 se
2405 1153 2529 1190 esse
2558 1153 2674 1190 non
2731 1136 2952 1191 dubitet
2986 1153 2999 1191 :
3035 1144 3091 1190 et
3119 1142 3236 1191 tam
3293 1139 3389 1192 diu
3437 1143 3521 1192 est
3575 1155 3608 1192 a
3639 1155 3780 1193 con-

2077 1229 2250 1278 ventu
2294 1223 2536 1278 fratrum
2585 1224 3046 1295 sequestrandus,
3100 1241 3274 1296 quam
3305 1225 3401 1281 diu
3447 1226 3543 1280 ille
3591 1227 3784 1280 valeat

2080 1326 2354 1365 revocarn

2080 1416 2206 1469 CAP.
2245 1416 2501 1470 CCXXIX.
2552 1447 2621 1456 —-
2667 1420 2741 1471 De
2785 1419 2896 1473 illis
2949 1417 3051 1486 qui
3087 1420 3427 1488 presbyteros
3474 1434 3596 1474 suos
3635 1421 3782 1474 male

2740 1492 3114 1544 tractaverint.

2153 1574 2264 1640 (Em
2306 1576 2492 1629 concil.
2545 1577 2872 1644 Arvernen.,
2914 1593 3034 1646 cap.
3072 1579 3147 1642 7.)
3195 1576 3252 1630 Si
3297 1577 3425 1647 quis
3474 1578 3781 1649 presbyte-

2083 1677 2207 1714 rum
2243 1661 2543 1731 proprium
2585 1663 2916 1729 inhonorat,
2967 1669 3065 1717 aut
3108 1664 3280 1717 verbo
3312 1671 3411 1718 aut
3453 1665 3599 1720 facto
3640 1681 3784 1720 con-

2086 1750 2383 1804 tumeliam
2415 1751 2569 1817 facit,
2601 1756 2720 1806 tam
2768 1753 2863 1806 diu
2897 1769 2928 1806 a
2967 1752 3265 1806 liminibus
3296 1754 3554 1808 Ecclesiae
3585 1770 3784 1808 arcea-

2084 1841 2196 1905 tur,
2257 1854 2554 1908 quousque
2608 1854 2713 1908 per
2763 1839 3105 1909 condignam
3163 1839 3557 1908 paenitentiam
3614 1841 3789 1894 satis-

2085 1925 2274 1979 faciat.
2333 1925 2426 1980 Ait
2481 1926 2638 1980 enim
2693 1928 2998 1998 Apostolus
3051 1927 3428 1998 :Presbyteri
3481 1927 3582 1997 qui
3632 1928 3788 1982 bene

2085 2019 2360 2084 praesunt,
2439 2015 2654 2084 duplici
2724 2016 2942 2070 honore
2995 2016 3156 2086 digni
3233 2016 3574 2070 habeantur.
3638 2017 3791 2071 Item

2088 2101 2223 2155 alibi
2251 2102 2387 2156 dicit
2421 2119 2433 2157 :
2469 2103 2708 2159 Obedite
2752 2104 3080 2175 praepositis
3135 2104 3357 2171 vestris,
3410 2104 3654 2174 subjecti
3700 2106 3791 2159 eis

2088 2195 2288 2255 estote,
2322 2196 2429 2246 etc.

2089 2295 2217 2348 Car.
2265 2295 2492 2350 CCXXX.
2540 2325 2608 2337 —
2665 2298 2732 2352 Ut
2755 2312 2944 2352 nomen
2992 2313 3152 2367 papae
3195 2297 3258 2352 in
3287 2297 3541 2352 Ecclesiis
3579 2300 3794 2353 sanctis

2795 2370 3066 2422 recitetur.

2159 2452 2266 2523 (Ea:
2295 2455 2482 2508 concil.
2523 2455 2769 2519 Vasensi,
2823 2471 2946 2524 cap.
2983 2458 3056 2522 3.)
3092 2457 3157 2510 Et
3205 2455 3313 2510 hoc
3346 2455 3568 2525 justum
3597 2456 3790 2510 visum

2087 2546 2171 2594 est
2213 2542 2380 2596 nobis
2427 2547 2491 2596 ut
2543 2558 2756 2596 nomen
2781 2543 3001 2597 domini
3051 2559 3233 2614 papas,
3287 2543 3618 2615 quicunque
3664 2544 3792 2598 sedi

2088 2629 2414 2698 apostolicae
2440 2630 2756 2700 praefuerit,
2792 2630 2850 2685 in
2879 2632 3090 2685 nostris
3133 2632 3388 2686 Ecclesiis
3418 2633 3712 2687 recitatur.

2088 2717 2216 2772 CAP.
2260 2718 2512 2773 CCXXXI.
2563 2750 2631 2758 —
2673 2721 2739 2774 Ut
2761 2721 3045 2789 presbyter
3085 2726 3182 2774 aut
3227 2721 3492 2776 diaconus
3543 2725 3642 2790 qui
3688 2738 3794 2776 ca-

2155 2808 2376 2860 nonicus
2431 2822 2539 2861 non
2594 2811 2697 2873 est,
2755 2808 2850 2863 sed
2901 2810 2961 2860 in
3014 2809 3163 2862 villis
3233 2808 3464 2874 habitat,
3513 2823 3798 2877 nusquam

2156 2910 2393 2949 summas
2421 2898 2746 2962 festivitates
2776 2897 2996 2950 celebret
3022 2899 3136 2954 nisi
3158 2899 3218 2951 in
3242 2899 3576 2953 civitatibus.

286 3009 417 3047 rum
448 2991 704 3044 virorum
742 2987 1196 3053 communicare;
1227 2992 1421 3040 tamen
1468 2991 1703 3056 propter
1733 3005 1830 3041 eos
1874 2989 1974 3059 qui
2013 2991 2055 3047 C
2157 2985 2264 3048 (Ea:
2293 2985 2481 3038 concil.
2513 2985 2839 3051 Arvernen.,
2868 3001 2987 3054 cap.
3017 2984 3089 3052 6.)
3119 2985 3176 3038 Si
3205 2985 3331 3055 quis
3363 2987 3664 3057 presbyter
3693 2993 3802 3042 aut

287 3079 663 3134 cauteriatam
703 3076 915 3130 habent
964 3090 1123 3128 suam
1157 3073 1582 3138 conscientiam,
1626 3074 1876 3128 dicentes
1924 3093 1982 3129 se

288 3182 410 3220 esse
459 3163 762 3234 simplices,
797 3179 927 3216 cum
959 3161 1074 3215 sint
1118 3162 1327 3214 astutia
1357 3161 1639 3215 diabolica
1669 3162 1894 3232 repleti,
1928 3168 1983 3216 et

288 3270 394 3325 pro
423 3269 595 3323 opere
617 3251 846 3322 pietatis
875 3249 1072 3305 dicunt
1097 3267 1155 3303 se
1182 3250 1250 3303 de
1273 3249 1394 3303 loco
1416 3251 1483 3303 ad
1509 3250 1695 3304 locum
1715 3251 1980 3320 transire,

289 3358 419 3396 cum
450 3343 563 3394 sint
587 3357 685 3393 sua
707 3339 924 3392 malitia
948 3338 1190 3392 faciente
1214 3337 1458 3408 fugitivi,
1485 3344 1542 3392 et
1565 3338 1761 3393 dicunt
1783 3355 1840 3392 se
1862 3355 1982 3393 esse

289 3430 608 3485 ministerio
658 3445 816 3482 sacro
851 3428 1116 3494 insertos,
1167 3442 1297 3480 cum
1346 3442 1460 3479 non
1511 3427 1668 3479 sint:
1707 3431 1981 3482 statutum

291 3526 375 3575 est
406 3537 437 3573 a
466 3518 673 3572 sanctis
702 3517 961 3571 Patribus
995 3516 1286 3570 neminem
1317 3515 1588 3570 clericum
1641 3516 1894 3570 alienum
1926 3521 1982 3571 et

291 3607 554 3677 ignotum
570 3605 748 3674 recipi
766 3604 834 3657 ab
852 3604 1045 3674 aliquo
1066 3603 1336 3674 episcOpo
1350 3609 1405 3657 et
1427 3603 1869 3658 inthronizariin
1880 3621 1982 3659 sua

289 3694 544 3760 ecclesia,
598 3693 707 3746 nisi
763 3693 972 3745 habeat
1011 3709 1040 3744 a
1087 3692 1322 3761 proprio
1377 3691 1639 3762 episcopo
1684 3693 1980 3761 epistolam

287 3799 416 3853 qua:
460 3782 520 3835 in
553 3780 865 3834 canonibus
909 3779 1238 3834 nominatur
1287 3780 1548 3834 formata.
1597 3780 1728 3834 Ideo
1777 3786 1979 3835 notum

283 3870 523 3924 facimus
568 3868 900 3939 paternitati
931 3873 1133 3921 vestras
1167 3867 1318 3938 quod
1352 3883 1600 3938 praesens
1643 3869 1819 3922 frater
1846 3886 1976 3923 nos-

281 3959 592 4012 terharum
616 3956 933 4010 litterarum
965 3956 1206 4024 portitor
1233 3955 1464 4008 nomine
1495 3957 1830 4024 Ecmannus,
1860 3973 1978 4011 non

281 4062 385 4116 pro
425 4062 529 4100 sua
576 4045 832 4116 nequitia
879 4045 1150 4113 expulsus
1199 4048 1286 4098 est
1314 4060 1346 4097 a
1375 4044 1540 4098 nobis
1574 4061 1586 4098 :
1618 4045 1738 4113 sed,
1773 4051 1974 4114 postu-

279 4134 532 4190 lantibus
577 4134 848 4187 fratribus
880 4133 1108 4199 nostris,
1165 4149 1230 4186 eo
1262 4133 1412 4203 quod
1443 4149 1506 4187 ex
1537 4133 1753 4186 familia
1785 4138 1974 4188 nostra

276 4223 386 4278 fuit
432 4228 487 4276 et
530 4227 722 4276 noster
751 4221 1094 4292 baptizatus,
1146 4221 1385 4275 fecimus
1420 4222 1474 4274 ei
1518 4222 1840 4276 libertatem
1878 4238 1972 4276 re-

276 4316 498 4381 ceptam
549 4327 583 4364 a
636 4326 815 4363 cornu
873 4309 1067 4363 altaris
1127 4309 1416 4376 canonice,
1472 4314 1528 4363 et
1583 4307 1972 4363 ordinavim'us

276 4415 410 4454 eum
441 4401 511 4454 ad
552 4400 795 4470 gradum
827 4399 1190 4469 presbyterii.
1227 4399 1329 4454 Cui
1371 4399 1544 4452 etiam
1572 4399 1672 4453 has
1703 4399 1972 4453 dimisso-

273 4489 386 4543 rias
412 4489 526 4543 sive
574 4487 1071 4541 commendatitias
1099 4487 1313 4541 litteras
1347 4487 1606 4553 fecimus,
1649 4491 1706 4540 et
1736 4503 1867 4541 eum
1901 4489 1972 4542 ad

273 4581 520 4630 vestram
581 4575 849 4630 dilectam
915 4575 1334 4629 fraternitatem
1394 4575 1724 4645 dirigimus,
1792 4579 1856 4628 ut
1910 4574 1973 4629 in

272 4669 464 4719 vestra
493 4664 763 4734 parochia
809 4663 912 4717 sub
944 4667 1127 4717 vestro
1161 4680 1318 4718 sacro
1355 4662 1661 4734 regimine,
1697 4665 1753 4716 et
1780 4661 1972 4718 defen-

273 4753 434 4806 sione
481 4750 791 4805 consistere
831 4751 1034 4805 valeat.
1094 4752 1231 4820 Ego,
1291 4751 1549 4821 inquam,
1610 4751 1970 4806 Burchardus

271 4840 509 4895 humilis
540 4839 861 4910 episcopus,
893 4839 953 4893 in
980 4838 1214 4894 nomine
1246 4838 1449 4904 Patris,
1481 4842 1539 4892 et
1578 4838 1726 4904 Filii,
1761 4843 1818 4894 et
1846 4840 1970 4910 Spi-

2093 3069 2384 3137 diaconus,
2419 3071 2518 3142 qui
2537 3087 2653 3125 non
2677 3071 2740 3125 in
2770 3071 2995 3125 civitate
3017 3072 3326 3126 canonicus
3355 3090 3475 3127 esse
3507 3074 3801 3145 dignosci-

2093 3164 2205 3223 tur,
2239 3159 2336 3213 sed
2361 3159 2418 3212 in
2449 3159 2658 3214 villulis
2684 3160 2966 3226 habitans,
2999 3161 3055 3214 in
3086 3161 3349 3216 oratoriis
3379 3162 3567 3216 ofﬁcio
3591 3173 3798 3219 sancto

2093 3247 2415 3301 deserviens
2495 3247 2745 3301 celebrat
2823 3247 3019 3302 divina
3086 3249 3374 3318 mysteria,
3451 3249 3798 3306 festivitates

2091 3335 2433 3405 praecipuas,
2477 3335 2704 3390 Domini
2757 3336 3035 3396 Natalem,
3100 3337 3330 3406 Pascha,
3385 3339 3791 3408 Pentecosten,

2092 3427 2148 3476 et
2204 3423 2251 3477 si
2310 3440 2438 3494 quae
2498 3423 2845 3494 principales
2911 3429 3046 3478 sunt
3116 3424 3450 3479 festivitates
3507 3427 3793 3498 reliquae,

2091 3510 2296 3565 dehinc
2331 3528 2406 3566 ne
2461 3512 2632 3566 faciat
2683 3527 3114 3566 commonemus
3149 3530 3162 3567 :
3197 3517 3252 3566 et
3302 3529 3588 3585 nusquam
3645 3516 3793 3570 alibi

2091 3599 2202 3654 nisi
2248 3616 2378 3654 cum
2422 3600 2690 3671 episcopo
2721 3616 2823 3654 suo
2853 3600 2914 3654 in
2949 3600 3174 3654 civitate
3211 3601 3538 3655 festivitates
3581 3619 3785 3673 supra-

2091 3687 2268 3742 dictas
2323 3689 2590 3743 celebret.
2649 3689 2983 3758 Quicunque
3041 3693 3176 3743 sunt
3225 3690 3372 3743 cives
3430 3688 3578 3755 laici,
3642 3698 3792 3744 natu

2089 3777 2356 3846 majores,
2388 3777 2514 3847 pari
2565 3777 2734 3831 modo
2763 3776 2824 3830 in
2856 3777 3094 3830 urbibus
3125 3778 3192 3832 ad
3225 3777 3527 3847 pontiﬁces
3558 3795 3693 3832 suos
3725 3779 3788 3832 in

2085 3866 2377 3935 praedictis
2418 3866 2818 3920 festivitatibus
2848 3866 3099 3929 veniant,
3148 3872 3206 3921 et
3235 3866 3312 3920 ibi
3339 3866 3532 3921 divina
3562 3874 3786 3938 myste-

2087 3954 2169 4007 ria
2200 3954 2498 4009 celebriter
2543 3955 2795 4009 audiant.
2825 3955 2988 4019 Quod
3022 3955 3068 4007 si
3096 3955 3196 4025 qui
3239 3955 3499 4025 improba
3547 3955 3786 4009 temeri-

2084 4047 2198 4096 tate
2231 4043 2351 4096 hmc
2381 4042 2850 4112 contempserint,
2885 4061 2918 4097 a
2950 4043 3355 4096 communione
3383 4043 3692 4113 pellantur.

2085 4149 2211 4203 CAP.
2261 4149 2545 4203 CCXXXII.
2578 4180 2646 4187 —
2689 4153 2753 4204 Ut
2793 4151 3124 4221 presbyteris
3167 4155 3402 4218 potestas
3431 4150 3782 4218 praedicandi

2506 4222 2566 4274 in
2601 4224 2715 4274 suis
2738 4221 2988 4288 plebibus
3015 4221 3356 4274 concedatur.

2158 4309 2265 4376 (Ea:
2294 4309 2478 4362 concil.
2539 4310 2784 4374 Vasensi,
2833 4325 2933 4378 cap
3001 4310 3078 4379 6.)
3113 4311 3227 4364 Hoc
3271 4309 3440 4364 etiam
3489 4325 3592 4378 pro
3642 4311 3786 4364 mdi-

2083 4394 2348 4450 ﬁcatione
2380 4397 2640 4451 omnium
2678 4397 3067 4466 ecclesiarum,
3100 4402 3156 4452 et
3198 4414 3300 4469 pro
3327 4397 3572 4452 utilitate
3601 4399 3780 4454 totius

2080 4485 2278 4555 populi
2325 4486 2490 4540 nobis
2535 4486 2768 4556 placuit,
2819 4491 2878 4541 ut
2924 4503 3042 4540 non
3087 4487 3270 4541 solum
3321 4487 3380 4540 in
3425 4487 3776 4556 civitatibus,

2081 4573 2174 4626 sed
2226 4570 2400 4627 etiam
2448 4574 2509 4627 in
2555 4575 2826 4629 omnibus
2874 4575 3178 4646 parochiis,
3229 4577 3468 4630 verbum
3523 4576 3778 4632 faciendi

2079 4659 2344 4715 daremus
2363 4661 2710 4733 presbyteris
2738 4667 3096 4734 potestatem,
3129 4664 3208 4718 ita
3233 4668 3297 4718 ut
3320 4664 3372 4717 si
3394 4664 3689 4735 presbyter
3707 4681 3778 4718 a-

2076 4749 2233 4820 liqua
2257 4749 2592 4804 inﬁrmitate
2621 4751 2959 4821 prohibente
2981 4768 3086 4821 per
3105 4751 3359 4822 seipsum
3384 4768 3494 4806 non
3518 4753 3775 4822 potuerit

2075 4837 2410 4907 praedicare,
2448 4843 2773 4893 sanctorum
2805 4844 3032 4910 patrum
3065 4839 3340 4895 Homeliae
3373 4858 3404 4895 a
3433 4841 3773 4896 diaconibus

271 4927 413 4983 ritus
461 4927 660 4993 sancti,
694 4932 751 4980 et
794 4927 853 4980 in
895 4925 1113 4980 unitate
1162 4929 1372 4978 sanctae
1419 4924 1699 4991 Ecclesiae,
1761 4924 1822 4979 in
1855 4942 1968 4996 qua
2073 4927 2326 4994 probatis
2356 4927 2682 4982 recitantur.

268 5019 436 5072 Petro
465 5017 663 5070 datum
711 5020 795 5071 est
817 5015 912 5086 jus
954 5013 1168 5085 ligandi
1199 5018 1369 5083 atque
1419 5013 1698 5080 solvendi,
1733 5015 1963 5069 absolvo

269 5107 621 5160 Ecmannum
673 5104 1068 5174 presbyterum
1126 5102 1196 5154 de
1251 5101 1480 5155 civitate
1531 5102 1964 5173 Wormaciensi,

265 5193 576 5248 indictione
599 5195 670 5260 X;
694 5197 750 5247 et
775 5191 1067 5246 licentiam
1094 5190 1166 5244 do
1194 5189 1354 5243 vobis
1382 5189 1807 5245 inthronizandi
1829 5206 1964 5244 eum

265 5283 326 5337 in
367 5298 709 5354 quacunque
738 5281 976 5336 ecclesia
1027 5278 1196 5332 vultis
1224 5284 1426 5331 vestra:
1455 5277 1762 5348 parochias.
1809 5280 1964 5333 Hanc

266 5388 401 5442 ergo
431 5371 732 5442 epistolam
781 5369 988 5424 Graecis
1021 5367 1225 5422 litteris
1255 5366 1391 5420 hinc
1435 5367 1570 5421 inde
1603 5366 1829 5421 munire
1861 5368 1960 5422 de-

265 5458 566 5525 crevimus,
600 5462 656 5513 et
681 5458 894 5512 annulo
938 5455 1196 5511 Ecclesiae
1227 5459 1434 5509 nostra
1484 5456 1712 5509 ﬁrmare
1741 5455 1962 5510 censui-

266 5562 412 5601 mus.
464 5547 896 5602 Fraternitatem
940 5549 1183 5601 vestram
1224 5543 1482 5600 Christus
1533 5543 1693 5599 nobis
1731 5544 1955 5600 incolu-

2063 5033 2202 5092 .CAP.
2261 5033 2570 5089 CCXXXIII.
2632 5065 2699 5075 —-
2751 5037 2849 5108 De,
2880 5036 3094 5090 clericis
3125 5038 3222 5105 qui
3270 5038 3329 5090 in
3366 5038 3495 5091 rima
3552 5039 3765 5108 interﬁ-

2801 5107 3037 5159 ciuntur.

2144 5191 2252 5260 (Ea:
2279 5194 2467 5247 concil.
2506 5193 2746 5261 Tribur.,
2799 5196 2887 5247 cui
2912 5195 3180 5260 Arnolqu
3207 5211 3306 5249 rea:
3335 5197 3612 5264 interfuit,
3643 5213 3763 5266 cap.

2073 5281 2185 5351 50.)
2239 5281 2574 5352 Quicunque
2621 5281 2860 5336 clericus
2917 5287 3017 5337 aut
3065 5283 3124 5336 in
3156 5283 3330 5350 bello,
3365 5289 3465 5338 aut
3508 5284 3568 5338 in
3618 5285 3762 5352 rixa,

2070 5374 2168 5423 aut
2197 5369 2501 5440 gentilium
2531 5369 2680 5424 Indis
2719 5376 2978 5424 mortuus
3023 5372 3218 5438 fuerit,
3251 5388 3440 5443 neque
3471 5371 3762 5427 oblatione

2069 5473 2256 5528 neque
2287 5457 2544 5512 oratione
2577 5474 2683 5528 pro
2734 5475 2800 5513 eo
2833 5461 3176 5528 postuletur,
3208 5460 3304 5514 sed
3351 5464 3410 5514 in
3443 5477 3648 5515 manus
3678 5463 3761 5516 in-

2067 5544 2216 5602 cidat
2237 5545 2448 5616 judicia
2475 5562 2488 5600 :
2523 5547 2814 5618 sepultura
2839 5551 3063 5603 tantum
3093 5564 3210 5602 non
3240 5549 3516 5619 privetur.
