3956 6302
156 348 255 400 665
1125 343 1600 400 DECRETORUM
1644 344 1833 399 LIBRI
1870 344 1978 399 XX.
2020 372 2092 384 —
2130 345 2335 399 LIBER
2374 342 2693 398 TERTIUS.
3548 343 3651 396 666

157 470 283 524 Car.
348 470 652 526 CCXXXIV.
714 498 783 508 ——
838 469 919 522 De
973 469 1177 523 clericis
1226 470 1322 536 qui
1364 484 1397 522 a
1450 467 1683 521 dominis
1728 468 1842 520 suis
1871 469 1916 519 A
1954 482 2088 519 vero
2136 465 2446 519 fornicatus
2477 462 2671 529 fuerit,
2703 466 2802 516 aut
2830 462 3177 516 adulterium
3215 462 3647 532 perpetraverit,

762 541 918 594 liberi
942 542 1083 605 facti
1103 543 1247 593 sunt.

231 630 345 695 (Ea:
374 630 560 683 concil.
614 628 763 697 apud
820 630 970 682 Alth.
1023 627 1225 692 habito,
1276 629 1365 680 cui
1412 626 1666 691 interfuit
1716 626 1851 681 Con-

157 719 329 772 radus
360 734 481 783 rem,
516 733 636 786 cap.
671 718 776 786 38.)
811 717 1011 769 Nullus
1052 715 1288 768 clericus
1332 714 1401 767 ad
1431 715 1667 783 gradum
1702 729 1854 783 pres-

157 806 367 875 byterii
411 810 840 875 promoveatur,
884 804 995 857 nisi
1026 808 1088 855 ut
1133 803 1406 873 scriptum
1450 801 1510 854 in
1540 802 1853 855 canonibus

157 895 425 948 habetur.
474 894 532 947 Si
584 892 737 945 enim
768 898 1009 962 propter
1064 892 1163 945 Dei
1209 890 1573 943 dilectionem
1607 891 1734 960 quis
1783 890 1853 943 de

160 983 338 1034 servis
388 982 505 1035 suis
533 997 881 1052 quemquam
932 980 1187 1049 elegerit,
1222 984 1277 1030 et
1325 979 1582 1032 docuerit
1612 979 1851 1043 litteras,

158 1077 214 1124 et
244 1070 502 1123 libertati
534 1069 962 1133 condonaverit,
1004 1074 1061 1121 et
1086 1084 1193 1137 per
1220 1066 1688 1120 intercessionem
1718 1082 1855 1136 erga

158 1158 496 1228 episcopum
528 1158 927 1228 presbyterum
959 1156 1227 1221 effecerit,
1255 1160 1313 1209 et
1334 1155 1647 1209 secundum
1686 1171 1854 1224 apos-

159 1247 309 1299 tolos
364 1248 578 1299 victum
608 1252 665 1298 et
715 1245 986 1298 vestitum
1042 1244 1095 1297 ei
1144 1243 1440 1296 donaverit
1475 1259 1488 1296 :
1520 1243 1614 1296 ille
1662 1247 1853 1296 autem

159 1338 360 1404 postea
389 1335 449 1387 in
502 1333 828 1403 superbiam
864 1332 1045 1386 elatus
1088 1331 1321 1385 missam
1355 1330 1605 1384 dominis
1650 1331 1766 1383 suis
1800 1336 1856 1384 et

160 1422 465 1475 canonicas
512 1423 681 1475 horas
730 1422 1071 1488 observare,
1102 1424 1159 1473 et
1204 1420 1446 1488 psallere
1492 1419 1761 1483 renuerit,
1799 1423 1856 1472 et

160 1508 214 1561 ei
259 1509 416 1578 juste
461 1508 706 1574 obedire,
760 1509 953 1563 dicens
1000 1525 1059 1562 se
1089 1508 1334 1562 liberum
1391 1523 1533 1575 esse,
1581 1507 1849 1571 noluerit,

162 1601 217 1648 et
249 1597 414 1666 quasi
462 1596 638 1651 libere
686 1597 846 1666 cujus
874 1598 995 1650 vult
1038 1597 1211 1651 homo
1259 1596 1376 1663 fiat,
1409 1596 1518 1650 hoc
1547 1600 1741 1650 sancta
1770 1612 1855 1666 sy-

161 1685 348 1739 nodus
379 1685 843 1753 anathematizat,
872 1688 927 1738 et
969 1685 1134 1738 illum
1167 1702 1197 1737 a
1227 1690 1418 1738 sancta
1448 1687 1852 1738 communione

158 1773 343 1826 arceri
368 1772 609 1842 judicat,
658 1773 839 1827 donec
877 1773 1171 1843 resipiscat
1221 1778 1276 1827 et
1303 1773 1535 1827 domino
1577 1789 1679 1826 suo
1713 1772 1851 1828 obe-

157 1861 278 1915 diat
311 1862 630 1915 secundum
674 1861 947 1915 canonica
971 1866 1277 1932 praecepta.
1307 1861 1407 1915 Sin
1435 1865 1628 1915 autem
1676 1862 1855 1916 obsti-

156 1955 293 2002 nato
345 1950 539 2002 animo
602 1954 658 2003 et
714 1950 820 2003 hoc
869 1950 1299 2019 contempserit,
1358 1956 1655 2003 accusetur
1702 1951 1853 2019 apud

154 2038 493 2108 episcopum
525 2038 623 2109 qui
653 2054 785 2092 eum
815 2038 1122 2106 ordinavit,
1160 2043 1217 2092 et
1247 2038 1595 2110 degradetur
1623 2055 1636 2092 :
1670 2044 1725 2093 et
1752 2039 1855 2092 ﬁat

154 2142 353 2180 servus
401 2126 554 2180 illius
602 2126 756 2180 idem
809 2126 1031 2180 domini
1082 2128 1190 2192 sui,
1238 2126 1385 2180 sicut
1428 2134 1595 2180 natus
1645 2128 1849 2182 fuerat.

152 2215 424 2285 Quisquis
468 2232 600 2268 vero
654 2216 825 2269 talem
862 2232 1053 2269 secum
1100 2216 1384 2279 habuerit,
1437 2221 1635 2285 postea
1681 2232 1853 2286 quam

156 2318 278 2355 rem
324 2302 482 2356 illius
512 2304 848 2373 praedictam
899 2303 1166 2367 audierit,
1220 2309 1277 2358 et
1307 2304 1544 2358 domino
1594 2320 1696 2357 suo
1736 2320 1855 2358 non

158 2391 491 2457 reddiderit,
544 2393 693 2445 vela
741 2408 799 2445 se
830 2392 1157 2462 projecerit,
1204 2393 1319 2446 sive
1368 2393 1691 2463 episcopus,
1737 2393 1855 2445 sive

157 2494 371 2545 comes,
417 2479 533 2531 sive
576 2480 833 2547 clericus,
888 2481 1003 2534 sive
1033 2481 1232 2547 laicus,
1279 2482 1657 2535 anathematis
1700 2481 1855 2534 illius

158 2567 428 2620 societate
481 2567 745 2636 nodatus,
796 2584 1026 2637 poenam
1059 2568 1663 2622 excommunicationis
1713 2570 1851 2623 luet.

158 2656 287 2710 CAP.
344 2655 620 2710 CCXXXV.
670 2685 739 2696 —
779 2659 850 2710 De
894 2658 1222 2725 presbyteris
1272 2659 1369 2724 qui
1419 2658 1707 2725 parochias
1755 2659 1853 2723 fu-

570 2730 749 2795 gerint
786 2730 846 2780 in
876 2728 1068 2795 quibus
1103 2729 1265 2782 locati
1299 2733 1444 2782 sunt.

230 2813 342 2883 (Ea:
369 2815 557 2869 concil.
608 2815 893 2881 Cabillon.,
944 2831 1063 2884 cap.
1113 2815 1227 2884 41.)
1278 2815 1578 2886 Presbyter
1623 2816 1856 2886 proprio

155 2903 280 2956 loco
311 2902 545 2956 dimisso
580 2903 652 2956 ad
682 2903 861 2957 alium
895 2902 1153 2973 migrans
1199 2919 1563 2973 nequaquam
1615 2904 1854 2974 recipia-

153 2996 267 3057 tur,
301 2991 413 3043 nisi
455 3008 569 3045 suae
601 2992 961 3061 migrationis
991 3008 1220 3045 causam
1266 2992 1490 3057 dixerit,
1519 2998 1575 3046 et
1604 3009 1663 3046 se
1692 2993 1855 3047 inno-
1887 3022 1926 3076 ο

154 3084 352 3131 center
398 3078 603 3132 vixisse
652 3078 713 3132 in
744 3079 1011 3149 parochia
1042 3079 1101 3133 in
1146 3096 1258 3149 qua
1289 3080 1589 3133 ordinatus
1621 3087 1705 3133 est
1746 3083 1850 3135 sub

152 3167 399 3221 testibus
429 3167 758 3236 probaverit
785 3185 796 3222 :
828 3168 1049 3221 litteras
1090 3168 1262 3221 etiam
1296 3168 1525 3221 habebit
1553 3169 1611 3220 in
1644 3170 1852 3239 quibus

156 3256 278 3308 sint
316 3256 552 3309 nomina
577 3256 831 3326 episcopi
874 3263 932 3310 et
977 3256 1217 3310 civitatis
1267 3256 1507 3325 plumbo
1552 3257 1850 3326 impressa,

156 3343 369 3414 quibus
398 3344 663 3412 cognitis,
698 3350 753 3397 et
777 3345 985 3398 talibus
1016 3345 1263 3399 inventis
1289 3345 1497 3415 quibus
1522 3345 1663 3399 ﬁdes
1688 3346 1852 3399 adhi-

153 3433 277 3487 beri
308 3433 509 3503 possit,
542 3432 864 3503 recipiatur.

158 3521 288 3574 CAP.
340 3520 643 3574 CCXXXVI.
695 3551 763 3559 —
799 3522 877 3574 De
922 3522 1254 3590 presbyteris
1306 3524 1403 3589 qui
1450 3524 1673 3575 crimine
1702 3524 1851 3590 capi-

231 3591 338 3644 tali
367 3596 711 3656 accusantur,
754 3596 804 3646 et
833 3593 1060 3660 collegas
1109 3594 1305 3661 quibus
1332 3608 1389 3646 se
1422 3608 1682 3646 excusare
1727 3608 1852 3661 pos-

230 3665 344 3715 sint
373 3677 477 3715 non
507 3663 720 3717 habent.

234 3753 343 3816 (Ea;
393 3753 578 3806 concil.
619 3752 860 3821 Tribur.,
915 3754 1003 3807 cui
1047 3754 1302 3819 interfuit
1358 3754 1677 3821 Arnolphus
1731 3768 1848 3818 rea},

155 3856 278 3909 cap.
331 3842 407 3906 6.)
460 3841 540 3894 De
586 3839 932 3911 presbyteris
982 3841 1081 3912 qui
1141 3840 1380 3894 crimine
1437 3840 1849 3908 fornicationis,

152 3929 272 3983 sive
302 3928 498 3999 aliquo
548 3929 775 4000 capitali
821 3929 1040 4000 ﬂagitio
1084 3935 1442 3996 accusantur,
1493 3935 1548 3983 et
1599 3946 1711 3983 non
1749 3929 1853 3983 ha-

152 4015 294 4070 bent
324 4016 569 4085 collegas
597 4032 729 4069 cum
760 4016 967 4087 quibus
1014 4034 1071 4070 se
1103 4033 1372 4071 excusare
1406 4016 1647 4086 possint,
1675 4023 1775 4071 aut
1807 4018 1854 4069 si

152 4105 299 4159 forte
331 4104 476 4175 lapsi
517 4103 750 4172 fuerint,
788 4106 1075 4175 quomodo
1109 4106 1474 4159 satisfaciant.
1509 4107 1575 4160 In
1608 4122 1854 4176 quorum

146 4192 368 4263 judicio
415 4209 601 4263 neque
641 4193 709 4247 ad
743 4193 1056 4262 dexteram,
1089 4210 1276 4265 neque
1322 4194 1393 4247 ad
1424 4194 1709 4247 sinistram
1756 4194 1854 4247 de-

1960 550 2207 620 amplius
2241 549 2377 619 pelli
2404 548 2571 601 debet
2600 552 2656 601 et
2682 547 2752 601 ad
2785 546 3178 616 poenitentiam
3212 546 3413 617 redigi.

2022 656 2150 711 CAP.
2186 656 2517 710 CCXXXVII.
2552 686 2619 693 —
2651 658 2723 708 De
2746 655 3116 723 predicatione
3138 654 3590 721 presbyterorum.

2032 761 2149 829 (Ea:
2178 762 2364 815 concil.
2410 760 2764 824 Triburiensi,
2812 761 2901 812 cui
2950 760 3200 823 interfuit
3235 774 3333 811 rea:
3363 760 3656 827 Arnolph.)

2034 848 2404 918 Praecipimus
2452 847 2609 901 vobis
2657 851 2719 900 ut
2747 847 3143 916 unusquisque
3192 846 3442 899 vestrum
3486 862 3659 915 super

1962 938 2103 991 duas
2163 954 2261 989 seu
2310 941 2425 989 tres
2481 934 2888 999 hebdomadas,
2944 934 3145 987 diebus
3204 934 3505 987 dominicis
3556 950 3656 987 seu

1960 1026 2361 1079 festivitatibus
2406 1031 2754 1092 sanctorum,
2804 1024 3085 1093 populum
3133 1023 3241 1075 sibi
3287 1022 3657 1076 commissum

1964 1114 2241 1168 doctrinis
2289 1113 2597 1166 salutiferis
2645 1129 2711 1165 ex
2765 1127 2923 1164 sacra
2971 1112 3264 1181 Scriptura
3295 1110 3543 1179 sumptis
3594 1109 3657 1162 in

1965 1202 2207 1257 Ecclesia
2254 1201 2362 1254 sibi
2409 1201 2714 1254 commissa
2752 1204 2883 1269 post
2921 1200 3289 1269 Evangelium
3342 1199 3655 1268 perlectum

1962 1290 2243 1343 instruere
2288 1289 2532 1355 studeat,
2567 1294 2625 1341 et
2660 1288 2862 1357 jubeat
2907 1287 3018 1339 illis
3050 1292 3112 1340 ut
3141 1287 3332 1339 nullus
3375 1287 3443 1339 de
3473 1286 3654 1339 eccle-

1962 1379 2046 1430 sia
2086 1382 2263 1439 exeat,
2314 1383 2618 1446 antequam
2657 1393 2689 1427 a
2719 1376 3051 1444 presbytero
3101 1374 3216 1427 sive
3248 1373 3486 1427 diacono
3519 1373 3655 1427 ulti-

1963 1481 2055 1518 ma
2096 1467 2237 1531 laus,
2273 1464 2332 1518 id
2381 1469 2465 1517 est
2494 1462 2904 1517 Benedicamus
2940 1462 3203 1528 Domino,
3252 1466 3344 1515 aut
3374 1463 3453 1515 Ite
3482 1461 3655 1515 missa

1962 1560 2064 1617 est,
2096 1552 2516 1623 pronuntietur.

1963 1660 2091 1713 CAP.
2162 1658 2520 1712 CCXXXVIII.
2584 1686 2653 1695 —
2693 1660 2766 1710 De
2818 1657 3207 1719 ecclesiasticis,
3260 1656 3311 1708 si
3374 1654 3654 1708 saeculares

2368 1732 2659 1797 potestates
2690 1727 2884 1779 habere
2915 1726 3245 1779 desiderant.

2034 1818 2141 1887 (Ea:
2170 1819 2326 1886 epist.
2383 1819 2501 1873 Gre.
2550 1832 2707 1884 papae
2757 1814 3063 1869 Secundino
3113 1829 3262 1867 servo
3296 1815 3407 1885 Dei
3451 1813 3654 1866 recluso

1960 1906 2207 1974 directa.)
2263 1907 2494 1960 Certum
2548 1920 2799 1973 namque
2856 1908 2941 1957 est
2987 1918 3103 1955 non
3163 1918 3257 1954 vos
3303 1908 3436 1955 ante
3490 1916 3653 1954 exer-

1962 1994 2097 2048 citui
2118 1994 2320 2047 ducem
2344 2008 2700 2063 praeponere,
2731 1991 2838 2045 nisi
2874 1991 3027 2044 vobis
3058 1990 3219 2043 labor
3248 1991 3370 2059 ejus
3398 1989 3657 2058 ﬁdesque

1962 2081 2360 2150 complaceret,
2393 2086 2447 2134 et
2475 2080 2587 2133 nisi
2614 2095 2747 2133 eum
2787 2082 3060 2132 anteactae
3088 2077 3220 2131 vitae
3250 2078 3426 2130 virtus
3459 2081 3514 2131 et
3544 2076 3655 2129 sol-

1960 2168 2195 2222 licitudo
2247 2174 2446 2238 aptum
2487 2184 2606 2221 esse
2648 2165 3068 2220 monstraverit.
3107 2164 3161 2219 Si
3205 2180 3337 2218 vero
3382 2180 3498 2217 non
3529 2163 3658 2217 aliis

1964 2257 2074 2309 nisi
2108 2256 2438 2326 hujusmodi
2470 2255 2604 2307 viris
2649 2254 3028 2308 committitur
3060 2253 3467 2322 gubernandus
3496 2267 3655 2306 exer-

1962 2345 2129 2413 citus,
2175 2344 2357 2414 qualis
2415 2344 2526 2397 dux
2577 2359 2697 2397 esse
2754 2342 2961 2395 debeat
3009 2341 3333 2394 animarum
3382 2356 3447 2393 ex
3493 2340 3659 2393 istius

1961 2434 2131 2487 bonae
2162 2433 2246 2486 rei
2289 2432 2714 2501 comparatione
2762 2429 3068 2500 colligitur.
3114 2429 3225 2483 Sed
3271 2428 3659 2482 verecundum

1962 2521 2126 2573 nobis
2158 2525 2260 2585 est,
2298 2526 2353 2573 et
2382 2520 2572 2572 dicere
2602 2519 2795 2588 pudet,
2832 2518 2967 2587 quia
2997 2517 3317 2569 sacerdotes
3346 2515 3454 2569 sibi
3485 2516 3656 2569 duca-

1964 2615 2088 2662 tum
2137 2608 2442 2677 arripiunt,
2494 2607 2592 2677 qui
2624 2606 2921 2661 exordium
2961 2605 3245 2675 religiosae
3278 2604 3500 2658 militias
3542 2621 3657 2659 non

1962 2695 2248 2749 viderunt.

1964 2799 2090 2852 Car.
2132 2798 2431 2852 CCXXXIX.
2481 2826 2550 2838 —
2585 2800 2649 2851 Ut
2694 2799 2804 2850 viri
2841 2811 3053 2849 veraces
3098 2801 3147 2850 et
3179 2800 3343 2851 Deum
3392 2799 3655 2862 timentes,

2031 2871 2090 2921 in
2131 2870 2443 2923 civitatibus
2474 2874 2524 2923 et
2554 2870 2612 2921 in
2636 2868 2873 2937 publicis
2907 2869 3041 2920 vicis
3081 2868 3274 2920 decani
3317 2870 3659 2921 constituan-

2037 2944 2141 2993 tur.

2033 3044 2151 3116 (Ea;
2179 3046 2367 3099 concil.
2400 3046 2705 3106 Rothoma.,
2737 3060 2857 3112 cup.
2885 3046 2962 3110 9.)
2996 3045 3065 3097 Ut
3086 3044 3332 3114 populus
3356 3043 3659 3096 admonea-

1962 3138 2057 3187 tur
2087 3138 2148 3187 ut
2179 3133 2238 3186 in
2286 3132 2589 3187 dominicis
2619 3137 2675 3186 et
2699 3131 2858 3185 festis
2888 3132 3090 3186 diebus
3123 3148 3322 3185 omnes
3352 3133 3421 3185 ad
3457 3148 3658 3201 vespe-

1962 3236 2074 3288 ras,
2108 3227 2165 3275 et
2216 3226 2519 3274 nocturnas
2549 3220 2795 3291 vigilias,
2844 3225 2901 3274 et
2930 3221 2997 3273 ad
3048 3221 3278 3273 missam
3312 3219 3659 3274 omnimodis

1964 3316 2285 3375 occurrant,
2318 3314 2373 3362 et
2414 3314 2473 3362 ut
2501 3308 2698 3363 decani
2748 3308 2807 3361 in
2838 3308 3160 3361 civitatibus
3191 3314 3248 3361 et
3278 3308 3337 3360 in
3382 3308 3518 3360 vicis
3548 3324 3656 3377 pu-

1963 3398 2126 3451 blicis
2166 3397 2272 3451 viri
2319 3413 2543 3450 veraces
2576 3400 2631 3449 et
2680 3397 2859 3449 Deum
2904 3395 3168 3449 timentes
3215 3395 3655 3471 constituantur,

1964 3485 2063 3555 qui
2109 3485 2331 3539 desides
2379 3490 2433 3537 et
2480 3483 2835 3554 negligentes
2885 3487 3287 3536 commoneant
3336 3486 3397 3536 ut
3442 3483 3509 3536 ad
3556 3483 3657 3536 Dei

1965 3572 2261 3627 servitium
2292 3573 2505 3643 absque
2547 3574 2843 3625 occasione
2872 3574 3206 3641 properent,
3238 3575 3293 3624 et
3321 3576 3385 3623 ut
3413 3570 3523 3640 ipsi
3552 3571 3657 3624 de—

1963 3662 2088 3716 cani
2145 3667 2499 3716 sacramento
2558 3660 2988 3731 adstringantur
3054 3664 3132 3724 ut,
3199 3659 3356 3713 nulla
3412 3659 3657 3712 interve-

1964 3752 2157 3805 niente
2207 3766 2393 3815 causa,
2448 3749 2680 3816 scilicet,
2732 3754 2832 3802 aut
2862 3748 3096 3809 amoris,
3144 3753 3241 3802 aut
3269 3748 3510 3813 timoris,
3562 3752 3661 3799 aut

1964 3840 2431 3912 propinquitatis,
2481 3838 2756 3904 muneris,
2789 3838 3149 3908 negligentes
3190 3844 3247 3891 et
3271 3844 3657 3907 transgresso-

1964 3947 2055 3985 res
2098 3929 2393 3995 reticeant,
2425 3928 2566 3999 quin
2596 3928 2986 3981 sacerdotibus
3019 3928 3281 3997 proprias
3312 3942 3509 3981 eorum
3541 3926 3659 3979 cul-

1963 4035 2065 4089 pas
2094 4018 2481 4072 manifestent.
2534 4016 2908 4071 Sacerdotum
2953 4022 3145 4069 autem
3194 4017 3301 4069 erit
3347 4016 3429 4068 ita
3456 4030 3657 4067 eorum

1964 4107 2117 4166 vitia,
2169 4108 2288 4160 zelo
2335 4110 2391 4160 et
2440 4121 2632 4159 amore
2680 4104 2895 4170 divino,
2938 4120 3069 4157 cum
3121 4103 3312 4157 debita
3357 4103 3661 4173 disciplina

1965 4196 2271 4265 corrigere,
2321 4194 2464 4247 sicut
2517 4192 2627 4263 ipsi
2675 4194 2880 4245 nolunt
2934 4208 3039 4262 pro
3092 4192 3334 4245 aliorum
3375 4190 3657 4244 erratibus

152 4280 487 4335 clinandum
539 4288 639 4347 est,
678 4282 773 4336 sed
816 4288 970 4336 recta
1016 4282 1107 4336 via
1135 4283 1537 4353 gradiendum.
1572 4283 1631 4336 In
1666 4282 1849 4336 conci-
1884 4301 1928 4354 ι)
1971 4283 2312 4337 sententiam
2341 4282 2511 4351 justas
2536 4279 2921 4334 damnationis
2966 4279 3270 4350 suscipere.
3321 4281 3384 4333 Et
3433 4284 3494 4332 ut
3537 4279 3658 4333 dies

152 4371 231 4424 lio
278 4386 530 4440 namque
576 4370 1016 4424 Neocaesariensi
1046 4388 1169 4441 cap.
1218 4372 1493 4440 scriptum
1526 4376 1608 4424 est
1642 4387 1654 4423 :
1690 4372 1854 4424 Pres-

152 4460 318 4530 byter
364 4458 412 4512 si
452 4475 687 4513 uxorem
719 4459 1017 4531 acceperit,
1056 4461 1128 4515 ab
1179 4460 1380 4515 ordine
1412 4461 1749 4530 deponatur.
1800 4459 1856 4514 Si

1965 4370 2091 4425 festi
2123 4386 2155 4422 a
2186 4384 2418 4438 vespera
2454 4383 2637 4438 usque
2669 4368 2738 4421 ad
2770 4383 3065 4436 vesperam
3097 4367 3308 4438 absque
3338 4383 3508 4438 opere
3537 4382 3655 4420 ser-

1966 4458 2065 4512 vili
2096 4474 2225 4512 cum
2255 4457 2446 4512 debito
2479 4457 2696 4510 honore
2727 4456 3107 4510 celebrentur.
3198 4493 3202 4496 ~

1537 4572 1712 4612 FINIS
1758 4573 1934 4613 LIBRI
1975 4572 2272 4612 SECUNDI.

1030 4797 1325 4870 INDEX
1382 4796 2067 4871 CAPITULORUM
2126 4795 2379 4867 LIBRI
2441 4794 2783 4866 TERTII.

154 4952 282 5006 Car.
314 4950 355 5002 Ι.
390 4947 531 5012 Quid
559 4946 633 5000 sit
663 4947 927 5001 Ecclesia.

153 5040 221 5092 ll.
260 5040 341 5092 De
371 5036 663 5107 primitiva
694 5036 953 5090 Ecclesia.

153 5128 247 5181 III.
278 5126 445 5191 Quod
478 5125 797 5179 sacerdotes
824 5141 991 5195 agros
1017 5141 1160 5196 quos
1189 5126 1435 5180 vendere
1465 5126 1744 5194 solebant,
1778 5126 1850 5179 ad

223 5229 593 5267 communem
621 5213 924 5267 utilitatem
956 5214 1207 5267 ecclesiis
1238 5214 1560 5267 tradebant.

155 5305 241 5358 IV.
277 5303 401 5367 Quo
449 5306 708 5372 tempore
744 5302 853 5355 viri
900 5303 1151 5373 religiosi
1200 5303 1414 5372 seipsos
1448 5302 1683 5356 domino
1712 5319 1849 5356 con-

224 5396 538 5455 secrarunt,
571 5391 917 5446 aedificantes
947 5392 1208 5446 basilicas
1239 5392 1297 5445 in
1324 5392 1440 5444 suis
1470 5390 1679 5444 fundis.

156 5482 214 5533 V.
267 5479 432 5545 Quod
482 5478 883 5533 Constantinus
929 5481 1153 5550 primus
1210 5481 1624 5551 imperatorum
1670 5479 1846 5533 fabri-

224 5568 387 5623 candi
421 5569 682 5624 ecclesias
714 5569 1004 5624 licentiam
1033 5569 1257 5623 tribuit.

1960 4949 2049 5002 VI.
2094 4948 2161 5001 Ut
2191 4946 2382 5000 nullus
2430 4944 2723 4998 ecclesiam
2775 4944 3038 5011 aediﬁcet,
3091 4944 3201 4999 nisi
3251 4945 3347 4999 ille
3395 4945 3485 5000 cui
3532 4947 3652 5016 epi-

2029 5051 2233 5104 scopus
2266 5033 2371 5087 loci
2403 5034 2596 5087 locum
2628 5032 3032 5101 designaverit.

1958 5124 2069 5177 Vll.
2125 5124 2200 5176 De
2236 5123 2332 5175 illo
2379 5121 2479 5192 qui
2532 5120 2591 5173 in
2624 5136 2725 5173 suo
2764 5120 2983 5190 prmdio
3032 5122 3325 5175 ecclesiam
3375 5121 3659 5176 aediﬁcare

2029 5212 2335 5267 desiderat.

1959 5302 2098 5355 VIII.
2138 5302 2208 5356 Ut
2248 5316 2446 5354 omnes
2490 5297 2739 5353 ecclesiae
2769 5296 2830 5351 in
2879 5295 3035 5350 illius
3083 5296 3340 5367 episcopi
3376 5301 3658 5368 potestate

2030 5391 2142 5444 sint
2175 5390 2234 5442 in
2266 5390 2427 5460 cujus
2456 5387 2749 5441 territorio
2786 5386 2985 5457 positae
3010 5391 3162 5439 sunt.

1958 5480 2043 5533 IX.
2080 5480 2149 5533 Ut
2181 5478 2431 5548 antiquas
2472 5476 2724 5530 ecclesias
2766 5474 3222 5546 possessionibus
3273 5479 3511 5546 propter
3551 5493 3656 5531 no-

2028 5584 2122 5621 vas
2156 5584 2270 5621 non
2301 5566 2642 5638 spolientur.
