  <div class='ocr_page' id='page_1' title='image "/cluster/home/n/w/nwhite01/storage/ocr_20150623/140/umn.31951002477433x/367.png"; bbox 0 0 3956 6312; ppageno 0'>
   <div class='ocr_carea' id='block_1_1' title="bbox 267 307 370 360">
    <p class='ocr_par' dir='ltr' id='par_1_1' title="bbox 267 307 370 360">
     <span class='ocr_line' id='line_1_1' title="bbox 267 307 370 360; baseline 0 -1"><span class='ocrx_word' id='word_1_1' title='bbox 267 307 370 360; x_wconf 87' lang='grc'><strong>667</strong></span> 
     </span>
    </p>
   </div>
   <div class='ocr_carea' id='block_1_2' title="bbox 1341 305 2688 364">
    <p class='ocr_par' dir='ltr' id='par_1_2' title="bbox 1341 305 2688 364">
     <span class='ocr_line' id='line_1_2' title="bbox 1341 305 2688 364; baseline -0.002 -3"><span class='ocrx_word' id='word_1_2' title='bbox 1341 305 1746 362; x_wconf 79' lang='lat' dir='ltr'><strong>BURCHARDI</strong></span> <span class='ocrx_word' id='word_1_3' title='bbox 1787 305 2316 364; x_wconf 83' lang='lat' dir='ltr'><strong>WORMACIENSIS</strong></span> <span class='ocrx_word' id='word_1_4' title='bbox 2356 305 2688 362; x_wconf 83' lang='lat' dir='ltr'><strong>EPISCOPI.</strong></span> 
     </span>
    </p>
   </div>
   <div class='ocr_carea' id='block_1_3' title="bbox 3663 315 3770 367">
    <p class='ocr_par' dir='ltr' id='par_1_3' title="bbox 3663 315 3770 367">
     <span class='ocr_line' id='line_1_3' title="bbox 3663 315 3770 367; baseline 0 -1"><span class='ocrx_word' id='word_1_5' title='bbox 3663 315 3770 367; x_wconf 86' lang='lat'><strong>668</strong></span> 
     </span>
    </p>
   </div>
   <div class='ocr_carea' id='block_1_4' title="bbox 268 426 3770 503">
    <p class='ocr_par' dir='ltr' id='par_1_4' title="bbox 268 426 3770 503">
     <span class='ocr_line' id='line_1_4' title="bbox 268 426 3770 503; baseline 0.003 -23"><span class='ocrx_word' id='word_1_6' title='bbox 268 428 328 481; x_wconf 87' lang='grc' dir='ltr'><strong>Χ.</strong></span> <span class='ocrx_word' id='word_1_7' title='bbox 359 428 438 481; x_wconf 85' lang='lat' dir='ltr'><strong>De</strong></span> <span class='ocrx_word' id='word_1_8' title='bbox 485 427 738 481; x_wconf 90' lang='lat' dir='ltr'><strong>ecclesiis</strong></span> <span class='ocrx_word' id='word_1_9' title='bbox 765 432 822 480; x_wconf 91' lang='lat' dir='ltr'>et</span> <span class='ocrx_word' id='word_1_10' title='bbox 861 427 1155 491; x_wconf 79' lang='lat' dir='ltr'><strong>altaribus,</strong></span> <span class='ocrx_word' id='word_1_11' title='bbox 1195 426 1298 481; x_wconf 92' lang='lat' dir='ltr'><strong>ubi</strong></span> <span class='ocrx_word' id='word_1_12' title='bbox 1325 428 1518 498; x_wconf 89' lang='lat' dir='ltr'><strong>aliqua</strong></span> <span class='ocrx_word' id='word_1_13' title='bbox 1565 429 1845 484; x_wconf 82' lang='lat' dir='ltr'>dubitatio</span> <span class='ocrx_word' id='word_1_14' title='bbox 1878 433 1960 484; x_wconf 88' lang='lat' dir='ltr'><strong>est</strong></span> <span class='ocrx_word' id='word_1_15' title='bbox 1988 431 2034 484; x_wconf 85' lang='lat' dir='ltr'><strong>A</strong></span> <span class='ocrx_word' id='word_1_16' title='bbox 2071 430 2242 484; x_wconf 86' lang='lat' dir='ltr'><strong>XLVI.</strong></span> <span class='ocrx_word' id='word_1_17' title='bbox 2295 431 2366 484; x_wconf 89' lang='lat' dir='ltr'><strong>Ut</strong></span> <span class='ocrx_word' id='word_1_18' title='bbox 2411 429 2808 501; x_wconf 86' lang='lat' dir='ltr'><strong>unusquisque</strong></span> <span class='ocrx_word' id='word_1_19' title='bbox 2858 430 3156 503; x_wconf 83' lang='lat' dir='ltr'><strong>presbyter</strong></span> <span class='ocrx_word' id='word_1_20' title='bbox 3198 447 3315 486; x_wconf 91' lang='lat' dir='ltr'><strong>una</strong></span> <span class='ocrx_word' id='word_1_21' title='bbox 3354 433 3590 490; x_wconf 84' lang='lat' dir='ltr'><strong>ecclesia</strong></span> <span class='ocrx_word' id='word_1_22' title='bbox 3633 451 3770 489; x_wconf 89' lang='lat' dir='ltr'><strong>con-</strong></span> 
     </span>
    </p>
   </div>
   <div class='ocr_carea' id='block_1_5' title="bbox 339 514 1448 574">
    <p class='ocr_par' dir='ltr' id='par_1_5' title="bbox 339 514 1448 574">
     <span class='ocr_line' id='line_1_5' title="bbox 339 514 1448 574; baseline 0.002 -6"><span class='ocrx_word' id='word_1_23' title='bbox 339 515 408 569; x_wconf 89' lang='lat' dir='ltr'><strong>de</strong></span> <span class='ocrx_word' id='word_1_24' title='bbox 441 514 892 574; x_wconf 81' lang='lat' dir='ltr'><strong>consecratione.</strong></span> <span class='ocrx_word' id='word_1_25' title='bbox 927 519 994 568; x_wconf 95' lang='lat' dir='ltr'><strong>ut</strong></span> <span class='ocrx_word' id='word_1_26' title='bbox 1021 521 1448 570; x_wconf 76' lang='lat' dir='ltr'><strong>consectentur.</strong></span> 
     </span>
    </p>
   </div>
   <div class='ocr_carea' id='block_1_6' title="bbox 268 601 1962 669">
    <p class='ocr_par' dir='ltr' id='par_1_6' title="bbox 268 601 1962 669">
     <span class='ocr_line' id='line_1_6' title="bbox 268 601 1962 669; baseline 0.001 -13"><span class='ocrx_word' id='word_1_27' title='bbox 268 603 357 656; x_wconf 88' lang='lat' dir='ltr'><strong>XI.</strong></span> <span class='ocrx_word' id='word_1_28' title='bbox 407 601 465 656; x_wconf 92' lang='lat' dir='ltr'><strong>Si</strong></span> <span class='ocrx_word' id='word_1_29' title='bbox 505 603 684 656; x_wconf 88' lang='lat' dir='ltr'><strong>altare</strong></span> <span class='ocrx_word' id='word_1_30' title='bbox 733 607 959 656; x_wconf 88' lang='lat' dir='ltr'><strong>motum</strong></span> <span class='ocrx_word' id='word_1_31' title='bbox 1009 603 1200 669; x_wconf 87' lang='lat' dir='ltr'><strong>fuerit,</strong></span> <span class='ocrx_word' id='word_1_32' title='bbox 1252 603 1440 657; x_wconf 91' lang='lat' dir='ltr'><strong>denuo</strong></span> <span class='ocrx_word' id='word_1_33' title='bbox 1485 603 1720 658; x_wconf 84' lang='lat' dir='ltr'><strong>ecclesia</strong></span> <span class='ocrx_word' id='word_1_34' title='bbox 1766 619 1962 658; x_wconf 90' lang='lat' dir='ltr'><strong>conse-</strong></span> 
     </span>
    </p>
   </div>
   <div class='ocr_carea' id='block_1_7' title="bbox 341 695 547 744">
    <p class='ocr_par' dir='ltr' id='par_1_7' title="bbox 341 695 547 744">
     <span class='ocr_line' id='line_1_7' title="bbox 341 695 547 744; baseline 0.01 -2"><span class='ocrx_word' id='word_1_35' title='bbox 341 695 547 744; x_wconf 89' lang='lat' dir='ltr'><strong>cretur.</strong></span> 
     </span>
    </p>
   </div>
   <div class='ocr_carea' id='block_1_8' title="bbox 269 779 1838 846">
    <p class='ocr_par' dir='ltr' id='par_1_8' title="bbox 269 779 1838 846">
     <span class='ocr_line' id='line_1_8' title="bbox 269 779 1838 846; baseline 0.003 -15"><span class='ocrx_word' id='word_1_36' title='bbox 269 779 383 832; x_wconf 87' lang='lat' dir='ltr'><strong>XII.</strong></span> <span class='ocrx_word' id='word_1_37' title='bbox 415 779 472 832; x_wconf 91' lang='lat' dir='ltr'>Si</span> <span class='ocrx_word' id='word_1_38' title='bbox 498 779 732 832; x_wconf 85' lang='lat' dir='ltr'><strong>ecclesia</strong></span> <span class='ocrx_word' id='word_1_39' title='bbox 763 779 968 832; x_wconf 89' lang='lat' dir='ltr'><strong>violata</strong></span> <span class='ocrx_word' id='word_1_40' title='bbox 995 779 1184 846; x_wconf 86' lang='lat' dir='ltr'><strong>fuerit,</strong></span> <span class='ocrx_word' id='word_1_41' title='bbox 1217 780 1425 835; x_wconf 85' lang='lat' dir='ltr'><strong>iterum</strong></span> <span class='ocrx_word' id='word_1_42' title='bbox 1457 785 1838 835; x_wconf 89' lang='lat' dir='ltr'><strong>consecretur.</strong></span> 
     </span>
    </p>
   </div>
   <div class='ocr_carea' id='block_1_9' title="bbox 271 867 1965 940">
    <p class='ocr_par' dir='ltr' id='par_1_9' title="bbox 271 867 1965 940">
     <span class='ocr_line' id='line_1_9' title="bbox 271 867 1965 940; baseline 0.001 -20"><span class='ocrx_word' id='word_1_43' title='bbox 271 867 412 920; x_wconf 88' lang='lat' dir='ltr'><strong>XIII.</strong></span> <span class='ocrx_word' id='word_1_44' title='bbox 464 869 532 922; x_wconf 91' lang='lat' dir='ltr'><strong>Ut</strong></span> <span class='ocrx_word' id='word_1_45' title='bbox 589 867 886 920; x_wconf 85' lang='lat' dir='ltr'><strong>ecclesiam</strong></span> <span class='ocrx_word' id='word_1_46' title='bbox 937 868 1034 920; x_wconf 93' lang='lat' dir='ltr'><strong>ubi</strong></span> <span class='ocrx_word' id='word_1_47' title='bbox 1079 883 1341 938; x_wconf 82' lang='lat' dir='ltr'><strong>paganus</strong></span> <span class='ocrx_word' id='word_1_48' title='bbox 1390 870 1644 940; x_wconf 89' lang='lat' dir='ltr'><strong>sepultus</strong></span> <span class='ocrx_word' id='word_1_49' title='bbox 1694 873 1796 936; x_wconf 91' lang='lat' dir='ltr'><strong>est,</strong></span> <span class='ocrx_word' id='word_1_50' title='bbox 1849 885 1965 923; x_wconf 90' lang='lat' dir='ltr'><strong>non</strong></span> 
     </span>
    </p>
   </div>
   <div class='ocr_carea' id='block_1_10' title="bbox 343 954 802 1008">
    <p class='ocr_par' dir='ltr' id='par_1_10' title="bbox 343 954 802 1008">
     <span class='ocr_line' id='line_1_10' title="bbox 343 954 802 1008; baseline 0.004 -2"><span class='ocrx_word' id='word_1_51' title='bbox 343 954 510 1008; x_wconf 90' lang='lat' dir='ltr'><strong>liceat</strong></span> <span class='ocrx_word' id='word_1_52' title='bbox 533 956 802 1008; x_wconf 90' lang='lat' dir='ltr'><strong>dedicari.</strong></span> 
     </span>
    </p>
   </div>
   <div class='ocr_carea' id='block_1_11' title="bbox 271 1043 1963 1115">
    <p class='ocr_par' dir='ltr' id='par_1_11' title="bbox 271 1043 1963 1115">
     <span class='ocr_line' id='line_1_11' title="bbox 271 1043 1963 1115; baseline 0.001 -19"><span class='ocrx_word' id='word_1_53' title='bbox 271 1044 404 1096; x_wconf 86' lang='lat' dir='ltr'><strong>XIV.</strong></span> <span class='ocrx_word' id='word_1_54' title='bbox 454 1044 522 1097; x_wconf 89' lang='lat' dir='ltr'><strong>Ut</strong></span> <span class='ocrx_word' id='word_1_55' title='bbox 566 1043 626 1096; x_wconf 91' lang='lat' dir='ltr'><strong>in</strong></span> <span class='ocrx_word' id='word_1_56' title='bbox 678 1043 914 1096; x_wconf 87' lang='lat' dir='ltr'><strong>ecclesia</strong></span> <span class='ocrx_word' id='word_1_57' title='bbox 965 1044 1022 1096; x_wconf 89' lang='lat' dir='ltr'><strong>in</strong></span> <span class='ocrx_word' id='word_1_58' title='bbox 1056 1059 1170 1113; x_wconf 92' lang='lat' dir='ltr'><strong>qua</strong></span> <span class='ocrx_word' id='word_1_59' title='bbox 1216 1044 1492 1099; x_wconf 83' lang='lat' dir='ltr'><strong>cadavera</strong></span> <span class='ocrx_word' id='word_1_60' title='bbox 1540 1046 1764 1115; x_wconf 89' lang='lat' dir='ltr'><strong>sepulta</strong></span> <span class='ocrx_word' id='word_1_61' title='bbox 1811 1051 1963 1112; x_wconf 89' lang='lat' dir='ltr'><strong>sunt,</strong></span> 
     </span>
    </p>
   </div>
   <div class='ocr_carea' id='block_1_12' title="bbox 343 1130 1239 1185">
    <p class='ocr_par' dir='ltr' id='par_1_12' title="bbox 343 1130 1239 1185">
     <span class='ocr_line' id='line_1_12' title="bbox 343 1130 1239 1185; baseline 0.003 -3"><span class='ocrx_word' id='word_1_62' title='bbox 343 1130 518 1184; x_wconf 86' lang='lat' dir='ltr'><strong>altare</strong></span> <span class='ocrx_word' id='word_1_63' title='bbox 547 1146 874 1184; x_wconf 89' lang='lat' dir='ltr'><strong>consecrare</strong></span> <span class='ocrx_word' id='word_1_64' title='bbox 905 1148 1022 1184; x_wconf 92' lang='lat' dir='ltr'><strong>non</strong></span> <span class='ocrx_word' id='word_1_65' title='bbox 1053 1133 1239 1185; x_wconf 89' lang='lat' dir='ltr'><strong>liceat.</strong></span> 
     </span>
    </p>
   </div>
   <div class='ocr_carea' id='block_1_13' title="bbox 271 1211 1964 1292">
    <p class='ocr_par' dir='ltr' id='par_1_13' title="bbox 271 1211 1964 1292">
     <span class='ocr_line' id='line_1_13' title="bbox 271 1211 1964 1292; baseline 0.004 -22"><span class='ocrx_word' id='word_1_66' title='bbox 271 1219 377 1271; x_wconf 87' lang='lat' dir='ltr'><strong>XV.</strong></span> <span class='ocrx_word' id='word_1_67' title='bbox 439 1219 510 1272; x_wconf 89' lang='lat' dir='ltr'><strong>Ut</strong></span> <span class='ocrx_word' id='word_1_68' title='bbox 556 1219 680 1272; x_wconf 89' lang='lat' dir='ltr'><strong>loca</strong></span> <span class='ocrx_word' id='word_1_69' title='bbox 736 1219 912 1272; x_wconf 88' lang='lat' dir='ltr'><strong>semel</strong></span> <span class='ocrx_word' id='word_1_70' title='bbox 984 1219 1189 1284; x_wconf 84' lang='lat' dir='ltr'><strong>dicata,</strong></span> <span class='ocrx_word' id='word_1_71' title='bbox 1253 1225 1533 1291; x_wconf 90' lang='lat' dir='ltr'><strong>perpetuo</strong></span> <span class='ocrx_word' id='word_1_72' title='bbox 1591 1211 1688 1275; x_wconf 87' lang='lat' dir='ltr'><strong>sic</strong></span> <span class='ocrx_word' id='word_1_73' title='bbox 1737 1238 1964 1292; x_wconf 90' lang='lat' dir='ltr'><strong>perma-</strong></span> 
     </span>
    </p>
   </div>
   <div class='ocr_carea' id='block_1_14' title="bbox 342 1312 535 1360">
    <p class='ocr_par' dir='ltr' id='par_1_14' title="bbox 342 1312 535 1360">
     <span class='ocr_line' id='line_1_14' title="bbox 342 1312 535 1360; baseline 0 -1"><span class='ocrx_word' id='word_1_74' title='bbox 342 1312 535 1360; x_wconf 90' lang='lat' dir='ltr'><strong>neant.</strong></span> 
     </span>
    </p>
   </div>
   <div class='ocr_carea' id='block_1_15' title="bbox 270 1393 1968 1468">
    <p class='ocr_par' dir='ltr' id='par_1_15' title="bbox 270 1393 1968 1468">
     <span class='ocr_line' id='line_1_15' title="bbox 270 1393 1968 1468; baseline 0.002 -20"><span class='ocrx_word' id='word_1_75' title='bbox 270 1395 402 1448; x_wconf 90' lang='lat' dir='ltr'><strong>XVI.</strong></span> <span class='ocrx_word' id='word_1_76' title='bbox 440 1395 517 1448; x_wconf 94' lang='lat' dir='ltr'><strong>De</strong></span> <span class='ocrx_word' id='word_1_77' title='bbox 546 1395 686 1448; x_wconf 90' lang='lat' dir='ltr'><strong>locis</strong></span> <span class='ocrx_word' id='word_1_78' title='bbox 723 1393 946 1449; x_wconf 91' lang='lat' dir='ltr'><strong>dudum</strong></span> <span class='ocrx_word' id='word_1_79' title='bbox 993 1395 1247 1462; x_wconf 89' lang='lat' dir='ltr'><strong>sacratis,</strong></span> <span class='ocrx_word' id='word_1_80' title='bbox 1293 1401 1349 1450; x_wconf 89' lang='lat' dir='ltr'><strong>et</strong></span> <span class='ocrx_word' id='word_1_81' title='bbox 1378 1412 1532 1450; x_wconf 89' lang='lat' dir='ltr'><strong>nunc</strong></span> <span class='ocrx_word' id='word_1_82' title='bbox 1573 1397 1872 1468; x_wconf 80' lang='lat' dir='ltr'><strong>neglectis,</strong></span> <span class='ocrx_word' id='word_1_83' title='bbox 1905 1403 1968 1453; x_wconf 91' lang='lat' dir='ltr'><strong>ut</strong></span> 
     </span>
    </p>
   </div>
   <div class='ocr_carea' id='block_1_16' title="bbox 339 1483 979 1538">
    <p class='ocr_par' dir='ltr' id='par_1_16' title="bbox 339 1483 979 1538">
     <span class='ocr_line' id='line_1_16' title="bbox 339 1483 979 1538; baseline 0.003 -4"><span class='ocrx_word' id='word_1_84' title='bbox 339 1483 548 1536; x_wconf 88' lang='lat' dir='ltr'><strong>iterum</strong></span> <span class='ocrx_word' id='word_1_85' title='bbox 575 1484 979 1538; x_wconf 84' lang='lat' dir='ltr'><strong>reformentur.</strong></span> 
     </span>
    </p>
   </div>
   <div class='ocr_carea' id='block_1_17' title="bbox 269 1570 1966 1643">
    <p class='ocr_par' dir='ltr' id='par_1_17' title="bbox 269 1570 1966 1643">
     <span class='ocr_line' id='line_1_17' title="bbox 269 1570 1966 1643; baseline 0.002 -19"><span class='ocrx_word' id='word_1_86' title='bbox 269 1570 430 1624; x_wconf 89' lang='lat' dir='ltr'><strong>XVII.</strong></span> <span class='ocrx_word' id='word_1_87' title='bbox 470 1572 540 1625; x_wconf 93' lang='lat' dir='ltr'><strong>Ut</strong></span> <span class='ocrx_word' id='word_1_88' title='bbox 567 1571 761 1624; x_wconf 89' lang='lat' dir='ltr'><strong>nullus</strong></span> <span class='ocrx_word' id='word_1_89' title='bbox 808 1571 963 1626; x_wconf 87' lang='lat' dir='ltr'><strong>aliud</strong></span> <span class='ocrx_word' id='word_1_90' title='bbox 1009 1573 1186 1625; x_wconf 88' lang='lat' dir='ltr'><strong>altare</strong></span> <span class='ocrx_word' id='word_1_91' title='bbox 1235 1573 1452 1640; x_wconf 81' lang='lat' dir='ltr'><strong>erigere</strong></span> <span class='ocrx_word' id='word_1_92' title='bbox 1490 1578 1821 1643; x_wconf 81' lang='lat' dir='ltr'><strong>praesumat,</strong></span> <span class='ocrx_word' id='word_1_93' title='bbox 1853 1574 1966 1628; x_wconf 89' lang='lat' dir='ltr'><strong>nisi</strong></span> 
     </span>
    </p>
   </div>
   <div class='ocr_carea' id='block_1_18' title="bbox 345 1659 1467 1729">
    <p class='ocr_par' dir='ltr' id='par_1_18' title="bbox 345 1659 1467 1729">
     <span class='ocr_line' id='line_1_18' title="bbox 345 1659 1467 1729; baseline 0.004 -19"><span class='ocrx_word' id='word_1_94' title='bbox 345 1659 496 1727; x_wconf 91' lang='lat' dir='ltr'><strong>quod</strong></span> <span class='ocrx_word' id='word_1_95' title='bbox 534 1659 604 1712; x_wconf 90' lang='lat' dir='ltr'><strong>ab</strong></span> <span class='ocrx_word' id='word_1_96' title='bbox 637 1659 905 1729; x_wconf 90' lang='lat' dir='ltr'><strong>episcopo</strong></span> <span class='ocrx_word' id='word_1_97' title='bbox 937 1665 1330 1714; x_wconf 87' lang='lat' dir='ltr'><strong>consecratum</strong></span> <span class='ocrx_word' id='word_1_98' title='bbox 1361 1667 1467 1716; x_wconf 86' lang='lat' dir='ltr'><strong>est.</strong></span> 
     </span>
    </p>
   </div>
   <div class='ocr_carea' id='block_1_19' title="bbox 271 1748 1966 1822">
    <p class='ocr_par' dir='ltr' id='par_1_19' title="bbox 271 1748 1966 1822">
     <span class='ocr_line' id='line_1_19' title="bbox 271 1748 1966 1822; baseline 0.003 -22"><span class='ocrx_word' id='word_1_99' title='bbox 271 1748 455 1800; x_wconf 89' lang='lat' dir='ltr'><strong>XVIII.</strong></span> <span class='ocrx_word' id='word_1_100' title='bbox 509 1748 578 1800; x_wconf 87' lang='lat' dir='ltr'><strong>Ut</strong></span> <span class='ocrx_word' id='word_1_101' title='bbox 622 1749 996 1818; x_wconf 80' lang='lat' dir='ltr'><strong>energumeni</strong></span> <span class='ocrx_word' id='word_1_102' title='bbox 1045 1749 1410 1804; x_wconf 90' lang='lat' dir='ltr'><strong>ecclesiarum</strong></span> <span class='ocrx_word' id='word_1_103' title='bbox 1464 1751 1790 1822; x_wconf 86' lang='lat' dir='ltr'><strong>pavimenta</strong></span> <span class='ocrx_word' id='word_1_104' title='bbox 1839 1769 1966 1807; x_wconf 90' lang='lat' dir='ltr'><strong>ver-</strong></span> 
     </span>
    </p>
   </div>
   <div class='ocr_carea' id='block_1_20' title="bbox 341 1838 491 1888">
    <p class='ocr_par' dir='ltr' id='par_1_20' title="bbox 341 1838 491 1888">
     <span class='ocr_line' id='line_1_20' title="bbox 341 1838 491 1888; baseline 0.013 -2"><span class='ocrx_word' id='word_1_105' title='bbox 341 1838 491 1888; x_wconf 89' lang='lat' dir='ltr'><strong>rant.</strong></span> 
     </span>
    </p>
   </div>
   <div class='ocr_carea' id='block_1_21' title="bbox 271 1923 1498 1981">
    <p class='ocr_par' dir='ltr' id='par_1_21' title="bbox 271 1923 1498 1981">
     <span class='ocr_line' id='line_1_21' title="bbox 271 1923 1498 1981; baseline 0.002 -4"><span class='ocrx_word' id='word_1_106' title='bbox 271 1923 396 1977; x_wconf 85' lang='lat' dir='ltr'><strong>XIX.</strong></span> <span class='ocrx_word' id='word_1_107' title='bbox 432 1925 510 1977; x_wconf 84' lang='lat' dir='ltr'><strong>De</strong></span> <span class='ocrx_word' id='word_1_108' title='bbox 539 1925 902 1978; x_wconf 84' lang='lat' dir='ltr'><strong>monasteriis</strong></span> <span class='ocrx_word' id='word_1_109' title='bbox 931 1926 1108 1980; x_wconf 89' lang='lat' dir='ltr'><strong>semel</strong></span> <span class='ocrx_word' id='word_1_110' title='bbox 1139 1926 1498 1981; x_wconf 87' lang='lat' dir='ltr'><strong>consecratis.</strong></span> 
     </span>
    </p>
   </div>
   <div class='ocr_carea' id='block_1_22' title="bbox 265 2011 1954 2088">
    <p class='ocr_par' dir='ltr' id='par_1_22' title="bbox 265 2011 1954 2088">
     <span class='ocr_line' id='line_1_22' title="bbox 265 2011 1954 2088; baseline 0.004 -24"><span class='ocrx_word' id='word_1_111' title='bbox 265 2011 371 2064; x_wconf 85' lang='lat' dir='ltr'><strong>XX.</strong></span> <span class='ocrx_word' id='word_1_112' title='bbox 408 2012 486 2065; x_wconf 93' lang='lat' dir='ltr'><strong>De</strong></span> <span class='ocrx_word' id='word_1_113' title='bbox 517 2012 632 2066; x_wconf 90' lang='lat' dir='ltr'><strong>illis</strong></span> <span class='ocrx_word' id='word_1_114' title='bbox 678 2013 776 2082; x_wconf 88' lang='lat' dir='ltr'><strong>qui</strong></span> <span class='ocrx_word' id='word_1_115' title='bbox 810 2015 1002 2068; x_wconf 88' lang='lat' dir='ltr'><strong>dotem</strong></span> <span class='ocrx_word' id='word_1_116' title='bbox 1034 2014 1288 2068; x_wconf 67' lang='lat' dir='ltr'><strong>ecclesiae</strong></span> <span class='ocrx_word' id='word_1_117' title='bbox 1337 2015 1446 2070; x_wconf 89' lang='lat' dir='ltr'><strong>sibi</strong></span> <span class='ocrx_word' id='word_1_118' title='bbox 1475 2014 1763 2070; x_wconf 88' lang='lat' dir='ltr'><strong>vindicare</strong></span> <span class='ocrx_word' id='word_1_119' title='bbox 1807 2033 1954 2088; x_wconf 75' lang='lat' dir='ltr'><strong>prae-</strong></span> 
     </span>
    </p>
   </div>
   <div class='ocr_carea' id='block_1_23' title="bbox 341 2099 711 2169">
    <p class='ocr_par' dir='ltr' id='par_1_23' title="bbox 341 2099 711 2169">
     <span class='ocr_line' id='line_1_23' title="bbox 341 2099 711 2169; baseline 0.011 -19"><span class='ocrx_word' id='word_1_120' title='bbox 341 2099 711 2169; x_wconf 85' lang='lat' dir='ltr'><strong>sumpserint.</strong></span> 
     </span>
    </p>
   </div>
   <div class='ocr_carea' id='block_1_24' title="bbox 269 2186 1962 2261">
    <p class='ocr_par' dir='ltr' id='par_1_24' title="bbox 269 2186 1962 2261">
     <span class='ocr_line' id='line_1_24' title="bbox 269 2186 1962 2261; baseline 0.004 -21"><span class='ocrx_word' id='word_1_121' title='bbox 269 2186 395 2240; x_wconf 88' lang='lat' dir='ltr'><strong>XXI.</strong></span> <span class='ocrx_word' id='word_1_122' title='bbox 428 2188 509 2240; x_wconf 90' lang='lat' dir='ltr'><strong>De</strong></span> <span class='ocrx_word' id='word_1_123' title='bbox 547 2188 799 2241; x_wconf 91' lang='lat' dir='ltr'><strong>ecclesiis</strong></span> <span class='ocrx_word' id='word_1_124' title='bbox 831 2188 1152 2259; x_wconf 86' lang='lat' dir='ltr'><strong>destructis,</strong></span> <span class='ocrx_word' id='word_1_125' title='bbox 1201 2191 1493 2261; x_wconf 89' lang='lat' dir='ltr'><strong>quomodo</strong></span> <span class='ocrx_word' id='word_1_126' title='bbox 1525 2192 1831 2246; x_wconf 81' lang='lat' dir='ltr'><strong>restaurari</strong></span> <span class='ocrx_word' id='word_1_127' title='bbox 1864 2193 1962 2247; x_wconf 86' lang='lat' dir='ltr'><strong>de-</strong></span> 
     </span>
    </p>
   </div>
   <div class='ocr_carea' id='block_1_25' title="bbox 341 2275 532 2330">
    <p class='ocr_par' dir='ltr' id='par_1_25' title="bbox 341 2275 532 2330">
     <span class='ocr_line' id='line_1_25' title="bbox 341 2275 532 2330; baseline 0.016 -4"><span class='ocrx_word' id='word_1_128' title='bbox 341 2275 532 2330; x_wconf 89' lang='lat' dir='ltr'><strong>beant.</strong></span> 
     </span>
    </p>
   </div>
   <div class='ocr_carea' id='block_1_26' title="bbox 269 2363 1962 2440">
    <p class='ocr_par' dir='ltr' id='par_1_26' title="bbox 269 2363 1962 2440">
     <span class='ocr_line' id='line_1_26' title="bbox 269 2363 1962 2440; baseline 0.004 -23"><span class='ocrx_word' id='word_1_129' title='bbox 269 2363 424 2417; x_wconf 89' lang='lat' dir='ltr'><strong>XXII.</strong></span> <span class='ocrx_word' id='word_1_130' title='bbox 455 2363 614 2426; x_wconf 87' lang='lat' dir='ltr'><strong>Quod</strong></span> <span class='ocrx_word' id='word_1_131' title='bbox 659 2363 720 2418; x_wconf 89' lang='lat' dir='ltr'><strong>in</strong></span> <span class='ocrx_word' id='word_1_132' title='bbox 749 2380 864 2419; x_wconf 87' lang='lat' dir='ltr'><strong>una</strong></span> <span class='ocrx_word' id='word_1_133' title='bbox 911 2366 1316 2421; x_wconf 88' lang='lat' dir='ltr'><strong>terminatione</strong></span> <span class='ocrx_word' id='word_1_134' title='bbox 1364 2369 1560 2438; x_wconf 89' lang='lat' dir='ltr'><strong>plures</strong></span> <span class='ocrx_word' id='word_1_135' title='bbox 1597 2367 1962 2440; x_wconf 88' lang='lat' dir='ltr'><strong>baptismales</strong></span> 
     </span>
    </p>
   </div>
   <div class='ocr_carea' id='block_1_27' title="bbox 342 2452 1154 2524">
    <p class='ocr_par' dir='ltr' id='par_1_27' title="bbox 342 2452 1154 2524">
     <span class='ocr_line' id='line_1_27' title="bbox 342 2452 1154 2524; baseline 0.007 -21"><span class='ocrx_word' id='word_1_136' title='bbox 342 2452 591 2506; x_wconf 68' lang='lat' dir='ltr'><strong>ecclesiae</strong></span> <span class='ocrx_word' id='word_1_137' title='bbox 621 2469 741 2507; x_wconf 89' lang='lat' dir='ltr'><strong>esse</strong></span> <span class='ocrx_word' id='word_1_138' title='bbox 772 2470 890 2508; x_wconf 92' lang='lat' dir='ltr'><strong>non</strong></span> <span class='ocrx_word' id='word_1_139' title='bbox 915 2455 1154 2524; x_wconf 90' lang='lat' dir='ltr'><strong>possint.</strong></span> 
     </span>
    </p>
   </div>
   <div class='ocr_carea' id='block_1_28' title="bbox 269 2541 1964 2611">
    <p class='ocr_par' dir='ltr' id='par_1_28' title="bbox 269 2541 1964 2611">
     <span class='ocr_line' id='line_1_28' title="bbox 269 2541 1964 2611; baseline 0.004 -18"><span class='ocrx_word' id='word_1_140' title='bbox 269 2541 453 2595; x_wconf 86' lang='lat' dir='ltr'><strong>XXIII.</strong></span> <span class='ocrx_word' id='word_1_141' title='bbox 489 2542 558 2595; x_wconf 91' lang='lat' dir='ltr'>Ut</span> <span class='ocrx_word' id='word_1_142' title='bbox 597 2543 881 2611; x_wconf 87' lang='lat' dir='ltr'><strong>regularia</strong></span> <span class='ocrx_word' id='word_1_143' title='bbox 929 2544 1275 2598; x_wconf 90' lang='lat' dir='ltr'><strong>monasteria</strong></span> <span class='ocrx_word' id='word_1_144' title='bbox 1317 2559 1423 2598; x_wconf 90' lang='lat' dir='ltr'><strong>nec</strong></span> <span class='ocrx_word' id='word_1_145' title='bbox 1463 2545 1629 2600; x_wconf 90' lang='lat' dir='ltr'><strong>vendi</strong></span> <span class='ocrx_word' id='word_1_146' title='bbox 1676 2561 1781 2599; x_wconf 91' lang='lat' dir='ltr'><strong>nec</strong></span> <span class='ocrx_word' id='word_1_147' title='bbox 1809 2562 1964 2600; x_wconf 90' lang='lat' dir='ltr'><strong>com-</strong></span> 
     </span>
    </p>
   </div>
   <div class='ocr_carea' id='block_1_29' title="bbox 339 2629 1636 2698">
    <p class='ocr_par' dir='ltr' id='par_1_29' title="bbox 339 2629 1636 2698">
     <span class='ocr_line' id='line_1_29' title="bbox 339 2629 1636 2698; baseline 0.004 -16"><span class='ocrx_word' id='word_1_148' title='bbox 339 2629 551 2682; x_wconf 92' lang='lat' dir='ltr'><strong>mutari</strong></span> <span class='ocrx_word' id='word_1_149' title='bbox 574 2629 796 2698; x_wconf 87' lang='lat' dir='ltr'><strong>possint</strong></span> <span class='ocrx_word' id='word_1_150' title='bbox 825 2630 937 2685; x_wconf 90' lang='lat' dir='ltr'><strong>nisi</strong></span> <span class='ocrx_word' id='word_1_151' title='bbox 963 2648 1093 2686; x_wconf 92' lang='lat' dir='ltr'><strong>cum</strong></span> <span class='ocrx_word' id='word_1_152' title='bbox 1124 2633 1233 2686; x_wconf 89' lang='lat' dir='ltr'><strong>alio</strong></span> <span class='ocrx_word' id='word_1_153' title='bbox 1265 2633 1636 2688; x_wconf 90' lang='lat' dir='ltr'><strong>monasterio.</strong></span> 
     </span>
    </p>
   </div>
   <div class='ocr_carea' id='block_1_30' title="bbox 268 2717 1955 2786">
    <p class='ocr_par' dir='ltr' id='par_1_30' title="bbox 268 2717 1955 2786">
     <span class='ocr_line' id='line_1_30' title="bbox 268 2717 1955 2786; baseline 0.004 -16"><span class='ocrx_word' id='word_1_154' title='bbox 268 2717 444 2770; x_wconf 91' lang='lat' dir='ltr'><strong>XXIV.</strong></span> <span class='ocrx_word' id='word_1_155' title='bbox 481 2718 550 2771; x_wconf 94' lang='lat' dir='ltr'><strong>Ut</strong></span> <span class='ocrx_word' id='word_1_156' title='bbox 603 2733 722 2771; x_wconf 90' lang='lat' dir='ltr'><strong>non</strong></span> <span class='ocrx_word' id='word_1_157' title='bbox 778 2718 946 2772; x_wconf 91' lang='lat' dir='ltr'><strong>liceat</strong></span> <span class='ocrx_word' id='word_1_158' title='bbox 985 2719 1154 2773; x_wconf 91' lang='lat' dir='ltr'><strong>alicui</strong></span> <span class='ocrx_word' id='word_1_159' title='bbox 1206 2719 1376 2774; x_wconf 91' lang='lat' dir='ltr'><strong>unius</strong></span> <span class='ocrx_word' id='word_1_160' title='bbox 1433 2721 1696 2776; x_wconf 68' lang='lat' dir='ltr'><strong>Ecclesia:</strong></span> <span class='ocrx_word' id='word_1_161' title='bbox 1725 2723 1955 2786; x_wconf 86' lang='lat' dir='ltr'><strong>terram,</strong></span> 
     </span>
    </p>
   </div>
   <div class='ocr_carea' id='block_1_31' title="bbox 340 2805 1388 2872">
    <p class='ocr_par' dir='ltr' id='par_1_31' title="bbox 340 2805 1388 2872">
     <span class='ocr_line' id='line_1_31' title="bbox 340 2805 1388 2872; baseline 0.006 -15"><span class='ocrx_word' id='word_1_162' title='bbox 340 2805 450 2858; x_wconf 88' lang='lat' dir='ltr'><strong>nisi</strong></span> <span class='ocrx_word' id='word_1_163' title='bbox 479 2805 817 2872; x_wconf 87' lang='lat' dir='ltr'><strong>cambiatur,</strong></span> <span class='ocrx_word' id='word_1_164' title='bbox 847 2812 1065 2861; x_wconf 84' lang='lat' dir='ltr'><strong>vertere</strong></span> <span class='ocrx_word' id='word_1_165' title='bbox 1095 2808 1166 2862; x_wconf 90' lang='lat' dir='ltr'><strong>ad</strong></span> <span class='ocrx_word' id='word_1_166' title='bbox 1197 2809 1388 2864; x_wconf 87' lang='lat' dir='ltr'><strong>aliam.</strong></span> 
     </span>
    </p>
   </div>
   <div class='ocr_carea' id='block_1_32' title="bbox 269 2893 1958 2967">
    <p class='ocr_par' dir='ltr' id='par_1_32' title="bbox 269 2893 1958 2967">
     <span class='ocr_line' id='line_1_32' title="bbox 269 2893 1958 2967; baseline 0.004 -21"><span class='ocrx_word' id='word_1_167' title='bbox 269 2893 424 2947; x_wconf 92' lang='lat' dir='ltr'><strong>XXV.</strong></span> <span class='ocrx_word' id='word_1_168' title='bbox 473 2896 546 2949; x_wconf 92' lang='lat' dir='ltr'><strong>Ut</strong></span> <span class='ocrx_word' id='word_1_169' title='bbox 588 2894 808 2963; x_wconf 89' lang='lat' dir='ltr'><strong>altaria,</strong></span> <span class='ocrx_word' id='word_1_170' title='bbox 859 2894 972 2948; x_wconf 91' lang='lat' dir='ltr'><strong>nisi</strong></span> <span class='ocrx_word' id='word_1_171' title='bbox 1036 2896 1151 2950; x_wconf 90' lang='lat' dir='ltr'><strong>sint</strong></span> <span class='ocrx_word' id='word_1_172' title='bbox 1189 2896 1434 2967; x_wconf 91' lang='lat' dir='ltr'><strong>lapidea,</strong></span> <span class='ocrx_word' id='word_1_173' title='bbox 1495 2897 1800 2952; x_wconf 88' lang='lat' dir='ltr'><strong>chrismate</strong></span> <span class='ocrx_word' id='word_1_174' title='bbox 1842 2913 1958 2952; x_wconf 89' lang='lat' dir='ltr'><strong>non</strong></span> 
     </span>
    </p>
   </div>
   <div class='ocr_carea' id='block_1_33' title="bbox 340 2988 762 3036">
    <p class='ocr_par' dir='ltr' id='par_1_33' title="bbox 340 2988 762 3036">
     <span class='ocr_line' id='line_1_33' title="bbox 340 2988 762 3036; baseline 0.005 -2"><span class='ocrx_word' id='word_1_175' title='bbox 340 2988 762 3036; x_wconf 76' lang='lat' dir='ltr'><strong>consectentur.</strong></span> 
     </span>
    </p>
   </div>
   <div class='ocr_carea' id='block_1_34' title="bbox 267 3070 1958 3128">
    <p class='ocr_par' dir='ltr' id='par_1_34' title="bbox 267 3070 1958 3128">
     <span class='ocr_line' id='line_1_34' title="bbox 267 3070 1958 3128; baseline 0.002 -4"><span class='ocrx_word' id='word_1_176' title='bbox 267 3070 446 3124; x_wconf 88' lang='lat' dir='ltr'><strong>XXVI.</strong></span> <span class='ocrx_word' id='word_1_177' title='bbox 499 3070 572 3124; x_wconf 93' lang='lat' dir='ltr'><strong>Ut</strong></span> <span class='ocrx_word' id='word_1_178' title='bbox 623 3071 1034 3126; x_wconf 86' lang='lat' dir='ltr'><strong>monasterium</strong></span> <span class='ocrx_word' id='word_1_179' title='bbox 1086 3072 1157 3126; x_wconf 89' lang='lat' dir='ltr'><strong>ad</strong></span> <span class='ocrx_word' id='word_1_180' title='bbox 1203 3073 1626 3128; x_wconf 88' lang='lat' dir='ltr'><strong>meliorandum</strong></span> <span class='ocrx_word' id='word_1_181' title='bbox 1673 3073 1732 3127; x_wconf 91' lang='lat' dir='ltr'><strong>in</strong></span> <span class='ocrx_word' id='word_1_182' title='bbox 1783 3073 1958 3128; x_wconf 91' lang='lat' dir='ltr'><strong>alium</strong></span> 
     </span>
    </p>
   </div>
   <div class='ocr_carea' id='block_1_35' title="bbox 339 3157 990 3228">
    <p class='ocr_par' dir='ltr' id='par_1_35' title="bbox 339 3157 990 3228">
     <span class='ocr_line' id='line_1_35' title="bbox 339 3157 990 3228; baseline 0.006 -18"><span class='ocrx_word' id='word_1_183' title='bbox 339 3157 508 3211; x_wconf 91' lang='lat' dir='ltr'><strong>liceat</strong></span> <span class='ocrx_word' id='word_1_184' title='bbox 537 3175 750 3228; x_wconf 89' lang='lat' dir='ltr'><strong>ponere</strong></span> <span class='ocrx_word' id='word_1_185' title='bbox 779 3158 990 3214; x_wconf 91' lang='lat' dir='ltr'><strong>locum.</strong></span> 
     </span>
    </p>
   </div>
   <div class='ocr_carea' id='block_1_36' title="bbox 267 3245 1862 3304">
    <p class='ocr_par' dir='ltr' id='par_1_36' title="bbox 267 3245 1862 3304">
     <span class='ocr_line' id='line_1_36' title="bbox 267 3245 1862 3304; baseline 0.003 -4"><span class='ocrx_word' id='word_1_186' title='bbox 267 3245 468 3300; x_wconf 89' lang='lat' dir='ltr'><strong>XXVII.</strong></span> <span class='ocrx_word' id='word_1_187' title='bbox 505 3247 576 3301; x_wconf 91' lang='lat' dir='ltr'>Ut</span> <span class='ocrx_word' id='word_1_188' title='bbox 599 3245 720 3300; x_wconf 87' lang='lat' dir='ltr'><strong>sine</strong></span> <span class='ocrx_word' id='word_1_189' title='bbox 751 3248 925 3302; x_wconf 87' lang='lat' dir='ltr'><strong>missa</strong></span> <span class='ocrx_word' id='word_1_190' title='bbox 953 3248 1190 3303; x_wconf 86' lang='lat' dir='ltr'><strong>ecclesia</strong></span> <span class='ocrx_word' id='word_1_191' title='bbox 1215 3263 1331 3302; x_wconf 88' lang='lat' dir='ltr'><strong>non</strong></span> <span class='ocrx_word' id='word_1_192' title='bbox 1361 3247 1566 3302; x_wconf 87' lang='lat' dir='ltr'><strong>debeat</strong></span> <span class='ocrx_word' id='word_1_193' title='bbox 1594 3249 1862 3304; x_wconf 89' lang='lat' dir='ltr'><strong>dedicari.</strong></span> 
     </span>
    </p>
   </div>
   <div class='ocr_carea' id='block_1_37' title="bbox 267 3335 1960 3408">
    <p class='ocr_par' dir='ltr' id='par_1_37' title="bbox 267 3335 1960 3408">
     <span class='ocr_line' id='line_1_37' title="bbox 267 3335 1960 3408; baseline 0.003 -21"><span class='ocrx_word' id='word_1_194' title='bbox 267 3335 489 3388; x_wconf 88' lang='lat' dir='ltr'><strong>XXVIII.</strong></span> <span class='ocrx_word' id='word_1_195' title='bbox 527 3336 599 3389; x_wconf 93' lang='lat' dir='ltr'>Ut</span> <span class='ocrx_word' id='word_1_196' title='bbox 629 3335 932 3406; x_wconf 89' lang='lat' dir='ltr'><strong>episcopus</strong></span> <span class='ocrx_word' id='word_1_197' title='bbox 979 3338 1270 3391; x_wconf 89' lang='lat' dir='ltr'><strong>neminem</strong></span> <span class='ocrx_word' id='word_1_198' title='bbox 1316 3338 1618 3408; x_wconf 90' lang='lat' dir='ltr'><strong>prohibeat</strong></span> <span class='ocrx_word' id='word_1_199' title='bbox 1663 3339 1960 3393; x_wconf 85' lang='lat' dir='ltr'><strong>ecclesiam</strong></span> 
     </span>
    </p>
   </div>
   <div class='ocr_carea' id='block_1_38' title="bbox 337 3421 1318 3492">
    <p class='ocr_par' dir='ltr' id='par_1_38' title="bbox 337 3421 1318 3492">
     <span class='ocr_line' id='line_1_38' title="bbox 337 3421 1318 3492; baseline 0.005 -17"><span class='ocrx_word' id='word_1_200' title='bbox 337 3421 584 3492; x_wconf 80' lang='lat' dir='ltr'><strong>ingredi,</strong></span> <span class='ocrx_word' id='word_1_201' title='bbox 613 3428 669 3476; x_wconf 90' lang='lat' dir='ltr'><strong>et</strong></span> <span class='ocrx_word' id='word_1_202' title='bbox 697 3424 895 3478; x_wconf 77' lang='lat' dir='ltr'><strong>audire</strong></span> <span class='ocrx_word' id='word_1_203' title='bbox 925 3427 1164 3480; x_wconf 86' lang='lat' dir='ltr'><strong>verbum</strong></span> <span class='ocrx_word' id='word_1_204' title='bbox 1195 3426 1318 3480; x_wconf 90' lang='lat' dir='ltr'><strong>Dei.</strong></span> 
     </span>
    </p>
   </div>
   <div class='ocr_carea' id='block_1_39' title="bbox 266 3512 1960 3584">
    <p class='ocr_par' dir='ltr' id='par_1_39' title="bbox 266 3512 1960 3584">
     <span class='ocr_line' id='line_1_39' title="bbox 266 3512 1960 3584; baseline 0.002 -18"><span class='ocrx_word' id='word_1_205' title='bbox 266 3512 439 3566; x_wconf 88' lang='lat' dir='ltr'><strong>XXIX.</strong></span> <span class='ocrx_word' id='word_1_206' title='bbox 489 3513 558 3566; x_wconf 95' lang='lat' dir='ltr'>Ut</span> <span class='ocrx_word' id='word_1_207' title='bbox 586 3513 835 3582; x_wconf 89' lang='lat' dir='ltr'><strong>populus</strong></span> <span class='ocrx_word' id='word_1_208' title='bbox 884 3513 983 3584; x_wconf 89' lang='lat' dir='ltr'><strong>qui</strong></span> <span class='ocrx_word' id='word_1_209' title='bbox 1010 3515 1338 3568; x_wconf 89' lang='lat' dir='ltr'><strong>convenerit</strong></span> <span class='ocrx_word' id='word_1_210' title='bbox 1388 3515 1459 3570; x_wconf 91' lang='lat' dir='ltr'><strong>ad</strong></span> <span class='ocrx_word' id='word_1_211' title='bbox 1503 3515 1752 3584; x_wconf 87' lang='lat' dir='ltr'><strong>Missam,</strong></span> <span class='ocrx_word' id='word_1_212' title='bbox 1802 3526 1960 3570; x_wconf 90' lang='lat' dir='ltr'><strong>ante-</strong></span> 
     </span>
    </p>
   </div>
   <div class='ocr_carea' id='block_1_40' title="bbox 339 3599 1226 3669">
    <p class='ocr_par' dir='ltr' id='par_1_40' title="bbox 339 3599 1226 3669">
     <span class='ocr_line' id='line_1_40' title="bbox 339 3599 1226 3669; baseline 0.006 -18"><span class='ocrx_word' id='word_1_213' title='bbox 339 3615 511 3669; x_wconf 88' lang='lat' dir='ltr'><strong>quam</strong></span> <span class='ocrx_word' id='word_1_214' title='bbox 544 3599 783 3653; x_wconf 79' lang='lat' dir='ltr'><strong>tiniatur</strong></span> <span class='ocrx_word' id='word_1_215' title='bbox 811 3617 926 3654; x_wconf 91' lang='lat' dir='ltr'><strong>non</strong></span> <span class='ocrx_word' id='word_1_216' title='bbox 960 3601 1226 3656; x_wconf 88' lang='lat' dir='ltr'><strong>discedat.</strong></span> 
     </span>
    </p>
   </div>
   <div class='ocr_carea' id='block_1_41' title="bbox 265 3687 1780 3758">
    <p class='ocr_par' dir='ltr' id='par_1_41' title="bbox 265 3687 1780 3758">
     <span class='ocr_line' id='line_1_41' title="bbox 265 3687 1780 3758; baseline 0.004 -17"><span class='ocrx_word' id='word_1_217' title='bbox 265 3689 413 3742; x_wconf 87' lang='lat' dir='ltr'><strong>XXX.</strong></span> <span class='ocrx_word' id='word_1_218' title='bbox 451 3689 530 3741; x_wconf 91' lang='lat' dir='ltr'><strong>De</strong></span> <span class='ocrx_word' id='word_1_219' title='bbox 558 3687 670 3741; x_wconf 91' lang='lat' dir='ltr'><strong>illis</strong></span> <span class='ocrx_word' id='word_1_220' title='bbox 703 3689 803 3758; x_wconf 93' lang='lat' dir='ltr'><strong>qui</strong></span> <span class='ocrx_word' id='word_1_221' title='bbox 836 3689 1213 3744; x_wconf 88' lang='lat' dir='ltr'><strong>ecclesiastica</strong></span> <span class='ocrx_word' id='word_1_222' title='bbox 1243 3691 1458 3746; x_wconf 89' lang='lat' dir='ltr'><strong>habent</strong></span> <span class='ocrx_word' id='word_1_223' title='bbox 1483 3692 1780 3747; x_wconf 86' lang='lat' dir='ltr'><strong>beneﬁcia.</strong></span> 
     </span>
    </p>
   </div>
   <div class='ocr_carea' id='block_1_42' title="bbox 265 3776 1692 3847">
    <p class='ocr_par' dir='ltr' id='par_1_42' title="bbox 265 3776 1692 3847">
     <span class='ocr_line' id='line_1_42' title="bbox 265 3776 1692 3847; baseline 0.004 -17"><span class='ocrx_word' id='word_1_224' title='bbox 265 3777 438 3830; x_wconf 87' lang='lat' dir='ltr'><strong>XXXI.</strong></span> <span class='ocrx_word' id='word_1_225' title='bbox 475 3776 554 3829; x_wconf 91' lang='lat' dir='ltr'><strong>De</strong></span> <span class='ocrx_word' id='word_1_226' title='bbox 585 3777 834 3830; x_wconf 90' lang='lat' dir='ltr'><strong>ecclesiis</strong></span> <span class='ocrx_word' id='word_1_227' title='bbox 863 3779 1014 3847; x_wconf 89' lang='lat' dir='ltr'><strong>apud</strong></span> <span class='ocrx_word' id='word_1_228' title='bbox 1044 3778 1318 3833; x_wconf 89' lang='lat' dir='ltr'><strong>barbaros</strong></span> <span class='ocrx_word' id='word_1_229' title='bbox 1345 3781 1692 3836; x_wconf 90' lang='lat' dir='ltr'><strong>constitutis.</strong></span> 
     </span>
    </p>
   </div>
   <div class='ocr_carea' id='block_1_43' title="bbox 185 3865 1250 3921">
    <p class='ocr_par' dir='ltr' id='par_1_43' title="bbox 185 3865 1250 3921">
     <span class='ocr_line' id='line_1_43' title="bbox 185 3865 1250 3921; baseline 0.004 -4"><span class='ocrx_word' id='word_1_230' title='bbox 185 3871 188 3876; x_wconf 90' lang='lat'>&#39;</span> <span class='ocrx_word' id='word_1_231' title='bbox 266 3865 460 3918; x_wconf 89' lang='lat' dir='ltr'><strong>XXXII.</strong></span> <span class='ocrx_word' id='word_1_232' title='bbox 501 3865 578 3917; x_wconf 92' lang='lat' dir='ltr'><strong>De</strong></span> <span class='ocrx_word' id='word_1_233' title='bbox 605 3865 854 3919; x_wconf 89' lang='lat' dir='ltr'><strong>ecclesiis</strong></span> <span class='ocrx_word' id='word_1_234' title='bbox 881 3867 1250 3921; x_wconf 78' lang='lat' dir='ltr'><strong>Arianorum.</strong></span> 
     </span>
    </p>
   </div>
   <div class='ocr_carea' id='block_1_44' title="bbox 265 3953 1589 4011">
    <p class='ocr_par' dir='ltr' id='par_1_44' title="bbox 265 3953 1589 4011">
     <span class='ocr_line' id='line_1_44' title="bbox 265 3953 1589 4011; baseline 0.003 -4"><span class='ocrx_word' id='word_1_235' title='bbox 265 3953 491 4007; x_wconf 89' lang='lat' dir='ltr'><strong>XXXIII.</strong></span> <span class='ocrx_word' id='word_1_236' title='bbox 527 3954 604 4006; x_wconf 92' lang='lat' dir='ltr'><strong>De</strong></span> <span class='ocrx_word' id='word_1_237' title='bbox 636 3954 971 4008; x_wconf 87' lang='lat' dir='ltr'><strong>dioecesanis</strong></span> <span class='ocrx_word' id='word_1_238' title='bbox 1001 3955 1253 4009; x_wconf 91' lang='lat' dir='ltr'><strong>ecclesiis</strong></span> <span class='ocrx_word' id='word_1_239' title='bbox 1280 3955 1589 4011; x_wconf 88' lang='lat' dir='ltr'><strong>destitutis.</strong></span> 
     </span>
    </p>
   </div>
   <div class='ocr_carea' id='block_1_45' title="bbox 265 4041 1954 4105">
    <p class='ocr_par' dir='ltr' id='par_1_45' title="bbox 265 4041 1954 4105">
     <span class='ocr_line' id='line_1_45' title="bbox 265 4041 1954 4105; baseline 0.004 -9"><span class='ocrx_word' id='word_1_240' title='bbox 265 4043 481 4096; x_wconf 88' lang='lat' dir='ltr'><strong>XXXIV.</strong></span> <span class='ocrx_word' id='word_1_241' title='bbox 544 4041 799 4105; x_wconf 87' lang='lat' dir='ltr'><strong>Qualiter</strong></span> <span class='ocrx_word' id='word_1_242' title='bbox 865 4043 1196 4098; x_wconf 87' lang='lat' dir='ltr'><strong>destitutam</strong></span> <span class='ocrx_word' id='word_1_243' title='bbox 1249 4045 1546 4099; x_wconf 90' lang='lat' dir='ltr'><strong>ecclesiam</strong></span> <span class='ocrx_word' id='word_1_244' title='bbox 1623 4046 1791 4101; x_wconf 87' lang='lat' dir='ltr'><strong>alteri</strong></span> <span class='ocrx_word' id='word_1_245' title='bbox 1865 4063 1954 4102; x_wconf 94' lang='lat' dir='ltr'><strong>ec-</strong></span> 
     </span>
    </p>
   </div>
   <div class='ocr_carea' id='block_1_46' title="bbox 338 4131 1636 4204">
    <p class='ocr_par' dir='ltr' id='par_1_46' title="bbox 338 4131 1636 4204">
     <span class='ocr_line' id='line_1_46' title="bbox 338 4131 1636 4204; baseline 0.004 -21"><span class='ocrx_word' id='word_1_246' title='bbox 338 4131 526 4185; x_wconf 61' lang='lat' dir='ltr'><strong>clesia;</strong></span> <span class='ocrx_word' id='word_1_247' title='bbox 556 4135 707 4185; x_wconf 91' lang='lat' dir='ltr'><strong>recte</strong></span> <span class='ocrx_word' id='word_1_248' title='bbox 737 4132 1086 4202; x_wconf 87' lang='lat' dir='ltr'><strong>conjungere</strong></span> <span class='ocrx_word' id='word_1_249' title='bbox 1115 4134 1297 4187; x_wconf 85' lang='lat' dir='ltr'><strong>valeat</strong></span> <span class='ocrx_word' id='word_1_250' title='bbox 1321 4133 1636 4204; x_wconf 88' lang='lat' dir='ltr'><strong>episcopus.</strong></span> 
     </span>
    </p>
   </div>
   <div class='ocr_carea' id='block_1_47' title="bbox 265 4219 1777 4289">
    <p class='ocr_par' dir='ltr' id='par_1_47' title="bbox 265 4219 1777 4289">
     <span class='ocr_line' id='line_1_47' title="bbox 265 4219 1777 4289; baseline 0.003 -16"><span class='ocrx_word' id='word_1_251' title='bbox 265 4219 454 4273; x_wconf 87' lang='lat' dir='ltr'><strong>XXXV.</strong></span> <span class='ocrx_word' id='word_1_252' title='bbox 486 4221 556 4273; x_wconf 94' lang='lat' dir='ltr'>Ut</span> <span class='ocrx_word' id='word_1_253' title='bbox 583 4220 822 4289; x_wconf 83' lang='lat' dir='ltr'><strong>picturae</strong></span> <span class='ocrx_word' id='word_1_254' title='bbox 851 4221 912 4274; x_wconf 92' lang='lat' dir='ltr'><strong>in</strong></span> <span class='ocrx_word' id='word_1_255' title='bbox 946 4222 1181 4275; x_wconf 89' lang='lat' dir='ltr'><strong>ecclesia</strong></span> <span class='ocrx_word' id='word_1_256' title='bbox 1211 4221 1335 4276; x_wconf 83' lang='lat' dir='ltr'><strong>ﬁeri</strong></span> <span class='ocrx_word' id='word_1_257' title='bbox 1362 4239 1479 4276; x_wconf 91' lang='lat' dir='ltr'><strong>non</strong></span> <span class='ocrx_word' id='word_1_258' title='bbox 1510 4223 1777 4278; x_wconf 89' lang='lat' dir='ltr'><strong>debeant.</strong></span> 
     </span>
    </p>
   </div>
   <div class='ocr_carea' id='block_1_48' title="bbox 265 4308 1025 4379">
    <p class='ocr_par' dir='ltr' id='par_1_48' title="bbox 265 4308 1025 4379">
     <span class='ocr_line' id='line_1_48' title="bbox 265 4308 1025 4379; baseline 0 -17"><span class='ocrx_word' id='word_1_259' title='bbox 265 4308 478 4362; x_wconf 89' lang='lat' dir='ltr'><strong>XXXVI.</strong></span> <span class='ocrx_word' id='word_1_260' title='bbox 515 4308 656 4362; x_wconf 88' lang='lat' dir='ltr'><strong>Item</strong></span> <span class='ocrx_word' id='word_1_261' title='bbox 686 4309 756 4362; x_wconf 92' lang='lat' dir='ltr'><strong>de</strong></span> <span class='ocrx_word' id='word_1_262' title='bbox 784 4308 1025 4379; x_wconf 88' lang='lat' dir='ltr'><strong>pictura.</strong></span> 
     </span>
    </p>
   </div>
   <div class='ocr_carea' id='block_1_49' title="bbox 265 4397 1960 4470">
    <p class='ocr_par' dir='ltr' id='par_1_49' title="bbox 265 4397 1960 4470">
     <span class='ocr_line' id='line_1_49' title="bbox 265 4397 1960 4470; baseline 0.001 -20"><span class='ocrx_word' id='word_1_263' title='bbox 265 4397 506 4450; x_wconf 90' lang='lat' dir='ltr'><strong>XXXVII.</strong></span> <span class='ocrx_word' id='word_1_264' title='bbox 554 4397 622 4450; x_wconf 92' lang='lat' dir='ltr'>Ut</span> <span class='ocrx_word' id='word_1_265' title='bbox 651 4413 766 4450; x_wconf 90' lang='lat' dir='ltr'><strong>non</strong></span> <span class='ocrx_word' id='word_1_266' title='bbox 795 4413 900 4468; x_wconf 91' lang='lat' dir='ltr'><strong>pro</strong></span> <span class='ocrx_word' id='word_1_267' title='bbox 928 4397 1119 4452; x_wconf 90' lang='lat' dir='ltr'><strong>debito</strong></span> <span class='ocrx_word' id='word_1_268' title='bbox 1149 4398 1449 4470; x_wconf 88' lang='lat' dir='ltr'><strong>episcopus</strong></span> <span class='ocrx_word' id='word_1_269' title='bbox 1477 4399 1546 4454; x_wconf 93' lang='lat' dir='ltr'><strong>de</strong></span> <span class='ocrx_word' id='word_1_270' title='bbox 1577 4399 1960 4454; x_wconf 89' lang='lat' dir='ltr'><strong>consecranda</strong></span> 
     </span>
    </p>
   </div>
   <div class='ocr_carea' id='block_1_50' title="bbox 336 4484 1380 4558">
    <p class='ocr_par' dir='ltr' id='par_1_50' title="bbox 336 4484 1380 4558">
     <span class='ocr_line' id='line_1_50' title="bbox 336 4484 1380 4558; baseline 0.003 -20"><span class='ocrx_word' id='word_1_271' title='bbox 336 4484 574 4538; x_wconf 91' lang='lat' dir='ltr'><strong>ecclesia</strong></span> <span class='ocrx_word' id='word_1_272' title='bbox 601 4501 814 4540; x_wconf 90' lang='lat' dir='ltr'><strong>munus</strong></span> <span class='ocrx_word' id='word_1_273' title='bbox 845 4485 1078 4557; x_wconf 89' lang='lat' dir='ltr'><strong>aliquod</strong></span> <span class='ocrx_word' id='word_1_274' title='bbox 1107 4487 1380 4558; x_wconf 87' lang='lat' dir='ltr'><strong>requirat.</strong></span> 
     </span>
    </p>
   </div>
   <div class='ocr_carea' id='block_1_51' title="bbox 266 4571 1958 4646">
    <p class='ocr_par' dir='ltr' id='par_1_51' title="bbox 266 4571 1958 4646">
     <span class='ocr_line' id='line_1_51' title="bbox 266 4571 1958 4646; baseline 0.002 -20"><span class='ocrx_word' id='word_1_275' title='bbox 266 4571 534 4627; x_wconf 86' lang='lat' dir='ltr'><strong>XXXVIII.</strong></span> <span class='ocrx_word' id='word_1_276' title='bbox 591 4575 662 4628; x_wconf 89' lang='lat' dir='ltr'>Ut</span> <span class='ocrx_word' id='word_1_277' title='bbox 698 4575 995 4629; x_wconf 88' lang='lat' dir='ltr'><strong>ecclesiam</strong></span> <span class='ocrx_word' id='word_1_278' title='bbox 1041 4575 1104 4628; x_wconf 87' lang='lat' dir='ltr'><strong>in</strong></span> <span class='ocrx_word' id='word_1_279' title='bbox 1151 4592 1266 4646; x_wconf 90' lang='lat' dir='ltr'><strong>qua</strong></span> <span class='ocrx_word' id='word_1_280' title='bbox 1322 4576 1598 4631; x_wconf 83' lang='lat' dir='ltr'><strong>cadavera</strong></span> <span class='ocrx_word' id='word_1_281' title='bbox 1635 4575 1958 4630; x_wconf 87' lang='lat' dir='ltr'><strong>inﬁdelium</strong></span> 
     </span>
    </p>
   </div>
   <div class='ocr_carea' id='block_1_52' title="bbox 335 4662 1460 4732">
    <p class='ocr_par' dir='ltr' id='par_1_52' title="bbox 335 4662 1460 4732">
     <span class='ocr_line' id='line_1_52' title="bbox 335 4662 1460 4732; baseline 0.004 -18"><span class='ocrx_word' id='word_1_282' title='bbox 335 4662 558 4732; x_wconf 88' lang='lat' dir='ltr'><strong>sepulta</strong></span> <span class='ocrx_word' id='word_1_283' title='bbox 586 4667 720 4716; x_wconf 91' lang='lat' dir='ltr'><strong>sunt</strong></span> <span class='ocrx_word' id='word_1_284' title='bbox 748 4663 1098 4718; x_wconf 86' lang='lat' dir='ltr'><strong>sanctiﬁcare</strong></span> <span class='ocrx_word' id='word_1_285' title='bbox 1129 4681 1246 4718; x_wconf 90' lang='lat' dir='ltr'><strong>non</strong></span> <span class='ocrx_word' id='word_1_286' title='bbox 1271 4664 1460 4720; x_wconf 89' lang='lat' dir='ltr'><strong>liceat.</strong></span> 
     </span>
    </p>
   </div>
   <div class='ocr_carea' id='block_1_53' title="bbox 265 4751 1958 4824">
    <p class='ocr_par' dir='ltr' id='par_1_53' title="bbox 265 4751 1958 4824">
     <span class='ocr_line' id='line_1_53' title="bbox 265 4751 1958 4824; baseline 0.001 -18"><span class='ocrx_word' id='word_1_287' title='bbox 265 4751 477 4806; x_wconf 88' lang='lat' dir='ltr'><strong>XXXIX.</strong></span> <span class='ocrx_word' id='word_1_288' title='bbox 525 4752 606 4805; x_wconf 91' lang='lat' dir='ltr'><strong>De</strong></span> <span class='ocrx_word' id='word_1_289' title='bbox 645 4751 816 4821; x_wconf 88' lang='lat' dir='ltr'><strong>lignis</strong></span> <span class='ocrx_word' id='word_1_290' title='bbox 863 4753 1136 4808; x_wconf 82' lang='lat' dir='ltr'><strong>dedicatae</strong></span> <span class='ocrx_word' id='word_1_291' title='bbox 1181 4754 1450 4820; x_wconf 64' lang='lat' dir='ltr'><strong>ecclesiae,</strong></span> <span class='ocrx_word' id='word_1_292' title='bbox 1505 4751 1573 4806; x_wconf 88' lang='lat' dir='ltr'><strong>ad</strong></span> <span class='ocrx_word' id='word_1_293' title='bbox 1613 4753 1767 4824; x_wconf 92' lang='lat' dir='ltr'><strong>quod</strong></span> <span class='ocrx_word' id='word_1_294' title='bbox 1820 4769 1958 4808; x_wconf 90' lang='lat' dir='ltr'><strong>usus</strong></span> 
     </span>
    </p>
   </div>
   <div class='ocr_carea' id='block_1_54' title="bbox 335 4837 768 4892">
    <p class='ocr_par' dir='ltr' id='par_1_54' title="bbox 335 4837 768 4892">
     <span class='ocr_line' id='line_1_54' title="bbox 335 4837 768 4892; baseline 0.007 -3"><span class='ocrx_word' id='word_1_295' title='bbox 335 4839 481 4892; x_wconf 84' lang='lat' dir='ltr'><strong>verti</strong></span> <span class='ocrx_word' id='word_1_296' title='bbox 508 4837 768 4892; x_wconf 88' lang='lat' dir='ltr'><strong>debeant.</strong></span> 
     </span>
    </p>
   </div>
   <div class='ocr_carea' id='block_1_55' title="bbox 265 4928 1958 5000">
    <p class='ocr_par' dir='ltr' id='par_1_55' title="bbox 265 4928 1958 5000">
     <span class='ocr_line' id='line_1_55' title="bbox 265 4928 1958 5000; baseline 0.002 -17"><span class='ocrx_word' id='word_1_297' title='bbox 265 4929 366 4983; x_wconf 90' lang='lat' dir='ltr'><strong>XL.</strong></span> <span class='ocrx_word' id='word_1_298' title='bbox 409 4928 558 4993; x_wconf 85' lang='lat' dir='ltr'><strong>Quid</strong></span> <span class='ocrx_word' id='word_1_299' title='bbox 605 4928 872 5000; x_wconf 89' lang='lat' dir='ltr'><strong>episcopo</strong></span> <span class='ocrx_word' id='word_1_300' title='bbox 923 4931 1206 5000; x_wconf 88' lang='lat' dir='ltr'><strong>agendum</strong></span> <span class='ocrx_word' id='word_1_301' title='bbox 1249 4931 1345 4999; x_wconf 90' lang='lat' dir='ltr'><strong>sit,</strong></span> <span class='ocrx_word' id='word_1_302' title='bbox 1393 4929 1440 4983; x_wconf 91' lang='lat' dir='ltr'><strong>si</strong></span> <span class='ocrx_word' id='word_1_303' title='bbox 1470 4930 1665 5000; x_wconf 88' lang='lat' dir='ltr'><strong>plures</strong></span> <span class='ocrx_word' id='word_1_304' title='bbox 1703 4931 1958 4987; x_wconf 62' lang='lat' dir='ltr'><strong>haeredes</strong></span> 
     </span>
    </p>
   </div>
   <div class='ocr_carea' id='block_1_56' title="bbox 336 5017 1266 5074">
    <p class='ocr_par' dir='ltr' id='par_1_56' title="bbox 336 5017 1266 5074">
     <span class='ocr_line' id='line_1_56' title="bbox 336 5017 1266 5074; baseline 0.001 -3"><span class='ocrx_word' id='word_1_305' title='bbox 336 5017 404 5072; x_wconf 89' lang='lat' dir='ltr'><strong>de</strong></span> <span class='ocrx_word' id='word_1_306' title='bbox 434 5033 552 5072; x_wconf 87' lang='lat' dir='ltr'><strong>una</strong></span> <span class='ocrx_word' id='word_1_307' title='bbox 581 5018 984 5073; x_wconf 88' lang='lat' dir='ltr'><strong>contenderint</strong></span> <span class='ocrx_word' id='word_1_308' title='bbox 1013 5019 1266 5074; x_wconf 88' lang='lat' dir='ltr'><strong>ecclesia.</strong></span> 
     </span>
    </p>
   </div>
   <div class='ocr_carea' id='block_1_57' title="bbox 263 5105 844 5162">
    <p class='ocr_par' dir='ltr' id='par_1_57' title="bbox 263 5105 844 5162">
     <span class='ocr_line' id='line_1_57' title="bbox 263 5105 844 5162; baseline 0.003 -2"><span class='ocrx_word' id='word_1_309' title='bbox 263 5105 394 5160; x_wconf 89' lang='lat' dir='ltr'><strong>XLI.</strong></span> <span class='ocrx_word' id='word_1_310' title='bbox 431 5108 510 5161; x_wconf 91' lang='lat' dir='ltr'><strong>De</strong></span> <span class='ocrx_word' id='word_1_311' title='bbox 540 5106 740 5161; x_wconf 90' lang='lat' dir='ltr'><strong>eadem</strong></span> <span class='ocrx_word' id='word_1_312' title='bbox 767 5123 844 5162; x_wconf 86' lang='lat' dir='ltr'><strong>re.</strong></span> 
     </span>
    </p>
   </div>
   <div class='ocr_carea' id='block_1_58' title="bbox 261 5195 1518 5251">
    <p class='ocr_par' dir='ltr' id='par_1_58' title="bbox 261 5195 1518 5251">
     <span class='ocr_line' id='line_1_58' title="bbox 261 5195 1518 5251; baseline 0.002 -2"><span class='ocrx_word' id='word_1_313' title='bbox 261 5196 416 5250; x_wconf 84' lang='lat' dir='ltr'><strong>XLII.</strong></span> <span class='ocrx_word' id='word_1_314' title='bbox 455 5197 532 5250; x_wconf 90' lang='lat' dir='ltr'><strong>De</strong></span> <span class='ocrx_word' id='word_1_315' title='bbox 560 5195 808 5250; x_wconf 89' lang='lat' dir='ltr'><strong>ecclesiis</strong></span> <span class='ocrx_word' id='word_1_316' title='bbox 838 5195 990 5250; x_wconf 91' lang='lat' dir='ltr'><strong>inter</strong></span> <span class='ocrx_word' id='word_1_317' title='bbox 1017 5195 1274 5250; x_wconf 58' lang='lat' dir='ltr'><strong>haeredes</strong></span> <span class='ocrx_word' id='word_1_318' title='bbox 1307 5195 1518 5251; x_wconf 83' lang='lat' dir='ltr'><strong>divisis.</strong></span> 
     </span>
    </p>
   </div>
   <div class='ocr_carea' id='block_1_59' title="bbox 263 5283 1959 5356">
    <p class='ocr_par' dir='ltr' id='par_1_59' title="bbox 263 5283 1959 5356">
     <span class='ocr_line' id='line_1_59' title="bbox 263 5283 1959 5356; baseline 0.001 -18"><span class='ocrx_word' id='word_1_319' title='bbox 263 5285 447 5338; x_wconf 89' lang='lat' dir='ltr'><strong>XLIII.</strong></span> <span class='ocrx_word' id='word_1_320' title='bbox 483 5285 554 5338; x_wconf 91' lang='lat' dir='ltr'>Ut</span> <span class='ocrx_word' id='word_1_321' title='bbox 592 5284 806 5355; x_wconf 86' lang='lat' dir='ltr'><strong>singuli</strong></span> <span class='ocrx_word' id='word_1_322' title='bbox 848 5283 1167 5356; x_wconf 89' lang='lat' dir='ltr'><strong>presbyteri</strong></span> <span class='ocrx_word' id='word_1_323' title='bbox 1199 5283 1454 5355; x_wconf 85' lang='lat' dir='ltr'><strong>singulas</strong></span> <span class='ocrx_word' id='word_1_324' title='bbox 1500 5285 1751 5340; x_wconf 88' lang='lat' dir='ltr'><strong>habeant</strong></span> <span class='ocrx_word' id='word_1_325' title='bbox 1789 5287 1959 5340; x_wconf 87' lang='lat' dir='ltr'><strong>eccle-</strong></span> 
     </span>
    </p>
   </div>
   <div class='ocr_carea' id='block_1_60' title="bbox 335 5387 464 5425">
    <p class='ocr_par' dir='ltr' id='par_1_60' title="bbox 335 5387 464 5425">
     <span class='ocr_line' id='line_1_60' title="bbox 335 5387 464 5425; baseline 0.023 -3"><span class='ocrx_word' id='word_1_326' title='bbox 335 5387 464 5425; x_wconf 71' lang='lat'><strong>$138.</strong></span> 
     </span>
    </p>
   </div>
   <div class='ocr_carea' id='block_1_61' title="bbox 263 5459 891 5514">
    <p class='ocr_par' dir='ltr' id='par_1_61' title="bbox 263 5459 891 5514">
     <span class='ocr_line' id='line_1_61' title="bbox 263 5459 891 5514; baseline 0.003 -2"><span class='ocrx_word' id='word_1_327' title='bbox 263 5459 439 5512; x_wconf 89' lang='lat' dir='ltr'><strong>XLIV.</strong></span> <span class='ocrx_word' id='word_1_328' title='bbox 477 5459 554 5512; x_wconf 88' lang='lat' dir='ltr'><strong>De</strong></span> <span class='ocrx_word' id='word_1_329' title='bbox 579 5459 782 5514; x_wconf 86' lang='lat' dir='ltr'><strong>eadem</strong></span> <span class='ocrx_word' id='word_1_330' title='bbox 811 5475 891 5514; x_wconf 87' lang='lat' dir='ltr'><strong>re.</strong></span> 
     </span>
    </p>
   </div>
   <div class='ocr_carea' id='block_1_62' title="bbox 265 5545 863 5602">
    <p class='ocr_par' dir='ltr' id='par_1_62' title="bbox 265 5545 863 5602">
     <span class='ocr_line' id='line_1_62' title="bbox 265 5545 863 5602; baseline -0.002 -2"><span class='ocrx_word' id='word_1_331' title='bbox 265 5545 414 5600; x_wconf 86' lang='lat' dir='ltr'><strong>XLV.</strong></span> <span class='ocrx_word' id='word_1_332' title='bbox 447 5547 526 5600; x_wconf 83' lang='lat' dir='ltr'><strong>De</strong></span> <span class='ocrx_word' id='word_1_333' title='bbox 553 5548 752 5602; x_wconf 89' lang='lat' dir='ltr'><strong>eadem</strong></span> <span class='ocrx_word' id='word_1_334' title='bbox 782 5564 863 5601; x_wconf 92' lang='lat' dir='ltr'><strong>re.</strong></span> 
     </span>
    </p>
   </div>
   <div class='ocr_carea' id='block_1_63' title="bbox 2145 517 2458 572">
    <p class='ocr_par' dir='ltr' id='par_1_63' title="bbox 2145 517 2458 572">
     <span class='ocr_line' id='line_1_63' title="bbox 2145 517 2458 572; baseline 0.003 -1"><span class='ocrx_word' id='word_1_335' title='bbox 2145 521 2336 572; x_wconf 84' lang='lat' dir='ltr'><strong>tentus</strong></span> <span class='ocrx_word' id='word_1_336' title='bbox 2369 517 2458 572; x_wconf 89' lang='lat' dir='ltr'><strong>sit.</strong></span> 
     </span>
    </p>
   </div>
   <div class='ocr_carea' id='block_1_64' title="bbox 2073 606 2726 662">
    <p class='ocr_par' dir='ltr' id='par_1_64' title="bbox 2073 606 2726 662">
     <span class='ocr_line' id='line_1_64' title="bbox 2073 606 2726 662; baseline -0.003 -1"><span class='ocrx_word' id='word_1_337' title='bbox 2073 607 2274 661; x_wconf 93' lang='lat' dir='ltr'><strong>XLVII.</strong></span> <span class='ocrx_word' id='word_1_338' title='bbox 2311 609 2388 662; x_wconf 90' lang='lat' dir='ltr'><strong>De</strong></span> <span class='ocrx_word' id='word_1_339' title='bbox 2415 606 2614 660; x_wconf 89' lang='lat' dir='ltr'><strong>eadem</strong></span> <span class='ocrx_word' id='word_1_340' title='bbox 2644 621 2726 660; x_wconf 92' lang='lat' dir='ltr'><strong>re.</strong></span> 
     </span>
    </p>
   </div>
   <div class='ocr_carea' id='block_1_65' title="bbox 2073 695 2758 750">
    <p class='ocr_par' dir='ltr' id='par_1_65' title="bbox 2073 695 2758 750">
     <span class='ocr_line' id='line_1_65' title="bbox 2073 695 2758 750; baseline -0.003 0"><span class='ocrx_word' id='word_1_341' title='bbox 2073 696 2304 750; x_wconf 90' lang='lat' dir='ltr'><strong>XLVIII.</strong></span> <span class='ocrx_word' id='word_1_342' title='bbox 2336 696 2412 748; x_wconf 91' lang='lat' dir='ltr'><strong>De</strong></span> <span class='ocrx_word' id='word_1_343' title='bbox 2442 695 2644 748; x_wconf 89' lang='lat' dir='ltr'><strong>eadem</strong></span> <span class='ocrx_word' id='word_1_344' title='bbox 2675 709 2758 748; x_wconf 91' lang='lat' dir='ltr'><strong>re.</strong></span> 
     </span>
    </p>
   </div>
   <div class='ocr_carea' id='block_1_66' title="bbox 2073 782 2703 838">
    <p class='ocr_par' dir='ltr' id='par_1_66' title="bbox 2073 782 2703 838">
     <span class='ocr_line' id='line_1_66' title="bbox 2073 782 2703 838; baseline -0.003 -1"><span class='ocrx_word' id='word_1_345' title='bbox 2073 783 2246 838; x_wconf 88' lang='lat' dir='ltr'><strong>XLIX.</strong></span> <span class='ocrx_word' id='word_1_346' title='bbox 2284 783 2362 836; x_wconf 90' lang='lat' dir='ltr'><strong>De</strong></span> <span class='ocrx_word' id='word_1_347' title='bbox 2393 782 2594 836; x_wconf 87' lang='lat' dir='ltr'><strong>eadem</strong></span> <span class='ocrx_word' id='word_1_348' title='bbox 2621 798 2703 836; x_wconf 89' lang='lat' dir='ltr'><strong>re.</strong></span> 
     </span>
    </p>
   </div>
   <div class='ocr_carea' id='block_1_67' title="bbox 2075 870 2800 925">
    <p class='ocr_par' dir='ltr' id='par_1_67' title="bbox 2075 870 2800 925">
     <span class='ocr_line' id='line_1_67' title="bbox 2075 870 2800 925; baseline 0 -1"><span class='ocrx_word' id='word_1_349' title='bbox 2075 871 2132 924; x_wconf 94' lang='lat' dir='ltr'><strong>L.</strong></span> <span class='ocrx_word' id='word_1_350' title='bbox 2169 872 2248 925; x_wconf 92' lang='lat' dir='ltr'><strong>De</strong></span> <span class='ocrx_word' id='word_1_351' title='bbox 2277 870 2575 925; x_wconf 87' lang='lat' dir='ltr'><strong>ordinibus</strong></span> <span class='ocrx_word' id='word_1_352' title='bbox 2607 870 2800 924; x_wconf 86' lang='lat' dir='ltr'><strong>sacris.</strong></span> 
     </span>
    </p>
   </div>
   <div class='ocr_carea' id='block_1_68' title="bbox 2075 957 3470 1015">
    <p class='ocr_par' dir='ltr' id='par_1_68' title="bbox 2075 957 3470 1015">
     <span class='ocr_line' id='line_1_68' title="bbox 2075 957 3470 1015; baseline 0.002 -4"><span class='ocrx_word' id='word_1_353' title='bbox 2075 959 2162 1011; x_wconf 88' lang='lat' dir='ltr'><strong>LI.</strong></span> <span class='ocrx_word' id='word_1_354' title='bbox 2197 959 2273 1012; x_wconf 90' lang='lat' dir='ltr'><strong>De</strong></span> <span class='ocrx_word' id='word_1_355' title='bbox 2305 957 2556 1012; x_wconf 84' lang='lat' dir='ltr'><strong>ecclesiis</strong></span> <span class='ocrx_word' id='word_1_356' title='bbox 2587 973 2683 1010; x_wconf 89' lang='lat' dir='ltr'><strong>seu</strong></span> <span class='ocrx_word' id='word_1_357' title='bbox 2716 957 2922 1011; x_wconf 88' lang='lat' dir='ltr'><strong>sanctis</strong></span> <span class='ocrx_word' id='word_1_358' title='bbox 2949 957 3174 1013; x_wconf 76' lang='lat' dir='ltr'><strong>noviter</strong></span> <span class='ocrx_word' id='word_1_359' title='bbox 3203 959 3470 1015; x_wconf 88' lang='lat' dir='ltr'><strong>inventis.</strong></span> 
     </span>
    </p>
   </div>
   <div class='ocr_carea' id='block_1_69' title="bbox 2075 1045 3778 1120">
    <p class='ocr_par' dir='ltr' id='par_1_69' title="bbox 2075 1045 3778 1120">
     <span class='ocr_line' id='line_1_69' title="bbox 2075 1045 3778 1120; baseline 0.002 -19"><span class='ocrx_word' id='word_1_360' title='bbox 2075 1047 2184 1101; x_wconf 88' lang='lat' dir='ltr'><strong>LII.</strong></span> <span class='ocrx_word' id='word_1_361' title='bbox 2220 1048 2290 1100; x_wconf 89' lang='lat' dir='ltr'><strong>Ut</strong></span> <span class='ocrx_word' id='word_1_362' title='bbox 2321 1061 2683 1116; x_wconf 62' lang='lat' dir='ltr'><strong>unaquaeque</strong></span> <span class='ocrx_word' id='word_1_363' title='bbox 2734 1045 2971 1100; x_wconf 86' lang='lat' dir='ltr'><strong>ecclesia</strong></span> <span class='ocrx_word' id='word_1_364' title='bbox 3012 1062 3278 1102; x_wconf 88' lang='lat' dir='ltr'><strong>mansum</strong></span> <span class='ocrx_word' id='word_1_365' title='bbox 3330 1049 3624 1120; x_wconf 86' lang='lat' dir='ltr'><strong>integrum</strong></span> <span class='ocrx_word' id='word_1_366' title='bbox 3669 1051 3778 1104; x_wconf 90' lang='lat' dir='ltr'><strong>ha-</strong></span> 
     </span>
    </p>
   </div>
   <div class='ocr_carea' id='block_1_70' title="bbox 2143 1134 2714 1188">
    <p class='ocr_par' dir='ltr' id='par_1_70' title="bbox 2143 1134 2714 1188">
     <span class='ocr_line' id='line_1_70' title="bbox 2143 1134 2714 1188; baseline -0.004 0"><span class='ocrx_word' id='word_1_367' title='bbox 2143 1135 2276 1188; x_wconf 88' lang='lat' dir='ltr'><strong>beat</strong></span> <span class='ocrx_word' id='word_1_368' title='bbox 2307 1134 2428 1188; x_wconf 90' lang='lat' dir='ltr'><strong>sine</strong></span> <span class='ocrx_word' id='word_1_369' title='bbox 2463 1135 2714 1188; x_wconf 86' lang='lat' dir='ltr'><strong>servitio.</strong></span> 
     </span>
    </p>
   </div>
   <div class='ocr_carea' id='block_1_71' title="bbox 2076 1222 3774 1297">
    <p class='ocr_par' dir='ltr' id='par_1_71' title="bbox 2076 1222 3774 1297">
     <span class='ocr_line' id='line_1_71' title="bbox 2076 1222 3774 1297; baseline 0.002 -19"><span class='ocrx_word' id='word_1_370' title='bbox 2076 1223 2210 1278; x_wconf 90' lang='lat' dir='ltr'><strong>LIII.</strong></span> <span class='ocrx_word' id='word_1_371' title='bbox 2255 1224 2325 1277; x_wconf 91' lang='lat' dir='ltr'>Ut</span> <span class='ocrx_word' id='word_1_372' title='bbox 2350 1223 2544 1276; x_wconf 87' lang='lat' dir='ltr'><strong>nullus</strong></span> <span class='ocrx_word' id='word_1_373' title='bbox 2589 1223 2660 1276; x_wconf 88' lang='lat' dir='ltr'><strong>de</strong></span> <span class='ocrx_word' id='word_1_374' title='bbox 2705 1222 2836 1276; x_wconf 90' lang='lat' dir='ltr'><strong>dote</strong></span> <span class='ocrx_word' id='word_1_375' title='bbox 2865 1222 3139 1288; x_wconf 77' lang='lat' dir='ltr'><strong>ecclesiae,</strong></span> <span class='ocrx_word' id='word_1_376' title='bbox 3172 1225 3256 1276; x_wconf 86' lang='lat' dir='ltr'><strong>vel</strong></span> <span class='ocrx_word' id='word_1_377' title='bbox 3301 1224 3374 1279; x_wconf 92' lang='lat' dir='ltr'><strong>de</strong></span> <span class='ocrx_word' id='word_1_378' title='bbox 3407 1241 3606 1280; x_wconf 90' lang='lat' dir='ltr'><strong>mauso</strong></span> <span class='ocrx_word' id='word_1_379' title='bbox 3639 1243 3774 1297; x_wconf 89' lang='lat' dir='ltr'><strong>pre-</strong></span> 
     </span>
    </p>
   </div>
   <div class='ocr_carea' id='block_1_72' title="bbox 2145 1309 3341 1381">
    <p class='ocr_par' dir='ltr' id='par_1_72' title="bbox 2145 1309 3341 1381">
     <span class='ocr_line' id='line_1_72' title="bbox 2145 1309 3341 1381; baseline 0.003 -19"><span class='ocrx_word' id='word_1_380' title='bbox 2145 1311 2506 1381; x_wconf 87' lang='lat' dir='ltr'><strong>sbyterorum</strong></span> <span class='ocrx_word' id='word_1_381' title='bbox 2535 1309 2770 1363; x_wconf 81' lang='lat' dir='ltr'><strong>censum</strong></span> <span class='ocrx_word' id='word_1_382' title='bbox 2805 1311 3128 1380; x_wconf 88' lang='lat' dir='ltr'><strong>persolvere</strong></span> <span class='ocrx_word' id='word_1_383' title='bbox 3154 1317 3341 1380; x_wconf 86' lang='lat' dir='ltr'><strong>cogat.</strong></span> 
     </span>
    </p>
   </div>
   <div class='ocr_carea' id='block_1_73' title="bbox 2075 1397 3552 1470">
    <p class='ocr_par' dir='ltr' id='par_1_73' title="bbox 2075 1397 3552 1470">
     <span class='ocr_line' id='line_1_73' title="bbox 2075 1397 3552 1470; baseline 0.002 -18"><span class='ocrx_word' id='word_1_384' title='bbox 2075 1399 2206 1452; x_wconf 92' lang='lat' dir='ltr'><strong>LIV.</strong></span> <span class='ocrx_word' id='word_1_385' title='bbox 2243 1400 2320 1452; x_wconf 89' lang='lat' dir='ltr'><strong>De</strong></span> <span class='ocrx_word' id='word_1_386' title='bbox 2349 1398 2624 1452; x_wconf 87' lang='lat' dir='ltr'><strong>altaribus</strong></span> <span class='ocrx_word' id='word_1_387' title='bbox 2654 1415 2784 1468; x_wconf 62' lang='lat' dir='ltr'><strong>quas</strong></span> <span class='ocrx_word' id='word_1_388' title='bbox 2813 1397 3024 1468; x_wconf 89' lang='lat' dir='ltr'><strong>passim</strong></span> <span class='ocrx_word' id='word_1_389' title='bbox 3055 1399 3206 1452; x_wconf 84' lang='lat' dir='ltr'><strong>ﬁunt</strong></span> <span class='ocrx_word' id='word_1_390' title='bbox 3233 1417 3335 1470; x_wconf 90' lang='lat' dir='ltr'><strong>per</strong></span> <span class='ocrx_word' id='word_1_391' title='bbox 3363 1416 3552 1470; x_wconf 86' lang='lat' dir='ltr'><strong>agros.</strong></span> 
     </span>
    </p>
   </div>
   <div class='ocr_carea' id='block_1_74' title="bbox 2074 1486 3778 1559">
    <p class='ocr_par' dir='ltr' id='par_1_74' title="bbox 2074 1486 3778 1559">
     <span class='ocr_line' id='line_1_74' title="bbox 2074 1486 3778 1559; baseline 0.001 -17"><span class='ocrx_word' id='word_1_392' title='bbox 2074 1488 2178 1542; x_wconf 89' lang='lat' dir='ltr'><strong>LV.</strong></span> <span class='ocrx_word' id='word_1_393' title='bbox 2231 1489 2302 1542; x_wconf 91' lang='lat' dir='ltr'>Ut</span> <span class='ocrx_word' id='word_1_394' title='bbox 2351 1490 2666 1557; x_wconf 82' lang='lat' dir='ltr'><strong>martyrum</strong></span> <span class='ocrx_word' id='word_1_395' title='bbox 2716 1486 3054 1556; x_wconf 89' lang='lat' dir='ltr'><strong>dignitatem</strong></span> <span class='ocrx_word' id='word_1_396' title='bbox 3111 1487 3303 1540; x_wconf 90' lang='lat' dir='ltr'><strong>nullus</strong></span> <span class='ocrx_word' id='word_1_397' title='bbox 3351 1489 3629 1559; x_wconf 84' lang='lat' dir='ltr'><strong>profanus</strong></span> <span class='ocrx_word' id='word_1_398' title='bbox 3689 1491 3778 1544; x_wconf 88' lang='lat' dir='ltr'><strong>in-</strong></span> 
     </span>
    </p>
   </div>
   <div class='ocr_carea' id='block_1_75' title="bbox 2146 1576 2339 1629">
    <p class='ocr_par' dir='ltr' id='par_1_75' title="bbox 2146 1576 2339 1629">
     <span class='ocr_line' id='line_1_75' title="bbox 2146 1576 2339 1629; baseline 0.005 -1"><span class='ocrx_word' id='word_1_399' title='bbox 2146 1576 2259 1628; x_wconf 90' lang='lat' dir='ltr'><strong>fam</strong></span> <span class='ocrx_word' id='word_1_400' title='bbox 2267 1579 2339 1629; x_wconf 89' lang='lat' dir='ltr'><strong>et.</strong></span> 
     </span>
    </p>
   </div>
   <div class='ocr_carea' id='block_1_76' title="bbox 1997 1663 3776 1755">
    <p class='ocr_par' dir='ltr' id='par_1_76' title="bbox 1997 1663 3776 1755">
     <span class='ocr_line' id='line_1_76' title="bbox 1997 1663 3776 1755; baseline 0.002 -37"><span class='ocrx_word' id='word_1_401' title='bbox 1997 1702 2036 1755; x_wconf 78' lang='grc' dir='ltr'>Β</span> <span class='ocrx_word' id='word_1_402' title='bbox 2079 1665 2209 1719; x_wconf 88' lang='lat' dir='ltr'><strong>LVI.</strong></span> <span class='ocrx_word' id='word_1_403' title='bbox 2243 1666 2311 1719; x_wconf 93' lang='lat' dir='ltr'><strong>Ut</strong></span> <span class='ocrx_word' id='word_1_404' title='bbox 2341 1663 2650 1718; x_wconf 87' lang='lat' dir='ltr'><strong>missarum</strong></span> <span class='ocrx_word' id='word_1_405' title='bbox 2699 1663 2980 1718; x_wconf 87' lang='lat' dir='ltr'><strong>solemnia</strong></span> <span class='ocrx_word' id='word_1_406' title='bbox 3029 1679 3146 1718; x_wconf 90' lang='lat' dir='ltr'><strong>non</strong></span> <span class='ocrx_word' id='word_1_407' title='bbox 3173 1663 3412 1735; x_wconf 90' lang='lat' dir='ltr'><strong>ubique,</strong></span> <span class='ocrx_word' id='word_1_408' title='bbox 3465 1666 3565 1720; x_wconf 91' lang='lat' dir='ltr'><strong>sed</strong></span> <span class='ocrx_word' id='word_1_409' title='bbox 3595 1665 3658 1720; x_wconf 91' lang='lat' dir='ltr'><strong>in</strong></span> <span class='ocrx_word' id='word_1_410' title='bbox 3685 1668 3776 1721; x_wconf 93' lang='lat' dir='ltr'><strong>lo-</strong></span> 
     </span>
    </p>
   </div>
   <div class='ocr_carea' id='block_1_77' title="bbox 2146 1751 3164 1822">
    <p class='ocr_par' dir='ltr' id='par_1_77' title="bbox 2146 1751 3164 1822">
     <span class='ocr_line' id='line_1_77' title="bbox 2146 1751 3164 1822; baseline 0 -16"><span class='ocrx_word' id='word_1_411' title='bbox 2146 1753 2224 1806; x_wconf 88' lang='lat' dir='ltr'><strong>cis</strong></span> <span class='ocrx_word' id='word_1_412' title='bbox 2251 1753 2319 1806; x_wconf 92' lang='lat' dir='ltr'><strong>ab</strong></span> <span class='ocrx_word' id='word_1_413' title='bbox 2347 1751 2614 1822; x_wconf 90' lang='lat' dir='ltr'><strong>episcopo</strong></span> <span class='ocrx_word' id='word_1_414' title='bbox 2641 1751 2981 1806; x_wconf 87' lang='lat' dir='ltr'><strong>consecratis</strong></span> <span class='ocrx_word' id='word_1_415' title='bbox 3003 1752 3164 1806; x_wconf 88' lang='lat' dir='ltr'><strong>ﬁant.</strong></span> 
     </span>
    </p>
   </div>
   <div class='ocr_carea' id='block_1_78' title="bbox 2074 1836 3776 1904">
    <p class='ocr_par' dir='ltr' id='par_1_78' title="bbox 2074 1836 3776 1904">
     <span class='ocr_line' id='line_1_78' title="bbox 2074 1836 3776 1904; baseline 0.003 -14"><span class='ocrx_word' id='word_1_416' title='bbox 2074 1837 2233 1891; x_wconf 89' lang='lat' dir='ltr'><strong>LVII.</strong></span> <span class='ocrx_word' id='word_1_417' title='bbox 2299 1837 2378 1890; x_wconf 87' lang='lat' dir='ltr'><strong>De</strong></span> <span class='ocrx_word' id='word_1_418' title='bbox 2437 1836 2614 1890; x_wconf 89' lang='lat' dir='ltr'><strong>missa</strong></span> <span class='ocrx_word' id='word_1_419' title='bbox 2667 1851 2786 1890; x_wconf 89' lang='lat' dir='ltr'><strong>non</strong></span> <span class='ocrx_word' id='word_1_420' title='bbox 2840 1836 3208 1904; x_wconf 87' lang='lat' dir='ltr'><strong>celebranda,</strong></span> <span class='ocrx_word' id='word_1_421' title='bbox 3261 1837 3376 1892; x_wconf 89' lang='lat' dir='ltr'><strong>nisi</strong></span> <span class='ocrx_word' id='word_1_422' title='bbox 3430 1839 3492 1894; x_wconf 91' lang='lat' dir='ltr'><strong>in</strong></span> <span class='ocrx_word' id='word_1_423' title='bbox 3551 1845 3776 1895; x_wconf 90' lang='lat' dir='ltr'><strong>sacrato</strong></span> 
     </span>
    </p>
   </div>
   <div class='ocr_carea' id='block_1_79' title="bbox 2143 1927 2284 1980">
    <p class='ocr_par' dir='ltr' id='par_1_79' title="bbox 2143 1927 2284 1980">
     <span class='ocr_line' id='line_1_79' title="bbox 2143 1927 2284 1980; baseline 0 -2"><span class='ocrx_word' id='word_1_424' title='bbox 2143 1927 2284 1980; x_wconf 93' lang='lat' dir='ltr'><strong>loco.</strong></span> 
     </span>
    </p>
   </div>
   <div class='ocr_carea' id='block_1_80' title="bbox 2075 2012 2715 2068">
    <p class='ocr_par' dir='ltr' id='par_1_80' title="bbox 2075 2012 2715 2068">
     <span class='ocr_line' id='line_1_80' title="bbox 2075 2012 2715 2068; baseline -0.003 0"><span class='ocrx_word' id='word_1_425' title='bbox 2075 2014 2254 2068; x_wconf 88' lang='lat' dir='ltr'><strong>LVIII.</strong></span> <span class='ocrx_word' id='word_1_426' title='bbox 2292 2014 2370 2066; x_wconf 89' lang='lat' dir='ltr'><strong>De</strong></span> <span class='ocrx_word' id='word_1_427' title='bbox 2399 2012 2603 2067; x_wconf 89' lang='lat' dir='ltr'><strong>eadem</strong></span> <span class='ocrx_word' id='word_1_428' title='bbox 2631 2027 2715 2066; x_wconf 91' lang='lat' dir='ltr'><strong>re.</strong></span> 
     </span>
    </p>
   </div>
   <div class='ocr_carea' id='block_1_81' title="bbox 2073 2099 3777 2170">
    <p class='ocr_par' dir='ltr' id='par_1_81' title="bbox 2073 2099 3777 2170">
     <span class='ocr_line' id='line_1_81' title="bbox 2073 2099 3777 2170; baseline 0.001 -13"><span class='ocrx_word' id='word_1_429' title='bbox 2073 2103 2199 2157; x_wconf 89' lang='lat' dir='ltr'><strong>LIX.</strong></span> <span class='ocrx_word' id='word_1_430' title='bbox 2230 2102 2396 2166; x_wconf 88' lang='lat' dir='ltr'><strong>Quod</strong></span> <span class='ocrx_word' id='word_1_431' title='bbox 2447 2116 2567 2154; x_wconf 92' lang='lat' dir='ltr'><strong>non</strong></span> <span class='ocrx_word' id='word_1_432' title='bbox 2603 2100 2774 2154; x_wconf 89' lang='lat' dir='ltr'><strong>liceat</strong></span> <span class='ocrx_word' id='word_1_433' title='bbox 2815 2099 3016 2154; x_wconf 89' lang='lat' dir='ltr'><strong>missas</strong></span> <span class='ocrx_word' id='word_1_434' title='bbox 3065 2101 3373 2170; x_wconf 87' lang='lat' dir='ltr'><strong>celebrare,</strong></span> <span class='ocrx_word' id='word_1_435' title='bbox 3424 2103 3538 2158; x_wconf 90' lang='lat' dir='ltr'><strong>nisi</strong></span> <span class='ocrx_word' id='word_1_436' title='bbox 3585 2104 3647 2158; x_wconf 88' lang='lat' dir='ltr'><strong>in</strong></span> <span class='ocrx_word' id='word_1_437' title='bbox 3677 2105 3777 2159; x_wconf 79' lang='lat' dir='ltr'><strong>lo—</strong></span> 
     </span>
    </p>
   </div>
   <div class='ocr_carea' id='block_1_82' title="bbox 2141 2188 3282 2259">
    <p class='ocr_par' dir='ltr' id='par_1_82' title="bbox 2141 2188 3282 2259">
     <span class='ocr_line' id='line_1_82' title="bbox 2141 2188 3282 2259; baseline 0.001 -15"><span class='ocrx_word' id='word_1_438' title='bbox 2141 2190 2220 2244; x_wconf 91' lang='lat' dir='ltr'><strong>cis</strong></span> <span class='ocrx_word' id='word_1_439' title='bbox 2253 2192 2323 2244; x_wconf 88' lang='lat' dir='ltr'><strong>ab</strong></span> <span class='ocrx_word' id='word_1_440' title='bbox 2353 2190 2622 2259; x_wconf 86' lang='lat' dir='ltr'><strong>episcopo</strong></span> <span class='ocrx_word' id='word_1_441' title='bbox 2648 2188 2892 2243; x_wconf 86' lang='lat' dir='ltr'><strong>civitatis</strong></span> <span class='ocrx_word' id='word_1_442' title='bbox 2918 2191 3282 2246; x_wconf 88' lang='lat' dir='ltr'><strong>consecratis.</strong></span> 
     </span>
    </p>
   </div>
   <div class='ocr_carea' id='block_1_83' title="bbox 2071 2278 2625 2334">
    <p class='ocr_par' dir='ltr' id='par_1_83' title="bbox 2071 2278 2625 2334">
     <span class='ocr_line' id='line_1_83' title="bbox 2071 2278 2625 2334; baseline -0.007 0"><span class='ocrx_word' id='word_1_443' title='bbox 2071 2279 2173 2334; x_wconf 89' lang='lat' dir='ltr'><strong>LX.</strong></span> <span class='ocrx_word' id='word_1_444' title='bbox 2205 2280 2286 2334; x_wconf 88' lang='lat' dir='ltr'><strong>De</strong></span> <span class='ocrx_word' id='word_1_445' title='bbox 2311 2278 2514 2332; x_wconf 88' lang='lat' dir='ltr'><strong>eadem</strong></span> <span class='ocrx_word' id='word_1_446' title='bbox 2545 2293 2625 2332; x_wconf 92' lang='lat' dir='ltr'><strong>re.</strong></span> 
     </span>
    </p>
   </div>
   <div class='ocr_carea' id='block_1_84' title="bbox 2074 2365 2652 2420">
    <p class='ocr_par' dir='ltr' id='par_1_84' title="bbox 2074 2365 2652 2420">
     <span class='ocr_line' id='line_1_84' title="bbox 2074 2365 2652 2420; baseline 0 -3"><span class='ocrx_word' id='word_1_447' title='bbox 2074 2365 2198 2418; x_wconf 91' lang='lat' dir='ltr'><strong>LXI.</strong></span> <span class='ocrx_word' id='word_1_448' title='bbox 2229 2367 2306 2420; x_wconf 92' lang='lat' dir='ltr'><strong>De</strong></span> <span class='ocrx_word' id='word_1_449' title='bbox 2335 2365 2538 2418; x_wconf 89' lang='lat' dir='ltr'><strong>eadem</strong></span> <span class='ocrx_word' id='word_1_450' title='bbox 2567 2381 2652 2418; x_wconf 90' lang='lat' dir='ltr'><strong>re.</strong></span> 
     </span>
    </p>
   </div>
   <div class='ocr_carea' id='block_1_85' title="bbox 2071 2451 3044 2522">
    <p class='ocr_par' dir='ltr' id='par_1_85' title="bbox 2071 2451 3044 2522">
     <span class='ocr_line' id='line_1_85' title="bbox 2071 2451 3044 2522; baseline 0.001 -16"><span class='ocrx_word' id='word_1_451' title='bbox 2071 2453 2226 2506; x_wconf 92' lang='lat' dir='ltr'><strong>LXII.</strong></span> <span class='ocrx_word' id='word_1_452' title='bbox 2262 2453 2340 2506; x_wconf 92' lang='lat' dir='ltr'><strong>De</strong></span> <span class='ocrx_word' id='word_1_453' title='bbox 2369 2451 2732 2522; x_wconf 85' lang='lat' dir='ltr'><strong>reparatione</strong></span> <span class='ocrx_word' id='word_1_454' title='bbox 2766 2452 3044 2508; x_wconf 65' lang='lat' dir='ltr'><strong>Ecclesiae.</strong></span> 
     </span>
    </p>
   </div>
   <div class='ocr_carea' id='block_1_86' title="bbox 2071 2539 3778 2600">
    <p class='ocr_par' dir='ltr' id='par_1_86' title="bbox 2071 2539 3778 2600">
     <span class='ocr_line' id='line_1_86' title="bbox 2071 2539 3778 2600; baseline 0.002 -6"><span class='ocrx_word' id='word_1_455' title='bbox 2071 2541 2251 2595; x_wconf 89' lang='lat' dir='ltr'><strong>LXIII.</strong></span> <span class='ocrx_word' id='word_1_456' title='bbox 2288 2542 2356 2594; x_wconf 91' lang='lat' dir='ltr'>Ut</span> <span class='ocrx_word' id='word_1_457' title='bbox 2383 2545 2518 2596; x_wconf 88' lang='lat' dir='ltr'><strong>ante</strong></span> <span class='ocrx_word' id='word_1_458' title='bbox 2557 2539 2758 2594; x_wconf 87' lang='lat' dir='ltr'><strong>horam</strong></span> <span class='ocrx_word' id='word_1_459' title='bbox 2823 2541 2937 2596; x_wconf 92' lang='lat' dir='ltr'><strong>diei</strong></span> <span class='ocrx_word' id='word_1_460' title='bbox 2998 2542 3228 2596; x_wconf 89' lang='lat' dir='ltr'><strong>tertiam</strong></span> <span class='ocrx_word' id='word_1_461' title='bbox 3288 2557 3406 2596; x_wconf 90' lang='lat' dir='ltr'><strong>non</strong></span> <span class='ocrx_word' id='word_1_462' title='bbox 3453 2543 3569 2598; x_wconf 91' lang='lat' dir='ltr'><strong>sint</strong></span> <span class='ocrx_word' id='word_1_463' title='bbox 3626 2546 3778 2600; x_wconf 82' lang='lat' dir='ltr'><strong>cele-</strong></span> 
     </span>
    </p>
   </div>
   <div class='ocr_carea' id='block_1_87' title="bbox 2141 2628 2610 2682">
    <p class='ocr_par' dir='ltr' id='par_1_87' title="bbox 2141 2628 2610 2682">
     <span class='ocr_line' id='line_1_87' title="bbox 2141 2628 2610 2682; baseline 0.004 -2"><span class='ocrx_word' id='word_1_464' title='bbox 2141 2628 2374 2682; x_wconf 85' lang='lat' dir='ltr'><strong>brandae</strong></span> <span class='ocrx_word' id='word_1_465' title='bbox 2399 2629 2610 2682; x_wconf 76' lang='lat' dir='ltr'><strong>missae.</strong></span> 
     </span>
    </p>
   </div>
   <div class='ocr_carea' id='block_1_88' title="bbox 2073 2716 3776 2789">
    <p class='ocr_par' dir='ltr' id='par_1_88' title="bbox 2073 2716 3776 2789">
     <span class='ocr_line' id='line_1_88' title="bbox 2073 2716 3776 2789; baseline 0.004 -19"><span class='ocrx_word' id='word_1_466' title='bbox 2073 2717 2245 2771; x_wconf 90' lang='lat' dir='ltr'><strong>LXIV.</strong></span> <span class='ocrx_word' id='word_1_467' title='bbox 2299 2717 2370 2770; x_wconf 94' lang='lat' dir='ltr'>Ut</span> <span class='ocrx_word' id='word_1_468' title='bbox 2423 2733 2528 2786; x_wconf 89' lang='lat' dir='ltr'><strong>pro</strong></span> <span class='ocrx_word' id='word_1_469' title='bbox 2593 2716 2859 2772; x_wconf 89' lang='lat' dir='ltr'><strong>ﬁdelibus</strong></span> <span class='ocrx_word' id='word_1_470' title='bbox 2923 2717 3205 2772; x_wconf 87' lang='lat' dir='ltr'><strong>defunctis</strong></span> <span class='ocrx_word' id='word_1_471' title='bbox 3271 2719 3509 2789; x_wconf 87' lang='lat' dir='ltr'><strong>singulis</strong></span> <span class='ocrx_word' id='word_1_472' title='bbox 3563 2721 3776 2776; x_wconf 90' lang='lat' dir='ltr'><strong>diebus</strong></span> 
     </span>
    </p>
   </div>
   <div class='ocr_carea' id='block_1_89' title="bbox 2141 2805 2876 2860">
    <p class='ocr_par' dir='ltr' id='par_1_89' title="bbox 2141 2805 2876 2860">
     <span class='ocr_line' id='line_1_89' title="bbox 2141 2805 2876 2860; baseline 0.001 -2"><span class='ocrx_word' id='word_1_473' title='bbox 2141 2805 2342 2858; x_wconf 83' lang='lat' dir='ltr'><strong>missas</strong></span> <span class='ocrx_word' id='word_1_474' title='bbox 2371 2805 2658 2859; x_wconf 90' lang='lat' dir='ltr'><strong>celebrare</strong></span> <span class='ocrx_word' id='word_1_475' title='bbox 2691 2806 2876 2860; x_wconf 86' lang='lat' dir='ltr'><strong>liceat.</strong></span> 
     </span>
    </p>
   </div>
   <div class='ocr_carea' id='block_1_90' title="bbox 2068 2893 3776 2965">
    <p class='ocr_par' dir='ltr' id='par_1_90' title="bbox 2068 2893 3776 2965">
     <span class='ocr_line' id='line_1_90' title="bbox 2068 2893 3776 2965; baseline 0.004 -19"><span class='ocrx_word' id='word_1_476' title='bbox 2068 2893 2214 2946; x_wconf 92' lang='lat' dir='ltr'><strong>LXV.</strong></span> <span class='ocrx_word' id='word_1_477' title='bbox 2249 2894 2320 2947; x_wconf 93' lang='lat' dir='ltr'>Ut</span> <span class='ocrx_word' id='word_1_478' title='bbox 2348 2893 2522 2946; x_wconf 85' lang='lat' dir='ltr'><strong>missa</strong></span> <span class='ocrx_word' id='word_1_479' title='bbox 2567 2899 2928 2948; x_wconf 88' lang='lat' dir='ltr'><strong>mortuorum</strong></span> <span class='ocrx_word' id='word_1_480' title='bbox 2958 2910 3062 2965; x_wconf 88' lang='lat' dir='ltr'><strong>pro</strong></span> <span class='ocrx_word' id='word_1_481' title='bbox 3112 2894 3378 2950; x_wconf 90' lang='lat' dir='ltr'><strong>omnibus</strong></span> <span class='ocrx_word' id='word_1_482' title='bbox 3425 2896 3776 2954; x_wconf 78' lang='lat' dir='ltr'><strong>Christianis</strong></span> 
     </span>
    </p>
   </div>
   <div class='ocr_carea' id='block_1_91' title="bbox 1993 2973 2538 3035">
    <p class='ocr_par' dir='ltr' id='par_1_91' title="bbox 1993 2973 2538 3035">
     <span class='ocr_line' id='line_1_91' title="bbox 1993 2973 2538 3035; baseline 0.004 -2"><span class='ocrx_word' id='word_1_483' title='bbox 1993 2973 2034 3027; x_wconf 86' lang='lat' dir='ltr'>C</span> <span class='ocrx_word' id='word_1_484' title='bbox 2141 2981 2216 3034; x_wconf 89' lang='lat' dir='ltr'><strong>sit</strong></span> <span class='ocrx_word' id='word_1_485' title='bbox 2238 2983 2538 3035; x_wconf 88' lang='lat' dir='ltr'><strong>cantanda.</strong></span> 
     </span>
    </p>
   </div>
   <div class='ocr_carea' id='block_1_92' title="bbox 2071 3069 3775 3144">
    <p class='ocr_par' dir='ltr' id='par_1_92' title="bbox 2071 3069 3775 3144">
     <span class='ocr_line' id='line_1_92' title="bbox 2071 3069 3775 3144; baseline 0.004 -21"><span class='ocrx_word' id='word_1_486' title='bbox 2071 3070 2246 3123; x_wconf 91' lang='lat' dir='ltr'><strong>LXVI.</strong></span> <span class='ocrx_word' id='word_1_487' title='bbox 2283 3071 2352 3124; x_wconf 89' lang='lat' dir='ltr'>Ut</span> <span class='ocrx_word' id='word_1_488' title='bbox 2397 3069 2784 3125; x_wconf 89' lang='lat' dir='ltr'><strong>institutiones</strong></span> <span class='ocrx_word' id='word_1_489' title='bbox 2827 3070 3132 3125; x_wconf 89' lang='lat' dir='ltr'><strong>missarum</strong></span> <span class='ocrx_word' id='word_1_490' title='bbox 3163 3073 3308 3126; x_wconf 90' lang='lat' dir='ltr'><strong>sicut</strong></span> <span class='ocrx_word' id='word_1_491' title='bbox 3353 3073 3414 3126; x_wconf 90' lang='lat' dir='ltr'><strong>in</strong></span> <span class='ocrx_word' id='word_1_492' title='bbox 3459 3075 3775 3144; x_wconf 89' lang='lat' dir='ltr'><strong>metropoli</strong></span> 
     </span>
    </p>
   </div>
   <div class='ocr_carea' id='block_1_93' title="bbox 2138 3157 3675 3230">
    <p class='ocr_par' dir='ltr' id='par_1_93' title="bbox 2138 3157 3675 3230">
     <span class='ocr_line' id='line_1_93' title="bbox 2138 3157 3675 3230; baseline 0.003 -19"><span class='ocrx_word' id='word_1_493' title='bbox 2138 3157 2302 3224; x_wconf 87' lang='lat' dir='ltr'><strong>ﬁunt,</strong></span> <span class='ocrx_word' id='word_1_494' title='bbox 2332 3159 2411 3211; x_wconf 91' lang='lat' dir='ltr'><strong>sic</strong></span> <span class='ocrx_word' id='word_1_495' title='bbox 2439 3163 2497 3212; x_wconf 88' lang='lat' dir='ltr'><strong>et</strong></span> <span class='ocrx_word' id='word_1_496' title='bbox 2525 3159 2760 3230; x_wconf 90' lang='lat' dir='ltr'><strong>reliquis</strong></span> <span class='ocrx_word' id='word_1_497' title='bbox 2787 3161 3360 3230; x_wconf 88' lang='lat' dir='ltr'><strong>comprovincialibus</strong></span> <span class='ocrx_word' id='word_1_498' title='bbox 3393 3163 3675 3217; x_wconf 88' lang='lat' dir='ltr'><strong>Ecclesiis.</strong></span> 
     </span>
    </p>
   </div>
   <div class='ocr_carea' id='block_1_94' title="bbox 2071 3247 3773 3320">
    <p class='ocr_par' dir='ltr' id='par_1_94' title="bbox 2071 3247 3773 3320">
     <span class='ocr_line' id='line_1_94' title="bbox 2071 3247 3773 3320; baseline 0.004 -20"><span class='ocrx_word' id='word_1_499' title='bbox 2071 3247 2271 3302; x_wconf 88' lang='lat' dir='ltr'><strong>LXVII.</strong></span> <span class='ocrx_word' id='word_1_500' title='bbox 2329 3249 2396 3301; x_wconf 92' lang='lat' dir='ltr'>Ut</span> <span class='ocrx_word' id='word_1_501' title='bbox 2441 3263 2638 3318; x_wconf 91' lang='lat' dir='ltr'><strong>preces</strong></span> <span class='ocrx_word' id='word_1_502' title='bbox 2686 3251 2744 3301; x_wconf 89' lang='lat' dir='ltr'><strong>et</strong></span> <span class='ocrx_word' id='word_1_503' title='bbox 2797 3247 3185 3318; x_wconf 46' lang='lat' dir='ltr'><strong>praefationes,</strong></span> <span class='ocrx_word' id='word_1_504' title='bbox 3235 3267 3364 3320; x_wconf 66' lang='lat' dir='ltr'><strong>qum</strong></span> <span class='ocrx_word' id='word_1_505' title='bbox 3415 3251 3475 3303; x_wconf 92' lang='lat' dir='ltr'><strong>in</strong></span> <span class='ocrx_word' id='word_1_506' title='bbox 3523 3251 3773 3306; x_wconf 89' lang='lat' dir='ltr'><strong>concilio</strong></span> 
     </span>
    </p>
   </div>
   <div class='ocr_carea' id='block_1_95' title="bbox 2141 3335 3366 3405">
    <p class='ocr_par' dir='ltr' id='par_1_95' title="bbox 2141 3335 3366 3405">
     <span class='ocr_line' id='line_1_95' title="bbox 2141 3335 3366 3405; baseline 0.003 -17"><span class='ocrx_word' id='word_1_507' title='bbox 2141 3335 2395 3405; x_wconf 72' lang='lat' dir='ltr'><strong>probata:</strong></span> <span class='ocrx_word' id='word_1_508' title='bbox 2423 3351 2543 3388; x_wconf 92' lang='lat' dir='ltr'><strong>non</strong></span> <span class='ocrx_word' id='word_1_509' title='bbox 2574 3336 2807 3402; x_wconf 88' lang='lat' dir='ltr'><strong>fuerint,</strong></span> <span class='ocrx_word' id='word_1_510' title='bbox 2839 3353 2954 3390; x_wconf 90' lang='lat' dir='ltr'><strong>non</strong></span> <span class='ocrx_word' id='word_1_511' title='bbox 2988 3338 3366 3392; x_wconf 89' lang='lat' dir='ltr'><strong>celebrentur.</strong></span> 
     </span>
    </p>
   </div>
   <div class='ocr_carea' id='block_1_96' title="bbox 2015 3424 3768 3506">
    <p class='ocr_par' dir='ltr' id='par_1_96' title="bbox 2015 3424 3768 3506">
     <span class='ocr_line' id='line_1_96' title="bbox 2015 3424 3768 3506; baseline 0.003 -27"><span class='ocrx_word' id='word_1_512' title='bbox 2015 3499 2022 3506; x_wconf 28' lang='grc' dir='ltr'><em>ι</em></span> <span class='ocrx_word' id='word_1_513' title='bbox 2071 3425 2297 3479; x_wconf 90' lang='lat' dir='ltr'><strong>LXVIII.</strong></span> <span class='ocrx_word' id='word_1_514' title='bbox 2335 3426 2404 3479; x_wconf 92' lang='lat' dir='ltr'>Ut</span> <span class='ocrx_word' id='word_1_515' title='bbox 2445 3424 2638 3479; x_wconf 77' lang='lat' dir='ltr'><strong>nullus</strong></span> <span class='ocrx_word' id='word_1_516' title='bbox 2699 3425 2997 3497; x_wconf 79' lang='lat' dir='ltr'><strong>presbyter</strong></span> <span class='ocrx_word' id='word_1_517' title='bbox 3057 3427 3211 3480; x_wconf 90' lang='lat' dir='ltr'><strong>solus</strong></span> <span class='ocrx_word' id='word_1_518' title='bbox 3259 3427 3489 3480; x_wconf 89' lang='lat' dir='ltr'><strong>missam</strong></span> <span class='ocrx_word' id='word_1_519' title='bbox 3531 3433 3768 3484; x_wconf 84' lang='lat' dir='ltr'><strong>cantare</strong></span> 
     </span>
    </p>
   </div>
   <div class='ocr_carea' id='block_1_97' title="bbox 2139 3517 2470 3582">
    <p class='ocr_par' dir='ltr' id='par_1_97' title="bbox 2139 3517 2470 3582">
     <span class='ocr_line' id='line_1_97' title="bbox 2139 3517 2470 3582; baseline -0.003 -16"><span class='ocrx_word' id='word_1_520' title='bbox 2139 3517 2470 3582; x_wconf 70' lang='lat' dir='ltr'><strong>praesumat.</strong></span> 
     </span>
    </p>
   </div>
   <div class='ocr_carea' id='block_1_98' title="bbox 2069 3600 3770 3673">
    <p class='ocr_par' dir='ltr' id='par_1_98' title="bbox 2069 3600 3770 3673">
     <span class='ocr_line' id='line_1_98' title="bbox 2069 3600 3770 3673; baseline 0.004 -19"><span class='ocrx_word' id='word_1_521' title='bbox 2069 3601 2237 3655; x_wconf 88' lang='lat' dir='ltr'><strong>LXIX.</strong></span> <span class='ocrx_word' id='word_1_522' title='bbox 2293 3603 2369 3655; x_wconf 91' lang='lat' dir='ltr'><strong>De</strong></span> <span class='ocrx_word' id='word_1_523' title='bbox 2413 3600 2852 3656; x_wconf 68' lang='lat' dir='ltr'><strong>Prmfaﬁonibus</strong></span> <span class='ocrx_word' id='word_1_524' title='bbox 2899 3618 3028 3673; x_wconf 80' lang='lat' dir='ltr'><strong>quae</strong></span> <span class='ocrx_word' id='word_1_525' title='bbox 3067 3607 3263 3657; x_wconf 88' lang='lat' dir='ltr'><strong>sancta</strong></span> <span class='ocrx_word' id='word_1_526' title='bbox 3305 3605 3562 3658; x_wconf 80' lang='lat' dir='ltr'><strong>Romana</strong></span> <span class='ocrx_word' id='word_1_527' title='bbox 3605 3609 3770 3660; x_wconf 85' lang='lat' dir='ltr'><strong>tenet</strong></span> 
     </span>
    </p>
   </div>
   <div class='ocr_carea' id='block_1_99' title="bbox 2141 3689 2402 3743">
    <p class='ocr_par' dir='ltr' id='par_1_99' title="bbox 2141 3689 2402 3743">
     <span class='ocr_line' id='line_1_99' title="bbox 2141 3689 2402 3743; baseline -0.004 -1"><span class='ocrx_word' id='word_1_528' title='bbox 2141 3689 2402 3743; x_wconf 88' lang='lat' dir='ltr'><strong>Ecclesia.</strong></span> 
     </span>
    </p>
   </div>
   <div class='ocr_carea' id='block_1_100' title="bbox 2071 3778 3768 3851">
    <p class='ocr_par' dir='ltr' id='par_1_100' title="bbox 2071 3778 3768 3851">
     <span class='ocr_line' id='line_1_100' title="bbox 2071 3778 3768 3851; baseline 0.001 -18"><span class='ocrx_word' id='word_1_529' title='bbox 2071 3779 2212 3833; x_wconf 92' lang='lat' dir='ltr'><strong>LXX.</strong></span> <span class='ocrx_word' id='word_1_530' title='bbox 2257 3779 2336 3831; x_wconf 90' lang='lat' dir='ltr'><strong>De</strong></span> <span class='ocrx_word' id='word_1_531' title='bbox 2384 3778 2794 3846; x_wconf 87' lang='lat' dir='ltr'><strong>sacerdotibus,</strong></span> <span class='ocrx_word' id='word_1_532' title='bbox 2842 3779 3148 3832; x_wconf 88' lang='lat' dir='ltr'><strong>missarum</strong></span> <span class='ocrx_word' id='word_1_533' title='bbox 3197 3785 3456 3851; x_wconf 89' lang='lat' dir='ltr'><strong>tempore</strong></span> <span class='ocrx_word' id='word_1_534' title='bbox 3503 3781 3550 3834; x_wconf 85' lang='lat' dir='ltr'><strong>si</strong></span> <span class='ocrx_word' id='word_1_535' title='bbox 3593 3783 3768 3851; x_wconf 52' lang='lat' dir='ltr'><strong>aegri-</strong></span> 
     </span>
    </p>
   </div>
   <div class='ocr_carea' id='block_1_101' title="bbox 2140 3865 3274 3937">
    <p class='ocr_par' dir='ltr' id='par_1_101' title="bbox 2140 3865 3274 3937">
     <span class='ocr_line' id='line_1_101' title="bbox 2140 3865 3274 3937; baseline 0.002 -19"><span class='ocrx_word' id='word_1_536' title='bbox 2140 3865 2358 3920; x_wconf 89' lang='lat' dir='ltr'><strong>tudinis</strong></span> <span class='ocrx_word' id='word_1_537' title='bbox 2385 3867 2591 3937; x_wconf 91' lang='lat' dir='ltr'><strong>aliquis</strong></span> <span class='ocrx_word' id='word_1_538' title='bbox 2613 3871 2816 3920; x_wconf 90' lang='lat' dir='ltr'><strong>eventu</strong></span> <span class='ocrx_word' id='word_1_539' title='bbox 2850 3867 2934 3921; x_wconf 88' lang='lat' dir='ltr'><strong>eis</strong></span> <span class='ocrx_word' id='word_1_540' title='bbox 2962 3867 3274 3921; x_wconf 87' lang='lat' dir='ltr'><strong>accesserit.</strong></span> 
     </span>
    </p>
   </div>
   <div class='ocr_carea' id='block_1_102' title="bbox 2069 3954 2687 4008">
    <p class='ocr_par' dir='ltr' id='par_1_102' title="bbox 2069 3954 2687 4008">
     <span class='ocr_line' id='line_1_102' title="bbox 2069 3954 2687 4008; baseline 0.002 -1"><span class='ocrx_word' id='word_1_541' title='bbox 2069 3954 2232 4008; x_wconf 90' lang='lat' dir='ltr'><strong>LXXI.</strong></span> <span class='ocrx_word' id='word_1_542' title='bbox 2270 3955 2348 4008; x_wconf 86' lang='lat' dir='ltr'><strong>De</strong></span> <span class='ocrx_word' id='word_1_543' title='bbox 2375 3955 2576 4008; x_wconf 88' lang='lat' dir='ltr'><strong>eadem</strong></span> <span class='ocrx_word' id='word_1_544' title='bbox 2609 3971 2687 4008; x_wconf 88' lang='lat' dir='ltr'><strong>re.</strong></span> 
     </span>
    </p>
   </div>
   <div class='ocr_carea' id='block_1_103' title="bbox 2071 4043 3768 4117">
    <p class='ocr_par' dir='ltr' id='par_1_103' title="bbox 2071 4043 3768 4117">
     <span class='ocr_line' id='line_1_103' title="bbox 2071 4043 3768 4117; baseline 0.001 -19"><span class='ocrx_word' id='word_1_545' title='bbox 2071 4043 2265 4098; x_wconf 88' lang='lat' dir='ltr'><strong>LXXII.</strong></span> <span class='ocrx_word' id='word_1_546' title='bbox 2301 4045 2377 4098; x_wconf 91' lang='lat' dir='ltr'><strong>De</strong></span> <span class='ocrx_word' id='word_1_547' title='bbox 2405 4043 2752 4115; x_wconf 82' lang='lat' dir='ltr'><strong>presbyteris</strong></span> <span class='ocrx_word' id='word_1_548' title='bbox 2780 4043 2880 4114; x_wconf 91' lang='lat' dir='ltr'><strong>qui</strong></span> <span class='ocrx_word' id='word_1_549' title='bbox 2929 4043 3288 4098; x_wconf 57' lang='lat' dir='ltr'><strong>daemonibus</strong></span> <span class='ocrx_word' id='word_1_550' title='bbox 3317 4047 3604 4116; x_wconf 88' lang='lat' dir='ltr'><strong>variisque</strong></span> <span class='ocrx_word' id='word_1_551' title='bbox 3635 4063 3768 4117; x_wconf 87' lang='lat' dir='ltr'><strong>pas-</strong></span> 
     </span>
    </p>
   </div>
   <div class='ocr_carea' id='block_1_104' title="bbox 2140 4131 3768 4203">
    <p class='ocr_par' dir='ltr' id='par_1_104' title="bbox 2140 4131 3768 4203">
     <span class='ocr_line' id='line_1_104' title="bbox 2140 4131 3768 4203; baseline 0.003 -19"><span class='ocrx_word' id='word_1_552' title='bbox 2140 4131 2393 4186; x_wconf 90' lang='lat' dir='ltr'><strong>sionibus</strong></span> <span class='ocrx_word' id='word_1_553' title='bbox 2439 4137 2735 4198; x_wconf 82' lang='lat' dir='ltr'><strong>vexantur,</strong></span> <span class='ocrx_word' id='word_1_554' title='bbox 2801 4133 2953 4203; x_wconf 91' lang='lat' dir='ltr'><strong>quod</strong></span> <span class='ocrx_word' id='word_1_555' title='bbox 2997 4132 3110 4185; x_wconf 89' lang='lat' dir='ltr'><strong>illis</strong></span> <span class='ocrx_word' id='word_1_556' title='bbox 3159 4148 3315 4185; x_wconf 88' lang='lat' dir='ltr'><strong>sacra</strong></span> <span class='ocrx_word' id='word_1_557' title='bbox 3364 4138 3608 4188; x_wconf 89' lang='lat' dir='ltr'><strong>tractare</strong></span> <span class='ocrx_word' id='word_1_558' title='bbox 3649 4151 3768 4189; x_wconf 91' lang='lat' dir='ltr'><strong>non</strong></span> 
     </span>
    </p>
   </div>
   <div class='ocr_carea' id='block_1_105' title="bbox 2141 4220 2329 4274">
    <p class='ocr_par' dir='ltr' id='par_1_105' title="bbox 2141 4220 2329 4274">
     <span class='ocr_line' id='line_1_105' title="bbox 2141 4220 2329 4274; baseline -0.005 0"><span class='ocrx_word' id='word_1_559' title='bbox 2141 4220 2329 4274; x_wconf 89' lang='lat' dir='ltr'><strong>liceat.</strong></span> 
     </span>
    </p>
   </div>
   <div class='ocr_carea' id='block_1_106' title="bbox 2071 4309 2744 4364">
    <p class='ocr_par' dir='ltr' id='par_1_106' title="bbox 2071 4309 2744 4364">
     <span class='ocr_line' id='line_1_106' title="bbox 2071 4309 2744 4364; baseline -0.001 -2"><span class='ocrx_word' id='word_1_560' title='bbox 2071 4309 2289 4364; x_wconf 90' lang='lat' dir='ltr'><strong>LXXIII.</strong></span> <span class='ocrx_word' id='word_1_561' title='bbox 2323 4309 2399 4363; x_wconf 88' lang='lat' dir='ltr'><strong>De</strong></span> <span class='ocrx_word' id='word_1_562' title='bbox 2430 4309 2630 4363; x_wconf 89' lang='lat' dir='ltr'><strong>eadem</strong></span> <span class='ocrx_word' id='word_1_563' title='bbox 2663 4325 2744 4362; x_wconf 89' lang='lat' dir='ltr'><strong>re.</strong></span> 
     </span>
    </p>
   </div>
   <div class='ocr_carea' id='block_1_107' title="bbox 2068 4396 3766 4469">
    <p class='ocr_par' dir='ltr' id='par_1_107' title="bbox 2068 4396 3766 4469">
     <span class='ocr_line' id='line_1_107' title="bbox 2068 4396 3766 4469; baseline 0.001 -20"><span class='ocrx_word' id='word_1_564' title='bbox 2068 4396 2282 4451; x_wconf 91' lang='lat' dir='ltr'><strong>LXXIV.</strong></span> <span class='ocrx_word' id='word_1_565' title='bbox 2338 4399 2416 4451; x_wconf 88' lang='lat' dir='ltr'><strong>De</strong></span> <span class='ocrx_word' id='word_1_566' title='bbox 2467 4397 2814 4469; x_wconf 88' lang='lat' dir='ltr'><strong>presbyteris</strong></span> <span class='ocrx_word' id='word_1_567' title='bbox 2845 4396 2944 4469; x_wconf 88' lang='lat' dir='ltr'><strong>qui</strong></span> <span class='ocrx_word' id='word_1_568' title='bbox 2991 4396 3100 4451; x_wconf 92' lang='lat' dir='ltr'><strong>soli</strong></span> <span class='ocrx_word' id='word_1_569' title='bbox 3140 4396 3339 4450; x_wconf 90' lang='lat' dir='ltr'><strong>missas</strong></span> <span class='ocrx_word' id='word_1_570' title='bbox 3382 4397 3567 4451; x_wconf 79' lang='lat' dir='ltr'><strong>solent</strong></span> <span class='ocrx_word' id='word_1_571' title='bbox 3616 4399 3766 4452; x_wconf 92' lang='lat' dir='ltr'><strong>cele-</strong></span> 
     </span>
    </p>
   </div>
   <div class='ocr_carea' id='block_1_108' title="bbox 2137 4485 2326 4540">
    <p class='ocr_par' dir='ltr' id='par_1_108' title="bbox 2137 4485 2326 4540">
     <span class='ocr_line' id='line_1_108' title="bbox 2137 4485 2326 4540; baseline 0 -2"><span class='ocrx_word' id='word_1_572' title='bbox 2137 4485 2326 4540; x_wconf 87' lang='lat' dir='ltr'><strong>brare.</strong></span> 
     </span>
    </p>
   </div>
   <div class='ocr_carea' id='block_1_109' title="bbox 2068 4572 3766 4645">
    <p class='ocr_par' dir='ltr' id='par_1_109' title="bbox 2068 4572 3766 4645">
     <span class='ocr_line' id='line_1_109' title="bbox 2068 4572 3766 4645; baseline 0.001 -18"><span class='ocrx_word' id='word_1_573' title='bbox 2068 4573 2258 4628; x_wconf 89' lang='lat' dir='ltr'><strong>LXXV.</strong></span> <span class='ocrx_word' id='word_1_574' title='bbox 2305 4574 2383 4627; x_wconf 91' lang='lat' dir='ltr'><strong>De</strong></span> <span class='ocrx_word' id='word_1_575' title='bbox 2417 4573 2530 4628; x_wconf 91' lang='lat' dir='ltr'><strong>illis</strong></span> <span class='ocrx_word' id='word_1_576' title='bbox 2562 4573 2664 4644; x_wconf 89' lang='lat' dir='ltr'><strong>qui</strong></span> <span class='ocrx_word' id='word_1_577' title='bbox 2723 4573 3016 4645; x_wconf 85' lang='lat' dir='ltr'><strong>conjugati</strong></span> <span class='ocrx_word' id='word_1_578' title='bbox 3057 4572 3378 4644; x_wconf 83' lang='lat' dir='ltr'><strong>presbyteri</strong></span> <span class='ocrx_word' id='word_1_579' title='bbox 3443 4573 3766 4629; x_wconf 88' lang='lat' dir='ltr'><strong>oblationes</strong></span> 
     </span>
    </p>
   </div>
   <div class='ocr_carea' id='block_1_110' title="bbox 2137 4662 2475 4732">
    <p class='ocr_par' dir='ltr' id='par_1_110' title="bbox 2137 4662 2475 4732">
     <span class='ocr_line' id='line_1_110' title="bbox 2137 4662 2475 4732; baseline 0.009 -19"><span class='ocrx_word' id='word_1_580' title='bbox 2137 4662 2475 4732; x_wconf 88' lang='lat' dir='ltr'><strong>spreverint.</strong></span> 
     </span>
    </p>
   </div>
   <div class='ocr_carea' id='block_1_111' title="bbox 2069 4749 3766 4823">
    <p class='ocr_par' dir='ltr' id='par_1_111' title="bbox 2069 4749 3766 4823">
     <span class='ocr_line' id='line_1_111' title="bbox 2069 4749 3766 4823; baseline 0 -17"><span class='ocrx_word' id='word_1_581' title='bbox 2069 4752 2282 4807; x_wconf 90' lang='lat' dir='ltr'><strong>LXXVI.</strong></span> <span class='ocrx_word' id='word_1_582' title='bbox 2343 4753 2415 4806; x_wconf 92' lang='lat' dir='ltr'><strong>Ut</strong></span> <span class='ocrx_word' id='word_1_583' title='bbox 2464 4752 2783 4823; x_wconf 87' lang='lat' dir='ltr'><strong>presbyteri</strong></span> <span class='ocrx_word' id='word_1_584' title='bbox 2836 4751 3260 4806; x_wconf 89' lang='lat' dir='ltr'><strong>communicent</strong></span> <span class='ocrx_word' id='word_1_585' title='bbox 3307 4749 3766 4823; x_wconf 86' lang='lat' dir='ltr'><strong>quotiescunque</strong></span> 
     </span>
    </p>
   </div>
   <div class='ocr_carea' id='block_1_112' title="bbox 2137 4841 2802 4896">
    <p class='ocr_par' dir='ltr' id='par_1_112' title="bbox 2137 4841 2802 4896">
     <span class='ocr_line' id='line_1_112' title="bbox 2137 4841 2802 4896; baseline 0.003 -2"><span class='ocrx_word' id='word_1_586' title='bbox 2137 4841 2340 4894; x_wconf 88' lang='lat' dir='ltr'><strong>missas</strong></span> <span class='ocrx_word' id='word_1_587' title='bbox 2366 4841 2802 4896; x_wconf 88' lang='lat' dir='ltr'><strong>celebraverint.</strong></span> 
     </span>
    </p>
   </div>
   <div class='ocr_carea' id='block_1_113' title="bbox 2069 4929 2754 4985">
    <p class='ocr_par' dir='ltr' id='par_1_113' title="bbox 2069 4929 2754 4985">
     <span class='ocr_line' id='line_1_113' title="bbox 2069 4929 2754 4985; baseline 0 -1"><span class='ocrx_word' id='word_1_588' title='bbox 2069 4930 2303 4985; x_wconf 90' lang='lat' dir='ltr'><strong>LXXVII.</strong></span> <span class='ocrx_word' id='word_1_589' title='bbox 2341 4931 2419 4984; x_wconf 85' lang='lat' dir='ltr'><strong>De</strong></span> <span class='ocrx_word' id='word_1_590' title='bbox 2451 4929 2652 4984; x_wconf 90' lang='lat' dir='ltr'><strong>eadem</strong></span> <span class='ocrx_word' id='word_1_591' title='bbox 2673 4945 2754 4984; x_wconf 91' lang='lat' dir='ltr'><strong>re.</strong></span> 
     </span>
    </p>
   </div>
   <div class='ocr_carea' id='block_1_114' title="bbox 2067 5019 2796 5074">
    <p class='ocr_par' dir='ltr' id='par_1_114' title="bbox 2067 5019 2796 5074">
     <span class='ocr_line' id='line_1_114' title="bbox 2067 5019 2796 5074; baseline 0.003 -2"><span class='ocrx_word' id='word_1_592' title='bbox 2067 5019 2334 5072; x_wconf 86' lang='lat' dir='ltr'><strong>LXXVIII.</strong></span> <span class='ocrx_word' id='word_1_593' title='bbox 2371 5019 2450 5072; x_wconf 90' lang='lat' dir='ltr'><strong>De</strong></span> <span class='ocrx_word' id='word_1_594' title='bbox 2481 5019 2682 5073; x_wconf 86' lang='lat' dir='ltr'><strong>eadem</strong></span> <span class='ocrx_word' id='word_1_595' title='bbox 2715 5034 2796 5074; x_wconf 84' lang='lat' dir='ltr'><strong>re.</strong></span> 
     </span>
    </p>
   </div>
   <div class='ocr_carea' id='block_1_115' title="bbox 2067 5107 2734 5162">
    <p class='ocr_par' dir='ltr' id='par_1_115' title="bbox 2067 5107 2734 5162">
     <span class='ocr_line' id='line_1_115' title="bbox 2067 5107 2734 5162; baseline -0.001 -1"><span class='ocrx_word' id='word_1_596' title='bbox 2067 5107 2280 5162; x_wconf 89' lang='lat' dir='ltr'><strong>LXXIX.</strong></span> <span class='ocrx_word' id='word_1_597' title='bbox 2317 5108 2394 5160; x_wconf 89' lang='lat' dir='ltr'><strong>De</strong></span> <span class='ocrx_word' id='word_1_598' title='bbox 2425 5107 2624 5161; x_wconf 89' lang='lat' dir='ltr'><strong>eadem</strong></span> <span class='ocrx_word' id='word_1_599' title='bbox 2652 5122 2734 5160; x_wconf 92' lang='lat' dir='ltr'><strong>re.</strong></span> 
     </span>
    </p>
   </div>
   <div class='ocr_carea' id='block_1_116' title="bbox 2069 5193 3764 5266">
    <p class='ocr_par' dir='ltr' id='par_1_116' title="bbox 2069 5193 3764 5266">
     <span class='ocr_line' id='line_1_116' title="bbox 2069 5193 3764 5266; baseline 0 -18"><span class='ocrx_word' id='word_1_600' title='bbox 2069 5195 2254 5249; x_wconf 88' lang='lat' dir='ltr'><strong>LXXX.</strong></span> <span class='ocrx_word' id='word_1_601' title='bbox 2299 5196 2371 5250; x_wconf 92' lang='lat' dir='ltr'>Ut</span> <span class='ocrx_word' id='word_1_602' title='bbox 2429 5194 2492 5248; x_wconf 92' lang='lat' dir='ltr'><strong>in</strong></span> <span class='ocrx_word' id='word_1_603' title='bbox 2551 5194 2791 5249; x_wconf 87' lang='lat' dir='ltr'><strong>ecclesia</strong></span> <span class='ocrx_word' id='word_1_604' title='bbox 2831 5193 2975 5248; x_wconf 90' lang='lat' dir='ltr'><strong>nihil</strong></span> <span class='ocrx_word' id='word_1_605' title='bbox 3036 5193 3192 5250; x_wconf 84' lang='lat' dir='ltr'><strong>aliud</strong></span> <span class='ocrx_word' id='word_1_606' title='bbox 3239 5197 3460 5266; x_wconf 84' lang='lat' dir='ltr'><strong>agatur,</strong></span> <span class='ocrx_word' id='word_1_607' title='bbox 3529 5193 3642 5248; x_wconf 89' lang='lat' dir='ltr'><strong>nisi</strong></span> <span class='ocrx_word' id='word_1_608' title='bbox 3705 5193 3764 5248; x_wconf 87' lang='lat' dir='ltr'><strong>id</strong></span> 
     </span>
    </p>
   </div>
   <div class='ocr_carea' id='block_1_117' title="bbox 2137 5285 2700 5354">
    <p class='ocr_par' dir='ltr' id='par_1_117' title="bbox 2137 5285 2700 5354">
     <span class='ocr_line' id='line_1_117' title="bbox 2137 5285 2700 5354; baseline 0 -16"><span class='ocrx_word' id='word_1_609' title='bbox 2137 5285 2208 5338; x_wconf 88' lang='lat' dir='ltr'><strong>ad</strong></span> <span class='ocrx_word' id='word_1_610' title='bbox 2239 5285 2394 5354; x_wconf 88' lang='lat' dir='ltr'><strong>quod</strong></span> <span class='ocrx_word' id='word_1_611' title='bbox 2425 5285 2572 5338; x_wconf 87' lang='lat' dir='ltr'><strong>facta</strong></span> <span class='ocrx_word' id='word_1_612' title='bbox 2601 5288 2700 5338; x_wconf 89' lang='lat' dir='ltr'><strong>est.</strong></span> 
     </span>
    </p>
   </div>
   <div class='ocr_carea' id='block_1_118' title="bbox 2067 5373 2738 5428">
    <p class='ocr_par' dir='ltr' id='par_1_118' title="bbox 2067 5373 2738 5428">
     <span class='ocr_line' id='line_1_118' title="bbox 2067 5373 2738 5428; baseline 0 -1"><span class='ocrx_word' id='word_1_613' title='bbox 2067 5373 2278 5427; x_wconf 89' lang='lat' dir='ltr'><strong>LXXXI.</strong></span> <span class='ocrx_word' id='word_1_614' title='bbox 2313 5373 2390 5426; x_wconf 89' lang='lat' dir='ltr'><strong>De</strong></span> <span class='ocrx_word' id='word_1_615' title='bbox 2424 5373 2624 5427; x_wconf 89' lang='lat' dir='ltr'><strong>eadem</strong></span> <span class='ocrx_word' id='word_1_616' title='bbox 2657 5389 2738 5428; x_wconf 88' lang='lat' dir='ltr'><strong>re.</strong></span> 
     </span>
    </p>
   </div>
   <div class='ocr_carea' id='block_1_119' title="bbox 2069 5461 2765 5517">
    <p class='ocr_par' dir='ltr' id='par_1_119' title="bbox 2069 5461 2765 5517">
     <span class='ocr_line' id='line_1_119' title="bbox 2069 5461 2765 5517; baseline 0 -1"><span class='ocrx_word' id='word_1_617' title='bbox 2069 5461 2306 5516; x_wconf 88' lang='lat' dir='ltr'><strong>LXXXII.</strong></span> <span class='ocrx_word' id='word_1_618' title='bbox 2343 5463 2421 5516; x_wconf 89' lang='lat' dir='ltr'><strong>De</strong></span> <span class='ocrx_word' id='word_1_619' title='bbox 2455 5463 2652 5517; x_wconf 91' lang='lat' dir='ltr'><strong>eadem</strong></span> <span class='ocrx_word' id='word_1_620' title='bbox 2685 5478 2765 5516; x_wconf 91' lang='lat' dir='ltr'><strong>re.</strong></span> 
     </span>
    </p>
   </div>
   <div class='ocr_carea' id='block_1_120' title="bbox 2068 5549 3372 5606">
    <p class='ocr_par' dir='ltr' id='par_1_120' title="bbox 2068 5549 3372 5606">
     <span class='ocr_line' id='line_1_120' title="bbox 2068 5549 3372 5606; baseline 0 -2"><span class='ocrx_word' id='word_1_621' title='bbox 2068 5551 2326 5605; x_wconf 90' lang='lat' dir='ltr'><strong>LXXXIII.</strong></span> <span class='ocrx_word' id='word_1_622' title='bbox 2358 5551 2426 5605; x_wconf 86' lang='lat' dir='ltr'><strong>L&#39;t</strong></span> <span class='ocrx_word' id='word_1_623' title='bbox 2452 5551 2646 5605; x_wconf 87' lang='lat' dir='ltr'><strong>nullus</strong></span> <span class='ocrx_word' id='word_1_624' title='bbox 2669 5550 2732 5604; x_wconf 89' lang='lat' dir='ltr'><strong>in</strong></span> <span class='ocrx_word' id='word_1_625' title='bbox 2759 5550 2996 5606; x_wconf 88' lang='lat' dir='ltr'><strong>ecclesia</strong></span> <span class='ocrx_word' id='word_1_626' title='bbox 3022 5549 3372 5605; x_wconf 90' lang='lat' dir='ltr'><strong>convivetur.</strong></span> 
     </span>
    </p>
   </div>
  </div>
