3956 6304
186 384 190 388 ,
226 320 333 374 669

1206 319 1681 376 DECRETORUM
1721 322 1907 378 LIBRI
1941 323 2051 378 XX.
2082 353 2150 362 —-
2190 323 2402 378 LIBER
2439 324 2751 380 TERTIUS.

3626 327 3730 380 670

227 441 493 496 LXXXIV.
545 441 617 495 Ut
661 441 857 494 nullus
898 441 960 495 in
1013 441 1248 496 ecclesia
1292 441 1560 497 tabernas
1603 444 1926 500 constituat.
1958 448 2006 500 A
2045 447 2213 502 CXIX.
2247 447 2326 510 De
2351 446 2550 501 eadem
2579 463 2658 500 re.

227 531 464 586 LXXXV.
499 531 576 584 De
607 529 808 584 eadem
838 546 920 584 re.

229 628 491 682 LXXXVI.
529 628 598 682 Ut
629 628 938 696 unicuique
968 626 1031 680 in
1065 627 1239 680 domo
1273 643 1375 680 sua
1404 643 1568 681 orare
1598 627 1782 681 liceat.

227 717 522 770 LXXXVII.
574 717 642 770 Ut
670 715 952 768 canticum
984 719 1153 784 turpe
1182 716 1332 770 circa
1369 715 1634 770 ecclesias
1665 731 1778 768 non
1805 713 1922 769 ﬁat.

227 805 546 859 LXXXVIII.
586 805 654 858 Ut
682 808 1008 856 sanctorum
1053 803 1314 874 reliquie
1344 803 1405 857 in
1452 803 1718 858 oratoriis
1765 803 1928 856 villa-

299 893 458 946 ribus
488 908 607 945 non
639 896 950 962 ponantur.

228 981 490 1034 LXXXIX.
527 981 599 1033 Ut
646 979 808 1032 sedes
855 978 1214 1049 episcopalis,
1265 978 1313 1031 si
1348 993 1580 1033 necesse
1624 978 1816 1048 fuerit,
1864 978 1926 1032 in

298 1069 481 1121 alium
511 1069 702 1121 locum
731 1069 1125 1120 transferatur.

225 1155 332 1209 XC.
367 1156 446 1208 De
480 1155 769 1208 mutandis
796 1154 1005 1208 sanctis
1037 1153 1200 1208 locis.

225 1243 360 1296 XCI.
415 1242 596 1308 Quod,
643 1241 928 1294 translatis
974 1240 1342 1310 martyribus,
1392 1241 1578 1296 honor
1633 1243 1922 1297 interdum

299 1347 431 1383 cum
465 1330 577 1383 illis
605 1328 835 1399 migret,
868 1328 1158 1382 interdum
1180 1328 1240 1382 in
1273 1329 1394 1382 loco
1425 1338 1777 1400 permaneat.

227 1418 388 1472 XCII.
427 1417 582 1481 Quod
631 1417 860 1487 sanguis
890 1421 1210 1487 martyrum
1241 1423 1534 1473 consecret
1561 1418 1772 1485 locum,
1804 1435 1923 1474 non

298 1507 459 1559 locus
491 1505 854 1575 sanguinem.

223 1595 414 1649 XCIII.
449 1593 594 1658 Quid
627 1594 697 1648 sit
724 1593 980 1648 basilica.

222 1683 403 1737 XCIV.
475 1683 551 1736 De
614 1681 728 1735 illis
789 1682 888 1752 qui
960 1683 1198 1737 domum
1261 1682 1365 1736 Dei
1431 1684 1995 1774 contemptibilemB

295 1771 533 1825 faciunt.

223 1860 376 1914 XCV.
411 1861 489 1914 De
520 1860 717 1914 eadem
749 1875 830 1915 re.

223 1947 405 2000 XCVI.
451 1947 517 1998 Ut
567 1946 711 2000 calix
759 1951 815 2000 et
866 1950 1076 2016 patena
1123 1963 1194 2002 ex
1223 1963 1365 2002 auro
1411 1953 1512 2003 aut
1562 1967 1630 2004 ex
1681 1955 1921 2022 argento

299 2030 420 2084 ﬁat.

225 2119 432 2174 XCVII.
472 2119 548 2173 De
581 2118 934 2173 observanda
960 2134 1160 2174 mensa
1185 2121 1416 2174 Christi.

223 2207 458 2262 XCVIII.
495 2208 563 2261 Ut
589 2208 886 2277 corporale
911 2223 977 2261 ex
1011 2208 1322 2278 purissimo
1349 2209 1527 2264 linteo
1559 2209 1646 2272 sit,
1669 2214 1727 2264 et
1751 2212 1924 2266 unius

298 2293 584 2349 materiei.

221 2383 400 2436 XCIX.
457 2383 528 2436 Ut
573 2381 917 2436 sacriﬁcium
970 2382 1166 2437 altaris
1207 2399 1325 2438 non
1371 2384 1430 2438 in
1486 2384 1667 2440 serico
1708 2403 1920 2457 panno,

297 2474 396 2524 aut
425 2469 597 2524 tincto
628 2470 964 2525 celebretur.

225 2559 286 2612 C.
349 2559 419 2612 Ut
450 2557 720 2612 mulieres
773 2559 842 2612 ad
883 2559 1059 2612 altare
1107 2575 1225 2613 non
1273 2560 1566 2628 accedant,
1615 2566 1673 2616 et
1720 2562 1922 2618 ofﬁciis

294 2646 552 2700 virorum
580 2662 636 2700 se
667 2662 785 2700 non
815 2646 1224 2701 intromittant.
1323 2717 1333 2725 ί

222 2735 310 2790 CI.
350 2737 426 2788 De
456 2735 656 2788 eadem
684 2751 769 2790 re.

222 2824 340 2878 CII.
377 2824 449 2878 Ut
477 2823 608 2877 laici
633 2823 796 2892 juxta
824 2823 1001 2877 altare
1030 2839 1148 2876 non
1177 2823 1433 2878 sedeant.

222 2911 360 2966 CIII.
413 2912 492 2964 De
557 2911 671 2964 illis
732 2911 1122 2966 sacerdotibus
1187 2913 1288 2982 qui
1338 2913 1398 2966 in
1464 2913 1730 2981 Ecclesia,
1779 2914 1917 2968 dum

296 2999 601 3068 Evangelia
627 3000 918 3070 leguntur,
954 3001 1150 3054 sedere
1182 3006 1560 3071 praesumunt.

222 3089 360 3142 CIV.
397 3089 467 3142 Ut
499 3090 689 3142 nullus
735 3088 988 3153 calicem,
1034 3095 1327 3160 patenam,
1377 3092 1463 3144 vel
1511 3092 1916 3148 vestimentum

294 3177 642 3231 sacerdotale
681 3178 742 3231 in
787 3177 1016 3232 vadium
1067 3178 1392 3233 tabernario
1445 3185 1718 3250 praestare
1771 3199 1919 3253 prae-

294 3269 504 3318 sumat.

222 3352 330 3406 CV.
382 3354 449 3407 Ut
496 3354 690 3408 nullus
741 3353 996 3417 calicem,
1050 3359 1341 3424 patenam,
1394 3361 1494 3409 aut
1539 3356 1734 3427 aliqua
1785 3375 1920 3414 vasa

293 3456 452 3494 sacra
483 3441 551 3494 ad
579 3441 718 3494 alios
747 3457 881 3494 usus
912 3442 1096 3496 facere
1126 3448 1452 3513 praesumat.

219 3528 355 3584 CVI.
411 3529 570 3591 Quod
622 3529 843 3583 licitum
894 3530 968 3584 sit
1017 3531 1300 3600 episcopis
1333 3548 1464 3585 cum
1489 3533 1726 3586 consilio
1778 3533 1917 3587 cleri

291 3617 364 3672 de
409 3618 678 3672 thesauro
724 3618 974 3673 ecclesiae
1021 3635 1140 3674 suae
1192 3620 1427 3674 familiae
1472 3621 1533 3675 in
1582 3621 1916 3677 necessitate

287 3722 553 3761 succurre
561 3723 618 3759 re
627 3749 638 3761 .

213 3795 371 3849 CVII.
408 3797 488 3849 Ne
513 3795 788 3850 cadavera
817 3796 992 3867 pallio
1020 3797 1213 3851 altaris
1239 3797 1666 3868 cooperiantur.

212 3884 403 3939 CVIII.
439 3885 518 3938 Ne
567 3885 635 3939 ad
668 3887 1005 3956 nuptiarum
1055 3890 1321 3940 ornatum
1355 3885 1549 3940 divina
1595 3885 1914 3942 ministeria

284 3976 649 4040 prtestentur.

211 4059 342 4115 CIX.
403 4061 473 4115 Ut
522 4059 754 4116 ecclesia
799 4061 1058 4116 saeculari
1103 4061 1363 4132 potentia
1411 4061 1655 4116 minime
1707 4079 1910 4132 perva-

285 4149 472 4202 datur.

2037 536 2179 589 CXX.
2213 536 2289 589 De
2321 536 2521 589 eadem
2552 551 2634 590 re.

2036 623 2207 678 CXXI.
2244 626 2318 678 De
2349 624 2549 678 eadem
2583 640 2660 678 re.

2037 712 2236 766 CXXII.
2274 713 2350 765 De
2382 711 2582 766 eadem
2616 728 2697 766 re.

2037 799 2258 852 CXXIII.
2323 800 2398 852 De
2445 799 2790 870 presbyteris
2855 800 2953 870 qui
3005 816 3072 854 ex
3134 801 3413 855 reditibus
3475 800 3726 855 ecclesiae

2105 885 2217 938 sibi
2249 901 2339 939 res
2388 887 2862 957 comparaverint,
2898 893 2950 942 et
2997 893 3312 944 structuras
3338 890 3417 943 ibi
3464 890 3724 955 fecerint,

2106 979 2162 1026 et
2190 974 2459 1028 mulieres
2490 974 2568 1027 ibi
2603 975 2922 1045 posuerint.

2035 1061 2249 1115 CXXIV.
2314 1063 2390 1115 De
2451 1063 2865 1117 consuetudine
2920 1064 3196 1118 servanda
3264 1080 3394 1134 quae
3460 1079 3578 1118 non
3645 1068 3729 1118 est

2104 1154 2300 1204 contra
2326 1149 2519 1204 ﬁdem.

2033 1237 2238 1292 CXXV.
2291 1239 2363 1292 Ut
2409 1238 2782 1292 ecclesiastica
2827 1243 3057 1303 statuta,
3105 1241 3174 1293 ab
3218 1240 3486 1310 apostolis
3533 1246 3590 1295 et
3635 1256 3724 1294 re-

2104 1325 2278 1395 liquis
2311 1327 2598 1396 magistris
2625 1326 2885 1380 Ecclesize
2903 1327 3131 1392 tradita,
3163 1327 3385 1398 integra
3404 1333 3722 1382 serventur.

2035 1414 2253 1469 CXXVI.
2317 1416 2388 1469 Ut
2456 1415 2896 1469 consuetudines
2962 1416 3354 1470 ecclesiasticae
3429 1432 3532 1486 pro
3601 1417 3726 1486 lege

2105 1501 2219 1554 sint
2247 1503 2526 1558 tenenda.

2034 1589 2276 1644 CXXVII.
2329 1592 2470 1645 Item
2519 1591 2586 1644 de
2629 1591 3133 1645 consuetudinibus
3183 1591 3574 1645 ecclesiasticis
3619 1591 3725 1645 ob-

2105 1679 2416 1732 servandis.

2034 1767 2303 1820 CXXVIII.
2373 1767 2518 1830 Quid
2583 1768 2868 1838 agendum
2939 1767 3012 1821 sit
3059 1768 3118 1821 in
3185 1767 3370 1822 causis
3406 1768 3475 1822 de
3515 1767 3726 1839 quibus

2103 1858 2256 1909 certa
2285 1857 2344 1909 in
2375 1856 2690 1909 canonibus
2719 1873 2836 1909 non
2867 1856 3242 1910 inveniuntur
3273 1855 3509 1926 judicia.

2033 1945 2248 1999 CXXIX.
2311 1947 2379 1999 Ut
2429 1950 2632 2000 cuncta
2687 1962 2819 2016 quas
2867 1948 2982 2001 Deo
3035 1947 3354 2000 oII'eruntur
3400 1950 3726 2001 consecrata

2102 2033 2444 2088 habeantur.

2032 2120 2218 2174 CXXX.
2253 2121 2330 2174 De
2361 2122 2558 2175 eadem
2589 2137 2670 2176 re.

2031 2208 2246 2262 CXXXI.
2283 2210 2351 2263 Ut
2379 2209 2600 2263 decima
2630 2209 2788 2263 nullo
2828 2209 3000 2264 modo
3031 2209 3378 2280 negligatur.

2031 2295 2268 2351 CXXXII.
2308 2298 2385 2351 De
2415 2297 2527 2350 illis
2559 2297 2659 2367 qui
2694 2298 2941 2352 decimas
2971 2298 3105 2351 dare
3136 2300 3359 2352 nolunt.

2031 2384 2296 2438 CXXXIII.
2340 2385 2505 2448 Quod
2556 2385 2795 2440 decimas
2841 2387 2912 2440 ab
2957 2387 3224 2440 omnibus
3273 2386 3609 2442 Christianis
3657 2403 3725 2440 ex

2101 2472 2293 2526 debito
2324 2474 2545 2544 reposci
2576 2475 2844 2529 debeant.

2031 2559 2293 2616 CXXXIV.
2348 2562 2424 2614 De
2475 2561 2590 2615 illis
2638 2562 2740 2633 qui
2773 2561 3025 2616 decimas
3068 2563 3204 2616 dare
3251 2563 3560 2630 noluerint,
3611 2562 3722 2616 nisi

2098 2649 2286 2717 pretio
2318 2650 2728 2704 conducantur.

2029 2736 2262 2791 CXXXV.
2298 2739 2365 2791 Ut
2394 2738 2615 2792 decima
2649 2738 2748 2792 Dei
2780 2754 2983 2792 census
3013 2743 3396 2807 nuncupetur.

2029 2825 2289 2879 CXXXVI.
2340 2827 2415 2880 De
2459 2827 2846 2881 oblationibus
2883 2820 3308 2896 parochitarum
3341 2843 3354 2880 :
3389 2828 3551 2898 cujus
3599 2843 3721 2881 esse

2097 2913 2362 2968 debeant.

1952 2990 1992 3045 C
2031 3001 2316 3057 CXXXVII.
2371 3002 2530 3066 Quod
2564 3001 2625 3056 in
2672 3018 3021 3073 unaquaque
3068 3003 3305 3057 ecclesia
3343 3008 3458 3056 tam
3507 3003 3576 3058 de
3623 3019 3721 3057 re-

2098 3090 2312 3144 ditibus
2355 3106 2528 3161 quam
2573 3091 2959 3146 oblationibus
3011 3097 3258 3162 quatuor
3304 3092 3550 3146 debeant
3594 3091 3719 3146 ﬁeri

2097 3179 2406 3247 portiones.

2027 3265 2344 3320 CXXXVIII.
2387 3269 2525 3320 Item
2579 3268 2732 3338 quod
2782 3268 2851 3321 de
2898 3268 3135 3322 decimis
3183 3273 3431 3338 quatuor
3477 3268 3720 3322 debeant

2097 3353 2224 3407 fieri
2258 3355 2570 3424 portiones.

2025 3443 2284 3497 CXXXIX.
2348 3442 2453 3496 Ubi
2502 3443 2798 3496 terminari
2849 3444 3094 3498 debeant
3138 3443 3530 3498 contentiones
3572 3449 3713 3498 ortae

2093 3530 2245 3584 inter
2274 3531 2642 3586 Christianos.

2023 3619 2170 3673 CXL.
2225 3621 2302 3674 De
2346 3620 2435 3672 his
2493 3619 2592 3690 qui
2649 3620 2964 3674 oblationes
3021 3627 3342 3692 parentum,
3395 3627 3494 3675 aut
3540 3625 3715 3676 testa-

2095 3712 2308 3774 menta,
2351 3709 2438 3762 vel
2501 3708 2655 3779 quod
2717 3709 2828 3779 ipsi
2875 3710 3211 3764 donaverint
3260 3711 3530 3774 ecclesiis,
3582 3710 3714 3764 reti-

2089 3813 2228 3850 nere
2260 3801 2358 3851 aut
2383 3797 2608 3851 auferre
2635 3802 2935 3852 conantur.

2021 3885 2192 3940 CXLI.
2230 3887 2307 3940 De
2338 3885 2448 3938 illis
2477 3885 2577 3956 qui
2610 3886 2789 3940 Deum
2823 3886 3113 3941 hmredem
3144 3886 3382 3941 faciunt.

2021 3974 2219 4028 CXLII.
2271 3975 2348 4028 De
2379 3973 2470 4028 his
2514 3975 2615 4044 qui
2667 3975 2984 4029 oblationes
3031 3975 3441 4029 defunctorum
3491 3979 3588 4028 aut
3617 3990 3717 4028 ne-

2090 4066 2228 4132 gant
2256 4067 2356 4116 aut
2385 4062 2693 4117 difﬁculter
2726 4064 2993 4118 reddunt.

2020 4151 2245 4205 CXLIII.
2284 4152 2360 4204 De
2392 4151 2593 4204 eadem
2626 4167 2705 4206 re.

210 4237 314 4292 CX.
346 4239 423 4291 De
470 4236 818 4308 presbyteris
866 4237 1278 4318 qui.ecclesias
1320 4255 1451 4293 suas
1499 4255 1604 4310 per
1655 4240 1910 4310 pretium
1949 4272 1992 4324 Β
2025 4239 2242 4292 CXLIV.
2273 4240 2350 4293 De
2381 4239 2580 4292 eadem
2613 4255 2694 4293 re.

285 4324 674 4395 acquisierint.

213 4413 344 4468 CXI.
392 4413 462 4467 Ut
511 4414 703 4467 nullus
746 4413 924 4468 laicus
960 4415 1031 4469 ab
1079 4413 1316 4468 ecclesia
1358 4431 1461 4470 sua
1511 4416 1908 4486 presbyterum

285 4501 492 4571 ejicere
516 4503 744 4557 audeat.

214 4591 368 4645 CXII.
426 4591 566 4644 Item
633 4592 703 4646 de
749 4590 864 4645 illis
911 4591 1011 4663 qui
1073 4593 1424 4663 presbyteris
1473 4592 1738 4647 ecclesias
1803 4609 1912 4646 au-

284 4678 496 4734 ferunt.

216 4767 400 4821 CXIII.
436 4768 507 4822 Ut
536 4768 726 4822 nullus
766 4768 1000 4838 aliquod
1031 4784 1239 4823 munus
1268 4774 1507 4840 propter
1554 4770 1849 4826 ecclesiam
1880 4787 1911 4823 a

285 4855 622 4926 presbytero
653 4857 927 4928 requirat.

215 4946 387 5000 CXIV.
421 4947 498 5000 De
528 4945 728 5000 eadem
761 4963 842 5001 re.

214 5034 363 5088 CXV.
401 5034 470 5088 Ut
498 5034 820 5104 presbyteri
860 5034 1059 5106 plebes
1086 5035 1440 5092 admoneant
1470 5041 1530 5090 ut
1574 5035 1914 5092 linteamina

282 5121 476 5176 altaris
503 5126 850 5192 praeparent.

213 5211 394 5267 CXVI.
452 5211 522 5265 Ut
551 5211 804 5282 episcopi
853 5212 1207 5280 prmvideant
1243 5213 1383 5284 quid
1433 5213 1749 5284 presbyteri
1802 5215 1909 5268 do-

284 5298 460 5352 minis
489 5299 605 5353 suis
632 5315 737 5370 pro
765 5301 1018 5355 ecclesiis
1039 5302 1224 5358 facere
1255 5303 1517 5357 debeant.

215 5387 418 5442 CXVII.
451 5387 529 5442 De
564 5389 762 5443 eadem
792 5405 874 5444 re.

215 5476 445 5531 CXVIII.
513 5477 592 5531 De
651 5477 1000 5550 presbyteris
1063 5477 1208 5532 nihil
1273 5478 1614 5534 habentibus
1679 5478 1910 5549 quando

288 5565 651 5620 ordinantur.

2023 4327 2211 4382 CXLV.
2250 4328 2325 4380 De
2355 4327 2555 4381 eadem
2586 4343 2668 4381 re.

2019 4415 2236 4470 CXLVI.
2298 4416 2367 4469 Ut
2415 4432 2614 4468 omnes
2667 4416 2919 4470 ecclesia!
2966 4417 3052 4470 vel
3111 4413 3348 4470 decimas
3397 4414 3457 4468 in
3507 4413 3720 4485 episco-

2088 4519 2296 4574 porum
2331 4508 2611 4573 potestate
2637 4505 2970 4558 consistant.

2019 4593 2263 4646 CXLVII.
2298 4593 2459 4656 Quod
2487 4593 2818 4646 tricennalis
2845 4592 3126 4663 possessio
3152 4593 3321 4647 ﬁrma
3340 4591 3434 4646 sit.

2019 4682 2286 4736 CXLVIII.
2323 4682 2391 4736 Ut
2435 4682 2794 4752 singularum
2841 4681 3222 4736 Ecclesiarum
3275 4679 3578 4735 rusticana:
3618 4697 3718 4750 pa-

2088 4770 2302 4824 rochias
2334 4785 2562 4840 semper
2587 4775 2862 4824 maneant
2890 4769 3262 4823 inconcussa}.

2019 4859 2233 4913 CXLIX.
2281 4857 2440 4921 Quod
2489 4857 2825 4912 tricennalis
2868 4859 3175 4928 possessio,
3221 4858 3268 4912 si
3328 4858 3535 4912 intacta
3587 4874 3718 4928 per-

2091 4947 2323 5011 mansit,
2358 4947 2570 5000 mutari
2597 4963 2713 5001 non
2745 4948 2968 5002 debeat.

2020 5036 2124 5090 CL.
2162 5036 2303 5088 Item
2333 5035 2402 5088 de
2431 5035 2602 5089 rebus
2629 5037 2759 5090 XXX
2789 5035 2957 5089 annis
2987 5035 3284 5106 possessis.

2021 5125 2148 5178 CLI.
2185 5125 2261 5177 De
2292 5123 2407 5177 illis
2441 5124 2538 5194 qui
2569 5123 2639 5178 de
2665 5123 2916 5178 ecclesiis
2945 5122 3272 5178 ccemetaria
3297 5121 3531 5176 faciunt.

2020 5213 2173 5267 CLII.
2211 5214 2286 5267 De
2319 5212 2430 5266 illis
2459 5213 2559 5283 qui
2589 5213 2646 5267 in
2678 5213 2852 5267 sacris
2882 5211 3020 5266 locis
3049 5229 3108 5265 se
3151 5211 3382 5281 sepeliri
3420 5210 3713 5282 petierint.

2021 5301 2202 5356 CLIII.
2242 5303 2318 5355 De
2349 5302 2551 5355 eadem
2584 5317 2664 5355 re.

2019 5389 2192 5444 CLIV.
2228 5391 2307 5444 De
2337 5391 2536 5444 eadem
2568 5406 2650 5445 re.

2019 5479 2169 5532 CLV.
2203 5479 2281 5532 De
2312 5479 2508 5532 eadem
2534 5494 2616 5532 re.

2020 5567 2190 5621 CLVI.
2218 5567 2298 5621 De
2330 5569 2530 5623 eadem
2565 5583 2646 5622 re.
