3956 6316
216 355 311 406 671
1289 346 1694 401 BURCHARDI
1730 342 2265 400 WORMACIENSIS
2305 341 2640 398 EPISCOPI.

3611 344 3718 395 6'72

221 475 419 529 CLVII.
453 475 526 528 Ut
572 487 818 543 corpora
864 470 1268 525 defunctorum
1295 469 1357 522 in
1387 468 1623 523 ecclesia
1660 485 1775 522 non
1824 484 1910 521 se-
1949 469 1993 521 A
2027 467 2214 522 CXCV.
2256 469 2331 521 De
2361 466 2557 521 eadem
2593 481 2672 518 re.

287 562 596 632 peliantur.

215 651 442 706 CLVIII.
478 651 556 704 De
587 649 788 702 eadem
821 663 900 700 re.

213 740 386 794 CLIX.
441 739 512 793 Ut
551 752 724 790 nemo
766 751 868 806 pro
919 733 1260 804 sepeliendis
1307 737 1666 788 mortuorum
1715 747 1911 802 corpo-

284 826 441 880 ribus
471 825 686 895 aliquid
721 822 976 876 muneris
1007 822 1210 892 exigat.

215 915 362 968 CLX.
399 915 475 966 De
503 913 796 982 sepultura
823 926 926 963 con
928 909 1261 980 jugatorum
1283 908 1345 962 in
1361 907 1564 978 primis
1584 908 1904 962 connubiis.

214 1001 384 1054 CLXI.
423 1002 499 1053 De
531 1000 728 1052 eadem
760 1014 841 1050 re.

214 1089 410 1143 CLXII.
447 1089 524 1142 De
565 1087 765 1140 eadem
801 1101 880 1138 re.

215 1176 439 1230 CLXIII.
497 1175 752 1239 Quorum
800 1189 962 1227 mens
1001 1188 1116 1226 una
1162 1171 1366 1238 fuerat,
1434 1171 1728 1241 sepultura
1789 1186 1908 1224 non

284 1268 526 1334 separet.

213 1353 428 1407 CLXIV.
466 1353 543 1405 De
569 1349 740 1404 rebus
769 1347 1163 1402 immobilibus
1193 1346 1462 1401 ecclesia.

213 1441 404 1496 CLXV.
443 1441 518 1494 De
551 1439 750 1492 eadem
782 1454 861 1490 re.
1317 1449 1328 1459 '

209 1528 429 1583 CLXVI.
503 1529 578 1580 De
655 1524 967 1596 prastariis
1032 1523 1396 1578 viduatarum
1445 1523 1811 1577 ecclesiarum
1842 1527 1908 1577 ut

283 1631 398 1668 non
429 1615 677 1668 valeant.

213 1704 460 1758 CLXVII.
498 1704 576 1756 De
610 1701 807 1756 eadem
834 1717 916 1754 re.

215 1792 487 1846 CLXVIII.
527 1792 602 1844 De
631 1790 825 1844 eadem
857 1805 937 1845 re.

213 1880 426 1933 CLXIX.
464 1879 542 1933 De
572 1878 773 1932 eadem
801 1893 880 1930 re.

215 1969 406 2022 CLXX.
458 1968 536 2021 De
585 1965 916 2031 donatione,
969 1965 1056 2019 vel
1103 1964 1454 2034 venditione,
1512 1965 1599 2019 vel
1655 1980 1910 2020 commu-

283 2057 501 2109 tatione
531 2055 614 2109 rei
644 2053 1057 2108 ecclesiastica.

215 2146 430 2201 CLXXI.
503 2147 581 2199 De
633 2143 1179 2198 commutationibus
1245 2140 1754 2197 ecclesiasticarum
1817 2158 1906 2196 re-

285 2251 348 2286 I‘lJ
360 2250 434 2289 m.

216 2322 458 2376 CLXXII.
494 2321 572 2374 De
603 2319 799 2374 eadem
830 2334 911 2373 re.

216 2409 484 2465 CLXXIII.
523 2409 600 2462 De
627 2405 1020 2462 ecclesiasticis
1048 2405 1368 2478 mancipiis.

215 2497 474 2553 CLXXIV.
511 2497 590 2550 De
617 2496 814 2549 eadem
845 2510 924 2548 re.

216 2586 451 2641 CLXXV.
485 2586 562 2639 De
585 2583 868 2655 regalibus
897 2583 1197 2655 praceptis
1229 2598 1402 2652 super
1429 2582 1744 2652 prastaria.

171 2673 471 2742 ’CLXXVI.
561 2673 636 2726 De
712 2672 979 2742 episcopo
1056 2671 1157 2742 qui
1232 2671 1586 2742 mancipium
1649 2669 1911 2724 Ecclesia

289 2760 622 2815 manumitti
650 2749 949 2815 desiderat.

218 2851 501 2905 CLXXVII.
568 2851 647 2904 De
709 2848 1094 2904 sacerdotibus
1159 2847 1255 2918 qui
1321 2863 1412 2903 res
1473 2863 1598 2901 suas
1661 2847 1910 2901 ecclesia

289 2936 641 3006 relinquunt.

2022 556 2254 611 CXCVI.
2291 558 2368 609 De
2394 553 2756 608 immunitate
2787 552 3060 606 ecclesia.

2022 644 2274 698 CXCVII.
2311 645 2387 697 De
2414 642 2765 713 fugientibus
2793 641 2862 695 ad
2892 641 3208 695 ecclesiam.

2021 732 2304 786 CXCVIII.
2338 732 2482 795 Quid
2507 731 2565 783 in
2589 730 2825 784 ecclesia
2850 730 2965 800 legi
2995 729 3217 784 debeat.

2021 821 2253 875 CXCIX.
2291 822 2359 874 Ut
2388 818 2924 873 excommunicandi
2969 818 3084 871 sint
3113 817 3213 888 qui
3241 817 3416 872 libros
3469 818 3720 872 famosos

2092 909 2354 978 legerint.

2019 997 2121 1050 CC.
2157 998 2235 1050 De
2267 996 2379 1049 illis
2409 997 2508 1067 qui
2544 996 2690 1050 clam
2720 993 3072 1065 concipiunt.

2020 1084 2145 1138 CCI.
2186 1085 2260 1136 De
2308 1083 2621 1137 infantibus
2651 1082 2712 1136 in
2762 1081 3040 1136 adulterio
3089 1080 3262 1150 natis,
3313 1087 3370 1135 et
3415 1081 3485 1134 ad
3537 1081 3720 1135 eccle-

2089 1171 2230 1224 siam
2258 1171 2545 1241 expositis.

2019 1260 2170 1314 CCII.
2209 1261 2284 1313 De
2319 1259 2519 1313 eadem
2550 1275 2632 1312 re.
2774 1321 2778 1326 _

2019 1347 2202 1401 CCIII.
2240 1349 2316 1401 De
2349 1347 2588 1401 avaritia
2619 1346 2998 1400 sacerdotum.

2019 1434 2194 1489 CCIV.
2229 1436 2307 1488 De
2339 1435 2452 1489 illis
2483 1435 2580 1505 qui
2612 1434 2875 1487 ecclesias
2906 1432 3284 1486 incenderint.

2018 1524 2165 1578 CCV.
2198 1525 2273 1577 De
2302 1524 2552 1594 quodam
2585 1523 2789 1577 clerico
2820 1540 2852 1576 a
2881 1522 3109 1577 diabolo
3134 1527 3352 1575 vexato.

2018 1612 2193 1666 CCVI.
2245 1613 2324 1666 De
2391 1612 2560 1666 rebus
2610 1611 2859 1664 ecclesia
2921 1627 3050 1681 qua
3099 1614 3327 1663 mortuo
3375 1608 3641 1680 episcopo
3679 1625 3716 1663 a

2088 1700 2434 1770 presbyteris
2463 1700 2708 1754 vendita
2740 1699 2971 1753 fuerint.

2023 1787 2220 1842 CCVII.
2254 1790 2332 1842 De
2377 1805 2444 1842 eo
2479 1788 2578 1858 qui
2606 1787 2823 1859 spernit
2866 1785 3218 1841 oblationem
3247 1785 3568 1856 presbyteri
3613 1787 3718 1857 qui

2091 1892 2330 1930 uxorem
2361 1876 2581 1930 habuit.

2020 1964 2245 2019 CCVIII.
2313 1964 2474 2028 Quod
2538 1979 2656 2017 non
2736 1961 3149 2033 permittantur
3214 1960 3579 2016 ecclesiastici
3643 1961 3714 2016 ad

2089 2053 2415 2108 cameteria
2446 2051 2847 2107 hareticorum
2879 2051 3165 2106 accedere.

2021 2141 2204 2196 CCIX.
2237 2142 2398 2206 Quod
2441 2157 2556 2195 non
2588 2144 2848 2211 oporteat
2899 2140 2970 2194 ab
2999 2138 3283 2193 hareticis
3317 2137 3576 2209 eulogias
3619 2153 3715 2192 ac-

2089 2246 2292 2301 cipere.

2022 2318 2173 2372 CCX.
2234 2317 2396 2382 Quod
2447 2317 2641 2372 nullus
2694 2315 3046 2372 Christianus
3096 2315 3166 2370 ad
3212 2315 3717 2386 pseudomartyres

2089 2405 2172 2458 ire
2205 2405 2432 2460 debeat.

2020 2493 2201 2547 CCXI.
2235 2493 2396 2557 Quod
2441 2509 2560 2547 non
2615 2496 2876 2564 oporteat
2927 2491 3179 2562 plebeios
3226 2491 3478 2563 psalmos
3521 2490 3582 2544 in
3620 2506 3714 2545 ec-

2091 2580 2264 2635 clesia
2291 2582 2524 2636 cantari.

2019 2669 2225 2724 CCXII.
2261 2671 2338 2722 De
2387 2669 2500 2723 illis
2551 2669 2646 2740 qui
2707 2673 3018 2723 conventus
3056 2667 3156 2739 qui
3193 2668 3263 2722 ad
3328 2667 3714 2722 confessiones

2094 2763 2407 2830 martyrum
2433 2759 2579 2812 ﬁunt
2609 2758 3032 2812 abominantur.

2020 2845 2254 2900 CCXIII.
2290 2847 2361 2900 Ut
2407 2846 2590 2900 victus
2637 2845 2706 2899 ab
2736 2845 3026 2899 exorcistis
3073 2844 3476 2916 energumenis
3508 2843 3571 2898 in
3601 2844 3717 2898 do-

2092 2951 2184 2987 mo
2221 2934 2317 2987 Dei
2357 2933 2687 2988 sedentibus
2720 2933 3165 2987 administretur.

217 3023 533 3078 CLXXVIII.
571 3025 639 3077 Ut
685 3022 1001 3094 presbyteri
1044 3038 1169 3076 rem
1216 3022 1466 3076 ecclesia
1497 3022 1746 3077 vendere
1793 3038 1910 3076 non
1942 3040 1982 3094 ρ
2022 3023 2246 3078 CCXIV.
2298 3024 2369 3077 Ut
2415 3038 2572 3076 sacra
2621 3039 2750 3076 vasa
2806 3038 2925 3076 non
2969 3022 3036 3076 ab
3087 3021 3211 3076 aliis
3263 3037 3434 3092 quam
3463 3038 3497 3075 a
3539 3021 3716 3076 sacris

288 3115 660 3180 prasumant.

217 3199 456 3253 CLXXIX
533 3200 602 3252 Ut
651 3198 840 3252 nullus
891 3198 1185 3253 ordinatus
1238 3199 1307 3254 de
1353 3197 1685 3252 ministeriis
1741 3200 1912 3254 eccle-

286 3287 386 3340 sia
416 3287 633 3358 aliquid
663 3287 908 3341 vendere
939 3291 1268 3356 prasumat.

218 3376 450 3430 CLXXX.
506 3375 582 3428 De
648 3375 995 3445 presbyteris
1042 3375 1143 3446 qui
1188 3375 1258 3429 de
1299 3374 1430 3445 jure
1483 3373 1571 3428 sui
1619 3375 1772 3429 tituli
1812 3375 1911 3429 ali-

289 3464 426 3534 quid
458 3463 799 3518 distrahunt.

218 3551 474 3605 CLXXXI.
510 3552 588 3605 De
620 3552 815 3605 eadem
847 3567 924 3605 re.

219 3639 506 3693 CLXXXII.
557 3640 718 3702 Quod
776 3644 1052 3708 quantum
1104 3639 1424 3693 remedium
1471 3638 1654 3692 venia
1699 3638 1909 3692 oblatio

289 3725 665 3780 ecclesiastica
721 3725 924 3780 tribuit
975 3725 1308 3792 conferenti,
1360 3729 1584 3779 tantum
1633 3725 1908 3780 damnum

289 3819 574 3883 praparat
602 3813 938 3867 fraudatori.

219 3901 532 3954 CLXXXIII.
599 3902 677 3956 De
737 3901 954 3955 clericis
1020 3901 1120 3972 qui
1173 3901 1516 3956 documenta
1569 3901 1780 3972 quibus
1818 3918 1908 3958 ec-

288 3988 473 4041 clesia
504 3990 783 4059 possessio
811 3989 1074 4043 ﬁrmatur
1101 3989 1446 4044 distrahunt.

218 4077 516 4132 CLXXXIV.
585 4079 659 4132 De
724 4078 944 4133 libertis
1014 4079 1115 4150 qui
1179 4096 1209 4132 a
1274 4079 1592 4149 patrocinio
1658 4080 1908 4135 ecclesia

288 4167 688 4222 discesserunt.

218 4253 489 4308 CLXXXV.
528 4255 603 4308 De
639 4254 855 4308 libertis
881 4255 1150 4309 ecclesia.

220 4342 518 4397 CLXXXVI.
590 4344 667 4397 De
740 4343 963 4398 libertis
1028 4343 1127 4414 qui
1192 4361 1225 4398 a
1291 4343 1729 4416 quibuscunque
1785 4361 1905 4398 ma-
1939 4313 1982 4367 D

289 4431 527 4484 numissi
553 4437 702 4486 sunt.

219 4518 554 4573 CLXXXVII.
591 4521 665 4573 De
696 4519 1062 4574 manumissis
1093 4519 1153 4573 in
1185 4520 1437 4574 ecclesia.

220 4607 570 4661 CLXXXVIII.
608 4609 682 4663 De
712 4609 966 4678 fugitivis
997 4611 1307 4663 ecclesiast.
1344 4608 1536 4663 servis.

219 4695 515 4751 CLXXXIX.
553 4697 630 4749 De
682 4697 962 4767 episcopis
996 4697 1096 4768 qui
1142 4696 1284 4750 nihil
1316 4698 1435 4751 suis
1482 4697 1730 4752 ecclesiis
1774 4715 1910 4752 con-

288 4784 502 4851 ferunt,
553 4788 609 4838 et
651 4789 844 4838 tamen
890 4802 958 4839 ex
1005 4786 1222 4840 familia
1271 4786 1481 4841 liberos
1528 4786 1712 4841 facere
1760 4803 1910 4858 pra-

289 4877 540 4928 sumunt.

221 4964 364 5017 CXC.
411 4964 487 5016 De
534 4962 647 5016 illis
702 4961 802 5034 qui
857 4977 962 5032 pro
1000 4962 1193 5033 aliquo
1242 4968 1402 5018 reatu
1453 4964 1682 5035 fugiunt
1711 4965 1781 5019 ad
1822 4982 1912 5020 ec-

288 5051 540 5106 clesiam.

219 5142 390 5196 CXCI.
427 5142 504 5194 De
551 5145 797 5212 raptore,
850 5139 899 5194 si
928 5155 1056 5194 cum
1104 5145 1268 5212 rapta
1307 5141 1373 5195 ad
1426 5141 1720 5196 ecclesiam
1773 5158 1913 5196 con—

287 5230 515 5300 fugerit.

220 5320 414 5374 CXCII.
467 5320 544 5374 De
609 5336 792 5386 servo,
843 5319 890 5373 si
937 5336 1042 5391 pro
1095 5320 1348 5392 qualibet
1401 5321 1570 5391 culpa
1616 5319 1912 5374 dominum

290 5396 459 5461 suum
491 5409 558 5462 ad
591 5409 888 5464 ecclesiam
913 5408 1144 5480 fugerit.

220 5495 444 5550 CXCIII.
482 5497 559 5550 De
585 5497 783 5551 eadem
814 5514 896 5551 re.

223 5585 436 5638 CXCIV.
473 5585 550 5640 De
581 5586 778 5639 eadem
805 5602 885 5640 re.

2090 3112 2227 3164 viris
2252 3112 2481 3164 tractari
2506 3111 2769 3165 debeant.

2021 3200 2222 3255 CCXV.
2256 3201 2335 3253 De
2379 3200 2610 3252 sacratis
2657 3198 2886 3253 feminis
2930 3215 3059 3269 qua
3090 3215 3248 3252 sacra
3291 3215 3421 3251 vasa
3451 3203 3507 3252 et
3535 3199 3718 3269 pallas

2091 3289 2285 3342 altaris
2315 3292 2556 3342 tractare
2585 3287 3078 3358 prasumpserint.

2021 3377 2245 3431 CCXVI.
2302 3377 2376 3430 De
2419 3375 2567 3430 vasis
2614 3375 2804 3443 sacris,
2851 3376 2920 3428 de
2972 3375 3160 3445 palliis
3213 3375 3423 3441 altaris,
3474 3378 3531 3427 et
3569 3374 3716 3428 velis

2091 3465 2376 3532 ecclesia;
2409 3464 2456 3518 si
2487 3468 2760 3518 vetustate
2789 3469 3129 3533 consumpta
3158 3463 3395 3530 fuerint,
3415 3461 3552 3534 quid
3573 3463 3715 3518 inde

2089 3553 2413 3608 faciendum
2441 3553 2532 3607 sit.

2019 3642 2272 3696 CCXVII.
2337 3643 2414 3695 De
2468 3641 2667 3695 ordine
2732 3640 3012 3696 librorum
3075 3641 3288 3694 Veteris
3339 3642 3708 3696 Tcstamenti.

2021 3731 2296 3785 CCXVIII.
2337 3731 2412 3783 De
2445 3729 2644 3783 ordine
2670 3731 3102 3800 prophetarum.

1987 3819 2249 3887 CCXIX.
2285 3820 2362 3871 De
2405 3818 2606 3871 ordine
2651 3818 2928 3872 librorum
2962 3818 3101 3871 Novi
3146 3817 3511 3879 Testamenti,
3564 3833 3714 3887 quos

2091 3911 2283 3960 sancta
2331 3903 2590 3960 Romana
2639 3907 2882 3960 Ecclesia
2924 3910 3098 3972 tenet,
3133 3911 3189 3960 et
3236 3906 3423 3959 omnis
3476 3905 3712 3960 univer-

2093 3995 2224 4048 salis
2259 3994 2502 4048 Ecclesia
2530 3995 2810 4049 observat.

2021 4083 2226 4138 CCXX.
2253 4083 2402 4139 Ordo
2437 4089 2656 4154 septem
2697 4083 3071 4153 epistolarum
3102 4081 3525 4136 canonicarum.

2022 4172 2253 4227 CCXXI.
2305 4174 2382 4226 De
2438 4165 2645 4226 notitia
2694 4173 2973 4226 librorum
3025 4171 3485 4242 apocryphorum
3533 4171 3632 4241 qui
3684 4188 3718 4225 a

2095 4260 2302 4313 sanctis
2336 4261 2594 4329 patribus
2625 4265 2841 4314 aterna
2871 4259 3242 4314 damnatione
3272 4259 3528 4313 damnati
3559 4265 3713 4315 sunt.

2025 4349 2276 4403 CCXXII.
2339 4348 2577 4412 Quando
2633 4354 2688 4403 et
2735 4366 2847 4420 quo
2913 4353 3175 4419 tempore
3222 4348 3355 4402 libri
3402 4348 3620 4402 Veteris
3659 4353 3715 4402 et

2095 4435 2233 4489 Novi
2265 4436 2612 4490 Testamenti
2641 4435 2871 4506 legendi
2902 4437 3035 4491 sint.

2021 4522 2304 4578 CCXXIII.
2357 4525 2436 4578 De
2482 4524 2720 4578 vasculis
2768 4525 2978 4596 quibus
3039 4522 3312 4595 mysteria
3371 4539 3530 4577 sacra
3575 4540 3712 4577 con-

2091 4611 2382 4666 ficiuntur.
2486 4609 2489 4612 ’

2021 4699 2296 4755 CCXXIV.
2360 4700 2436 4753 De
2492 4699 2725 4754 ecclesia
2780 4717 2813 4754 a
2870 4699 3262 4769 compluribus
3322 4697 3712 4753 coharedibus

2094 4787 2342 4841 obsessa.

2022 4877 2273 4931 CCXXV.
2323 4878 2400 4929 De
2446 4876 2722 4931 altaribus
2751 4875 2813 4930 in
2841 4876 3049 4947 quibus
3081 4892 3254 4930 sacra
3300 4875 3562 4946 reliquia
3595 4891 3714 4929 non

2093 4965 2479 5019 inveniuntur.

2023 5054 2301 5109 CCXXVI.
2337 5056 2398 5106 In
2427 5053 2592 5108 altari
2620 5053 2681 5108 in
2712 5069 2825 5124 quo
2857 5053 3157 5124 episcopus
3187 5052 3418 5107 missam
3446 5052 3713 5120 celebrat,

2095 5159 2166 5195 ne
2196 5158 2262 5195 eo
2293 5141 2383 5194 die
2413 5142 2709 5212 presbyter
2739 5142 2908 5196 aliam
2934 5142 3140 5196 iterare
3170 5145 3501 5211 prasumat.

2023 5230 2331 5285 CCXXVII.
2372 5231 2441 5284 Ut
2483 5229 2544 5283 in
2577 5231 2865 5284 oblatione
2899 5230 3152 5301 corporis
3184 5236 3239 5283 et
3271 5227 3569 5299 sanguinis
3601 5229 3717 5282 Do-

2097 5320 2239 5372 mini
2271 5318 2567 5373 incensum
2601 5319 2822 5391 imponi
2850 5319 3068 5374 debeat.

2026 5407 2357 5462 CCXXVIII.
2393 5408 2463 5461 Ut
2502 5407 2726 5478 quoties
2767 5407 3058 5462 basilicam
3091 5407 3158 5460 ad
3206 5421 3379 5477 quam
3424 5406 3540 5458 itur
3568 5421 3717 5474 pra-

2096 5497 2276 5550 sentia
2324 5513 2486 5550 nova
2536 5496 2719 5564 plebis
2765 5497 3112 5567 impleverit,
3158 5496 3328 5550 toties
3378 5493 3718 5548 sacrificium

2097 5585 2452 5655 subsequens
2481 5584 2774 5638 offeratur.
