3956 6310
202 338 304 389 673

1174 334 1651 390 DECRETORUM
1693 335 1882 393 LIBRI
1918 335 2027 390 XX.
2070 362 2137 374 --
2174 334 2383 389 LIBER
2420 333 2735 388 TERTIUS.

3601 337 3705 391 674

200 459 462 514 CCXXIX.
516 459 585 511 Ut
613 457 805 511 nullus
838 456 1139 527 presbyter
1179 457 1413 511 titulum
1458 474 1631 528 super
1658 457 1891 512 titulum
1929 460 1976 512 A
2007 457 2310 512 CCXXXIV.
2342 456 2505 521 Quod
2527 472 2724 510 omnes
2753 455 2952 510 ﬁdeles
2989 456 3050 510 in
3081 458 3320 513 ecclesia
3350 461 3501 514 nihil
3537 475 3705 530 agere

273 562 557 616 usurpare
587 549 923 615 prmsumat.

200 653 432 707 CCXXX.
489 653 557 706 Ut
594 650 893 720 episcopus
925 652 1022 702 aut
1065 649 1359 718 presbyter
1403 654 1710 718 postquam
1759 647 1898 701 mis-

273 755 394 793 sam
438 738 735 808 incoeperit
792 740 849 789 et
896 736 1215 789 orationem
1268 736 1495 800 dixerit,
1546 736 1657 788 nisi
1712 735 1901 805 passio

273 827 471 897 aliqua
509 824 904 890 intervenerit,
940 830 1252 893 antequam
1298 824 1611 892 incoeptum
1639 823 1901 877 ministe-

273 917 427 969 rium
459 915 790 983 adimpleat,
833 912 903 966 ab
934 912 1134 965 altario
1173 911 1276 965 Dei
1314 913 1475 965 nullo
1508 912 1677 966 modo
1720 912 1903 966 disce-

277 1004 413 1057 dere
447 1004 672 1057 audeat.

208 1118 471 1174 CCXXXI.
510 1119 578 1172 Ut
616 1117 808 1171 nullus
859 1116 1161 1185 episcopus
1198 1114 1285 1167 v‘el
1316 1114 1612 1185 presbyter
1653 1115 1721 1168 ad
1755 1116 1900 1168 cele-

276 1207 497 1261 branda
546 1207 849 1259 missarum
900 1204 1182 1257 solemnia
1231 1219 1358 1257 cum
1409 1202 1610 1256 baculo
1661 1203 1765 1269 ire,
1808 1208 1905 1258 aut

278 1297 464 1349 velato
495 1295 678 1365 capite
701 1293 901 1348 altario
933 1294 1031 1346 Dei
1056 1292 1315 1346 assistere
1350 1292 1577 1346 audeat.

206 1411 496 1466 CCXXXII.
552 1410 631 1463 Ne
690 1425 933 1478 corpora
987 1412 1315 1460 sanctorum
1371 1406 1790 1461 transferantur
1834 1406 1903 1461 de

282 1499 407 1551 loco
440 1499 510 1551 ad
541 1499 751 1551 locum.

206 1604 521 1658 CCXXXIII.
556 1602 663 1666 Qui
690 1603 903 1655 mortui
935 1602 994 1654 in
1025 1601 1263 1654 ecclesia
1293 1600 1666 1670 sepeliantur.

2084 546 2351 611 debeant,
2383 544 2497 598 nisi
2527 561 2712 598 orare.

2011 634 2286 688 CCXXXV.
2362 633 2524 697 Quod
2580 633 2773 687 divina
2840 633 3147 687 clementia
3203 634 3327 688 ﬁxis
3379 634 3440 688 in
3489 640 3699 689 terram

2082 723 2326 792 genibus
2370 721 2659 775 exoranda
2698 722 2791 790 sit,
2834 722 2946 775 nisi
2994 722 3053 775 in
3085 723 3399 793 majoribus
3437 723 3707 777 solemni-

2081 810 2313 863 tatibus.

2012 896 2313 952 CCXXXVI.
2343 898 2500 961 Quod
2530 914 2643 951 non
2669 898 2836 951 liceat
2858 898 3102 951 mortuis
3133 899 3391 953 osculum
3423 900 3577 954 dare.

2014 985 2340 1039 CCXXXVII.
2385 987 2453 1040 Ut
2482 985 2677 1039 ﬁdeles
2708 986 2940 1056 sepeliri
2972 987 3240 1040 debeant.

2014 1072 2367 1127 CCXXXVIlI.
2443 1074 2511 1126 Ut
2577 1074 2896 1127 sacerdotes
2957 1074 3026 1128 ad
3072 1079 3302 1144 tempus
3351 1074 3707 1128 orationibus

2082 1166 2282 1214 vacent
2310 1166 2620 1231 antequam
2652 1161 2990 1215 sacriﬁcent.

2013 1248 2313 1304 CCXXXIX.
2358 1249 2435 1302 De
2468 1248 2621 1301 laicis
2651 1248 2751 1319 qui
2781 1249 3044 1303 ecclesias
3075 1250 3334 1321 proprias
3363 1250 3595 1305 habent.

2015 1337 2203 1392 CCXL.
2240 1337 2316 1390 De
2351 1336 2600 1389 ecclesiis
2628 1338 3061 1392 monachorum.

2015 1425 2230 1480 CCXLI.
2270 1426 2346 1477 De
2376 1424 2488 1477 illis
2513 1424 2633 1494 qui,
2667 1424 2804 1478 dum
2818 1442 2935 1479 suae
2951 1425 3313 1496 proprietatis
3343 1427 3465 1480 loca
3498 1427 3708 1481 alicubi

2084 1513 2218 1566 dare
2248 1511 2552 1577 voluerint,
2584 1513 2865 1567 decimam
2899 1516 3428 1585 nusquamtradere
3460 1530 3517 1569 se
3539 1532 3707 1585 posse

2086 1604 2450 1670 cognoscant.

1581 1707 1781 1760 Indicis
1805 1708 2176 1777 Capitulorum
2200 1706 2350 1778 ﬁnis.

1457 2010 2456 2133 BURCHABDI

1093 2223 1553 2287 ECCLESIIE
1629 2222 2334 2289 WORMACIENSIS
2400 2223 2823 2289 EPISCOPI

413 2417 1762 2568 DECRETORUM
1892 2416 2479 2560 LIBER
2607 2388 3503 2562 TERTIUS.

1724 2655 1813 2709 DE
1851 2654 2217 2710 ECCLESIIS.

704 2922 1190 2979 ARGUMENTUM
1220 2920 1430 2975 LIBRI.

291 3016 462 3070 Liber
516 3015 609 3069 hic
665 3014 733 3068 de
793 3012 1118 3067 divinarum
1172 3011 1478 3064 domorum
1530 3010 1911 3077 institutione,

217 3106 375 3160 cultu
420 3109 477 3159 et
526 3104 763 3169 honore,
806 3103 873 3156 de
919 3101 1155 3155 decimis
1184 3104 1241 3154 et
1270 3099 1678 3167 oblationibus,
1731 3100 1914 3170 deque

211 3192 459 3264 justitiis
499 3192 856 3261 singulorum
911 3192 1156 3242 tractat:
1205 3187 1418 3258 quique
1465 3187 1597 3240 libri
1645 3188 1705 3239 in
1756 3203 1912 3240 sacro

217 3283 483 3351 catalogo
538 3279 770 3349 recepti,
815 3278 917 3349 qui
964 3277 1161 3347 rejecti
1211 3282 1267 3330 et
1296 3276 1612 3346 apocryphi
1658 3275 1792 3342 sint,
1830 3291 1917 3329 os-

218 3370 425 3425 tendit.

631 3438 757 3492 CAP.
792 3437 833 3490 I.
870 3468 937 3475 —
966 3435 1111 3501 Quid
1135 3438 1207 3489 sit
1237 3436 1507 3489 Ecclesia.

290 3533 402 3597 (Ea:
454 3529 599 3582 decr.
654 3528 792 3579 Julii
832 3541 1009 3595 papae,
1057 3540 1174 3593 cap.
1233 3524 1309 3594 5.)
1368 3522 1613 3577 Ecclesia
1658 3523 1917 3577 Graecum

221 3624 327 3686 est,
369 3618 521 3689 quod
566 3617 625 3670 in
658 3615 924 3670 Latinum
955 3614 1197 3667 vertitur
1238 3615 1565 3677 convocatio,
1612 3616 1919 3682 propterea

223 3709 377 3778 quod
430 3722 631 3759 omnes
681 3705 747 3757 ad
797 3720 854 3756 se
904 3707 1081 3756 vocet.
1117 3701 1423 3764 Catholica,
1466 3700 1523 3755 id
1571 3707 1653 3754 est
1693 3700 1917 3753 univer-

225 3798 377 3862 salis,
426 3796 556 3851 ideo
586 3795 796 3849 dicitur
826 3796 959 3863 quia
999 3808 1100 3862 per
1131 3792 1464 3844 universum
1514 3790 1790 3843 mundum
1838 3794 1921 3843 est

226 3886 553 3950 constituta,
602 3884 687 3937 vel
723 3882 991 3953 quoniam
1028 3880 1323 3946 catholica,
1358 3879 1465 3932 hoc
1506 3884 1591 3932 est
1638 3878 1920 3948 generalis

224 3976 285 4030 in
320 3975 519 4029 eadem
553 3971 809 4025 doctrina
842 3974 925 4023 est
955 3969 1023 4023 ad
1054 3967 1509 4022 instructionem.

545 4062 669 4115 CAP.
704 4060 771 4113 II.
808 4089 877 4097 —
906 4061 984 4113 De
1016 4058 1305 4126 primitiva
1330 4056 1596 4111 Ecclesia.

297 4154 409 4222 (Ea:
438 4151 580 4205 decr.
615 4147 900 4203 Melchiad.
932 4161 1113 4215 papz,
1146 4161 1265 4214 cap.
1301 4145 1375 4213 8.)
1406 4144 1605 4208 Nemo,
1640 4142 1739 4212 qui
1768 4141 1917 4196 Scri-

225 4244 423 4312 pturas
467 4238 687 4292 divinas
717 4235 874 4305 legit,
911 4235 1139 4304 ignorat
1178 4232 1349 4303 quod,
1384 4234 1444 4284 in
1473 4230 1760 4300 principio
1808 4246 1918 4284 na-

227 4329 434 4384 scentis
465 4325 747 4390 Ecclesiar,
799 4322 1065 4392 discipuli
1109 4321 1169 4374 in
1198 4336 1377 4374 unum
1407 4320 1739 4390 congregati
1788 4324 1920 4373 sunt

227 4430 358 4467 cum
410 4411 784 4465 multitudine
839 4409 1214 4474 credentium,
1272 4406 1334 4460 in
1386 4406 1590 4476 quibus
1636 4409 1760 4459 erat
1822 4420 1920 4457 cor

228 4516 410 4555 unum
457 4504 513 4553 et
550 4498 742 4552 anima
779 4513 916 4565 una,
963 4496 1199 4565 quique,
1250 4494 1560 4547 vendentes
1602 4492 1816 4562 praedia
1864 4497 1922 4546 et

226 4589 607 4660 possessiones
654 4603 805 4650 suas,
858 4585 1195 4639 adferebant
1223 4583 1429 4652 pretia,
1470 4586 1526 4635 et
1562 4580 1922 4635 dividebatur

229 4676 471 4747 singulis
516 4678 691 4745 prout
738 4673 945 4743 cuique
989 4688 1135 4741 opus
1175 4675 1315 4725 erat.
1362 4671 1635 4723 Futurum
1671 4683 1921 4738 namque

228 4764 533 4821 Ecclesiam
582 4763 642 4815 in
680 4762 944 4828 gentibus
987 4759 1233 4829 apostoli
1282 4758 1692 4829 praevidebant,
1742 4756 1923 4810 maxi-

226 4871 435 4925 meque
481 4852 614 4922 quia
656 4850 931 4905 Dominus
976 4849 1090 4901 illis
1120 4847 1507 4917 praedixerat:
1554 4868 1581 4895 «
1613 4836 1823 4900 Euntes
1862 4846 1922 4898 in

226 4944 510 5001 mundum
530 4940 861 4995 universum
885 4938 1189 5008 preedicate
1216 4936 1603 5005 Evangelium,
1633 4958 1653 4982 ιι
1680 4936 1767 4989 vel
1790 4935 1925 5005 quia

228 5031 594 5103 expellendos
634 5044 755 5082 esse
789 5045 821 5080 a
858 5027 1052 5080 Iudaea
1088 5030 1364 5078 noverant
1393 5040 1452 5076 se
1481 5030 1537 5077 et
1568 5023 1627 5076 in
1656 5024 1923 5092 gentibus

227 5119 660 5192 dispergendos,
706 5115 1131 5184 Ecclesiamque
1172 5112 1637 5181 congregandam
1687 5128 1751 5165 ex
1794 5112 1923 5165 rudi

226 5211 463 5283 populo,
494 5207 701 5261 idcirco
732 5204 952 5275 praedia
980 5204 1040 5256 in
1072 5203 1267 5257 Iudaea
1290 5200 1529 5255 minime
1556 5206 1689 5255 sunt
1712 5202 1918 5271 adepti,

229 5301 326 5355 sed
380 5298 567 5370 pretia
629 5293 1031 5349 tantummodo
1092 5293 1161 5345 ad
1212 5290 1482 5345 fovendos
1538 5294 1791 5361 egentes.
1853 5294 1923 5343 At

227 5406 385 5457 vero,
434 5402 564 5440 cum
609 5385 756 5438 inter
787 5380 1043 5436 turbines
1074 5384 1133 5434 et
1173 5379 1408 5433 adversa
1457 5376 1657 5431 mundi
1698 5393 1921 5431 succre-

1952 2925 1991 2977 B
2032 2921 2188 2975 orbis
2232 2920 2621 2975 monarchiam
2671 2921 2961 2989 tenebant,
2991 2921 3062 2975 ad
3101 2920 3275 2975 ﬁdem
3306 2920 3511 2975 Christi
3560 2925 3615 2975 et
3646 2921 3717 2975 ad

2024 3011 2298 3080 baptismi
2330 3015 2686 3064 sacramenta
2715 3015 3140 3064 concurrerent.

2025 3118 2151 3172 CAP.
2202 3118 2295 3171 III.
2341 3147 2410 3157 -—-
2458 3117 2610 3183 Quod
2662 3117 2961 3171 sacerdotes
3002 3131 3160 3185 agros
3200 3132 3330 3184 quos
3375 3116 3599 3169 vendere
3644 3130 3720 3169 so-

2095 3188 2291 3312 aebatnt,
2353 3188 2427 3241 ad
2492 3203 2818 3242 communem
2864 3189 3157 3242 utilitatem
3206 3188 3467 3241 Ecclesiis
3535 3187 3714 3240 trade.

2130 3274 2202 3311 an
2233 3300 2244 3311 .

2097 3347 2219 3413 (Em
2248 3346 2442 3400 decret.
2483 3346 2685 3401 Urban.
2732 3361 2910 3415 papa,
2951 3315 3182 3414 cap..2.)
3214 3344 3480 3398 Videntes
3526 3348 3719 3397 autem

2026 3434 2349 3487 sacerdotes
2390 3440 2447 3487 et
2492 3434 2671 3487 levitas
2716 3439 2772 3485 et
2800 3432 3007 3502 reliqui
3040 3432 3257 3498 ﬁdeles,
3291 3432 3419 3501 plus
3458 3430 3719 3485 utilitatis

2023 3538 2189 3592 posse
2232 3522 2453 3575 adferre
2493 3521 2540 3574 si
2588 3521 2950 3575 haereditates
2989 3525 3045 3574 et
3076 3536 3265 3590 agros,
3312 3536 3458 3589 quos
3508 3519 3717 3572 vende-

2024 3610 2183 3674 bant,
2238 3608 2513 3675 Ecclesiis,
2553 3608 2762 3678 quibus
2793 3608 3176 3679 praesidebant
3205 3607 3478 3678 episcopi,
3528 3607 3718 3660 trade-

2026 3702 2174 3763 rent,
2205 3713 2270 3750 eo
2301 3696 2455 3767 quod
2486 3712 2551 3750 ex
2578 3697 2899 3767 sumptibus
2938 3712 3161 3759 eorum,
3194 3702 3309 3750 tam
3341 3697 3719 3767 praesentibus

2029 3801 2202 3856 quam
2231 3784 2441 3838 futuris
2478 3783 2856 3853 temporibus,
2896 3784 3065 3853 plura
3095 3790 3151 3836 et
3183 3783 3535 3854 elegantiora
3581 3798 3720 3853 pos-

2029 3878 2157 3927 sent
2230 3872 2559 3927 ministrare
2616 3872 2801 3926 ﬁdelis
2855 3888 3226 3926 communem
3299 3873 3474 3925 vitam
3542 3871 3718 3925 dedu-

2029 3962 2308 4027 centibus,
2360 3978 2534 4031 quam
2582 3978 2647 4014 ex
2694 3960 2880 4030 pretio
2930 3961 3208 4031 ipsorum,
3242 3964 3538 4030 coeperunt
3575 3975 3721 4029 pras-

2029 4050 2121 4103 dia
2170 4054 2226 4103 et
2257 4066 2423 4119 agros
2470 4066 2612 4120 quos
2643 4050 2888 4103 vendere
2938 4050 3198 4103 solebant
3245 4049 3578 4103 matricibus
3623 4049 3722 4101 Ec-

2029 4138 2211 4191 clesiis
2234 4138 2481 4204 tradere,
2516 4142 2573 4191 et
2603 4153 2669 4191 ex
2699 4136 3022 4207 sumptibus
3050 4153 3250 4190 eorum
3278 4136 3483 4191 vivere.

2030 4245 2156 4299 CAP.
2194 4244 2279 4297 ιν.
2329 4273 2397 4282 -
2426 4244 2538 4309 Quo
2569 4248 2800 4311 tempore
2834 4245 2945 4296 uiri
2974 4244 3219 4308 religiosi
3256 4245 3456 4311 seipsos
3503 4244 3722 4296 Domino

2111 4319 2511 4380 consecrarunt,
2549 4314 2873 4382 mdiﬁcantes
2903 4315 3155 4368 basilicus
3184 4316 3241 4365 in
3279 4317 3392 4367 suis
3423 4313 3635 4380 fundis.

2099 4413 2208 4475 (Ea:
2255 4409 2447 4464 decret.
2491 4410 2742 4464 Melchia.
2772 4424 2952 4479 papa,
2987 4424 3106 4477 cap.
3158 4408 3267 4478 12.)
3300 4409 3382 4462 Ab
3428 4409 3526 4462 illo
3568 4409 3724 4462 enim

2027 4505 2287 4569 tempore
2337 4503 2391 4552 et
2433 4498 2702 4568 deinceps
2748 4497 2855 4551 viri
2902 4496 3155 4567 religiosi
3191 4513 3306 4550 non
3359 4497 3546 4551 solum
3597 4513 3725 4567 pos-

2031 4587 2307 4641 sessiones
2337 4592 2394 4640 et
2442 4587 2660 4656 praedia
2689 4602 2814 4657 quae
2853 4586 3241 4656 possederant,
3284 4586 3379 4639 sed
3423 4586 3599 4640 etiam
3645 4602 3727 4639 se-

2030 4676 2300 4746 melipsos
2347 4674 2593 4729 Domino
2651 4680 3079 4739 consecrarunt,
3131 4674 3481 4729 aediﬁcantes
3530 4674 3723 4729 basili-
3774 4690 3777 4693 ‘

2030 4781 2121 4817 cas
2168 4764 2229 4817 in
2272 4763 2387 4817 suis
2438 4762 2632 4817 fundis
2663 4762 2721 4815 in
2779 4763 3000 4816 honore
3045 4768 3375 4816 sanctorum
3410 4767 3725 4832 martyrum

2029 4869 2133 4923 per
2181 4852 2450 4918 civitates,
2503 4869 2568 4906 ac
2630 4852 2976 4905 monasteria
3038 4852 3341 4906 innumera
3402 4853 3463 4905 in
3516 4850 3726 4922 quibus

2031 4946 2206 4996 ccetus
2278 4940 2522 4995 Domino
2598 4940 2973 4994 servientium
3051 4941 3405 4995 conveniret.
3466 4939 3725 5009 Denique

2029 5043 2194 5096 reges
2228 5030 2283 5080 et
2342 5025 2616 5095 praesides
2657 5041 2721 5077 ac
2751 5024 3120 5094 magistratus
3171 5042 3285 5078 non
3334 5025 3523 5077 solum
3578 5024 3728 5077 hanc

2031 5115 2321 5169 licentiam
2372 5112 2645 5179 tribuere,
2697 5112 2797 5167 sed
2850 5113 3023 5166 etiam
3082 5113 3193 5181 ipsi
3252 5113 3485 5183 propria
3534 5111 3728 5182 largiti

2034 5207 2164 5255 sunt
2210 5219 2313 5271 per
2349 5202 2616 5256 universa
2662 5216 2843 5271 regna
2892 5206 3199 5269 terrarum,
3242 5201 3392 5255 unde
3439 5201 3729 5254 alerentur

2034 5297 2267 5361 egentes
2299 5291 2397 5362 qui
2422 5291 2564 5344 nihil
2593 5290 2653 5344 in
2684 5289 2901 5344 mundo
2934 5289 3317 5360 possidebant,
3354 5288 3729 5359 Ecclesiaaque

2032 5379 2450 5433 fabricarentur
2498 5383 2667 5449 atque
2708 5382 3185 5445 restaurarentur,
3248 5379 3480 5449 Deoque
3522 5383 3578 5433 et
3627 5380 3727 5432 Ec-

233 5480 413 5531 sceret
459 5472 727 5539 Ecclesia,
771 5471 911 5525 adeo
950 5485 1133 5540 usque
1179 5467 1438 5539 pervenit
1478 5470 1542 5521 ut
1571 5482 1688 5520 non
1736 5466 1921 5520 solum
1956 5485 2000 5539 ι)
2039 5466 2227 5521 clesia:
2281 5467 2403 5537 ejus
2456 5467 2563 5521 rite
2625 5466 3052 5533 famulantium,
3107 5482 3520 5539 servorumque
3576 5467 3730 5523 illius

234 5571 454 5639 gentes,
487 5562 586 5618 sed
617 5561 793 5617 etiam
823 5558 1070 5614 Romani
1098 5556 1408 5628 principes,
1444 5555 1544 5628 qui
1571 5554 1720 5609 bene
1753 5554 1926 5610 totius

2036 5558 2437 5628 supplementa
2464 5556 2680 5629 absque
2712 5555 3049 5613 necessitate
3088 5555 3499 5614 tribuerentur.
