3956 6312
217 352 311 403 671
1290 342 1694 398 BURCHARDI
1730 339 2264 396 WORMACIENSIS
2302 338 2640 394 EPISCOPI.

221 472 418 526 CLVII.
453 472 525 525 Ut
572 483 818 540 corpora
865 467 1268 521 defunctorum
1295 465 1356 519 in
1387 464 1623 519 ecclesia
1660 481 1774 519 non
1824 481 1911 518 se—
1949 465 1994 518 A
2027 464 2213 519 CXCV.
2256 465 2330 518 De
2361 463 2557 518 eadem
2593 477 2672 515 re.

286 559 595 629 peliantur.

215 647 442 702 CLVIII.
478 647 556 700 De
587 646 788 699 eadem
821 659 900 696 re.

213 736 386 790 CLIX.
441 735 511 789 Ut
551 748 723 787 nemo
766 748 869 802 pro
919 729 1260 800 sepeliendis
1307 734 1666 784 mortuorum
1715 745 1911 799 corpo-

285 823 440 876 ribus
471 821 685 892 aliquid
721 819 977 873 muneris
1007 819 1210 888 exigat.

215 911 362 965 CLX.
399 911 475 963 De
502 909 796 979 sepultura
822 906 1262 976 conjugatorum
1283 904 1344 959 in
1361 903 1564 975 primis
1584 904 1904 958 connubiis.

214 997 384 1051 CLXI.
424 998 499 1050 De
531 996 728 1049 eadem
760 1010 841 1047 re.

214 1086 409 1139 CLXII.
448 1087 524 1138 De
565 1084 764 1137 eadem
801 1097 880 1135 re.

215 1173 440 1226 CLXIII.
497 1172 752 1236 Quorum
799 1186 961 1224 mens
1001 1185 1116 1222 una
1161 1168 1366 1234 fuerat,
1434 1167 1728 1237 sepultura
1789 1182 1907 1220 non

284 1265 525 1330 separet.

213 1349 428 1403 CLXIV.
466 1349 543 1402 De
569 1346 739 1400 rebus
769 1344 1162 1400 immobilibus
1193 1343 1461 1398 ecclesia.

213 1437 404 1492 CLXV.
443 1437 519 1490 De
551 1435 750 1489 eadem
782 1451 861 1487 re.
1317 1446 1328 1456 '

209 1525 429 1580 CLXVI.
503 1525 579 1577 De
656 1521 967 1592 prastariis
1032 1520 1396 1576 viduatarum
1445 1519 1811 1573 ecclesiarum
1842 1523 1907 1574 ut

283 1628 399 1665 non
429 1611 677 1664 valeant.

212 1701 460 1755 CLXVII.
499 1701 576 1753 De
609 1698 807 1752 eadem
834 1713 916 1751 re.

214 1789 488 1842 CLXVIII.
527 1788 602 1840 De
631 1786 826 1840 eadem
857 1802 937 1841 re.

213 1877 427 1930 CLXIX.
463 1876 542 1929 De
572 1874 773 1929 eadem
800 1890 880 1927 re.

214 1966 406 2019 CLXX.
457 1965 536 2018 De
585 1962 916 2029 donatione,
969 1961 1056 2016 vel
1103 1961 1454 2032 venditione,
1511 1962 1597 2016 vel
1655 1977 1910 2017 commu-

283 2053 501 2106 tatione
531 2052 614 2106 rei
644 2049 1056 2105 ecclesiastica.

215 2143 429 2197 CLXXI.
503 2144 580 2196 De
632 2139 1178 2195 commutationibus
1244 2137 1754 2194 ecclesiasticarum
1816 2155 1906 2192 re-

285 2247 347 2284 ΓΙ]
359 2247 434 2286 m-.

216 2319 458 2373 CLXXII.
496 2318 572 2371 De
603 2316 800 2370 eadem
830 2331 911 2370 re.

216 2406 484 2461 CLXXIII.
522 2406 600 2458 De
627 2402 1020 2458 ecclesiasticis
1048 2402 1366 2474 mancipiis.

179 2559 194 2566 θ’
216 2493 474 2549 CLXXIV.
511 2493 590 2546 De
617 2492 814 2545 eadem
844 2507 924 2545 re.

217 2583 450 2637 CLXXV.
484 2582 562 2635 De
585 2580 868 2652 regalibus
897 2579 1197 2650 praceptis
1229 2595 1402 2649 super
1428 2579 1744 2648 prastaria.

173 2670 470 2738 _CLXXVI.
561 2670 636 2723 De
712 2668 978 2739 episcopo
1055 2667 1157 2739 qui
1231 2666 1586 2738 mancipium
1648 2666 1911 2720 Ecclesia

288 2757 621 2812 manumitti
649 2757 948 2811 desiderat.

217 2847 501 2902 CLXXVII.
569 2847 646 2900 De
709 2844 1093 2900 sacerdotibus
1158 2843 1256 2914 qui
1321 2859 1412 2898 res
1473 2859 1597 2896 suas
1661 2843 1910 2897 ecclesia

289 2933 640 3003 relinquunt.

2022 553 2254 608 CXCVI.
2291 554 2368 606 De
2395 549 2756 605 immunitate
2787 548 3059 603 ecclesia.

2022 642 2274 695 CXCVII.
2311 641 2387 694 De
2414 639 2765 709 fugientibus
2793 638 2862 692 ad
2892 637 3208 692 ecclesiam.

2021 729 2304 783 CXCVIII.
2338 728 2482 792 Quid
2507 727 2565 780 in
2589 726 2825 780 ecclesia
2850 726 2964 796 legi
2995 726 3216 780 debeat.

2021 817 2252 872 CXCIX.
2290 818 2359 870 Ut
2388 815 2924 870 excommunicandi
2969 815 3083 868 sint
3113 814 3213 885 qui
3241 814 3416 869 libros
3468 814 3721 868 famosos

2092 905 2354 974 legerint.

2019 993 2120 1047 CC.
2157 995 2234 1047 De
2267 992 2379 1046 illis
2409 993 2508 1063 qui
2544 993 2690 1046 clam
2720 990 3071 1062 concipiunt.

2020 1080 2145 1134 CCI.
2185 1081 2260 1132 De
2308 1079 2622 1134 infantibus
2652 1078 2712 1132 in
2763 1078 3040 1132 adulterio
3089 1077 3261 1147 natis,
3313 1085 3370 1132 et
3415 1078 3485 1131 ad
3537 1077 3720 1132 eccle-

2089 1167 2230 1221 siam
2258 1167 2545 1238 expositis.

2019 1256 2170 1310 CCII.
2208 1257 2284 1310 De
2319 1255 2518 1309 eadem
2550 1271 2632 1309 re.

2019 1343 2203 1398 CCIII.
2240 1345 2316 1397 De
2349 1343 2588 1397 avaritia
2619 1343 2998 1396 sacerdotum.

2019 1431 2194 1485 CCIV.
2229 1433 2307 1485 De
2339 1431 2452 1485 illis
2483 1432 2581 1502 qui
2612 1430 2875 1484 ecclesias
2906 1429 3284 1483 incenderint.

2017 1521 2164 1574 CCV.
2198 1522 2273 1574 De
2302 1521 2552 1591 quodam
2585 1520 2789 1574 clerico
2819 1536 2852 1572 a
2881 1519 3109 1574 diabolo
3133 1523 3352 1572 vexato.

2018 1608 2192 1663 CCVI.
2246 1610 2325 1662 De
2391 1609 2560 1663 rebus
2610 1607 2859 1662 ecclesia
2921 1623 3050 1678 qua
3099 1611 3327 1660 mortuo
3375 1605 3641 1677 episcopo
3680 1623 3717 1661 a

2088 1697 2434 1767 presbyteris
2463 1697 2708 1750 vendita
2740 1695 2972 1749 fuerint.

2023 1784 2220 1839 CCVII.
2255 1787 2332 1839 De
2377 1801 2444 1838 eo
2478 1784 2577 1855 qui
2605 1783 2823 1855 spernit
2866 1782 3218 1837 oblationem
3247 1781 3568 1854 presbyteri
3613 1783 3719 1854 qui

2091 1888 2330 1926 uxorem
2361 1872 2580 1926 habuit.

2020 1961 2244 2016 CCVIII.
2313 1961 2474 2025 Quod
2537 1976 2656 2014 non
2736 1957 3149 2029 permittantur
3214 1957 3579 2013 ecclesiastici
3643 1958 3715 2013 ad

2090 2049 2415 2104 cameteria
2447 2048 2848 2103 hareticorum
2879 2049 3165 2102 accedere.

2020 2138 2203 2192 CCIX.
2237 2138 2398 2202 Quod
2441 2154 2555 2192 non
2588 2141 2848 2208 oporteat
2899 2137 2970 2191 ab
2999 2135 3283 2190 hareticis
3317 2134 3577 2206 eulogias
3619 2150 3718 2189 ac-

2089 2242 2292 2298 cipere.

2021 2314 2173 2369 CCX.
2233 2314 2396 2378 Quod
2448 2314 2640 2368 nullus
2694 2312 3047 2368 Christianus
3096 2312 3166 2366 ad
3212 2311 3717 2383 pseudomartyres

2090 2401 2172 2454 ire
2205 2402 2432 2456 debeat.

2019 2490 2200 2544 CCXI.
2234 2490 2396 2554 Quod
2441 2505 2562 2544 non
2616 2492 2876 2560 oporteat
2927 2487 3179 2559 plebeios
3227 2488 3478 2560 psalmos
3521 2487 3582 2541 in
3621 2503 3715 2542 ec-

2090 2577 2263 2631 clesia
2291 2578 2525 2632 cantari.

2019 2666 2225 2720 CCXII.
2261 2667 2338 2719 De
2385 2665 2500 2720 illis
2551 2665 2645 2736 qui
2707 2669 3018 2719 conventus
3055 2663 3156 2735 qui
3193 2665 3264 2718 ad
3328 2663 3713 2718 confessiones

2094 2759 2407 2826 martyrum
2433 2755 2579 2808 ﬁunt
2609 2754 3032 2808 abominantur.

2020 2841 2254 2896 CCXIII.
2290 2843 2361 2896 Ut
2406 2843 2590 2896 victus
2636 2841 2706 2895 ab
2737 2841 3027 2895 exorcistis
3073 2840 3476 2912 energumenis
3508 2839 3570 2894 in
3601 2840 3717 2895 do-

2091 2947 2184 2983 mo
2221 2929 2317 2983 Dei
2357 2929 2688 2984 sedentibus
2720 2929 3164 2983 administretur.

217 3020 532 3074 CLXXVIII.
570 3021 639 3074 Ut
685 3019 1001 3090 presbyteri
1043 3035 1168 3073 rem
1215 3018 1466 3073 ecclesia
1496 3018 1746 3074 vendere
1794 3035 1910 3072 non
1941 3035 1982 3091 C
2022 3019 2245 3074 CCXIV.
2299 3021 2369 3074 Ut
2415 3034 2573 3072 sacra
2621 3035 2750 3072 vasa
2806 3035 2925 3073 non
2969 3017 3037 3072 ab
3088 3017 3211 3072 aliis
3262 3033 3434 3088 quam
3463 3034 3497 3071 a
3539 3017 3716 3072 sacris

288 3111 660 3176 prasumant.

217 3195 456 3249 CLXXIX
533 3195 601 3249 Ut
650 3194 840 3248 nullus
891 3194 1185 3249 ordinatus
1237 3195 1306 3250 de
1353 3193 1685 3249 ministeriis
1740 3196 1912 3250 eccle-

286 3283 385 3336 sia
416 3283 632 3353 aliquid
662 3283 907 3336 vendere
937 3286 1268 3352 prasumat.

217 3371 449 3425 CLXXX.
505 3371 582 3424 De
648 3371 995 3440 presbyteris
1042 3370 1142 3441 qui
1187 3370 1257 3424 de
1299 3370 1430 3440 jure
1483 3369 1571 3424 sui
1619 3370 1772 3424 tituli
1812 3371 1911 3424 ali-

289 3459 425 3529 quid
457 3459 798 3513 distrahunt.

217 3547 472 3601 CLXXXI.
509 3548 587 3601 De
619 3547 815 3601 eadem
847 3563 923 3600 re.

217 3635 506 3689 CLXXXII.
557 3635 718 3698 Quod
775 3640 1052 3705 quantum
1103 3634 1424 3688 remedium
1470 3633 1654 3688 venia
1699 3633 1908 3688 oblatio

288 3721 664 3775 ecclesiastica
723 3721 925 3775 tribuit
975 3721 1308 3789 conferenti,
1359 3726 1583 3775 tantum
1633 3721 1908 3776 damnum

288 3816 574 3878 praparat
602 3809 938 3863 fraudatori.

218 3897 531 3951 CLXXXIII.
599 3898 676 3952 De
737 3897 954 3951 clericis
1020 3897 1120 3967 qui
1173 3897 1516 3952 documenta
1568 3897 1780 3968 quibus
1818 3914 1908 3953 ec-

287 3983 472 4037 clesia
504 3986 783 4055 possessio
810 3985 1074 4039 ﬁrmatur
1101 3985 1446 4040 distrahunt.

217 4074 515 4128 CLXXXIV.
583 4075 658 4128 De
723 4073 943 4129 libertis
1013 4075 1115 4145 qui
1179 4091 1209 4128 a
1273 4075 1592 4145 patrocinio
1658 4075 1908 4131 ecclesia

287 4163 688 4217 discesserunt.

219 4249 488 4304 CLXXXV.
527 4251 602 4304 De
637 4249 854 4304 libertis
881 4251 1150 4305 ecclesia.

220 4337 518 4392 CLXXXVI.
590 4340 666 4392 De
740 4339 962 4394 libertis
1027 4339 1127 4410 qui
1191 4356 1226 4394 a
1291 4339 1729 4412 quibuscunque
1785 4357 1904 4394 ma-
1938 4310 1982 4364 Β

288 4426 527 4480 numissi
553 4433 702 4481 sunt.

219 4514 553 4569 CLXXXVII.
589 4517 665 4569 De
695 4515 1061 4570 manumissis
1092 4516 1152 4570 in
1185 4516 1436 4570 ecclesia.

220 4603 570 4658 CLXXXVIII.
607 4605 682 4659 De
712 4605 965 4674 fugitivis
997 4607 1307 4660 ecclesiast.
1344 4605 1537 4659 servis.

218 4692 514 4748 CLXXXIX.
552 4693 631 4746 De
681 4693 962 4764 episcopis
996 4693 1096 4764 qui
1141 4692 1283 4747 nihil
1315 4694 1435 4747 suis
1482 4693 1730 4749 ecclesiis
1774 4711 1910 4748 con-

287 4781 502 4848 ferunt,
552 4785 609 4835 et
651 4786 844 4836 tamen
889 4799 957 4836 ex
1004 4783 1222 4836 familia
1271 4783 1481 4837 liberos
1528 4782 1712 4837 facere
1760 4799 1909 4854 pra-

289 4874 540 4924 sumunt.

221 4960 364 5014 CXC.
410 4961 487 5014 De
533 4958 647 5012 illis
702 4958 801 5030 qui
856 4975 961 5029 pro
999 4959 1192 5030 aliquo
1241 4964 1401 5014 reatu
1451 4961 1681 5031 fugiunt
1711 4961 1781 5016 ad
1821 4979 1912 5016 ec-

288 5047 539 5102 clesiam.

218 5138 389 5192 CXCI.
427 5138 504 5191 De
551 5142 797 5208 raptore,
850 5135 898 5190 si
927 5152 1055 5191 cum
1103 5142 1267 5209 rapta
1306 5137 1372 5192 ad
1425 5138 1719 5193 ecclesiam
1773 5155 1912 5192 con-

287 5226 514 5296 fugerit.

219 5316 414 5370 CXCII.
465 5317 542 5370 De
607 5333 791 5382 servo,
842 5315 889 5370 si
936 5332 1041 5387 pro
1093 5317 1347 5390 qualibet
1400 5319 1569 5388 culpa
1615 5317 1910 5371 dominum

289 5393 457 5458 suum
490 5406 556 5459 ad
590 5405 887 5460 ecclesiam
912 5405 1142 5477 fugerit.

219 5492 443 5547 CXCIII.
481 5494 558 5547 De
584 5494 782 5548 eadem
813 5511 895 5548 re.

223 5582 434 5635 CXCIV.
472 5583 549 5636 De
580 5583 777 5636 eadem
804 5599 884 5637 re.

2089 3107 2226 3160 viris
2251 3108 2481 3160 tractari
2506 3108 2770 3160 debeant.

2020 3196 2222 3252 CCXV.
2256 3197 2335 3249 De
2378 3195 2611 3249 sacratis
2657 3195 2887 3249 feminis
2930 3211 3059 3265 qua
3090 3210 3248 3248 sacra
3289 3211 3421 3247 vasa
3451 3199 3507 3248 et
3536 3195 3719 3265 pallas

2090 3285 2285 3338 altaris
2315 3288 2556 3338 tractare
2586 3283 3078 3354 prasumpserint.

2021 3373 2244 3428 CCXVI.
2301 3373 2376 3426 De
2419 3372 2567 3425 vasis
2615 3371 2804 3438 sacris,
2851 3371 2920 3424 de
2973 3371 3160 3441 palliis
3213 3371 3423 3437 altaris,
3475 3375 3532 3423 et
3570 3371 3717 3424 velis

2091 3461 2376 3528 ecclesia;
2409 3460 2457 3513 si
2486 3464 2760 3515 vetustate
2789 3463 3128 3529 consumpta
3157 3459 3394 3525 fuerint,
3415 3458 3553 3530 quid
3575 3459 3715 3514 inde

2088 3550 2412 3603 faciendum
2440 3549 2533 3603 sit.

2019 3638 2272 3693 CCXVII.
2336 3638 2415 3691 De
2469 3637 2666 3691 ordine
2732 3637 3012 3691 librorum
3076 3637 3288 3690 Veteris
3339 3638 3709 3692 Testamenti.

2021 3726 2297 3781 CCXVIII.
2337 3727 2412 3779 De
2444 3725 2644 3780 ordine
2670 3726 3102 3796 prophetarum.

2020 3815 2249 3870 CCXIX.
2286 3815 2362 3868 De
2404 3814 2606 3867 ordine
2651 3814 2929 3868 librorum
2963 3813 3103 3867 Novi
3146 3813 3512 3876 Testamenti,
3565 3830 3714 3883 quos

2091 3908 2283 3956 sancta
2332 3900 2590 3956 Romana
2639 3902 2881 3956 Ecclesia
2923 3906 3099 3969 tenet,
3133 3907 3189 3956 et
3236 3902 3423 3955 omnis
3475 3902 3714 3957 univer-

2092 3991 2223 4044 salis
2259 3991 2502 4044 Ecclesia
2530 3990 2810 4045 observat.

2020 4079 2226 4134 CCXX.
2253 4080 2402 4135 Ordo
2437 4085 2656 4150 septem
2698 4079 3071 4150 epistolarum
3102 4077 3524 4132 canonicarum.

2021 4168 2253 4224 CCXXI.
2305 4170 2382 4222 De
2438 4169 2645 4222 notitia
2694 4169 2973 4222 librorum
3025 4168 3485 4239 apocryphorum
3533 4167 3633 4238 qui
3685 4185 3719 4222 a

2095 4256 2302 4310 sanctis
2336 4257 2594 4326 patribus
2625 4261 2840 4311 aterna
2871 4257 3242 4310 damnatione
3272 4256 3527 4309 damnati
3559 4261 3714 4312 sunt.

2024 4345 2276 4400 CCXXII.
2339 4344 2577 4409 Quando
2633 4350 2688 4399 et
2735 4362 2847 4416 quo
2913 4350 3175 4416 tempore
3223 4345 3355 4399 libri
3404 4345 3621 4398 Veteris
3659 4350 3717 4399 et

2095 4431 2233 4485 Novi
2265 4431 2612 4486 Testamenti
2641 4431 2871 4502 legendi
2903 4433 3035 4487 sint.

2021 4518 2303 4574 CCXXIII.
2357 4522 2435 4574 De
2482 4521 2720 4575 vasculis
2769 4521 2978 4592 quibus
3039 4519 3312 4590 mysteria
3371 4536 3530 4573 sacra
3575 4536 3713 4574 con-

2091 4607 2382 4662 ficiuntur.
2486 4605 2488 4608 ’

2021 4695 2296 4751 CCXXIV.
2359 4697 2436 4749 De
2492 4696 2726 4750 ecclesia
2781 4713 2814 4750 a
2871 4695 3262 4766 compluribus
3322 4694 3714 4749 coharedibus

2094 4784 2341 4838 obsessa.

2021 4873 2272 4928 CCXXV.
2323 4875 2399 4926 De
2446 4872 2722 4927 altaribus
2751 4872 2814 4926 in
2841 4872 3048 4944 quibus
3081 4888 3254 4926 sacra
3300 4871 3562 4943 reliquia
3595 4888 3715 4927 non

2092 4961 2479 5016 inveniuntur.

2022 5051 2300 5106 CCXXVI.
2336 5053 2399 5104 In
2427 5049 2592 5105 altari
2620 5051 2680 5104 in
2711 5066 2825 5121 quo
2857 5049 3157 5120 episcopus
3187 5049 3418 5103 missam
3446 5049 3713 5116 celebrat,

2094 5155 2165 5192 ne
2195 5155 2261 5192 eo
2291 5138 2383 5192 die
2413 5139 2709 5210 presbyter
2739 5139 2908 5192 aliam
2935 5138 3140 5192 iterare
3169 5141 3501 5207 prasumat.

2023 5227 2330 5282 CCXXVII.
2371 5229 2440 5281 Ut
2482 5227 2544 5280 in
2577 5227 2865 5281 oblatione
2899 5227 3152 5296 corporis
3184 5231 3239 5280 et
3272 5223 3569 5296 sanguinis
3600 5225 3718 5278 Do-

2096 5317 2238 5369 mini
2270 5316 2567 5369 incensum
2600 5316 2823 5386 imponi
2849 5315 3068 5370 debeat.

2025 5404 2356 5459 CCXXVIII.
2393 5405 2462 5458 Ut
2501 5403 2726 5474 quoties
2768 5403 3058 5458 basilicam
3091 5403 3158 5456 ad
3206 5417 3380 5473 quam
3423 5402 3539 5454 itur
3567 5417 3716 5470 pra-

2095 5494 2276 5548 sentia
2323 5509 2486 5546 nova
2535 5493 2718 5561 plebis
2764 5493 3112 5564 impleverit,
3158 5493 3328 5545 toties
3378 5489 3717 5544 sacrificium

2097 5582 2451 5652 subsequens
2481 5581 2775 5635 offeratur.
