3956 6306
211 328 313 379 673

1184 326 1660 382 DECRETORUM
1702 326 1891 385 LIBRI
1927 327 2037 383 XX.
2079 355 2146 366 —
2184 326 2391 381 LIBER
2429 326 2744 381 TERTIUS.

3610 331 3715 385 674-

209 449 471 504 CCXXIX.
524 450 593 502 Ut
622 449 814 502 nullus
848 447 1148 518 presbyter
1188 448 1422 502 titulum
1467 465 1640 519 super
1668 449 1900 504 titulum
1938 452 1985 504 Α
2016 449 2319 504 CCXXXIV.
2351 449 2514 513 Quod
2536 465 2733 503 omnes
2762 448 2961 503 ﬁdeles
2997 449 3059 503 in
3090 452 3329 506 ecclesia
3359 454 3511 508 nihil
3547 469 3714 523 agere

282 553 565 606 usurpare
596 540 932 606 praesumat.

209 644 441 698 CCXXX.
499 643 565 696 Ut
603 641 902 711 episcopus
934 643 1031 693 aut
1074 640 1368 709 presbyter
1412 646 1718 710 postquam
1768 640 1907 694 mis-

282 746 403 783 sam
447 728 744 798 incmperit
801 731 858 780 et
906 727 1224 780 orationem
1277 727 1504 792 dixerit,
1555 727 1666 780 nisi
1721 727 1910 797 passio

282 818 479 887 aliqua
517 815 913 881 intervenerit,
948 821 1261 884 antequam
1307 816 1620 884 inemptum
1647 815 1910 869 ministe-

283 908 435 958 rium
467 905 799 974 adimpleat,
842 903 911 957 ab
942 903 1142 956 altario
1181 902 1285 956 Dei
1322 904 1483 956 nullo
1516 904 1686 958 modo
1729 904 1911 958 disce-

285 995 422 1048 dere
455 994 681 1047 audeat.

217 1108 479 1165 CCXXXI.
518 1110 586 1163 Ut
624 1108 817 1161 nullus
868 1107 1169 1177 episcopus
1207 1105 1292 1159 v‘el
1324 1106 1621 1177 presbyter
1662 1107 1730 1161 ad
1764 1108 1908 1161 cele-

285 1197 504 1251 branda
554 1198 858 1250 missarum
908 1195 1191 1248 solemnia
1239 1211 1367 1248 cum
1417 1195 1619 1249 baculo
1669 1195 1773 1262 ire,
1816 1200 1913 1250 aut

286 1287 472 1339 velato
503 1285 686 1356 capite
709 1284 909 1339 altario
942 1284 1039 1337 Dei
1064 1283 1324 1337 assistere
1358 1284 1585 1337 audeat.

214 1401 504 1456 CCXXXII.
560 1400 640 1453 Ne
699 1416 942 1469 corpora
995 1403 1322 1451 sanctorum
1379 1398 1799 1453 transferantur
1842 1398 1911 1453 de

290 1489 415 1541 loco
447 1489 517 1541 ad
548 1490 760 1541 locum.

213 1593 529 1649 CCXXXIII.
564 1593 670 1657 Qui
697 1594 912 1646 mortui
944 1593 1001 1645 in
1032 1592 1271 1645 ecclesia
1301 1592 1674 1661 sepeliantur.

2093 538 2360 603 debeant,
2392 537 2506 591 nisi
2536 554 2721 591 orare.

2020 626 2295 680 CCXXXV.
2371 625 2533 690 Quod
2589 626 2783 679 divina
2850 626 3156 680 clementia
3212 627 3336 681 ﬁxis
3388 629 3449 683 in
3498 633 3707 683 terram

2090 715 2335 784 genibus
2379 714 2667 768 exoranda
2707 715 2800 783 sit,
2844 715 2955 767 nisi
3002 715 3063 769 in
3094 716 3408 786 majoribus
3446 717 3715 771 solemni-

2090 802 2322 855 tatibus.

2021 889 2322 944 CCXXXVI.
2351 890 2508 954 Quod
2538 906 2652 944 non
2678 890 2844 945 liceat
2867 891 3111 945 mortuis
3141 892 3400 946 osculum
3431 893 3586 947 dare.

2022 977 2348 1032 CCXXXVIl.
2394 979 2462 1032 Ut
2491 978 2686 1032 ﬁdeles
2716 979 2949 1049 sepeliri
2980 980 3249 1034 debeant.

2022 1065 2376 1120 CCXXXI/Ill.
2450 1066 2520 1119 Ut
2586 1067 2905 1120 sacerdotes
2966 1067 3034 1121 ad
3081 1072 3311 1138 tempus
3359 1068 3715 1122 orationibus

2090 1159 2291 1207 vacent
2319 1159 2628 1224 antequam
2660 1154 2999 1208 sacriﬁcent.

2022 1241 2321 1297 CCXXXIX.
2367 1242 2443 1295 De
2476 1241 2630 1295 laicis
2659 1242 2759 1313 qui
2789 1243 3052 1297 ecclesias
3083 1243 3343 1314 proprias
3373 1244 3603 1300 habent.

2022 1329 2211 1384 CCXL.
2248 1330 2324 1383 De
2359 1329 2608 1383 ecclesiis
2636 1331 3069 1385 monachorum.

2023 1417 2237 1472 CCXLI.
2278 1418 2354 1470 De
2384 1417 2496 1470 illis
2521 1417 2641 1486 qui,
2675 1418 2812 1472 dum
2827 1435 2943 1473 suae
2960 1419 3322 1489 proprietatis
3352 1421 3473 1474 loca
3506 1421 3716 1475 alicubi

2092 1505 2226 1558 dare
2256 1504 2560 1570 voluerint,
2592 1506 2874 1560 decimam
2907 1509 3436 1579 nusquamtradere
3468 1525 3526 1563 se
3546 1526 3715 1579 posse

2094 1597 2457 1663 cognoscant.

1589 1698 1789 1752 Indicis
1813 1700 2184 1769 Capitulorum
2207 1698 2357 1770 ﬁnis.

1465 2001 2463 2125 BURCHARDI

1100 2214 1559 2279 ECCLESIIE
1636 2214 2341 2281 WOBMACIENSIS
2407 2216 2830 2282 EPISCOPI

420 2409 1769 2558 DECRETORUM
1898 2409 2485 2553 LIBER
2614 2380 3511 2556 TERTIUS.

1730 2648 1821 2701 DE
1858 2647 2225 2703 ECCLESIIS.

711 2913 1197 2970 ARGUMENTUM
1225 2913 1436 2967 LIBRI.

298 3007 469 3061 Liber
522 3005 615 3060 hic
671 3005 740 3059 de
800 3003 1125 3058 divinarum
1178 3003 1485 3057 domorum
1537 3002 1917 3069 institutione,

222 3097 380 3151 cultu
425 3099 483 3149 et
532 3094 769 3160 honore,
813 3094 880 3147 de
926 3092 1161 3146 decimis
1191 3095 1247 3145 et
1276 3091 1685 3160 oblationibus,
1737 3091 1920 3162 deque

216 3182 464 3255 justitiis
505 3182 863 3251 singulorum
918 3184 1162 3233 tractat:
1212 3178 1425 3249 quique
1471 3179 1603 3232 libri
1650 3180 1711 3231 in
1762 3195 1919 3232 sacro

223 3273 488 3340 catalogo
544 3270 776 3340 recepti,
821 3269 923 3340 qui
969 3268 1167 3338 rejecti
1217 3272 1274 3321 et
1302 3268 1618 3338 apocryphi
1665 3267 1799 3334 sint,
1836 3284 1923 3321 os-

222 3360 430 3415 tendit.

637 3429 763 3483 CAP.
798 3428 839 3481 Ι.
875 3459 943 3466 -
972 3427 1117 3492 Quid
1140 3429 1213 3480 sit
1242 3427 1513 3481 Ecclesia.

296 3523 407 3587 (Ea:
460 3519 604 3573 decr.
660 3518 798 3571 Julii
838 3532 1014 3586 papae,
1063 3531 1180 3585 cap.
1239 3515 1315 3585 5.)
1374 3515 1619 3568 Ecclesia
1664 3515 1923 3569 Graecum

225 3615 331 3676 est,
374 3609 526 3680 quod
574 3608 630 3661 in
665 3606 930 3661 Latinum
960 3605 1203 3658 vertitur
1244 3606 1571 3669 convocatio,
1617 3608 1924 3673 propterea

228 3699 383 3768 quod
436 3713 637 3750 omnes
687 3696 752 3749 ad
802 3711 860 3747 se
909 3698 1087 3748 vocet.
1123 3692 1428 3756 Catholica,
1473 3692 1530 3746 id
1577 3698 1659 3745 est
1699 3692 1922 3745 univer-

230 3788 382 3852 salis,
430 3787 561 3842 ideo
591 3786 802 3840 dicitur
831 3787 965 3855 quia
1003 3799 1106 3853 per
1137 3783 1469 3836 universum
1520 3782 1795 3835 mundum
1843 3786 1927 3836 est

230 3876 559 3941 constituta,
608 3875 692 3927 vel
729 3874 997 3944 quoniam
1034 3871 1329 3939 catholica,
1363 3870 1470 3923 hoc
1512 3875 1597 3924 est
1643 3870 1925 3940 generalis

228 3966 291 4020 in
325 3966 525 4020 eadem
557 3962 815 4016 doctrina
847 3966 930 4015 est
960 3961 1028 4015 ad
1060 3959 1515 4013 instructionem.

550 4053 675 4106 CAP.
709 4051 777 4103 ΙΙ.
814 4080 883 4088 -
912 4052 989 4104 De
1022 4050 1310 4117 primitiva
1336 4048 1601 4102 Ecclesia.

301 4144 414 4213 (Ea:
443 4142 586 4195 decr.
620 4138 906 4195 Melchiad.
939 4153 1118 4207 papae,
1152 4152 1270 4205 cap.
1306 4137 1381 4206 8.)
1412 4137 1611 4200 Nemo,
1645 4133 1745 4205 qui
1774 4133 1921 4189 Scri-

228 4235 429 4303 pturas
472 4228 692 4283 divinas
723 4227 879 4296 legit,
916 4226 1144 4295 ignorat
1183 4224 1354 4294 quod,
1390 4226 1449 4276 in
1479 4222 1765 4293 principio
1812 4239 1923 4276 na-

230 4318 439 4375 scentis
470 4316 752 4381 Ecclesiae,
805 4314 1071 4383 discipuli
1114 4313 1174 4366 in
1203 4329 1381 4367 unum
1412 4312 1745 4382 congregati
1792 4316 1924 4365 sunt

230 4421 362 4458 cum
416 4402 789 4456 multitudine
844 4400 1219 4465 credentium,
1276 4398 1339 4452 in
1390 4398 1595 4468 quibus
1641 4400 1764 4451 erat
1827 4413 1925 4449 cor

229 4507 415 4545 unum
462 4495 517 4544 et
555 4489 747 4543 anima
784 4504 921 4556 una,
968 4487 1204 4557 quique,
1254 4485 1564 4539 vendentes
1607 4484 1820 4554 praedia
1868 4490 1926 4538 et

228 4579 612 4651 possessiones
659 4594 809 4643 suas,
864 4576 1199 4631 adferebant
1227 4574 1433 4644 pretia,
1475 4578 1530 4627 et
1566 4573 1927 4627 dividebatur

230 4666 477 4738 singulis
522 4669 695 4735 prout
743 4664 949 4734 cuique
994 4679 1139 4732 opus
1179 4666 1320 4716 erat.
1367 4663 1639 4715 Futuram
1676 4676 1926 4731 namque

230 4755 538 4811 Ecclesiam
586 4754 646 4807 in
684 4753 949 4819 gentibus
992 4750 1237 4820 apostoli
1286 4750 1696 4820 prtevidebant,
1746 4748 1927 4802 maxi-

228 4861 439 4916 meque
485 4843 618 4912 quia
660 4841 935 4897 Dominus
980 4839 1094 4892 illis
1125 4839 1511 4908 prsedixerat:
1559 4860 1585 4887 «
1616 4828 1827 4891 Euutes
1866 4837 1926 4890 in

228 4935 514 4992 mundum
534 4932 865 4987 universum
888 4929 1193 4999 praedicate
1221 4927 1607 4997 Evangelium,
1637 4950 1657 4974 η
1684 4928 1771 4981 vel
1794 4926 1929 4998 quia

230 5022 599 5094 expellendos
638 5035 759 5073 esse
794 5036 825 5071 ει
862 5018 1056 5071 Iudaea
1093 5020 1368 5069 noverant
1398 5032 1456 5068 se
1484 5022 1541 5069 et
1573 5016 1632 5068 in
1660 5015 1926 5085 gentibus

230 5110 664 5183 dispergendos,
710 5106 1134 5175 Ecclesiamque
1175 5104 1641 5172 congregandam
1691 5120 1756 5157 ex
1797 5104 1927 5157 rudi

229 5202 466 5274 populo,
497 5198 705 5252 idcirco
737 5195 956 5265 praedia
985 5195 1043 5247 in
1075 5194 1271 5247 Iudaea
1294 5193 1533 5247 minime
1560 5199 1694 5247 sunt
1715 5194 1922 5263 adepti,

232 5292 329 5346 sed
383 5288 570 5361 pretia
633 5284 1035 5340 tantummodo
1096 5284 1165 5337 ad
1215 5282 1486 5336 fovendos
1541 5287 1794 5353 egentes.
1856 5286 1926 5335 At

229 5397 388 5448 vero,
437 5393 569 5430 cum
612 5375 759 5429 inter
790 5372 1047 5427 turbines
1078 5376 1136 5425 et
1176 5370 1411 5425 adversa
1460 5369 1661 5423 mundi
1701 5385 1926 5423 succre-

1958 2917 1997 2970 B
2039 2914 2194 2968 orbis
2238 2913 2628 2968 monarchiam
2677 2914 2967 2982 tenebant,
2998 2914 3069 2968 ad
3108 2914 3282 2968 ﬁdem
3313 2914 3518 2969 Christi
3566 2918 3622 2969 et
3653 2915 3723 2969 ad

2030 3003 2304 3073 baptismi
2336 3009 2693 3057 sacramenta
2722 3008 3146 3057 concurrerent.

2030 3110 2157 3164 CAP.
2207 3110 2301 3164 III.
2347 3140 2416 3148 —-
2465 3110 2616 3176 Quod
2668 3110 2967 3164 sacerdotes
3008 3125 3167 3178 agros
3206 3125 3336 3178 quos
3381 3110 3606 3163 vendere
3650 3125 3727 3163 so-

2101 3180 2297 3304 aebatnt,
2358 3180 2433 3234 ad
2498 3196 2824 3235 communem
2870 3183 3163 3236 utilitatem
3212 3182 3473 3235 Ecclesiis
3542 3181 3720 3234 trade-

2136 3266 2206 3303 an
2238 3292 2250 3304 .

2102 3339 2224 3405 (Ea:
2253 3338 2447 3393 decret.
2488 3339 2690 3392 Urban.
2738 3354 2916 3408 papae,
2958 3309 3189 3408 cap..2.)
3220 3338 3486 3391 Videntes
3533 3342 3724 3392 autem

2031 3426 2354 3480 sacerdotes
2395 3432 2452 3479 et
2496 3426 2677 3479 levitas
2721 3432 2778 3478 et
2807 3426 3013 3495 reliqui
3045 3426 3263 3491 ﬁdeles,
3297 3426 3426 3495 plus
3464 3424 3725 3479 utilitatis

2028 3530 2195 3584 posse
2237 3514 2458 3568 adferre
2499 3513 2545 3566 si
2592 3514 2956 3568 haereditates
2995 3519 3051 3566 et
3082 3529 3271 3583 agros,
3318 3530 3464 3583 quos
3514 3513 3723 3566 vende-

2029 3602 2189 3667 bant,
2242 3600 2519 3666 Ecclesiis,
2558 3602 2768 3671 quibus
2798 3601 3182 3672 praesidebant
3211 3601 3484 3672 episcopi,
3535 3602 3724 3654 trade-

2032 3695 2179 3755 rent,
2210 3705 2276 3742 eo
2306 3689 2460 3759 quod
2491 3705 2555 3742 ex
2583 3690 2904 3759 sumptibus
2945 3706 3167 3753 eorum,
3199 3695 3315 3743 tam
3347 3691 3725 3761 praesentibus

2034 3792 2208 3847 quam
2236 3776 2446 3830 futuris
2484 3776 2862 3845 temporibus,
2901 3777 3071 3846 plura
3101 3784 3156 3830 et
3188 3777 3541 3847 elegantiora
3588 3792 3726 3847 pos-

2034 3870 2162 3919 sent
2235 3865 2565 3919 ministrare
2621 3865 2806 3919 ﬁdelis
2861 3881 3231 3919 communem
3305 3866 3479 3919 vitam
3548 3865 3725 3919 dedu-

2034 3954 2313 4020 centibus,
2365 3970 2540 4024 quam
2587 3970 2653 4007 ex
2700 3953 2886 4023 pretio
2936 3954 3213 4024 ipsorum,
3247 3958 3543 4023 coeperunt
3580 3969 3726 4024 pree-

2035 4043 2127 4096 dia
2175 4047 2231 4095 et
2261 4058 2427 4111 agros
2475 4059 2617 4113 quos
2648 4042 2893 4096 vendere
2943 4042 3202 4096 solebant
3250 4042 3583 4097 matricibus
3628 4043 3728 4095 Ec-

2034 4130 2217 4184 clesiis
2238 4132 2485 4198 tradere,
2521 4135 2579 4184 et
2608 4146 2675 4184 ex
2703 4130 3027 4201 sumptibus
3055 4146 3255 4183 eorum
3281 4129 3487 4184 vivere.

2035 4238 2161 4291 CAP.
2199 4237 2285 4289 IV.
2334 4266 2402 4275 ——
2431 4237 2542 4302 Quo
2573 4241 2805 4305 tempore
2839 4238 2951 4290 viri
2980 4238 3223 4303 religiosi
3260 4238 3460 4304 seipsos
3506 4238 3727 4289 Domino

2117 4312 2516 4373 consecrarunt,
2553 4307 2879 4375 aediﬁcantes
2908 4308 3160 4361 basilicus
3189 4309 3246 4360 in
3284 4309 3396 4361 suis
3427 4306 3638 4373 fundis.

2104 4405 2212 4468 (Ea:
2260 4402 2451 4456 decret.
2496 4403 2747 4457 Melchia.
2777 4418 2957 4471 papae,
2992 4418 3111 4472 cap.
3163 4402 3273 4472 l2.)
3305 4403 3387 4456 Ab
3433 4402 3530 4456 illo
3572 4401 3728 4456 enim

2032 4498 2292 4562 tempore
2341 4495 2396 4544 et
2438 4490 2706 4561 deinceps
2753 4490 2859 4544 viri
2907 4490 3161 4561 religiosi
3196 4507 3311 4545 non
3364 4491 3551 4545 solum
3602 4507 3729 4560 pos-

2035 4580 2312 4634 sessiones
2341 4584 2398 4632 et
2447 4580 2664 4649 praedia
2693 4595 2818 4650 quae
2857 4580 3245 4649 possederant,
3288 4580 3384 4634 sed
3428 4580 3603 4634 etiam
3650 4596 3732 4633 se-

2035 4669 2305 4738 metipsos
2352 4667 2597 4721 Domino
2656 4673 3084 4732 consecrarunt,
3135 4668 3485 4723 aediﬁcantes
3535 4668 3728 4723 basili-
3776 4682 3781 4687 ‘

2035 4773 2125 4810 cas
2173 4756 2233 4809 in
2276 4756 2392 4810 suis
2441 4754 2636 4809 fundis
2667 4755 2725 4808 in
2783 4756 3004 4809 honore
3049 4762 3379 4810 sanctorum
3414 4761 3730 4826 martyrum

2034 4861 2138 4915 per
2184 4845 2454 4911 civitates,
2508 4862 2572 4898 ac
2634 4845 2980 4898 monasteria
3042 4846 3345 4899 innumera
3405 4847 3467 4899 in
3520 4845 3730 4916 quibus

2035 4938 2210 4988 castus
2282 4932 2526 4987 Domino
2602 4932 2977 4987 servientium
3056 4935 3408 4989 conveniret.
3470 4933 3729 5003 Denique

2032 5035 2198 5089 reges
2231 5022 2286 5072 et
2346 5017 2619 5087 praesides
2660 5033 2725 5070 ac
2754 5017 3124 5087 magistratus
3175 5035 3289 5072 non
3338 5019 3527 5072 solum
3582 5018 3731 5071 hanc

2034 5106 2325 5160 licentiam
2375 5104 2649 5171 tribuere,
2701 5106 2801 5160 sed
2853 5106 3027 5160 etiam
3086 5107 3196 5175 ipsi
3256 5107 3489 5177 propria
3538 5106 3731 5176 largiti

2037 5199 2167 5247 sunt
2213 5211 2317 5263 per
2353 5194 2620 5248 universa
2665 5209 2846 5264 regna
2897 5199 3202 5261 terrarum,
3246 5194 3396 5248 unde
3443 5195 3732 5248 alerentur

2038 5289 2271 5353 egentes
2302 5283 2401 5354 qui
2424 5283 2566 5336 nihil
2596 5282 2657 5336 in
2687 5282 2905 5336 mundo
2938 5282 3321 5353 possidebant,
3358 5282 3732 5353 Ecclesiaaque

2036 5371 2453 5425 fabricarentur
2500 5376 2670 5442 atque
2710 5376 3188 5438 restaurarentur,
3252 5373 3484 5443 Deoque
3526 5378 3581 5427 et
3631 5374 3731 5427 Ec-

234 5471 416 5523 sceret
463 5463 730 5530 Ecclesia,
774 5462 915 5517 adeo
953 5477 1136 5531 usque
1182 5458 1441 5531 pervenit
1481 5462 1691 5513 utnon
1740 5458 1925 5512 solum
1960 5478 2003 5531 ι)
2043 5460 2231 5514 clesiaa
2285 5460 2407 5530 ejus
2458 5461 2566 5514 rite
2628 5459 3056 5528 famulantium,
3111 5476 3523 5533 servorumque
3580 5461 3734 5517 illius

236 5562 457 5630 gentes,
491 5553 589 5609 sed
620 5552 796 5608 etiam
826 5549 1074 5605 Romani
1102 5548 1411 5620 principes,
1447 5547 1547 5619 qui
1574 5546 1722 5601 bene
1756 5548 1929 5602 totius

2039 5551 2440 5621 supplementa
2467 5548 2683 5622 absque
2715 5548 3052 5606 necessitate
3092 5548 3503 5609 tribuerentur.
