3956 6320
223 355 327 405 675

1285 345 1698 402 BllliCHARDI
1738 344 2268 401 WOBMACIENSIS
2307 345 2636 401 EPISCOPI.

3619 347 3728 396 676

222 475 348 528 CAP.
400 473 460 527 V.
509 501 582 512 —
633 470 789 535 Quod
836 470 1217 526 Constantinus
1275 470 1488 537 primus
1531 470 1918 535 imperatorum
1945 471 1992 522 Α
2030 466 2158 521 CAP.
2191 467 2341 521 XIII.
2382 497 2442 504 —
2497 468 2565 520 Ut
2595 466 2891 520 Ecclesiam
2917 465 3014 518 ubi
3038 480 3290 534 paganus
3328 467 3569 534 sepultus
3621 471 3724 530 est,

498 542 824 609 fabricandi
847 542 1114 595 Ecclesias
1141 541 1414 593 licentium
1436 539 1649 592 tribuit.

295 631 405 699 (Ea:
434 631 633 692 eodem,
673 644 794 698 cap.
839 631 968 694 10.).
1004 629 1043 682 E
1073 627 1283 698 quibus
1331 626 1418 679 vir
1455 625 1917 694 religiosissimus

225 719 632 774 Constantinus
674 717 914 788 primus,
964 716 1135 770 ﬁdem
1183 715 1439 768 veritatis
1476 721 1741 786 patenter
1783 715 1911 767 ade-

222 813 376 877 ptus,
415 806 704 860 licentiam
752 807 906 860 dedit
951 822 1052 875 per
1092 804 1420 858 universum
1468 804 1667 857 orbem
1713 802 1771 856 in
1813 822 1915 855 5m)

223 895 496 964 degentes
544 892 793 963 Imperio
845 907 965 945 non
1003 891 1185 944 solum
1238 889 1363 944 ﬁeri
1405 888 1775 953 Christianos,
1819 886 1918 941 sed

223 983 397 1036 etiam
467 982 820 1036 fabricandas
876 978 1174 1044 Ecclesias,
1227 984 1282 1031 et
1346 977 1564 1048 praedia
1615 976 1919 1030 tribuenda

223 1068 537 1123 constituit.
587 1067 845 1138 Denique
883 1066 1037 1120 idem
1076 1065 1351 1136 praefatus
1377 1065 1645 1134 princeps
1676 1064 1916 1118 donaria

222 1157 524 1222 immensa,
567 1161 624 1209 et
666 1155 940 1208 fabricam
973 1153 1176 1223 templi
1212 1153 1415 1222 prima:
1444 1151 1591 1206 sedis
1621 1152 1774 1206 beati
1807 1154 1914 1205 Pe-

221 1246 297 1299 tri
343 1244 618 1315 principis
663 1243 1058 1312 apostolorum
1099 1241 1372 1307 instituit,
1419 1241 1562 1294 adeo
1608 1245 1672 1294 ut
1720 1241 1914 1294 sedem

220 1333 582 1404 imperialem
614 1348 726 1402 qua
772 1330 1017 1386 Romani
1059 1329 1349 1400 principes
1388 1329 1796 1400 praesidebant,
1824 1345 1915 1383 re-

222 1422 525 1491 linqueret,
570 1426 626 1474 et
674 1422 730 1474 B.
768 1422 932 1474 Petro
978 1418 1211 1489 suisque
1245 1417 1664 1472 successoribus
1707 1418 1914 1488 profu-

221 1515 408 1562 turam
442 1509 794 1562 concederet.

223 1599 351 1653 CAP.
404 1598 492 1650 VI.
551 1625 618 1637 —
675 1598 740 1649 Ut
782 1597 962 1648 nullus
1010 1596 1300 1649 Ecclesiam
1362 1594 1605 1661 aediﬁcet,
1665 1595 1776 1647 nisi
1821 1595 1914 1647 ille

506 1667 594 1720 cui
619 1669 897 1734 episcopus
919 1667 1020 1719 loci
1041 1669 1211 1718 locum
1240 1665 1622 1730 designaverit.

2576 552 2681 590 non
2707 538 2863 590 liceat
2891 537 3156 589 dedica-ri.

2098 626 2205 693 (Ea:
2235 627 2422 680 concil.
2476 626 2796 690 Aureliano,
2848 640 2968 693 cap.
3001 624 3079 693 7.)
3126 625 3434 678 Ecclesiam
3471 625 3572 680 ubi
3616 641 3724 694 pa-

2027 730 2208 784 ganus
2261 715 2519 783 sepultus
2569 719 2673 778 est,
2743 729 2861 766 non
2919 713 3086 766 liceat
3132 730 3488 782 consecrare,
3529 730 3726 783 neque

2029 803 2220 856 Missas
2261 802 2321 855 in
2353 818 2419 855 ea
2449 801 2758 867 celebrare,
2811 802 2909 856 sed
2937 801 3142 871 jactari
3174 802 3326 856 foras
3356 807 3412 855 et
3451 802 3726 856 mundari

2027 894 2272 962 oportet.

2026 999 2155 1054 CAP.
2205 999 2338 1052 XIV.
2373 1027 2442 1038 —
2473 1000 2540 1052 Ut
2569 1000 2628 1050 in
2664 998 2906 1052 Ecclesia
2956 999 3015 1049 in
3045 1012 3155 1064 qua
3193 996 3461 1051 cadavera
3506 998 3724 1067 sepulta

2361 1073 2488 1122 sunt
2520 1070 2694 1122 altare
2719 1083 3030 1122 consecrare
3056 1083 3162 1121 non
3194 1068 3375 1121 liceat.

2094 1161 2201 1224 (Ea:
2254 1156 2452 1222 eodem,
2508 1172 2626 1225 cap.
2677 1159 2750 1224 6.)
2795 1157 2858 1210 In
2891 1157 3137 1210 Ecclesia
3179 1149 3395 1226 inqua
3443 1155 3721 1210 cadavera

2022 1251 2380 1300 mortuorum
2433 1245 2808 1314 sepeliuntur,
2870 1244 3224 1298 sanctiﬁcare
3267 1245 3446 1298 altare
3485 1261 3604 1299 non
3651 1246 3722 1300 Ii-

2020 1339 2161 1387 ceat.
2202 1333 2260 1387 Si
2303 1339 2494 1386 autem
2525 1338 2919 1387 consecratum
2966 1333 3126 1404 prius
3172 1333 3302 1399 fuit,
3344 1332 3536 1386 Missas
3586 1333 3724 1387 licet

2020 1421 2305 1475 celebrare
2336 1420 2394 1474 in
2427 1437 2512 1474 ea.

2021 1525 2150 1579 CAP.
2182 1527 2292 1579 XV.
2333 1556 2400 1566 —
2436 1527 2501 1579 Ut
2540 1526 2654 1579 loca
2678 1527 2836 1579 semel
2865 1526 3138 1593 dedicata,
3168 1531 3428 1596 perpetuo
3471 1529 3550 1582 sic
3593 1544 3721 1597 per-

2731 1602 3003 1650 maneant.

2098 1688 2202 1747 (Ea:
2241 1683 2431 1740 concil.
2479 1685 2630 1752 apud
2660 1687 3028 1752 Aquisgran.,
3061 1701 3180 1754 cap.
3215 1686 3294 1754 4.)
3329 1686 3398 1739 Ut
3437 1685 3560 1739 loca
3590 1701 3723 1755 qum

295 1756 399 1817 (Ere
427 1756 615 1809 concil.
669 1755 1039 1819 Aurelianen,
1083 1769 1203 1821 cap.
1259 1754 1335 1819 3.)
1381 1753 1559 1806 Nemo
1611 1752 1914 1806 Ecclesiam
1945 1751 1986 1804 Β
2024 1774 2199 1826 semel
2260 1775 2372 1826 Deo
2425 1751 2685 1826 dedicata
2726 1751 2878 1838 gum,
2919 1778 3018 1826 aut
3061 1751 3409 1826 mgnast'eria
3458 1751 3720 1837 fuerint,

224 1842 468 1896 aediﬁcet
505 1846 809 1910 antequam
842 1841 1084 1893 civitatis
1129 1840 1429 1910 episcopus
1460 1839 1666 1901 veniat,
1699 1845 1756 1894 et
1801 1840 1912 1894 ibi-

221 1929 349 1983 dem
407 1944 634 1982 crucem
687 1929 826 1997 ligat
872 1928 1118 1998 publice,
1175 1933 1231 1982 et
1278 1927 1489 1981 atrium
1527 1927 1807 1998 designet,
1862 1933 1918 1982 et

221 2023 353 2072 ante
394 2016 680 2086 praeﬁniet
725 2016 824 2086 qui
872 2016 1154 2070 aediﬁcare
1203 2015 1342 2083 vult,
1387 2032 1516 2086 qua;
1546 2016 1617 2069 ad
1664 2017 1914 2070 lumina-

220 2105 326 2171 ria,
387 2112 444 2158 et
480 2106 552 2158 ad
609 2103 929 2158 custodiam
979 2110 1032 2158 et
1077 2103 1362 2174 stipendia
1409 2105 1710 2157 custodum
1764 2105 1916 2158 sulti-

220 2194 391 2259 ciant,
425 2198 481 2247 et
521 2198 748 2247 ostensa
783 2193 1091 2247 donatione
1139 2193 1219 2264 sic
1256 2193 1492 2246 domum
1534 2193 1795 2247 aediﬁcet.
1850 2193 1918 2246 Et

219 2287 526 2351 postquam
567 2287 893 2334 consecrata
927 2281 1119 2346 fuerit,
1170 2281 1378 2334 atrium
1427 2281 1686 2350 ejusdem
1728 2281 1915 2334 Eccle-

221 2370 319 2423 siae
341 2375 538 2422 sancta
564 2386 713 2439 aqua
737 2374 1097 2438 conspergat.

221 2459 348 2512 CAP.
413 2458 524 2511 VII.
577 2485 650 2496 —
695 2460 776 2512 De
822 2458 916 2510 illo
965 2459 1062 2525 qui
1107 2459 1165 2510 in
1223 2472 1318 2511 suo
1364 2457 1572 2526 praedio
1619 2458 1917 2513 Ecclesiam

766 2527 1034 2596 aediﬁcare
1061 2527 1352 2581 desiderat.

290 2617 400 2684 (Ea:
445 2616 631 2670 concil.
684 2615 1096 2681 Wormaciensi,
1130 2631 1250 2684 cap.
1310 2615 1387 2685 6.)
1426 2615 1763 2684 Quicunque
1812 2632 1910 2670 vo-

221 2705 393 2760 luerit
461 2705 521 2757 in
570 2720 674 2757 sua
719 2704 1074 2774 proprietate
1135 2704 1440 2758 Ecclesiam
1494 2705 1799 2770 aediﬁcare,
1859 2708 1915 2757 et

219 2809 560 2848 consensum
605 2798 660 2846 et
694 2794 1044 2847 voluntatem
1078 2793 1332 2862 episcopi
1377 2793 1607 2846 habebit
1650 2793 1709 2846 in
1750 2793 1912 2862 cujus

219 2882 488 2952 parochia
543 2880 738 2949 fuerit,
797 2880 1016 2934 licitum
1066 2881 1157 2934 sit.
1208 2882 1618 2934 Verumtamen
1677 2881 1912 2934 omnino

218 2969 654 3041 praevidendum
703 2973 786 3022 est
831 2968 1120 3038 episcopo,
1173 2974 1237 3022 ut
1281 2969 1406 3022 alia:
1450 2968 1711 3022 Ecclesiae
1762 2969 1909 3022 anti-

221 3057 474 3128 quiores,
519 3060 755 3125 propter
788 3071 961 3109 novas
988 3072 1148 3109 suam
1189 3055 1473 3125 justitiam
1505 3060 1603 3108 aut
1629 3055 1908 3110 decimam

219 3162 338 3200 non
395 3145 656 3215 perdant,
711 3143 807 3198 sed
850 3159 1076 3214 semper
1123 3144 1194 3198 ad
1232 3143 1586 3214 antiquiores
1635 3145 1909 3199 Ecclesias

217 3234 594 3305 persolvatur.

221 3302 349 3378 δη.
382 3322 548 3375 ~vm.
603 3349 671 3362 —
729 3322 797 3376 Ut
835 3302 1012 3375 omnes
1071 3322 1320 3376 Ecclesiae
1365 3323 1425 3374 in
1467 3322 1616 3376 illius
1673 3324 1911 3391 episcopi

363 3397 629 3462 potestate
658 3395 787 3458 sint,
816 3395 876 3445 in
907 3393 1062 3460 cujus
1094 3395 1366 3446 territorio
1389 3395 1583 3461 positae
1611 3400 1754 3448 sunt.

292 3481 396 3550 (Ea.
444 3480 631 3536 concil.
684 3482 1061 3544 Aurelianen.,
1110 3497 1230 3549 cap.
1286 3481 1357 3552 1.)
1405 3481 1615 3536 Omnes
1659 3480 1910 3534 basilica:

220 3586 349 3640 quae
405 3585 509 3640 per
550 3569 773 3622 diversa
812 3569 936 3622 loca
967 3574 1307 3622 constructae
1356 3573 1489 3622 sunt
1525 3569 1614 3623 vel
1655 3569 1910 3640 quotidie

220 3658 667 3724 constituuntur,
718 3657 954 3728 placuit,
985 3658 1300 3711 secundum
1336 3657 1593 3728 priorum
1625 3673 1910 3712 canonum

219 3746 493 3815 regulam,
539 3751 603 3798 ut
647 3745 706 3798 in
739 3745 863 3814 ejus
892 3745 1148 3816 episcopi
1176 3745 1236 3798 in
1284 3747 1442 3815 cujus
1473 3745 1762 3800 territorio
1806 3761 1908 3815 po-

221 3833 343 3886 sitae.
369 3837 522 3898 sunt,
557 3837 834 3902 potestate
864 3832 1196 3886 consistant.

221 3921 350 3976 CAP.
404 3921 490 3974 IX.
534 3951 602 3959 —-
656 3923 721 3975 Ut
773 3924 1014 3989 antiqua:
1055 3922 1300 3975 Ecclesia:
1335 3923 1758 3990 possessionibus
1795 3925 1910 3977 suis

611 3997 838 4061 propter
863 4007 1030 4046 novas
1059 4008 1163 4045 non
1193 3993 1506 4061 spolientur.

287 4078 396 4149 (Ea:
445 4081 631 4133 concil.
689 4079 968 4145 Meldensi,
1022 4096 1140 4149 cap.
1194 4084 1270 4148 8.)
1326 4082 1395 4134 Ut
1452 4080 1712 4135 Ecclesiae
1768 4081 1910 4135 anti-

218 4167 412 4237 quitus
442 4168 786 4235 constitutae,
831 4185 936 4223 nec
967 4169 1226 4237 decimis,
1258 4186 1362 4224 nec
1404 4170 1523 4224 ulla
1553 4170 1908 4240 possessione

216 4255 533 4326 priventur,
565 4257 645 4311 ita
675 4262 739 4312 ut
770 4258 932 4311 novis
963 4258 1231 4312 oratoriis
1258 4258 1564 4312 tribuatur.

333 4364 462 4418 CAP.
495 4365 556 4419 Χ.
589 4367 753 4418 —De
781 4366 1032 4419 Ecclesiis
1071 4370 1122 4418 et
1150 4365 1437 4432 altaribus,
1479 4367 1574 4418 ubi
1602 4367 1794 4435 aliqua

348 4435 637 4488 dubitatio'
650 4441 728 4489 est
760 4435 826 4489 de
854 4439 1268 4504 consecratione,
1298 4440 1360 4490 ut
1385 4443 1776 4491 consecrentur.

287 4520 394 4591 (Ea:
440 4523 618 4576 eodem
654 4525 865 4590 concil.,
911 4539 1030 4593 cap.
1080 4523 1194 4595 45.)
1239 4526 1308 4578 Ut
1350 4525 1614 4577 Ecclesiae
1645 4524 1733 4577 vel
1765 4525 1904 4578 alta-

215 4609 300 4663 ria
347 4627 476 4680 qua:
506 4611 774 4680 ambigua
817 4618 950 4666 sunt
980 4613 1049 4666 de
1093 4612 1535 4678 consecratione,
1580 4628 1908 4667 consecren-

215 4704 329 4765 tur,
357 4703 415 4752 et
438 4704 502 4751 ut
527 4698 816 4770 superﬂua
840 4699 1041 4754 altaria
1068 4701 1456 4754 destruantur.

216 4804 344 4858 CAP.
397 4805 482 4858 XI.
531 4835 600 4844 ——
659 4806 721 4860 Si
763 4808 938 4861 altare
975 4811 1176 4861 motum
1221 4808 1408 4873 fuerit,
1460 4805 1629 4860 denuo
1671 4806 1909 4861 Ecclesia

887 4883 1236 4932 consecretur.

287 4965 394 5029 (Ea:
441 4963 583 5018 decr.
629 4965 790 5030 Ygini
827 4981 1012 5035 papa,
1063 4980 1185 5034 cap.
1237 4965 1318 5033 4.)
1361 4965 1418 5019 Si
1465 4967 1687 5018 motum
1735 4965 1909 5018 fuerit

213 5050 413 5120 altare,
462 5051 650 5106 denuo
697 5059 1062 5108 consecretur
1109 5054 1381 5120 Ecclesia;
1420 5053 1467 5106 si
1498 5053 1746 5123 parietes
1775 5070 1907 5108 mu-

213 5143 426 5207 tantur,
464 5146 520 5195 et
547 5157 664 5196 non
695 5143 894 5208 altare,
929 5142 1142 5196 salibus
1163 5147 1388 5196 tantum
1417 5142 1786 5196 exorcizetur.

214 5246 342 5300 CAP.
372 5247 488 5301 XII.
534 5277 603 5288 --
653 5249 716 5304 Si
758 5251 999 5304 Ecclesia
1042 5249 1251 5302 violata
1290 5250 1480 5317 fuerit,
1537 5251 1734 5302 iterum
1789 5264 1907 5302 con-

929 5325 1181 5374 secretur.

282 5408 392 5473 (Ea:
434 5407 633 5475 eodem,
683 5423 804 5478 cap.
866 5407 942 5479 6.)
992 5408 1049 5463 Si
1108 5407 1421 5462 homicidio
1479 5407 1567 5461 vel
1619 5406 1904 5461 adulterio

213 5494 460 5548 Ecclesia
513 5495 686 5551 fuerit
741 5497 972 5567 violata,
1031 5495 1470 5568 diligentissime
1531 5500 1900 5568 expurgatur,

212 5586 269 5636 et
293 5581 484 5638 denuo
511 5589 892 5642 consecretur.

2026 1867 2294 1915 maneant
2324 1867 2600 1930 perpetuo
2633 1861 2732 1924 sic,
2784 1877 2892 1914 nec
2935 1865 3177 1930 possunt
3207 1862 3358 1915 ultra
3395 1861 3522 1915 ﬁeri
3566 1878 3724 1915 secu-

2024 1949 2166 2003 laria
2200 1949 2543 2002 habitacula.

2026 2054 2154 2109 CAP.
2185 2054 2313 2107 XVI.
2347 2082 2416 2092 —
2449 2053 2530 2106 De
2567 2053 2694 2106 locis
2727 2050 2934 2104 dudum
2973 2053 3226 2119 sacratis,
3271 2055 3322 2104 et
3349 2067 3490 2106 nunc
3530 2051 3720 2120 negle-

2449 2126 2570 2190 ctis,
2600 2127 2662 2175 ut
2690 2125 2886 2175 iterum
2905 2125 3285 2188 reformmztur.

2095 2211 2204 2282 (Ea:
2229 2210 2428 2276 eodem,
2461 2225 2578 2278 cap.
2605 2208 2681 2279 6.)
2714 2209 2934 2263 Placuit
2962 2215 3027 2262 ut
3052 2211 3176 2262 loca
3201 2209 3543 2279 jamdudum
3575 2226 3720 2263 con—

2023 2305 2257 2366 secrata,
2301 2303 2356 2352 et
2398 2314 2553 2351 nunc
2602 2297 2890 2366 spurcitiis
2944 2297 3172 2364 foedata,
3230 2297 3394 2367 juxta
3431 2297 3724 2368 possibili-

2020 2392 2195 2442 tatem
2229 2387 2288 2439 in
2320 2386 2621 2457 antiquum
2655 2390 2866 2438 statum
2898 2386 3302 2440 reformentur.

2023 2477 2150 2531 CAP.
2201 2476 2363 2530 XVII.
2398 2504 2467 2514 —
2512 2477 2578 2528 Ut
2621 2475 2803 2528 nullus
2847 2474 3004 2528 aliud
3039 2476 3215 2528 altare
3257 2477 3461 2541 erigere
3500 2491 3717 2544 praesu—

2199 2551 2331 2613 mat,
2363 2548 2474 2599 nisi
2505 2545 2647 2612 quod
2677 2545 2744 2597 ab
2773 2547 3018 2614 episcopo
3048 2551 3411 2599 consecratum
3439 2552 3536 2600 est.

2093 2634 2198 2705 (Ea
2239 2634 2382 2688 decr.
2427 2633 2726 2688 Hormisdz
2766 2649 2927 2702 pap.,
2957 2648 3076 2701 cap.
3113 2633 3217 2700 10.)
3248 2634 3317 2688 Ut
3356 2634 3550 2688 nullus
3594 2650 3722 2704 pre-

2023 2723 2214 2793 sbyter
2262 2723 2323 2776 in
2390 2721 2634 2776 Ecclesia
2685 2726 3011 2774 consecrata
3064 2721 3222 2774 aliud
3273 2722 3449 2775 altare
3507 2723 3716 2792 erigat,

2021 2811 2133 2865 nisi
2163 2811 2315 2882 quod
2347 2811 2416 2864 ab
2468 2810 2736 2880 episcopo
2784 2809 2893 2862 loci
2926 2810 3011 2862 vel
3057 2809 3179 2880 ejus
3218 2811 3503 2880 permissu
3546 2828 3719 2864 sanc-

2021 2905 2297 2958 tiﬁcatum
2327 2909 2414 2958 est
2447 2921 2460 2957 :
2504 2908 2566 2956 ut
2595 2902 2667 2956 sit
2697 2901 2963 2956 discretio
3003 2901 3156 2956 inter
3185 2907 3466 2956 sacratum
3501 2909 3558 2956 et
3600 2920 3718 2957 non

2021 2999 2326 3058 sacratum,
2362 3007 2467 3046 nec
2512 2989 2932 3044 dedicationem
2964 2989 3164 3060 fingat,
3195 2990 3305 3042 nisi
3344 2991 3436 3046 sit.
3471 2991 3635 3055 Quod
3669 2991 3719 3045 si

2020 3082 2237 3148 fecerit,
2273 3082 2320 3134 si
2354 3079 2595 3135 clericus
2621 3083 2726 3146 est,
2761 3079 3127 3150 degradetur,
3169 3079 3217 3133 si
3246 3079 3443 3147 laicus,
3477 3081 3713 3134 anathe-

2021 3172 2342 3226 matizetur.

2020 3262 2149 3315 CAP.
2191 3259 2380 3314 XVIII.
2422 3287 2490 3298 —
2527 3259 2592 3312 Ut
2624 3259 2965 3381 energumen:
2992 3257 3355 3312 Ecclesiarum
3395 3259 3718 3326 pavimenta

2747 3343 2940 3381 verran
2971 3369 2983 3381 .

2747 3343 2983 3381 verram.

2089 3420 2206 3490 (Εω
2243 3419 2434 3474 concil.
2481 3417 2765 3484 Carthag.,
2813 3432 2932 3485 cap.
2971 3417 3078 3485 91.)
3125 3415 3456 3471 Pavimenta
3504 3416 3718 3471 domo-

2018 3525 2148 3564 rum
2180 3507 2278 3561 Dei
2298 3505 2677 3577 energumeni
2716 3511 2966 3558 verrant.

2162 3593 2290 3646 CAP.
2321 3590 2449 3644 XIX.
2484 3619 2548 3632 —
2579 3593 2651 3644 De
2675 3591 3018 3644 monasteriis
3038 3589 3196 3643 semel
3226 3589 3568 3645 consecratis.

2091 3681 2196 3748 (Ea:
2233 3679 2418 3734 concil.
2452 3678 2726 3746 Chalced.,
2761 3693 2879 3746 cap.
2927 3677 3042 3748 24.)
3076 3678 3213 3741 Quae
3245 3679 3420 3732 semel
3451 3678 3719 3733 dedicata

2019 3772 2151 3821 sunt
2183 3772 2318 3821 sunt
2346 3766 2693 3821 monasteria
2723 3765 2963 3820 consilio
3000 3766 3399 3836 episcoporum
3453 3768 3554 3838 qui
3584 3768 3719 3822 civi-

2018 3861 2162 3910 tates
2219 3858 2436 3921 tenent,
2491 3871 2726 3909 manere
2784 3859 3065 3924 perpetuo
3107 3854 3473 3919 monasteria,
3519 3861 3578 3909 et
3623 3872 3719 3910 res

2019 3960 2148 4015 quas
2204 3943 2274 3996 ad
2321 3958 2388 3996 ea
2429 3942 2722 4012 pertinent
2748 3941 3108 3996 monasteriis
3160 3941 3440 3995 reservari
3480 3942 3710 4008 debere,

2020 4048 2124 4086 nec
2169 4047 2340 4102 posse
2388 4047 2453 4084 ea
2501 4031 2648 4085 ultra
2696 4030 2824 4084 ﬁeri
2871 4029 3167 4084 saecularia
3210 4029 3550 4084 habitacula.
3604 4030 3717 4094 Qui

2017 4137 2152 4176 vero
2183 4121 2291 4174 hoc
2320 4119 2446 4174 ﬁeri
2487 4119 2876 4190 permiserint,
2911 4135 3199 4173 canonum
3225 4118 3526 4172 sententiis
3573 4119 3714 4174 sub-

2013 4210 2306 4282 jacebunt.

1937 4302 1981 4355 D
2022 4300 2148 4355 CAP.
2199 4297 2302 4352 XX.
2349 4326 2418 4338 —
2466 4299 2541 4352 De
2576 4297 2687 4351 illis
2731 4298 2828 4365 qui
2858 4295 3032 4350 dotem
3069 4297 3327 4352 Ecclesiae
3361 4296 3468 4351 sibi
3513 4298 3710 4352 vendi-

2554 4382 2677 4422 care
2703 4371 3165 4436 praesumpserint.

2084 4457 2202 4524 (Ea:
2232 4455 2417 4510 concil.
2454 4456 2716 4521 Toletan.,
2748 4471 2868 4524 cap.
2917 4455 3025 4526 19.)
3070 4455 3246 4524 Multi,
3281 4460 3482 4510 contra
3531 4471 3710 4510 cano-

2011 4561 2154 4599 num
2224 4543 2554 4603 constituta,
2615 4541 2694 4596 sic
2748 4543 3022 4596 Ecclesias
3080 4559 3222 4614 quas
3298 4543 3713 4600 aediﬁcaverint

2011 4633 2305 4704 postulant
2333 4631 2670 4699 consecrari,
2706 4637 2768 4686 ut
2797 4632 3012 4698 dotem,
3058 4648 3228 4701 quam
3266 4632 3528 4687 Ecclesiae
3565 4650 3709 4687 con-

2010 4720 2267 4787 tulerint,
2301 4724 2570 4773 censeant
2595 4719 2664 4773 ad
2694 4719 2945 4790 episcopi
2973 4720 3399 4774 ordinationem
3428 4736 3544 4774 non
3576 4737 3713 4791 per-

2010 4811 2216 4865 tinere.
2275 4808 2438 4872 Quod
2479 4807 2696 4862 factum
2742 4813 2797 4862 et
2824 4808 2886 4862 in
2932 4808 3294 4878 praeteritum
3334 4809 3618 4879 displicet,
3654 4813 3713 4864 et

2011 4899 2072 4952 in
2100 4899 2291 4952 futuro
2329 4896 2697 4967 prohibetur;
2751 4896 2850 4950 sed
2882 4897 3098 4965 omnia,
3129 4896 3445 4951 secundum
3477 4913 3712 4952 consue-

2011 4987 2276 5041 tudinem
2306 4985 2626 5056 antiquam,
2659 4985 2730 5040 ad
2759 4985 3014 5055 episcopi
3052 4985 3474 5040 ordinationem
3505 4993 3561 5041 et
3597 5003 3710 5058 po—

2010 5079 2274 5130 testatem
2306 5073 2656 5145 pertineant.

2011 5163 2140 5218 CAP.
2172 5163 2303 5217 XXI.
2337 5192 2406 5202 —-
2438 5162 2519 5216 Dc
2545 5162 2798 5216 Ecclesiis
2827 5161 3136 5230 destructis,
3175 5162 3436 5230 quomodo
3482 5167 3705 5218 restau-

2654 5236 2775 5286 rari
2812 5233 3055 5287 debeant.

2084 5320 2192 5390 (Ea:
2241 5321 2383 5374 decr.
2444 5321 2604 5385 Ygini
2657 5336 2837 5389 papae,
2889 5336 3005 5390 cap.
3057 5323 3127 5387 5.)
3185 5322 3253 5375 Ut
3304 5321 3567 5375 Ecclesiae
3613 5322 3708 5376 de-

2011 5414 2262 5476 structaz,
2315 5408 2411 5463 ubi
2460 5414 2559 5462 aut
2587 5409 2778 5480 plures
2810 5415 2944 5464 sunt
2981 5425 3156 5480 quam
3199 5426 3429 5464 necesse
3463 5410 3554 5477 sit,
3608 5416 3708 5464 aut

2010 5497 2244 5568 majoris
2295 5495 2728 5567 magnitudinis,
2785 5512 2958 5568 quam
3007 5502 3074 5550 ut
3131 5513 3198 5550 ex
3254 5497 3424 5551 rebus
3478 5498 3548 5552 ad
3610 5513 3706 5552 eas

2008 5585 2436 5657 pertinentibus
2507 5585 2818 5640 restaurari
2875 5584 3122 5657 possint,
3197 5585 3454 5658 episcOpi
3517 5586 3708 5657 provi-
