3956 6306
162 339 265 391 677

1132 342 1615 401 DECRETORUM
1657 345 1839 403 LIBRI
1880 348 1984 403 XX.
2030 379 2098 388 ——
2140 351 2347 406 LIBER
2384 352 2703 409 TERTIUS.

3564 368 3667 419 678

162 460 359 515 dentia
422 461 626 515 modus
682 461 1008 516 inveniatur
1065 464 1313 534 qualiter
1364 466 1675 521 consistere
1730 473 1938 539 pos-A
1977 469 2131 525 cium
2178 472 2633 528 Ecclesiasticum
2685 476 2916 545 habent,
2964 481 3030 533 ad
3085 486 3229 536 lecta
3278 485 3531 539 Ecclesiae
3579 504 3675 541 re-

159 549 299 603 sint.

126 626 295 692 ‘CAP.
336 639 499 693 XXII.
548 667 617 713 έ-
668 639 821 713 Quod
868 642 928 713 in
969 656 1082 695 una
1124 645 1503 697 terminatione
1545 646 1730 713 plures
1784 646 1873 699 ba-

462 712 747 778 ptismales
776 712 1024 765 Ecclesiae
1052 727 1163 766 esse
1195 729 1301 766 non
1326 712 1558 782 possint;

236 796 344 865 (Ea:
370 799 559 851 concil.
591 799 740 866 apud
767 800 1135 867 Aquisgran.,
1171 817 1291 870 cap.
1327 804 1357 854 5
1388 802 1410 873 )
1439 804 1637 857 Plures
1662 803 1873 874 baptis-

164 885 347 939 males
386 887 649 940 Ecclesia
691 887 754 940 in
802 904 916 941 una
953 890 1362 944 terminatione
1411 908 1533 945 esse
1583 909 1694 946 non
1738 910 1871 963 pos-

164 980 321 1037 sunt,
374 976 473 1029 sed
524 992 637 1029 una
684 978 1087 1031 tantummodo
1131 995 1262 1033 cum
1321 981 1567 1035 subditis
1609 980 1863 1050 capellis.

168 1062 237 1114 Et
265 1061 313 1114 si
361 1062 652 1115 contentio
698 1062 874 1116 fuerit
897 1064 970 1117 de
1016 1066 1433 1128 terminatione
1465 1068 1711 1122 duarum
1748 1084 1871 1123 ma-

170 1149 408 1217 tricum,
466 1150 663 1219 plebes
713 1156 1091 1222 utrarumque
1149 1154 1495 1225 discernant,
1548 1162 1604 1209 et
1657 1155 1704 1209 si
1755 1172 1871 1211 non

170 1239 543 1308 conveniunt,
578 1239 648 1293 lis
678 1240 779 1294 Dei
802 1240 1014 1310 judicio
1040 1241 1416 1297 discernatur.

170 1328 301 1381 CAP.
354 1328 544 1382 XXIII.
586 1359 654 1367 ——
709 1331 776 1382 Ut
838 1331 1118 1396 regularia
1183 1334 1513 1386 monasteria
1562 1348 1657 1386 nec
1710 1333 1874 1387 vendi

666 1414 759 1453 nec
792 1403 1115 1454 commutari
1142 1405 1372 1470 possint.

243 1485 357 1555 (Ea:
408 1486 557 1541 decr.
608 1486 833 1541 Silverii
876 1503 1078 1556 papae,
1130 1505 1249 1557 cap.
1288 1489 1359 1559 1.)
1395 1490 1622 1543 Nemini
1668 1506 1870 1561 regum

174 1580 277 1627 aut
308 1574 577 1642 cuiquam
620 1574 919 1629 hominum
952 1576 1011 1629 in
1051 1578 1349 1647 proprium
1378 1578 1543 1632 liceat
1590 1585 1873 1633 monaste-

172 1662 325 1715 rium
354 1662 602 1728 tradere,
648 1663 758 1717 nisi
789 1664 857 1717 ad
904 1664 1061 1717 aliud
1093 1666 1506 1719 monasterium
1551 1683 1563 1720 :
1601 1668 1688 1721 vel
1716 1683 1871 1720 com-

1982 560 2292 614 stauranda
2339 563 2426 615 vel
2474 563 2625 632 ipsas
2676 566 2950 621 Ecclesias
3004 571 3390 626 emendandas
3440 576 3675 629 omnino

1983 646 2271 714 adjuvent,
2305 654 2362 703 et
2391 666 2603 704 nonam
2634 657 2688 704 et
2713 654 2994 709 decimam
3025 657 3285 712 reddant.

1983 754 2112 808 CAP.
2172 756 2349 810 XXXI.
2409 787 2478 796 —-
2520 760 2595 811 De
2643 762 2901 886 Eccgestiis
2959 763 3111 832 apud
3167 765 3427 820 barbaros
3480 771 3676 822 consti-

2777 848 2811 884 η
2840 848 2903 886 is.

2777 848 2903 886 utis.

2052 913 2172 977 (Ere
2200 915 2385 969 concil.
2421 917 2744 985 Constanti.,
2775 936 2895 989 cap.
2932 922 3011 989 6.)
3046 924 3322 978 Ecclesias
3353 929 3546 979 autem
3578 925 3681 981 Dei

1980 998 2040 1053 in
2071 1000 2327 1056 barbaris
2355 1004 2625 1073 gentibus
2668 1008 3007 1063 constitutas
3055 1011 3368 1079 gubernari
3400 1018 3456 1067 et
3499 1014 3681 1067 admi-

1980 1088 2212 1142 nistrari
2262 1096 2487 1160 oportet
2534 1096 2848 1150 secundum
2890 1100 3366 1155 consuetudinem
3415 1118 3545 1172 qua
3591 1107 3680 1156 est

1980 1192 2013 1229 a
2040 1177 2300 1246 patribus
2330 1179 2650 1236 observata.

2203 1285 2331 1338 CAP.
2363 1287 2567 1342 XXXII.
2599 1318 2667 1327 —-
2700 1289 2781 1343 De
2808 1292 3061 1346 Ecclesiis
3090 1295 3445 1349 Arianorum.

2052 1371 2164 1440 (Em
2189 1372 2333 1426 decr.
2383 1376 2539 1430 Joan.
2578 1379 2599 1430 1
2640 1392 2821 1446 papa.
2868 1381 3131 1449 episcopis
3175 1397 3275 1450 per
3321 1385 3541 1437 Italiam
3585 1384 3677 1439 di-

1979 1458 2185 1529 rectis.)
2230 1460 2503 1516 Ecclesias
2554 1480 2688 1517 vero
2746 1465 3091 1521 Arianorum
3143 1469 3470 1541 ubicunque
3514 1472 3675 1526 inve-

1985 1547 2200 1610 neritis,
2260 1550 2568 1605 catholicas
2613 1568 2708 1606 eas
2752 1553 2957 1607 divinis
3004 1557 3267 1624 precibus
3313 1564 3370 1612 et
3409 1560 3676 1628 operibus

1983 1635 2196 1706 absque
2243 1638 2361 1690 ulla
2406 1655 2562 1692 mora
2595 1647 2965 1696 consecrate:
3001 1644 3137 1713 quia
3180 1650 3235 1698 et
3277 1663 3399 1714 nos,
3449 1649 3676 1717 quando

170 1756 419 1817 mutare,
467 1723 597 1803 nisi,
628 1768 758 1804 cum
789 1752 902 1805 alio
954 1754 1346 1808 monasterio:
1388 1755 1476 1807 vel
1526 1770 1871 1825 quocunque
1904 1748 1943 1801 Β
1982 1723 2196 1777 fuimus
2229 1725 2917 1825 ,C°”s‘am.i“°_l’°“tta.‘".
2942 1748 3047 1801 pm
3090 1734 3368 1825 religion?
3399 1736 3678 1790 cathouca

171 1843 500 1893 commento
555 1841 824 1894 vendere.
862 1842 981 1895 Hoc
1015 1842 1184 1895 etiam
1237 1842 1430 1895 divina
1474 1848 1531 1896 et
1563 1844 1875 1912 apostolica

174 1933 348 1997 atque
380 1929 654 1981 canonica
701 1929 805 1981 sub
837 1930 1213 1983 anathematis
1245 1947 1413 2000 pana
1462 1932 1647 1984 sanxit
1685 1937 1875 1985 aucto-

174 2004 334 2069 ritas.
381 2016 539 2079 Quod
576 2017 622 2069 si
654 2017 864 2070 l'actum
896 2017 1087 2086 fuerit,
1120 2035 1236 2072 non
1278 2019 1509 2083 valebit,
1542 2019 1640 2072 sed
1682 2019 1873 2089 ipsum

172 2105 591 2158 monasterium
625 2105 687 2159 in
714 2106 1022 2175 pristinum
1054 2107 1399 2161 reformatur
1426 2111 1656 2160 statum.

177 2194 308 2247 CAP.
364 2195 540 2249 XXIV.
594 2223 667 2234 —
722 2197 787 2248 Ut
826 2211 932 2248 non
990 2197 1146 2249 liceat
1196 2198 1368 2250 alicui
1409 2198 1571 2249 unius
1621 2197 1875 2251 Ecclesia

428 2270 643 2325 terram,
676 2267 788 2319 nisi
814 2266 1070 2332 cambiat,
1104 2275 1308 2320 vertere
1336 2266 1409 2319 ad
1434 2267 1622 2320 aliam.

250 2355 363 2421 (Ea:
408 2354 593 2407 concil.
643 2354 921 2423 Lugdun.,
974 2370 1094 2423 cap.
1144 2355 1216 2417 5.)
1264 2355 1389 2407 Non
1440 2354 1571 2407 licet
1610 2342 1909 2425 episcopo)

175 2458 285 2495 nec
315 2442 505 2495 abbati
543 2445 756 2495 terram
789 2442 1048 2496 Ecclesia
1078 2448 1295 2496 vertere
1338 2442 1408 2497 ad
1444 2442 1636 2509 aliam,
1669 2459 1872 2512 quam-

172 2531 257 2583 vis
306 2532 489 2585 amba
535 2531 652 2586 sint
692 2533 754 2585 in
797 2532 919 2601 ejus
947 2536 1248 2601 potestate.
1284 2533 1500 2585 Tamen
1532 2531 1578 2583 si
1614 2547 1872 2584 commu-

173 2626 300 2675 tare
347 2620 634 2675 voluerint
678 2626 859 2676 terras
909 2637 1127 2687 earum,
1178 2635 1309 2673 cum
1353 2634 1636 2673 consensu
1669 2618 1873 2672 ambo—

173 2726 306 2763 rum
337 2711 564 2764 faciant.

174 2798 307 2853 CAP.
346 2800 502 2856 XXV.
536 2830 605 2839 ——-
636 2801 702 2853 Ut
732 2797 962 2860 altaria,
1003 2796 1116 2848 nisi
1144 2797 1255 2848 sint
1302 2794 1542 2863 lapidea,
1580 2794 1873 2847 chrismate

760 2882 867 2920 non
895 2871 1285 2920 consecrentur.

250 2953 363 3021 (Ea:
418 2951 604 3005 concil.
664 2952 989 3019 Epaonensi,
1046 2968 1166 3021 cap.
1238 2952 1344 3022 10.)
1401 2951 1619 3005 Altaria
1666 2950 1713 3003 si
1757 2967 1874 3004 non

176 3020 316 3095 sunt
360 3040 603 3111 lapidea,
638 3038 956 3093 chrismatis
985 3040 1244 3109 unguine
1287 3056 1404 3093 non
1446 3043 1868 3093 consecrantur.
1904 3020 1945 3074 C

176 3131 267 3184 Ad
309 3129 649 3183 celebranda
696 3134 888 3182 autem
931 3128 1124 3181 divina
1170 3128 1359 3182 ofﬁcia
1398 3127 1660 3181 ordinem
1703 3143 1877 3197 quem

180 3217 612 3288 metropolitani
656 3221 874 3284 tenent,
907 3216 1414 3286 comprovinciales
1445 3231 1643 3269 eorum
1676 3221 1733 3268 et
1775 3215 1874 3268 0b-

182 3323 412 3361 servare
446 3306 748 3360 debebunt.

182 3398 317 3451 CAP.
360 3396 541 3451 XXVI.
574 3425 643 3434 —
716 3398 782 3449 Ut
820 3395 1202 3448 monasterium
1255 3392 1329 3446 ad
1388 3392 1782 3447 meliorandum
1818 3394 1878 3445 in

641 3468 809 3520 alium
840 3467 995 3518 liceat
1016 3479 1211 3534 ponere
1241 3465 1428 3517 locum.

255 3557 367 3627 (Ea:
390 3555 532 3611 decr.
565 3556 841 3621 Bonifacii
863 3569 1039 3623 papa,
1071 3568 1191 3621 cap.
1236 3553 1313 3622 6.)
1345 3552 1402 3606 Si
1434 3551 1563 3622 quis
1592 3552 1713 3604 vult
1754 3565 1875 3602 mo-

186 3646 505 3699 nasterium
553 3660 721 3698 suum
768 3643 838 3697 ad
888 3642 1313 3695 meliorandum
1365 3638 1427 3692 in
1464 3639 1639 3692 alium
1689 3639 1876 3691 locum

179 3750 419 3805 ponere,
468 3735 567 3787 tiat
605 3748 733 3786 cum
782 3730 1023 3785 consilio
1070 3728 1324 3800 episcopi
1368 3734 1423 3782 et
1462 3728 1706 3781 fratrum
1744 3743 1874 3780 suo-

179 3839 334 3890 rum,
378 3828 434 3876 et
461 3822 708 3875 dimittat
736 3820 1134 3890 presbyterum
1178 3818 1238 3871 in
1269 3816 1449 3888 priori
1480 3816 1628 3883 loco,
1667 3814 1738 3869 ad
1767 3813 1876 3868 mi-

178 3910 419 3965 nisteria
455 3910 734 3963 Ecclesia.

179 4001 313 4055 CAP.
359 3999 564 4054 XXVII.
623 4029 691 4037 —-
752 3999 817 4052 Ut
863 3997 1193 4120 siinedlllissa
1239 3994 1481 4047 Ecclesia
1535 4005 1642 4045 non
1690 3990 1879 4045 debeat

938 4083 963 4119 e
1005 4082 1163 4120 icarz.

938 4082 1163 4120 eaicari.

251 4158 361 4228 (Εξιο
392 4157 536 4210 decr.
586 4157 826 4211 Evarist.
871 4170 1053 4224 papa,
1100 4169 1219 4221 cap.
1266 4150 1343 4221 4.)
1375 4150 1586 4205 Omnes
1624 4148 1876 4204 basilica

178 4262 312 4301 cum
346 4246 509 4300 Missa
538 4261 765 4315 semper
794 4244 1003 4297 debent
1027 4240 1366 4296 consecrari.

179 4337 310 4390 CAP.
343 4334 572 4389 XXVIII.
604 4364 673 4372 —
720 4335 787 4387 Ut
830 4334 1109 4400 episcopus
1148 4331 1411 4383 neminem
1438 4328 1725 4397 prohibeat
1768 4329 1872 4381 Ec-

437 4406 655 4459 clesiam
684 4405 918 4469 ingredi,
950 4410 999 4456 et
1029 4401 1221 4455 audire
1248 4401 1475 4454 verbum
1500 4402 1611 4452 Dei.

254 4495 363 4565 (Ea
411 4495 598 4548 concil.
649 4493 800 4563 apud
856 4492 1134 4547 Valentius
1193 4489 1395 4556 habito,
1459 4503 1578 4556 cap.
1638 4486 1747 4557 l6.)
1804 4486 1875 4539 Ut

176 4583 481 4654 episcopus
536 4582 764 4635 nullum
816 4579 1119 4650 prohibeat
1171 4576 1398 4647 ingredi
1456 4575 1766 4629 Ecclesiam
1819 4577 1876 4626 et

176 4672 379 4726 audire
421 4669 661 4724 verbum
708 4668 827 4735 Dei,
874 4669 989 4721 sive
1032 4667 1327 4737 gentilem,
1360 4665 1477 4719 sive
1511 4664 1870 4730 hareticum,

175 4759 294 4813 sive
323 4758 607 4824 Judaum,
641 4774 821 4828 usque
851 4758 923 4811 ad
954 4757 1175 4811 Missam
1202 4756 1763 4809 catechumenorum.

178 4847 311 4901 CAP.
348 4848 526 4902 XXIX.
576 4877 645 4886 --
696 4848 764 4901 Ut
813 4847 1045 4915 populus
1088 4848 1186 4915 qui
1227 4846 1469 4899 convenit
1501 4842 1575 4897 ad
1624 4844 1871 4908 Missam,

536 4923 829 4985 antequam
858 4919 1089 4985 ﬁniatur
1118 4931 1224 4970 non
1254 4916 1517 4969 discedat.

251 5007 369 5071 (Es:
398 5008 584 5061 concil.
619 5008 950 5071 Arelatensi,
994 5020 1114 5073 cap.
1153 5003 1227 5075 1.)
1264 5005 1425 5068 Item,
1459 5018 1590 5056 cum
1624 5001 1695 5055 ad
1727 5002 1870 5055 cele-

179 5096 459 5149 brandam
504 5094 727 5149 Missam
766 5094 826 5148 in
858 5094 957 5147 Dei
1001 5092 1238 5147 nomine
1286 5091 1553 5146 convenit
1600 5091 1869 5160 populus,

176 5200 297 5237 non
345 5188 477 5237 ante
510 5184 762 5238 discedat
806 5199 978 5254 quam
1015 5184 1193 5237 Missa
1228 5180 1555 5235 solemnitas
1593 5179 1875 5248 complea-

176 5279 295 5340 tur,
334 5276 410 5339 et,
444 5272 542 5327 ubi
583 5273 887 5343 episcopus
933 5271 1199 5339 defuerit,
1233 5268 1692 5326 benedictionem
1722 5266 1874 5320 acci-

176 5361 297 5431 piat
326 5360 652 5415 sacerdotis.

177 5452 308 5507 CAP.
341 5451 495 5505 XXX.
532 5480 601 5490 —-
648 5453 723 5504 De
759 5450 869 5505 illis
919 5449 1442 5533 quiEcclesiastica
1475 5445 1671 5500 habent
1718 5443 1874 5498 bene-

253 5594 359 5662 (Em
397 5593 585 5647 concil.
632 5593 900 5661 Mogunt.,
1125 5588 1238 5661 42.)
1272 5588 1607 5660 Quicunque
1647 5583 1873 5641 beneﬁ-

1984 1828 2156 1881 quam
2189 1818 2246 1867 et
2274 1830 2376 1883 pro
2405 1816 2559 1886 regis
2587 1818 2923 1873 Theoderici
2948 1836 3115 1873 causa
3150 1823 3367 1891 negotii
3400 1825 3675 1879 suadente

1982 1906 2155 1969 atque
2218 1902 2506 1972 hortante,
2582 1906 2939 1978 Arianosque
3005 1910 3354 1979 exstirpante
3414 1911 3674 1981 piissimo

1982 1995 2155 2058 atque
2204 1990 2685 2047 Christianissimo
2730 1996 2953 2049 Iustino
3002 1998 3316 2051 orthodoxo
3366 2000 3672 2069 imperato-

1981 2093 2064 2142 re,
2124 2093 2495 2151 quascunque
2546 2081 2659 2134 illis
2712 2082 2773 2135 in
2822 2084 3081 2152 partibus
3138 2102 3341 2140 eorum
3397 2088 3673 2142 Ecclesias

1981 2166 2233 2235 reperire
2281 2168 2597 2237 potuimus,
2648 2171 2951 2225 catholicas
2998 2189 3093 2226 eas
3123 2174 3365 2228 Domino
3397 2191 3567 2246 Opem
3597 2176 3675 2231 fe-

1981 2259 2142 2307 rente
2168 2256 2645 2311 consecravimus.

1981 2360 2111 2414 CAP.
2160 2362 2391 2416 XXXIII.
2447 2394 2516 2401 —
2578 2364 2659 2417 De
2705 2364 3019 2421 diacesanis
3078 2368 3325 2422 Ecclesiis
3375 2369 3670 2424 destitutis.

2052 2448 2160 2520 (Ea:
2207 2452 2393 2503 concil.
2456 2453 2856 2520 Terraconensi,
2911 2471 3031 2524 cap.
3092 2458 3170 2524 9.)
3217 2456 3530 2511 Multorum
3590 2475 3676 2511 ca-

1980 2553 2146 2591 suum
2179 2539 2529 2608 experientia
2563 2542 2953 2611 magistrante,
3003 2543 3324 2613 reperimus
3369 2546 3674 2598 nonnullas

1982 2624 2326 2678 dioecesanas
2364 2628 2636 2681 Ecclesias
2675 2629 2995 2683 destitutas.
3038 2633 3146 2684 Pro
3195 2648 3309 2701 qua
3342 2648 3401 2685 re
3431 2632 3487 2686 id
3536 2649 3671 2686 con-

1982 2711 2281 2765 stitutione
2313 2712 2666 2767 decrevimus
2694 2720 2758 2768 ut
2783 2716 3033 2786 antiqua
3068 2719 3495 2772 consuetudinis
3534 2720 3673 2773 ordo

1982 2805 2256 2867 servetur,
2303 2806 2359 2854 et
2400 2802 2564 2855 annis
2591 2803 2833 2873 singulis
2876 2806 2947 2859 ab
2980 2805 3249 2877 episcopo
3283 2807 3555 2862 dioeceses
3588 2809 3676 2862 vi-

1984 2887 2245 2953 sitentur,
2320 2894 2397 2954 et,
2457 2890 2506 2943 si
2556 2907 2671 2961 qua
2726 2891 2873 2946 forte
2927 2893 3160 2947 basilica
3217 2900 3445 2965 reperta
3500 2896 3677 2950 fuerit

1983 2975 2274 3041 destituta,
2335 2978 2697 3033 ordinatione
2743 2980 2922 3050 ipsius
2969 2987 3269 3052 reparetur
3299 3000 3311 3037 :
3342 2985 3476 3054 quia
3507 2984 3677 3039 tertia

1985 3081 2118 3134 pars
2164 3081 2231 3118 ex
2278 3066 2544 3121 omnibus
2592 3083 2697 3137 per
2736 3068 3034 3139 antiquam
3081 3072 3450 3126 traditionem
3480 3078 3543 3126 ut
3585 3090 3676 3126 ac-

1986 3152 2236 3222 cipiatur
2286 3153 2356 3207 ab
2410 3153 2718 3224 episcopis,
2755 3172 2824 3209 ex
2868 3157 3224 3228 principibus
3271 3159 3531 3213 novimus
3559 3164 3675 3214 sta-

1984 3246 2194 3295 tutum.

1986 3346 2117 3401 CAP.
2173 3347 2414 3401 XXXIV.
2469 3379 2538 3387 —-
2591 3350 2833 3416 Qualiter
2888 3351 3204 3406 destitutam
3251 3354 3552 3408 Ecclesiam
3602 3356 3676 3408 al-

2118 3420 2221 3472 teri
2248 3420 2496 3473 Ecclesia
2520 3427 2658 3474 recte
2686 3436 3007 3488 conjungere
3034 3426 3216 3477 valeat
3243 3427 3542 3493 episcopus.

2055 3506 2165 3574 (Em
2212 3509 2397 3582 regist:
2445 3511 2599 3573 Greg.
2650 3508 2724 3561 ad
2761 3508 3082 3563 Bacaudam
3115 3513 3479 3566 Formiensem
3508 3515 3669 3581 episc.

1984 3594 2132 3665 mis.)
2183 3596 2246 3649 Et
2271 3595 2602 3664 temporalis
2646 3597 2948 3667 necessitas
2995 3614 3102 3651 nos
3148 3606 3436 3669 perurget,
3490 3608 3546 3656 et
3576 3600 3679 3654 im-

1987 3683 2228 3737 minutio
2277 3684 2452 3754 exigit
2504 3700 2897 3755 personarum,
2958 3692 3021 3741 ut
3076 3688 3364 3743 destitutis
3414 3691 3677 3744 Ecclesiis

1987 3773 2201 3827 salubri
2254 3788 2318 3826 ac
2373 3773 2613 3842 provida
2668 3773 2975 3828 debeamus
3032 3775 3403 3847 dispositione
3450 3794 3678 3832 succur-

1985 3877 2133 3915 rere.
2188 3861 2254 3914 Et
2307 3860 2459 3923 ideo,
2524 3861 2802 3932 quoniam
2858 3863 3164 3918 Ecclesiam
3230 3865 3677 3921 Minturnensem

1984 3949 2243 4004 funditus
2273 3955 2390 4004 tam
2439 3950 2575 4003 cleri
2606 3966 2781 4021 quam
2834 3952 3018 4022 plebis
3077 3953 3405 4007 destitutam
3455 3955 3680 4008 desola-

1985 4038 2141 4091 tione
2172 4038 2565 4108 cognovimus,
2611 4044 2886 4110 tuamque
2931 4058 3036 4110 pro
3068 4057 3133 4094 ea
3171 4042 3508 4110 petitionem
3539 4060 3679 4113 qua-

1985 4131 2154 4179 tenus
2185 4127 2506 4180 Formiana
2527 4126 2799 4193 Ecclesiae,
2826 4127 2888 4179 in
2920 4144 3032 4198 qua
3053 4144 3261 4197 corpus
3280 4129 3432 4182 beati
3463 4131 3682 4184 Erasmi

1986 4216 2251 4285 martyris
2294 4215 2617 4285 requiescit,
2668 4216 2876 4286 cuique
2906 4217 3228 4270 fraternitas
3258 4222 3357 4272 tua
3387 4219 3677 4288 praesidet,

1985 4303 2223 4373 adjungi
2265 4303 2485 4369 debeat,
2520 4310 2577 4357 et
2622 4304 2779 4373 piam
2810 4320 2930 4359 esse
2962 4321 3026 4358 ac
3050 4304 3428 4372 justissimam
3476 4307 3681 4376 pravi-

1985 4392 2202 4458 dentes,
2241 4392 2627 4445 necessarium
2674 4391 2962 4459 duximus,
3016 4393 3381 4448 consulentes
3411 4400 3529 4448 tam
3579 4396 3678 4449 de-

1984 4478 2251 4534 solationi
2284 4479 2395 4533 loci
2439 4480 2591 4533 illius
2638 4496 2810 4550 quam
2861 4485 2974 4535 tua
3018 4482 3279 4535 Ecclesia
3330 4484 3677 4555 paupertati,

1982 4568 2202 4622 reditus
2248 4567 2591 4637 supradicta
2621 4568 2885 4623 Ecclesia
2918 4569 3342 4639 Minturnensis,
3379 4574 3466 4626 vel
3518 4573 3682 4644 quid-

1985 4657 2121 4727 quid
2151 4657 2203 4710 ei
2245 4657 2481 4728 antiquo
2509 4658 2904 4729 modernoque
2930 4660 3081 4730 jure,
3132 4660 3221 4713 vel
3251 4661 3555 4733 privilegio
3584 4678 3682 4732 po-

1981 4745 2094 4800 tuit
2138 4750 2397 4815 potestve
2454 4745 2711 4815 qualibet
2763 4747 2990 4802 ratione
3044 4755 3390 4819 competere,
3442 4750 3516 4804 ad
3563 4755 3680 4805 tua

1984 4834 2244 4889 Ecclesia
2268 4834 2361 4904 jus
2390 4838 2850 4906 potestatemque
2881 4836 2987 4890 hac
3029 4837 3305 4907 praecepti
3335 4838 3515 4892 nostri
3545 4854 3678 4891 auc-

1982 4923 2213 4977 toritate
2271 4921 2656 4987 concedimus,
2706 4927 2834 4977 uta
2862 4924 3132 4993 prasenti
3178 4929 3461 4994 tempore,
3514 4925 3679 4978 sicuti

1982 5029 2012 5065 e
2060 5011 2295 5082 propria
2349 5010 2865 5081 quippe._Ecclesia
2922 5012 3129 5067 debeas
3188 5012 3460 5083 cogitare,
3511 5013 3680 5084 eique

1983 5100 2407 5171 competentia.
2448 5106 2562 5154 tua
2627 5099 2952 5170 provisione
3008 5101 3333 5171 disponere,
3395 5104 3679 5172 quatenus

1982 5190 2268 5261 deinceps,
2302 5188 2458 5260 quod
2482 5188 2670 5258 perire
2713 5203 2866 5242 nunc
2895 5203 3075 5258 usque
3114 5189 3322 5260 potuit,
3355 5205 3677 5261 pauperum
3732 5242 3744 5253 ,

1986 5279 2245 5334 Ecclesia
2276 5284 2391 5333 tua
2417 5276 2777 5345 utilitatibus,
2810 5277 3061 5347 clerique
3091 5277 3372 5347 proﬁciat.

1985 5406 2112 5460 CAP.
2145 5404 2362 5458 XXXV.
2397 5434 2466 5443 ——
2512 5404 2580 5458 Ut
2616 5404 2848 5528 picgza
2890 5403 2949 5527 2'?
2996 5401 3247 5456 Ecclesia
3288 5404 3409 5471 ﬁeri
3449 5417 3557 5456 non
3586 5402 3674 5457 de-

2812 5488 2911 5528 ean
2942 5513 2955 5525 .

2812 5488 2955 5528 eant.

2055 5581 2164 5655 (Ea:
2191 5598 2335 5638 conc.
2394 5580 2724 5652 Elibertan.,
2770 5595 2892 5652 cap.
2945 5578 3024 5652 2.)
3056 5576 3279 5635 Placuit
3322 5576 3574 5651 picturas
3621 5579 3684 5635 in
