3956 6296
307 312 410 364 679

1378 306 1785 363 BURCHARDI
1825 306 2355 364 WORMACIENSIS
2393 306 2436 360 E
2449 303 2727 360 PISCOPI.

3708 308 3806 360 680

306 431 552 486 Ecclesia
598 429 724 484 ﬁeri
753 445 872 484 non
917 429 1143 494 debere,
1177 445 1250 483 ne
1281 428 1433 500 quod
1479 431 1684 484 colitur
1714 434 1770 484 et
1799 430 1996 483 adora—
2024 431 2073 486 Α
2111 445 2215 482 nec
2246 426 2541 482 communi
2583 441 2859 479 consensu
2897 429 2954 479 et
2982 424 3220 479 consilio
3253 425 3508 496 episcopi
3551 430 3808 481 statuant

304 526 417 588 tur,
449 521 510 574 in
537 518 855 591 parietibus
885 518 1252 587 depingatur.

639 625 766 678 CAP.
796 622 1039 677 XXXVI.
1073 653 1142 662 -—
1169 625 1302 677 Item
1334 622 1400 676 de
1423 625 1663 692 pictura.

375 731 484 800 (Ea:
547 733 704 799 epist.
767 731 1014 796 Gregorii
1069 729 1370 784 Secundino
1422 744 1574 783 servo
1621 731 1724 784 Dei
1795 730 1998 782 recluso

305 817 556 888 directa.)
617 817 780 871 Aliud
847 821 931 869 est
983 816 1135 869 enim
1193 815 1477 884 picturam
1527 816 1786 879 adorare,
1844 817 1999 870 aliud

304 923 410 977 per
434 906 666 976 picturae
696 903 992 958 historiam
1025 902 1166 973 quid
1195 903 1267 956 sit
1296 903 1654 957 adorandum
1685 904 1996 958 addiscere.

309 995 450 1048 Nam
480 993 635 1064 quod
679 991 1003 1061 legentibus
1032 990 1343 1060 Scriptura,
1380 991 1489 1043 hoc
1539 990 1731 1044 idiotis
1767 995 2001 1061 praestat

304 1082 529 1154 pictura
557 1080 920 1135 cernentibus
951 1095 964 1132 :
1002 1079 1136 1148 quia
1175 1079 1235 1131 in
1267 1079 1391 1148 ipsa
1432 1078 1761 1148 ignorantes
1804 1078 2001 1132 vident

306 1171 458 1241 quod
495 1168 656 1239 sequi
705 1168 970 1232 debeant,
1021 1165 1080 1219 in
1112 1165 1234 1235 ipsa
1264 1166 1466 1235 legunt
1512 1167 1613 1236 qui
1647 1167 1864 1220 litteras
1890 1182 1999 1220 ne-

306 1257 511 1311 sciunt.
561 1256 718 1310 Unde
748 1262 804 1308 et
849 1254 1138 1324 praecipue
1185 1254 1450 1323 gentibus
1494 1269 1599 1324 pro
1646 1254 1889 1307 lectione
1919 1254 2001 1324 pi~

304 1350 464 1399 ctura
495 1349 597 1398 est.
633 1344 793 1408 Quod
842 1358 1212 1412 magnopere,
1248 1348 1311 1396 tu
1343 1342 1442 1412 qui
1490 1343 1643 1396 inter
1671 1347 1868 1411 gentes
1897 1343 1998 1395 ha-

301 1434 470 1496 bitas,
506 1433 795 1487 attendere
818 1432 1124 1496 debueras;
1160 1447 1250 1496 ne,
1276 1431 1411 1484 dum
1444 1437 1597 1484 recto
1627 1433 1749 1484 zelo
1771 1432 1998 1485 incaute

305 1520 744 1583 succendereris,
796 1519 1077 1573 ferocibus
1123 1519 1330 1572 animis
1384 1520 1711 1573 scandalum
1761 1535 1996 1589 genera-

302 1625 413 1663 res.
472 1608 678 1676 Frangi
712 1623 845 1677 ergo
895 1623 1008 1660 non
1055 1607 1251 1660 debuit
1284 1607 1440 1677 quod
1487 1623 1602 1660 non
1635 1608 1704 1661 ad
1754 1608 1998 1660 adoran-

2107 517 2186 571 ibi
2215 515 2634 587 presbyterum,
2663 520 2720 568 et
2751 513 2899 568 unde
2931 513 3098 567 vivat.

2532 604 2662 657 CAP.
2694 603 2838 657 XLI.
2869 633 2939 642 —
2972 605 3045 656 De
3082 603 3268 656 eadem
3298 618 3375 655 re.

2182 694 2292 763 (Em
2325 693 2468 746 decr.
2520 692 2680 759 Greg.
2734 706 2913 760 papae,
2972 706 3092 759 cap.
3138 693 3213 757 5.)
3249 691 3324 744 De
3372 690 3631 744 Ecclesiis
3675 708 3804 762 quae

2107 784 2258 836 inter
2319 779 2644 834 cohaeredes
2711 784 2846 832 sunt
2909 779 3103 833 divisas
3169 779 3650 834 considerandum
3723 787 3804 834 est

2107 873 2388 942 quatenus
2435 867 2482 921 si
2530 867 2842 920 secundum
2888 866 3308 936 providentiam
3356 874 3414 922 et
3460 867 3804 922 admonitio-

2104 974 2237 1012 nem
2270 955 2527 1026 episcopi
2572 954 2682 1024 ipsi
2728 955 3050 1009 cobaaredes
3099 972 3195 1009 eas
3244 955 3532 1010 voluerint
3576 961 3798 1023 tenere,

2105 1051 2161 1101 et
2191 1047 2473 1101 honorare
2521 1045 2749 1098 faciant.
2789 1043 2889 1097 Sin
2935 1048 3127 1098 autem
3178 1045 3284 1097 hoc
3329 1045 3800 1112 contradixerint,

2105 1133 2167 1187 in
2205 1133 2455 1205 episcopi
2506 1136 2790 1203 potestate
2840 1137 3088 1197 maneat,
3143 1137 3337 1186 utrum
3369 1149 3464 1186 eas
3507 1133 3588 1187 ita
3617 1135 3804 1188 consi—

2106 1228 2251 1276 stere
2278 1222 2588 1292 permittat,
2619 1225 2718 1274 aut
2747 1220 3019 1290 reliquias
3044 1220 3177 1274 inde
3204 1221 3427 1274 auferre
3451 1221 3607 1276 velit.

2213 1309 2340 1364 CAP.
2375 1309 2539 1362 XLII.
2568 1339 2637 1347 —
2671 1312 2742 1362 De
2770 1309 3022 1363 Ecclesiis
3053 1311 3194 1362 inter
3213 1309 3444 1362 hzeredes
3474 1309 3690 1364 divisis.

2180 1398 2299 1466 (Ea:
2339 1398 2522 1451 concil.
2586 1396 3029 1462 Mediomatricis,
3085 1412 3204 1465 cap.
3257 1396 3329 1467 l.)
3382 1397 3672 1450 Perlatum
3719 1402 3803 1451 est

2108 1485 2177 1538 ad
2211 1491 2462 1538 sanctam
2512 1485 2793 1555 synodum
2840 1485 2993 1555 quod
3043 1485 3192 1539 inter
3231 1485 3488 1538 beeredes
3539 1487 3804 1540 Ecclesia:

2106 1574 2165 1627 in
2223 1574 2391 1626 rebus
2437 1573 2684 1643 propriis
2739 1574 3062 1626 constitutae
3126 1573 3469 1640 dividantur,
3526 1579 3583 1628 et
3641 1580 3803 1628 tanta

474 1661 554 1749 fin
607 1661 884 1761 Ecclesiis,
936 1693 1030 1746 sed
1090 1694 1159 1748 ad
1217 1661 1582 1748 instruendas
1639 1695 1998 1748 solummodo
2029 1711 2070 1763 Β
2105 1678 2209 1763 Ρξπ
2239 1662 2500 1760 93mm
2535 1662 3165 1763 divisionemﬂsimuuas
3188 1661 3451 1763 ,“ria‘tur’
3485 1668 3548 1716 nt
3577 1662 3648 1716 de
3684 1680 3804 1761 ΠΡΟ

305 1789 524 1838 mentes
567 1782 676 1836 fuit
706 1781 1080 1836 nescientium
1129 1782 1491 1835 collocatum.
1544 1783 1610 1835 Et
1651 1783 1786 1852 quia
1824 1783 1884 1835 in
1915 1783 1996 1835 lo-

304 1874 384 1926 cis
423 1870 841 1926 venerabilibus
888 1875 1217 1923 sanctorum
1277 1870 1512 1939 depingi
1561 1871 1826 1923 historias
1880 1885 1997 1923 non

304 1960 426 2014 sine
459 1960 680 2012 ratione
725 1963 974 2012 vetustas
1032 1957 1285 2025 admisit,
1321 1957 1368 2009 si
1422 1959 1608 2010 zelum
1652 1957 1996 2011 discretione

303 2048 666 2113 condidisses,
715 2047 836 2099 sine
885 2045 1056 2099 dubio
1089 2050 1144 2098 et
1174 2062 1238 2098 ea
1289 2061 1418 2115 quae
1464 2045 1797 2098 intendebas
1845 2046 1994 2099 salu-

301 2137 482 2191 briter
515 2135 791 2201 obtinere,
825 2139 880 2188 et
904 2134 1202 2188 collectum
1232 2149 1467 2204 gregem
1495 2150 1612 2188 non
1643 2135 1992 2204 dispergere,

304 2225 401 2279 sed
434 2224 625 2294 potius
676 2228 905 2293 poteras
946 2239 1314 2293 congregare,
1366 2227 1428 2276 ut
1459 2223 1702 2293 pastoris
1749 2223 1996 2276 inteme-

303 2318 493 2366 ratum
536 2327 748 2366 nomen
801 2312 1122 2380 excelleret,
1160 2327 1278 2364 non
1319 2311 1486 2381 culpa
1534 2310 1870 2381 dispersoris
1898 2311 1994 2364 in-

301 2402 614 2456 cumberet.

303 2508 429 2562 CAP.
457 2505 730 2560 XXXVII.
759 2535 827 2544 -—-
876 2507 941 2559 Ut
967 2521 1072 2558 non
1101 2520 1202 2572 pro
1243 2504 1421 2558 debito
1450 2506 1731 2574 episcopus
1769 2504 1834 2558 de
1861 2519 1992 2558 con-

483 2576 747 2630 secranda
775 2576 1013 2630 Ecclesia
1044 2591 1239 2630 munus
1274 2576 1499 2644 aliquod
1530 2579 1802 2644 requirat.

371 2681 482 2750 (Ea:
529 2682 716 2736 concil.
773 2682 1156 2746 Wormacien.,
1209 2697 1328 2748 cap.
1382 2680 1458 2751 l.)
1491 2681 1712 2735 Placuit
1751 2686 1812 2734 ut
1841 2697 1992 2751 quo-

300 2769 403 2823 ties
448 2770 519 2823 ab
571 2769 766 2840 aliquo
823 2769 1078 2823 ﬁdelium
1127 2769 1194 2824 ad
1251 2769 1665 2823 consecrandas
1720 2769 1991 2823 Ecclesias

297 2857 598 2927 episcopus
651 2857 944 2925 invitatur,
1008 2872 1124 2910 non
1183 2857 1347 2926 quasi
1406 2873 1475 2910 ex
1531 2857 1723 2910 debito
1781 2873 1991 2910 munus

298 2946 534 3015 aliquod
565 2963 598 2998 a
643 2944 949 2998 fundatore
999 2944 1273 3014 requirat,
1338 2944 1435 2998 sed
1469 2945 1517 2998 si
1581 2945 1704 3014 ipse
1753 2945 1987 3015 quidem

296 3033 512 3103 aliquid
547 3048 612 3084 ex
660 3049 762 3086 suo
793 3037 922 3086 voto
953 3031 1243 3096 obtulerit,
1289 3048 1405 3084 non
1448 3037 1768 3102 respuatur.
1801 3035 1872 3085 At
1903 3039 1987 3086 ta-

295 3137 428 3174 men
459 3120 855 3190 unusquisque
895 3121 1195 3190 episcopus
1226 3120 1554 3174 meminerit
1593 3126 1658 3174 ut
1688 3137 1802 3173 non
1828 3121 1988 3190 prius

296 3209 518 3262 dedicet
580 3209 902 3273 Ecclesiam,
969 3208 1081 3262 nisi
1143 3212 1309 3262 antea
1378 3208 1574 3262 dotem
1629 3209 1875 3263 basilicae
1933 3213 1988 3262 et

293 3295 632 3366 obsequium
683 3295 862 3366 ipsius
894 3312 998 3365 per
1041 3296 1408 3350 donationem
1465 3297 1739 3350 chartulae
1785 3297 1990 3351 contir-

292 3388 512 3438 matum
565 3383 820 3453 accipiat.
852 3384 991 3436 Nam
1041 3399 1161 3437 non
1205 3383 1387 3438 levior
1413 3388 1498 3438 est
1545 3385 1652 3440 ista
1693 3385 1988 3439 temeritas

290 3472 338 3526 si
381 3472 503 3526 sine
562 3472 942 3526 luminaribus
974 3473 1062 3526 vel
1112 3471 1235 3524 sine
1285 3473 1648 3526 substantiali
1708 3477 1985 3526 sustenta-

290 3560 443 3614 tione
473 3565 560 3614 est
607 3575 807 3614 eorum
857 3560 957 3630 qui
996 3559 1211 3614 ibidem
1258 3560 1522 3614 servituri
1551 3567 1703 3628 sunt,
1735 3578 1909 3632 quam
1938 3562 1986 3615 si

289 3649 494 3702 domus
521 3648 746 3716 privata
771 3652 1136 3701 consecretur
1171 3647 1435 3702 Ecclesia.

291 3755 419 3808 CAP.
453 3754 750 3807 XXXVIII.
802 3783 871 3792 ——
921 3755 987 3807 Ut
1027 3754 1317 3807 Ecclesiam
1361 3755 1422 3806 in
1451 3769 1561 3822 qua
1600 3753 1866 3808 cadavera
1904 3757 1986 3809 in-

464 3825 707 3892 ﬁdelium
735 3823 945 3892 sepulta
975 3828 1101 3877 sunt
1129 3826 1468 3890 sanctiﬁcare
1490 3839 1597 3878 non
1627 3825 1802 3879 liceat.

359 3933 468 4002 (Ea:
508 3931 694 3984 concil.
729 3933 1049 3998 Agrippin.,
1101 3945 1218 3997 cap.
1267 3929 1381 3999 23.)
1431 3930 1732 3984 Ecclesiam
1781 3931 1840 3985 in
1871 3947 1984 4002 qua

286 4023 648 4074 mortuorum
697 4019 970 4071 cadavera
1000 4017 1323 4071 inﬁdelium
1374 4019 1730 4088 sepeliuntur
1772 4021 1981 4074 sancti-

284 4109 457 4162 ﬁcare
488 4123 603 4161 non
648 4107 801 4175 licet,
833 4107 931 4160 sed
980 4111 1115 4176 apta
1143 4106 1367 4160 videtur
1397 4108 1467 4161 ad
1512 4110 1979 4175 consecrandum,

291 4195 503 4269 [modo]
533 4195 665 4249 inde
686 4195 892 4248 evulsis
917 4194 1271 4266 corporibus,
1297 4200 1353 4248 et
1373 4196 1512 4250 rasis
1532 4198 1867 4267 parietibus,
1891 4197 1979 4250 vel

283 4267 414 4339 lotis
461 4267 632 4355 lignis
684 4283 1082 4338 reaadiﬁcetur.
1149 4283 1205 4337 Si
1261 4283 1381 4337 haec
1422 4291 1748 4340 consecrata
1818 4285 1978 4357 prius
2015 4267 2060 4320 D

177 4401 182 4404 -
282 4372 412 4439 fuit,
469 4373 658 4425 Missas
705 4371 767 4424 in
811 4387 877 4425 ea
931 4371 1218 4425 celebrare
1278 4371 1424 4437 licet,
1457 4372 1503 4425 si
1535 4376 1728 4427 tamen
1783 4372 1980 4426 fideles

285 4459 501 4514 fuerint
520 4462 620 4530 qui
651 4459 711 4513 in
743 4475 809 4513 ea
834 4460 1041 4530 sepulti
1068 4463 1216 4514 sunt.

285 4568 413 4622 CAP.
474 4567 722 4620 XXXIX.
789 4597 854 4605 ——
913 4569 986 4621 De
1038 4568 1203 4635 lignis
1261 4567 1523 4622 dedicatae
1580 4568 1846 4633 Ecclesiae,
1908 4566 1982 4620 ad

766 4652 896 4705 quos
923 4652 1050 4692 usus
1081 4640 1221 4693 verti
1253 4638 1498 4692 debeant.

357 4725 465 4796 (Ere
510 4724 654 4778 decr.
709 4725 872 4790 Ygini
923 4740 1103 4795 papae,
1169 4741 1290 4794 cap.
1340 4725 1415 4795 3.)
1476 4722 1655 4793 Ligna
1718 4722 1981 4777 Ecclesia:

281 4814 559 4868 dedicatae
612 4829 728 4866 non
773 4813 981 4867 debent
1029 4814 1096 4866 ad
1148 4813 1302 4866 aliud
1356 4829 1497 4883 opus
1537 4811 1706 4881 jungi
1747 4811 1857 4865 nisi
1909 4813 1981 4867 ad

283 4902 452 4957 aliam
489 4900 812 4967 Ecclesiam,
865 4903 953 4956 vel
997 4901 1117 4972 igni
1161 4900 1569 4965 comburenda,
1615 4901 1702 4953 vel
1743 4900 1812 4954 ad
1843 4918 1980 4972 pro-

281 4991 497 5045 fectum
543 4990 603 5043 in
636 4990 982 5044 monasterio
1029 4989 1333 5058 fratribus;
1384 4988 1444 5042 in
1489 4988 1763 5044 laicorum
1806 5007 1981 5061 opera

281 5095 400 5134 non
429 5078 640 5133 debent
669 5078 914 5133 admitti.

211 5225 216 5230 ο
283 5184 410 5241 CAP.
461 5185 575 5238 XL.
628 5214 697 5223 —
744 5183 886 5250 Quid
939 5183 1186 5251 episcopo
1238 5183 1507 5250 agendum
1553 5185 1643 5250 sit,
1698 5186 1750 5238 si
1793 5186 1978 5254 plures

553 5255 786 5309 haeredes
816 5254 881 5307 de
910 5269 1022 5307 una
1050 5255 1420 5308 contenderint
1449 5257 1706 5309 Ecclesia.

354 5362 462 5432 (Ea:
516 5364 704 5417 concil.
762 5362 1005 5430 Tribur.,
1060 5377 1178 5430 cap.
1231 5361 1345 5430 20.)
1379 5361 1436 5416 Si
1478 5363 1674 5432 plures
1721 5361 1979 5418 haeredes

281 5451 680 5506 contenderint
736 5450 806 5505 de
853 5449 1148 5504 communi
1195 5449 1460 5517 Ecclesia,
1513 5448 1728 5504 auferri
1776 5451 1979 5521 jubeat

280 5538 582 5612 episcopus
625 5538 899 5612 reliquias
945 5554 1130 5595 sacras
1170 5541 1228 5594 et
1273 5537 1582 5595 Ecclesiam
1629 5539 1836 5611 claudi,
1871 5540 1973 5597 do-

2108 1751 2273 1804 altari
2321 1755 2568 1820 quatuor
2615 1755 2806 1819 partes
2859 1750 3020 1816 ﬁant,
3061 1755 3116 1802 et
3157 1750 3396 1820 singulae
3452 1755 3641 1819 partes
3688 1751 3808 1804 sin-

2107 1840 2272 1909 gulos
2322 1839 2572 1892 habeant
2631 1838 3009 1908 presbyteros,
3059 1839 3210 1908 quod
3243 1838 3364 1892 sine
3417 1830 3698 1893 disc'ordia
3749 1845 3806 1894 et

2106 1923 2395 1977 simultate
2427 1925 2583 1977 nullo
2614 1924 2781 1978 modo
2825 1925 2950 1978 ﬁeri
2984 1930 3189 1995 potest.
3227 1926 3384 1979 Unde
3417 1926 3583 1980 nobis
3613 1927 3804 1981 visum

2106 2016 2189 2064 est
2220 2013 2373 2082 quod
2419 2012 2816 2082 hujuscemodi
2849 2012 3106 2067 Ecclesiae
3146 2013 3295 2067 inter
3324 2014 3578 2069 haeredes
3623 2015 3804 2069 dividi

2105 2114 2223 2152 non
2269 2099 2535 2168 debeant,
2597 2105 2652 2153 et
2707 2099 2754 2153 si
2808 2100 2866 2153 in
2921 2102 3350 2155 contentionem
3407 2103 3689 2170 venerint,
3747 2109 3807 2158 et

2106 2185 2420 2240 simultates
2467 2188 2615 2242 inter
2661 2203 2760 2242 eos
2813 2189 3182 2256 surrexerint,
3214 2206 3316 2260 per
3363 2207 3505 2260 quas
3538 2191 3804 2246 sacerdos

2107 2291 2206 2328 suo
2240 2275 2318 2328 ibi
2352 2275 2538 2329 ofﬁcio
2589 2276 2862 2329 canonice
2892 2277 3053 2346 fungi
3096 2294 3213 2330 non
3243 2279 3441 2348 possit,
3490 2280 3806 2349 praecipia-

2105 2368 2199 2416 tur
2227 2363 2296 2416 ab
2327 2363 2595 2434 episcopo
2626 2365 2868 2418 civitatis
2900 2369 2960 2418 ut
2991 2367 3148 2419 nullo
3189 2367 3360 2420 modo
3389 2367 3468 2421 ibi
3500 2368 3803 2422 Missarum

2105 2451 2385 2505 solemnia
2427 2453 2806 2519 celebrentur,
2842 2453 3020 2507 donec
3067 2454 3150 2507 illi
3183 2455 3246 2508 ad
3297 2456 3663 2509 concordiam
3715 2473 3805 2510 re-

2104 2540 2296 2607 deant,
2327 2545 2384 2593 et
2434 2541 2560 2610 pari
2609 2547 2740 2595 voto
2791 2545 2960 2612 atque
2993 2542 3230 2596 concilio
3287 2544 3529 2597 Ecclesia
3574 2544 3674 2598 illa
3704 2561 3805 2598 sa-

2101 2628 2389 2682 cerdotem
2421 2629 2692 2682 canonice
2730 2629 2955 2697 habeat,
2993 2631 3093 2700 qui
3124 2630 3299 2684 libere
3332 2647 3500 2685 suum
3532 2631 3804 2686 ministe-

2101 2717 2252 2770 rium
2282 2717 2361 2770 ibi
2391 2732 2665 2787 peragere
2694 2718 2888 2788 possit.

2103 2824 2230 2878 CAP.
2261 2823 2456 2878 XLIII.
2489 2854 2557 2862 ——
2590 2826 2657 2878 Ut
2687 2824 2895 2892 singuli
2940 2824 3242 2893 presbyteri
3268 2827 3514 2894 singulas
3563 2828 3805 2882 habeant

2803 2896 3089 2949 Ecclesias.

2173 2981 2293 3049 (Ecc
2323 2981 2466 3036 decr.
2500 2984 2750 3051 Dionysii
2772 2998 2955 3052 papae,
2999 2999 3118 3053 cap.
3150 2984 3227 3051 4.)
3261 2985 3336 3038 De
3373 2985 3628 3039 Ecclesiis
3658 3003 3801 3058 ergo

2098 3069 2480 3138 parochianis,
2529 3071 2683 3124 unde
2718 3071 3088 3140 apostolicam
3127 3072 3321 3126 sedem
3360 3074 3658 3129 consulere
3701 3092 3803 3128 vo-

2098 3157 2277 3226 luisti,
2321 3158 2568 3228 qualiter
2599 3158 2711 3212 sint
2738 3159 3129 3214 custodiendae
3160 3177 3223 3214 ac
3255 3160 3575 3216 dividendae
3607 3180 3799 3217 sacer-

2098 3245 2348 3311 dotibus,
2404 3247 2547 3300 nihil
2596 3251 2710 3300 tute
2757 3247 3018 3300 charitati
3086 3249 3289 3302 melius
3337 3251 3503 3304 nobis
3569 3252 3802 3305 videtur

2097 3333 2385 3400 intimare,
2439 3351 2612 3406 quam
2641 3340 2708 3389 ut
2755 3337 3012 3406 sequaris
3069 3334 3222 3406 quod
3275 3353 3379 3389 nos
3421 3337 3480 3390 in
3533 3337 3799 3391 Romana

2098 3422 2339 3476 Ecclesia
2396 3439 2583 3493 nuper
2639 3423 2819 3494 egisse
2871 3424 3234 3493 cognoscitur
3280 3440 3293 3478 :
3340 3424 3617 3479 Ecclesias
3661 3442 3798 3479 vero

2097 3511 2351 3580 singulas
2398 3511 2640 3582 singulis
2683 3511 3032 3582 presbyteris
3078 3512 3356 3579 dedimus,
3391 3517 3446 3566 et
3479 3513 3797 3585 unicuique

2086 3598 2183 3668 jus
2217 3600 2518 3670 proprium
2547 3599 2759 3654 habere
2803 3600 3131 3667 statuimus,
3164 3600 3244 3654 ita
3271 3600 3533 3655 videlicet
3575 3609 3640 3656 ut
3668 3603 3801 3657 nul.

2094 3687 2182 3740 lus
2216 3688 2450 3741 alterius
2491 3688 2775 3758 parochias
2823 3688 3103 3741 terminos
3145 3693 3247 3742 aut
3268 3689 3362 3758 jus
3409 3690 3661 3759 invadat,
3694 3693 3796 3747 sed

2093 3776 2490 3846 unusquisque
2539 3776 2656 3828 suis
2706 3777 2969 3830 terminis
3018 3777 3091 3829 sit
3137 3783 3460 3844 contentus,
3502 3784 3558 3833 et
3600 3781 3795 3835 taliter

2096 3864 2402 3917 Ecclesiam
2449 3869 2506 3918 et
2555 3865 2782 3935 plebem
2823 3865 2930 3919 sibi
2976 3866 3339 3920 commissam
3389 3867 3694 3935 custodiat,
3731 3874 3794 3923 ut

2094 3955 2224 4005 ante
2257 3952 2504 4006 tribunal
2559 3953 2757 4007 aeterni
2808 3953 3020 4022 judicis
3068 3970 3133 4008 ex
3165 3954 3428 4008 omnibus
3481 3955 3589 4009 sibi
3638 3973 3790 4011 com-

2093 4039 2282 4094 missis
2330 4041 2613 4095 rationem
2663 4041 2882 4110 reddat,
2931 4047 2988 4095 et
3039 4058 3154 4096 non
3179 4043 3479 4112 judicium,
3531 4045 3629 4099 sed
3660 4047 3788 4115 glo-

2090 4129 2236 4182 riam
2267 4145 2372 4199 pro
2421 4130 2539 4183 suis
2597 4130 2815 4184 actibus
2861 4131 3118 4201 accipiat.
3177 4133 3329 4185 Hanc
3377 4148 3604 4204 quoque
3644 4150 3789 4188 nor-

2092 4233 2266 4284 mam,
2331 4217 2702 4287 charissime,
2755 4223 2810 4272 te
2868 4224 2925 4273 et
2982 4235 3180 4274 omnes
3253 4220 3548 4291 episcopos
3622 4223 3790 4292 sequi

2092 4305 2375 4373 convenit,
2426 4311 2484 4359 et
2528 4307 2682 4376 quod
2733 4306 2840 4360 tibi
2893 4307 3179 4373 scribitur,
3231 4309 3498 4363 omnibus
3542 4310 3789 4380 quibus-

2092 4409 2316 4464 cunque
2348 4395 2604 4464 potueris
2653 4399 2857 4448 notum
2885 4395 3080 4471 iacias,
3110 4402 3172 4451 ut
3200 4413 3312 4451 non
3361 4398 3642 4469 specialis,
3689 4399 3791 4454 sed

2093 4482 2374 4553 generalis
2406 4482 2506 4537 ﬁat
2534 4483 2641 4537 ista
2671 4484 3002 4554 praeceptio.

2508 4570 2638 4626 CAP.
2671 4571 2854 4627 XLIV.
2887 4603 2955 4612 —-
2987 4575 3060 4627 De
3083 4573 3267 4627 eadem
3294 4589 3369 4628 re.

2165 4659 2275 4730 (Ea:
2331 4661 2518 4714 concil.
2574 4663 2841 4727 Remensi,
2895 4677 3016 4731 cap.
3066 4662 3143 4732 2.)
3202 4663 3603 4735 Unusquisque
3655 4681 3791 4736 pre-

2092 4747 2284 4818 sbyter
2313 4749 2554 4803 Ecclesia
2601 4766 2717 4804 una
2746 4751 2815 4805 ad
2849 4766 3022 4822 quam
3072 4751 3368 4806 ordinatus
3418 4759 3502 4808 est
3550 4759 3790 4810 conten-

2092 4839 2182 4888 tus
2214 4834 2305 4903 sit,
2335 4839 2390 4890 et
2419 4838 2610 4891 nullus
2635 4837 2694 4891 in
2727 4838 2946 4893 duabus
2971 4839 3234 4893 Ecclesiis
3273 4839 3599 4896 ministrare
3637 4859 3789 4914 prse-

2092 4927 2294 4977 sumat.

2515 5013 2643 5068 CAP.
2675 5013 2836 5068 XLV.
2871 5045 2939 5054 —
2973 5018 3049 5070 De
3068 5015 3251 5070 eadem
3280 5033 3354 5071 re.

2164 5099 2282 5170 (Em
2315 5100 2492 5155 eodem
2539 5105 2751 5168 concil.,
2803 5120 2922 5172 cap.
2979 5104 3059 5172 8.)
3112 5104 3269 5158 Sicut
3320 5105 3378 5158 in
3439 5121 3789 5177 unaquaque

2090 5189 2338 5242 Ecclesia
2374 5190 2672 5261 presbyter
2705 5192 2871 5246 debet
2899 5208 3041 5257 esse,
3077 5193 3152 5245 ita
3198 5194 3320 5264 ipsa
3353 5194 3618 5260 Ecclesia,
3654 5211 3788 5266 qum

2089 5294 2298 5348 sponsa
2323 5279 2408 5332 vel
2445 5295 2588 5333 uxor
2613 5281 2738 5349 ejus
2770 5281 2997 5350 dicitur,
3031 5298 3149 5335 non
3195 5287 3377 5352 potest
3412 5282 3585 5337 dividi
3633 5283 3790 5339 inter

2088 5368 2282 5436 plures
2329 5368 2710 5439 presbyteros,
2745 5369 2844 5423 sed
2877 5386 3057 5424 unum
3107 5371 3506 5424 tantummodo
3551 5371 3788 5428 habebit

2089 5456 2460 5524 sacerdotem,
2494 5457 2593 5527 qui
2640 5473 2766 5511 eam
2797 5462 2945 5512 caste
2985 5463 3037 5513 et
3067 5458 3363 5512 sinceriter
3405 5463 3583 5530 regat.
3621 5461 3786 5517 Unde

2087 5543 2486 5600 interdicimus
2541 5549 2607 5600 ut
2651 5545 2842 5601 nullus
2896 5551 3210 5618 praesumat
3268 5547 3571 5604 Ecclesiam
3628 5549 3787 5606 inter
