3956 6376
136 408 222 461 681

1091 409 1569 466 DECRETORUM
1612 413 1793 467 LIBRI
1835 413 1944 468 XX.
1988 444 2055 452 —
2094 413 2307 468 LIBER
2346 413 2667 468 TERTIUS.

3522 420 3625 471 682

135 534 269 587 duos
312 534 402 587 vel
431 533 626 603 plures
669 534 942 599 dividere,
978 534 1112 604 quia
1148 533 1393 588 Ecclesia
1425 535 1633 589 Christi
1679 552 1821 589 uxor
1858 544 1904 596 Α
1938 535 2351 589 subdiaconum
2396 535 2649 605 pertinet
2677 534 2910 589 calicem
2940 539 2995 589 et
3023 540 3289 606 patenam
3331 539 3400 591 ad
3448 538 3627 593 altare

136 626 185 675 et
237 638 445 691 sponsa
507 622 675 676 debet
721 638 843 676 esse
891 638 1009 675 non
1053 628 1328 690 scortum,
1379 624 1525 677 sicut
1579 624 1823 679 Calistus

136 727 275 780 papa
302 715 563 765 testatur.

136 818 255 870 CAP.
290 817 463 871 XLVI.
509 848 577 855 —
623 819 689 872 Ut
716 819 1089 885 unusquisque
1114 818 1397 887 presbyter
1428 834 1539 872 una
1574 820 1825 874 Ecclesia

778 893 1053 941 contentus
1079 892 1170 942 sit.

203 976 312 1043 (Ea:
350 976 549 1041 eodem,
600 991 720 1045 cap.
774 975 883 1045 11.)
933 977 1219 1031 Statutum
1252 981 1335 1030 est
1365 981 1427 1031 ut
1464 994 1824 1049 unaquaeque

137 1066 375 1119 Ecclesia
420 1080 588 1119 suum
617 1065 1018 1135 presbyterum
1069 1066 1294 1130 habeat,
1328 1066 1428 1120 ubi
1478 1066 1538 1121 id
1585 1067 1711 1120 ﬁeri
1741 1068 1823 1121 fa-

138 1152 308 1204 cultas
341 1150 677 1220 providente
708 1148 976 1219 episcopo
1012 1150 1355 1219 permiserit.

530 1238 660 1291 CAP.
693 1238 892 1292 XLVII.
925 1267 994 1276 --
1028 1239 1109 1291 De
1133 1238 1317 1292 eadem
1348 1254 1425 1292 re.

205 1327 324 1395 (Ea:
370 1327 557 1381 concil.
606 1328 958 1393 Nannetensi,
991 1342 1109 1395 cap.
1156 1326 1238 1396 8.)
1282 1326 1437 1380 Sicut
1467 1324 1621 1379 enim
1671 1325 1827 1395 epis-

137 1431 310 1484 copus
341 1430 459 1469 non
486 1415 614 1485 plus
644 1420 834 1485 potest
866 1414 1076 1469 habere
1108 1432 1285 1485 quam
1312 1430 1489 1468 unam
1517 1414 1822 1478 civitatem,

138 1508 191 1557 et
240 1502 325 1555 vir
372 1520 543 1556 unam
594 1519 855 1569 uxorem,
908 1503 986 1556 ita
1040 1503 1338 1573 presbyter
1387 1519 1557 1556 unam
1602 1507 1828 1557 tantum

137 1591 462 1646 Ecclesiam.
514 1592 712 1662 Itaque
746 1593 935 1645 nullus
965 1592 1264 1661 presbyter
1292 1593 1484 1661 plures
1513 1597 1829 1661 praesumat

135 1681 343 1735 habere
375 1680 667 1744 Ecclesias,
701 1680 748 1732 si
781 1679 849 1732 de
900 1684 1051 1732 statu
1097 1696 1198 1733 suo
1238 1679 1488 1749 gaudere
1523 1679 1821 1733 desiderat.

534 1768 662 1822 CAP.
694 1768 919 1821 XLVIII.
942 1798 1011 1805 -—
1034 1770 1107 1821 De
1136 1767 1321 1820 eadem
1351 1782 1423 1820 re.

1934 622 2135 676 Christi
2166 623 2409 690 deferre,
2459 625 2516 676 et
2542 622 2726 675 levitis
2768 624 3013 689 tradere,
3047 624 3243 694 eisque
3272 625 3625 691 ministrare;

1933 711 2224 764 urceolum
2249 725 2481 779 quoque
2511 713 2567 761 et
2593 710 2980 780 aquamanile,
3010 715 3067 764 et
3097 712 3519 782 manutergium
3550 717 3631 765 te-

1934 815 2086 862 nere,
2113 800 2404 869 episcopo,
2438 798 2771 869 presbytero
2804 804 2860 852 et
2880 800 3064 853 levitis
3087 817 3191 870 pro
3223 802 3478 855 lavandis
3500 805 3630 854 ante

1932 888 2111 940 altare
2155 886 2419 940 manibus
2449 903 2638 940 coram
2669 888 2947 956 praebere.
2988 888 3073 941 Ad
3101 889 3406 941 diaconum
3452 888 3629 958 perti-

1932 979 2032 1029 net
2071 974 2334 1028 assistere
2374 975 2784 1041 sacerdotibus,
2816 981 2872 1029 et
2904 976 3228 1029 ministrare
3268 977 3326 1030 in
3362 976 3631 1030 omnibus

1934 1078 2062 1132 quae
2116 1068 2364 1132 aguntur
2420 1063 2481 1115 in
2530 1064 2897 1117 sacramentis
2943 1064 3171 1130 Christi,
3232 1065 3293 1118 in
3338 1064 3629 1133 baptismo

1934 1151 2165 1211 scilicet.
2215 1152 2275 1205 in
2315 1150 2639 1217 chrismate,
2682 1157 2738 1205 et
2769 1157 2996 1222 patena,
3046 1158 3102 1206 et
3143 1153 3336 1217 calice,
3387 1152 3629 1207 oblatio-

1933 1255 2034 1292 nes
2079 1256 2310 1310 quoque
2357 1240 2568 1293 inferre
2614 1245 2667 1294 et
2705 1240 3012 1311 disponere
3047 1241 3109 1294 in
3156 1242 3348 1307 altari;
3394 1258 3629 1312 compo-

1934 1343 2070 1381 nere
2114 1328 2286 1382 etiam
2332 1344 2589 1382 mensam
2638 1330 2861 1383 Domini
2910 1335 3082 1400 atque
3122 1331 3349 1395 vestire,
3403 1346 3629 1384 crucem

1933 1415 2103 1481 ferre,
2155 1421 2210 1469 et
2241 1416 2557 1485 praedicare
2590 1418 2957 1487 Evangelium
2990 1424 3046 1473 et
3076 1419 3438 1489 Apostolum.
3487 1421 3627 1472 Nam

1934 1503 2079 1557 sicut
2125 1504 2435 1558 lectoribus
2469 1506 2638 1558 Vetus
2669 1507 3121 1571 Testamentum,
3170 1507 3246 1560 ita
3295 1506 3630 1560 diaconibus

1935 1594 2162 1646 Novum
2214 1592 2527 1663 prazdicare
2570 1598 2921 1663 praeceptum
2971 1599 3074 1648 est.
3125 1596 3209 1647 Ad
3246 1595 3432 1663 ipsum
3480 1611 3628 1664 quo-

1935 1696 2047 1751 que
2108 1681 2358 1749 pertinet
2422 1681 2674 1735 ofﬁcium
2733 1699 2966 1752 precum
3027 1688 3083 1735 et
3136 1683 3393 1735 recitatio
3444 1683 3630 1735 nomi-

1937 1785 2096 1822 num.
2138 1770 2275 1839 Ipse
2306 1774 2625 1838 praemonet
2654 1786 2819 1824 aures
2861 1771 2932 1825 ad
2969 1772 3298 1836 Dominum,
3334 1771 3455 1840 ipse
3498 1771 3630 1822 hor-

205 1859 323 1927 (Ea:
368 1858 553 1912 concil.
588 1856 868 1921 Meldensi,
902 1872 1021 1925 cap.
1089 1856 1197 1925 10.)
1228 1856 1285 1909 Si
1328 1855 1456 1925 quis
1505 1856 1575 1909 de
1625 1854 1825 1909 ordine
1866 1827 1906 1879 Β
1938 1861 2093 1911 tatur
2132 1827 2323 1923 orare,
2370 1857 2491 1927 ipse
2540 1858 2767 1924 clamat,
2819 1864 2874 1911 et
2906 1860 3028 1928 ipse
3076 1827 3629 1928 pacem'aununtiat.

136 1945 470 2000 sacerdotali
526 1950 860 2013 contemptu
912 1944 1152 1997 minoris
1215 1944 1472 1997 Ecclesiae
1527 1944 1826 1998 ambitiose

137 2040 191 2089 et
235 2033 501 2103 improbe
532 2032 596 2085 ad
647 2032 931 2102 potiorem
975 2031 1329 2101 aspiraverit,
1376 2032 1644 2085 canonica
1692 2047 1827 2101 erga

137 2138 267 2175 eum
288 2120 548 2175 deﬁnitio
569 2124 955 2185 conservetur,
974 2119 1083 2172 hoc
1105 2124 1190 2173 est
1216 2124 1297 2184 ut,
1330 2118 1588 2189 utrisque
1614 2123 1822 2173 careat.

552 2209 677 2262 CAP.
717 2208 893 2263 XLIX.
926 2238 993 2246 —-
1020 2210 1093 2261 De
1117 2207 1299 2261 eadem
1330 2223 1405 2261 re.

207 2298 325 2368 (Ea:
366 2298 510 2353 decr.
549 2298 735 2353 Calist.
764 2313 944 2366 papae,
988 2312 1106 2365 cap.
1150 2296 1225 2363 4.)
1254 2296 1535 2359 Quoniam
1568 2296 1713 2349 sicut
1742 2297 1826 2349 al-

134 2387 312 2441 terius
364 2403 526 2452 uxor,
575 2402 680 2440 nec
726 2386 1038 2441 adulterari
1084 2386 1154 2439 ab
1184 2385 1398 2455 aliquo,
1450 2386 1536 2438 vel
1580 2385 1828 2453 judicari

133 2479 230 2529 aut
257 2473 508 2544 disponi,
541 2474 650 2527 nisi
696 2490 729 2527 a
759 2474 994 2545 prOprio
1024 2474 1147 2526 viro
1187 2489 1252 2526 eo
1282 2473 1509 2525 vivente
1542 2472 1827 2543 permitti-

132 2569 245 2629 tur,
290 2563 372 2616 sic
422 2579 527 2617 nec
553 2579 696 2617 uxor
727 2563 997 2632 episcopi,
1033 2562 1121 2615 vel
1152 2562 1490 2632 presbyteri,
1527 2577 1655 2630 quae
1705 2561 1827 2630 ejus

136 2652 381 2707 Ecclesia
425 2653 511 2706 \el
558 2652 827 2722 parochia
874 2651 1277 2705 indubitanter
1338 2651 1700 2719 intelligitur,
1760 2667 1826 2703 eo

133 2742 378 2807 vivente,
448 2740 517 2794 ab
562 2741 742 2793 altero
778 2739 1081 2809 dijudicari
1127 2740 1213 2792 vel
1264 2739 1512 2807 disponi,
1560 2742 1658 2791 aut
1705 2740 1827 2808 ejus

134 2829 444 2883 concubitu
507 2827 621 2881 frui
679 2827 1048 2897 permittitur.
1111 2827 1271 2881 Unde
1343 2826 1421 2879 ait
1482 2826 1824 2895 Apostolus:

140 2940 160 2967 ι
213 2919 461 2987 Alligata
490 2921 574 2970 est
602 2932 749 2970 uxor
795 2915 928 2986 legi,
961 2914 1237 2987 quamdiu
1268 2914 1353 2967 vir
1396 2915 1519 2982 ejus
1548 2913 1684 2966 vivit
1716 2929 1728 2966 :
1762 2929 1827 2966 eo

133 3024 268 3060 vero
301 3007 588 3071 defuncto,
622 3007 806 3060 soluta
849 3007 933 3057 est
979 3020 1012 3057 a
1055 3005 1182 3073 lege
1220 3003 1408 3055 viri.»
1456 3000 1729 3056 Similiter
1776 3005 1831 3053 et

1939 1946 2019 1999 Ad
2074 1946 2469 2015 presbyterum
2520 1946 2767 2016 pertinet
2805 1952 3227 2000 sacramentum
3272 1947 3525 2015 corporis
3579 1952 3633 1999 et

1938 2034 2234 2103 sanguinis
2268 2034 2495 2087 Domini
2528 2034 2588 2087 in
2635 2034 2801 2087 altari
2849 2035 2947 2089 Dei
2972 2035 3271 2099 conﬁcere,
3319 2039 3376 2087 et
3417 2034 3630 2087 oratio-

1939 2138 2070 2175 nem
2103 2121 2310 2185 dicere,
2356 2126 2411 2175 et
2455 2122 2793 2175 benedicere
2834 2122 2981 2176 dona
3014 2121 3133 2175 Dei.
3184 2122 3268 2175 Ad
3300 2121 3631 2191 episcopum

1936 2210 2190 2280 pertinet
2239 2209 2607 2263 basilicarum
2656 2210 3025 2274 consecratio,
3083 2210 3277 2262 unctio
3331 2210 3525 2263 altaris
3577 2216 3633 2263 et

1939 2298 2215 2352 confectio
2255 2298 2594 2352 chrismatis.
2638 2300 2763 2368 Ipse
2797 2298 3070 2367 praedicta
3097 2298 3284 2351 ofﬁcia
3316 2303 3373 2351 et
3404 2299 3632 2352 ordines

1939 2385 2345 2439 ecclesiasticos
2400 2385 2707 2450 distribuit,
2754 2385 2876 2455 ipse
2926 2400 3111 2438 sacras
3159 2384 3409 2455 virgines
3458 2385 3631 2438 bene-

1940 2473 2117 2539 dicet;
2172 2479 2228 2526 et
2279 2473 2417 2526 dum
2463 2474 2751 2543 praecessit
2811 2473 3209 2543 unusquisque
3258 2474 3317 2525 in
3369 2474 3629 2542 singulis,

1938 2562 2030 2615 hic
2080 2567 2273 2615 tamen
2327 2566 2412 2614 est
2482 2562 2899 2630 praeordinator
2958 2562 3018 2614 in
3077 2561 3313 2614 cunctis.
3377 2562 3443 2613 Hi
3504 2566 3636 2613 sunt

1940 2651 2169 2703 ordines
2246 2666 2308 2702 ac
2394 2650 2714 2702 ministeria
2783 2650 3141 2710 clericorum.
3233 2666 3361 2719 qute
3438 2655 3633 2703 tamen

1938 2738 2275 2792 auctoritate
2322 2737 2636 2807 pontiﬁcali
2685 2738 2742 2790 in
2792 2738 3180 2790 archidiaconi
3224 2754 3356 2789 cura
3404 2742 3459 2790 et
3509 2739 3630 2807 pri-

1940 2826 2177 2891 micerii,
2238 2843 2301 2879 ac
2352 2826 2628 2879 thesaurii
2679 2826 3063 2879 sollicitudine
3123 2826 3477 2879 dividuntur.
3527 2830 3631 2879 Ar-

1940 2916 2304 2969 chidiaconus
2349 2914 2501 2967 enim
2538 2914 2784 2984 imperat
2828 2914 3197 2967 subdiaconis
3230 2919 3284 2966 et
3314 2913 3515 2981 levitis,
3566 2915 3634 2968 ad

1941 3020 2114 3073 quem
2155 3004 2262 3056 ista
2309 3002 2626 3056 ministeria
2665 3002 2970 3071 pertinent.
3023 3001 3317 3055 Ordinatio
3360 3002 3635 3056 vestiendi

137 3096 404 3162 Ecclesia,
456 3111 585 3166 quae
618 3110 762 3148 uxor
790 3092 1095 3147 sacerdotis
1143 3091 1370 3156 dicitur,
1404 3107 1471 3144 eo
1510 3089 1736 3143 vivente
1778 3088 1829 3142 ei
1864 3102 1903 3156 ί]
1942 3094 2119 3146 altare
2176 3092 2246 3145 ad
2293 3090 2510 3158 levitas,
2547 3107 2682 3143 cura
2720 3090 2958 3157 incensi,
2995 3095 3053 3143 et
3090 3090 3350 3143 sacrificii
3382 3106 3635 3144 necessa-

134 3186 371 3256 alligata
410 3189 513 3238 est.
550 3185 626 3237 Eo
674 3199 807 3236 vero
853 3182 1121 3236 defuncto
1159 3180 1338 3233 nubat
1365 3180 1425 3232 in
1457 3179 1723 3245 Domino,
1768 3183 1833 3231 ut

134 3280 220 3329 est
275 3272 637 3343 regulariter.
672 3271 730 3326 Si
778 3270 933 3324 enim
977 3287 1043 3323 eo
1084 3268 1308 3322 vivente
1343 3266 1507 3320 alteri
1549 3264 1827 3336 nupserit,

136 3364 400 3417 adultera
422 3360 790 3432 judicabitur.

510 3450 639 3504 CAP.
681 3450 734 3502 L.
768 3479 837 3487 ——
860 3450 935 3501 De
962 3446 1243 3501 ordinibus
1269 3446 1458 3499 sacris.

204 3542 326 3611 (Ea:
368 3539 596 3610 epistola
643 3536 881 3605 Isidori.)
933 3534 1175 3589 Domino
1222 3538 1438 3599 sancto,
1490 3530 1829 3600 meritisque

130 3631 302 3685 beato
343 3629 506 3682 fratri
554 3626 855 3680 Lantfredo
889 3624 1178 3695 episcopo,
1226 3622 1477 3676 Isidorus
1508 3620 1830 3689 episcopus.

135 3717 409 3772 Perlectis
456 3713 769 3768 sanctitatis
818 3717 931 3765 tua:
964 3710 1190 3777 litteris,
1243 3708 1469 3779 gavisus
1516 3723 1643 3761 sum
1678 3706 1832 3776 quod

134 3812 393 3877 optatam
427 3804 668 3857 salutem
698 3807 854 3855 tuam
885 3816 1082 3854 earum
1117 3799 1304 3852 relatu
1333 3797 1594 3868 cognovi.
1636 3796 1712 3849 De
1746 3795 1833 3847 his

136 3896 332 3945 autem
360 3907 490 3960 quae
519 3891 579 3943 in
609 3889 978 3961 sequentibus
1008 3888 1311 3955 insinuare
1344 3885 1562 3955 eloquii
1601 3884 1683 3937 tui
1716 3898 1832 3936 ser-

136 3996 232 4033 mo
266 3980 505 4045 studuit,
538 3980 748 4049 gratias
764 3994 872 4048 ago
903 3979 1039 4043 Deo,
1074 3976 1226 4047 quod
1254 3974 1695 4029 sollicitudinem
1718 3972 1838 4026 ofﬁ-

137 4068 212 4122 cii
264 4068 565 4139 pastoralis
596 4068 699 4122 tibi
728 4067 1034 4137 impendis,
1065 4065 1427 4136 qualiterque
1459 4061 1836 4116 ecclesiastica

137 4157 331 4211 ofﬁcia
363 4157 703 4211 ordinentur
731 4155 1035 4228 perquiris.
1065 4157 1131 4208 Et
1152 4151 1495 4207 licetomnia
1516 4149 1836 4221 prudentiae

136 4252 259 4302 tua;
310 4246 423 4299 sint
467 4246 724 4316 cognita:
780 4250 974 4300 tamen
1001 4244 1139 4316 quia
1185 4243 1385 4297 aﬁ‘ectu
1433 4241 1685 4295 fraterno
1746 4254 1838 4292 me

136 4336 414 4403 consulis,
451 4352 519 4389 ex
562 4340 722 4406 parte
754 4352 867 4406 qua
910 4334 1096 4401 valeo,
1128 4330 1425 4403 expediam
1460 4346 1472 4383 :
1509 4332 1565 4381 et
1595 4328 1663 4381 de
1708 4343 1835 4380 om-

1940 3180 2025 3233 ria
2074 3179 2397 3233 sollicitudo
2452 3178 2580 3248 quis
2632 3179 2933 3231 levitarum
2974 3179 3311 3248 Apostolum
3359 3185 3414 3232 et
3453 3181 3635 3232 Evan-

1940 3268 2155 3339 gelium
2206 3269 2377 3336 legat,
2426 3266 2552 3337 quis
2592 3283 2787 3337 preces
2838 3267 3004 3329 dicat,
3059 3283 3160 3319 seu
3209 3268 3635 3336 responsorium

1938 3357 1998 3410 in
2032 3356 2337 3410 Dominicis
2370 3355 2570 3408 diebus
2598 3359 2695 3408 aut
2740 3356 3173 3407 solemnitatum
3204 3355 3486 3421 decantet,
3521 3358 3636 3410 sol-

1939 3444 2172 3498 licitudo
2211 3460 2441 3514 quoque
2474 3442 2955 3512 parochianorum
2997 3446 3052 3495 et
3081 3442 3390 3509 ordinatio,
3419 3448 3476 3496 et
3508 3443 3631 3512 jur-

1940 3534 2053 3603 gia,
2106 3532 2173 3586 ad
2206 3534 2326 3602 ejus
2375 3532 2669 3601 pertinent
2727 3547 2944 3583 curam.
2980 3531 3387 3600 Praeparandas
3426 3531 3633 3585 dioece-

1941 3638 2104 3675 sanas
2135 3621 2393 3675 basilicas
2439 3619 2558 3690 ipse
2601 3619 2857 3689 suggerit
2906 3620 3199 3673 sacerdoti.
3233 3619 3355 3688 Ipse
3397 3620 3637 3690 inquirit

1940 3708 2239 3779 parochias
2284 3724 2412 3761 cum
2457 3707 2715 3777 jussione
2747 3706 3019 3776 episcopi,
3055 3711 3110 3760 et
3137 3713 3495 3774 ornamenta,
3546 3708 3633 3761 vel

1940 3813 2031 3851 res
2109 3796 2472 3851 basilicarum
2526 3794 3031 3865 parochianarum,
3090 3801 3248 3864 gesta
3302 3795 3633 3849 libertatum

1942 3884 2447 3939 ecclesiasticarum
2525 3883 2789 3954 episcopo
2860 3883 3011 3936 idem
3078 3883 3271 3946 refert,
3339 3884 3635 3939 collectam

1945 3974 2245 4045 pecuniam
2296 3975 2365 4028 de
2415 3973 2820 4026 communione
2852 3972 2973 4041 ipse
3012 3972 3234 4041 accipit,
3266 3978 3320 4025 et
3370 3973 3635 4044 episcopo

1944 4063 2151 4129 defert,
2181 4068 2237 4116 et
2266 4062 2484 4116 clericis
2515 4066 2707 4132 partes
2739 4061 3003 4130 proprias
3030 4060 3186 4114 idem
3214 4061 3523 4115 distribuit.

1981 4206 2109 4260 CAP.
2146 4205 2229 4258 LI.
2256 4235 2325 4243 —
2357 4206 2427 4258 De
2450 4206 2727 4264 Ecclesiis,
2758 4218 2851 4257 seu
2879 4206 3082 4259 sanctis
3112 4206 3322 4273 nouiter
3348 4205 3598 4259 inventis.

2020 4310 2129 4382 (Ea:
2195 4312 2381 4365 concil.
2441 4311 2857 4379 Agrippinensi,
2910 4326 3029 4379 cap.
3085 4309 3166 4378 5.)
3228 4310 3302 4362 De
3352 4309 3636 4377 Ecclesiis,

136 4385 1144 4494 ἐξὲξ-ιξέοίῷίῷψέξᾶἒξὼέςᾁῶἀ
1167 4385 1171 4386 ν
1190 4385 1257 4474 ἑά
1289 4417 1609 4490 quemlibet
1652 4414 1836 4486 pem-
1871 4385 1911 4437 ί)
1951 4415 2048 4453 seu
2080 4398 2288 4451 sanctis
2318 4397 2537 4451 noviter
2567 4398 2686 4451 sine
2720 4397 3055 4451 auctoritate
3086 4396 3350 4463 inventis,
3384 4397 3494 4451 nisi
3524 4398 3642 4468 epi-

138 4520 300 4578 neat,
352 4515 607 4583 eloquar.
658 4513 743 4567 Ad
773 4511 1132 4566 Psalmistam
1178 4509 1428 4579 pertinet
1473 4505 1722 4560 ofﬁcium
1757 4520 1842 4557 ca-

137 4602 341 4670 nendi,
394 4602 580 4656 dicere
612 4602 827 4666 laudes,
876 4596 1259 4670 responsoria,
1296 4600 1353 4649 et
1386 4593 1666 4665 quidquid
1710 4608 1840 4662 per-

137 4693 292 4747 tinet
340 4692 412 4746 ad
460 4691 727 4745 cantandi
775 4689 1063 4760 peritiam.
1118 4687 1205 4741 Ad
1243 4684 1545 4739 ostiarium
1591 4697 1842 4753 namque

137 4782 443 4853 pertinent
472 4782 655 4835 claves
685 4778 963 4844 Ecclesiae,
1002 4781 1064 4831 ut
1094 4775 1320 4830 claudat
1354 4778 1410 4827 et
1441 4772 1661 4842 aperiat
1688 4776 1842 4824 tem-

138 4872 311 4942 plum
347 4870 469 4934 Dei,
501 4873 557 4923 et
603 4867 799 4923 omnia
827 4883 955 4938 quae
987 4871 1121 4919 sunt
1148 4863 1324 4929 intus,
1360 4866 1632 4931 extraque
1664 4864 1845 4915 custo-

141 4961 289 5028 diat,
348 4958 545 5013 ﬁdeles
592 4958 853 5028 recipiat,
909 4953 1430 5010 excommunicatos
1485 4955 1543 5005 et
1586 4949 1846 5004 infideles

143 5046 416 5117 excipiat.

215 5136 304 5190 Ad
360 5135 630 5189 lectorem
664 5132 914 5204 pertinet
934 5131 1211 5186 lectiones
1242 5126 1643 5200 pronuntiare,
1686 5130 1743 5179 et
1783 5142 1849 5178 ea

144 5241 279 5296 quas
327 5224 624 5295 propheta
674 5220 1041 5276 vaticinarint
1086 5218 1314 5289 pOpulis
1359 5213 1691 5286 pradicare.
1760 5212 1847 5266 Ad

143 5313 494 5368 exorcistam
535 5311 789 5381 pertinet
812 5309 1154 5364 exorcismos
1203 5303 1539 5360 memoriter
1582 5301 1847 5363 retinere,

144 5417 479 5471 manusque
523 5416 696 5471 super
736 5413 1158 5470 energumenos
1207 5400 1263 5449 et
1309 5392 1751 5447 catechumenos
1792 5390 1853 5443 in

147 5488 534 5545 exorcizando
568 5487 888 5558 imponere.
932 5486 1018 5541 Ad
1057 5484 1384 5555 acolythum
1421 5478 1671 5551 pertinet
1705 5495 1853 5549 pras-

144 5580 379 5652 paratio
410 5577 857 5632 luminariorum
888 5575 949 5629 in
986 5573 1255 5628 sacrario.
1292 5573 1416 5640 Ipse
1459 5583 1689 5623 cereum
1718 5581 1854 5638 por-

144 5676 255 5739 tat,
288 5669 415 5741 ipse
441 5670 708 5738 suggesta
726 5681 831 5736 pro
859 5662 1203 5718 eucharistia
1222 5659 1413 5715 calicis
1433 5659 1738 5729 praeparat.
1770 5655 1857 5709 Ad

520 5774 801 5839 PATROL.
853 5772 1032 5838 CXL.

1950 4502 2120 4556 scopo
2190 4486 2489 4555 probante,
2556 4485 2615 4537 in
2674 4485 2837 4554 cujus
2886 4484 3176 4539 territorio
3230 4488 3331 4552 est,
3403 4485 3641 4540 minime

1950 4580 2316 4639 venerentur,
2377 4574 2530 4625 salva
2579 4573 2751 4627 etiam
2792 4573 2862 4627 de
2908 4574 3016 4627 hoc
3054 4579 3111 4628 et
3141 4574 3210 4627 de
3242 4573 3507 4629 omnibus
3549 4576 3645 4629 Ec-

1951 4662 2138 4718 clesiis
2168 4661 2443 4715 canonica
2478 4660 2840 4714 auctoritate.

1953 4770 2085 4825 CAP.
2133 4769 2247 4822 LII.
2297 4798 2363 4806 ——
2415 4769 2482 4821 Ut
2522 4782 2858 4834 unaquaeque
2913 4767 3166 4821 Ecclesia
3212 4784 3460 4825 mansum
3504 4773 3645 4827 inte-

2400 4853 2559 4904 grum
2588 4838 2783 4891 habeat
2813 4839 2928 4891 sine
2961 4841 3198 4893 servitio.

2026 4946 2144 5018 (Ea:
2200 4944 2394 4999 concil.
2442 4945 2827 5005 Womarcien.,
2881 4959 3003 5013 cap.
3059 4944 3167 5016 l8.)
3226 4946 3518 5003 Sancitum
3564 4955 3650 5004 est

1954 5039 2021 5090 ut
2060 5032 2366 5102 unicuique
2407 5030 2665 5086 Ecclesiae
2693 5047 2840 5084 unus
2888 5048 3119 5086 mansus
3166 5033 3390 5105 integer
3434 5037 3648 5109 absque

1958 5123 2074 5177 ullo
2132 5119 2359 5175 servitio
2415 5119 2778 5185 attribuatur,
2830 5124 2886 5173 et
2930 5120 3250 5190 presbyteri
3289 5122 3348 5176 in
3394 5125 3473 5178 eis
3513 5143 3647 5180 con-

1959 5211 2137 5277 stitui,
2185 5226 2302 5263 non
2333 5208 2404 5265 de
2443 5208 2697 5275 decimis,
2740 5224 2929 5279 neque
2960 5208 3030 5262 de
3089 5209 3477 5267 oblationibus
3518 5215 3653 5271 ﬁde-

1960 5301 2123 5367 lium,
2177 5314 2292 5353 non
2346 5298 2415 5352 de
2471 5296 2756 5363 domibus,
2805 5313 2990 5367 neque
3037 5296 3107 5350 de
3154 5298 3314 5350 atriis
3344 5301 3432 5353 vel
3469 5301 3654 5358 hortis

1956 5390 2116 5459 juxta
2155 5386 2460 5442 Ecclesiam
2506 5386 2725 5457 positis,
2756 5402 2943 5457 neque
2975 5386 3043 5439 de
3072 5387 3410 5457 praescripto
3456 5406 3655 5447 manso

1964 5476 2197 5548 aliquod
2254 5476 2553 5531 servitium
2626 5475 2837 5530 faciant
2898 5479 3107 5546 praeter
3178 5474 3654 5548 ecclesiasticum;

1965 5570 2022 5620 et
2048 5565 2095 5618 si
2120 5564 2339 5635 aliquid
2378 5565 2637 5635 amplius
2662 5564 2989 5633 habuerint,
3019 5563 3153 5618 inde
3180 5564 3505 5621 senioribus
3540 5570 3658 5623 suis

1967 5653 2225 5709 debitum
2251 5653 2546 5707 servitium
2575 5653 2933 5725 impendant.

3269 5766 3350 5823 22
