3956 6306
309 313 410 364 683

1383 301 1786 359 BURCHARDI
1827 299 2359 357 WORMACIENSIS
2401 297 2734 354 EPISCOPI.

3723 297 3824 352 684

312 435 438 488 Car.
495 433 626 486 LIII.
684 461 750 468 —
811 433 876 484 Ut
941 429 1123 483 nullus
1181 428 1246 480 dc
1302 427 1426 480 dote
1463 428 1742 491 Ecclesiae,
1796 427 1878 480 vel
1951 425 2016 478 de
2054 427 2097 478 Α
2132 423 2436 490 adfuerint,
2471 423 2772 475 missarum
2807 420 3090 474 solemnia
3114 420 3398 474 celebrare
3425 397 3819 483 concedimus,

475 519 660 556 manso
697 501 1072 571 presbyterum
1097 513 1308 553 censum
1335 499 1632 566 persolvere
1672 501 1841 564 cogat.

385 593 498 660 (Ea:
551 591 737 644 concil.
797 588 1076 656 Meldensi,
1136 603 1256 656 cap.
1317 586 1394 656 8.)
1463 586 1628 639 Juxta
1683 584 2012 654 synodalica

313 685 602 751 praecepta
651 677 1008 732 decrevimus
1062 681 1123 729 ut
1161 675 1353 729 nullus
1385 673 1716 726 mortalium
1761 674 1830 727 de
1874 689 2012 742 agro

319 768 714 840 ecclesiastico,
765 771 820 819 et
855 779 1143 840 manso_ac
1184 762 1504 832 mancipiis,
1539 762 1628 816 vel
1675 761 1722 814 si
1771 761 2016 832 quilibet

319 837 424 927 pro
477 856 600 908 loco
639 854 948 923 sepulturae
978 837 1196 921 aliquid
1247 851 1488 920 largitus
1527 850 1700 903 fuerit
1731 849 2012 916 Ecclesiae,

321 960 506 1014 neque
533 944 600 997 de
618 941 850 996 decimis
879 946 933 993 et
958 939 1341 994 oblationibus
1373 938 1634 993 fidelium
1664 953 2014 1008 quemquam

319 1033 783 1102 presbyterorum
837 1028 1088 1098 aliquem
1151 1043 1386 1080 censum
1445 1027 1770 1096 persolvere
1825 1029 2010 1096 cogat,

323 1136 426 1172 nec
468 1118 770 1188 quisquam
819 1116 1124 1186 cujuslibet
1169 1115 1386 1167 ordinis
1435 1120 1530 1167 aut
1569 1115 1868 1184 dignitatis
1915 1129 2018 1166 ex-

323 1209 454 1262 inde
505 1207 820 1277 quidquam
855 1205 1169 1266 subtrahat,
1223 1209 1279 1256 et
1325 1203 1772 1257 redhibitionem
1815 1217 2016 1272 quam-

324 1310 548 1365 cunque
578 1294 766 1364 exigat
793 1293 1192 1362 temporalem.
1227 1291 1384 1354 Quod
1425 1291 1469 1343 si
1510 1292 1728 1358 fecerit,
1758 1305 2018 1344 commu-

327 1385 499 1437 nione
533 1399 712 1453 usque
742 1382 810 1435 ad
843 1380 1282 1434 satisfactionem
1311 1379 1590 1448 privetur.

326 1473 456 1527 CAP.
517 1471 646 1524 LIV.
707 1499 775 1508 —
830 1470 910 1522 De
975 1468 1262 1534 altaribus,
1321 1485 1439 1537 qua:
1485 1469 1694 1536 passim
1745 1469 1882 1535 ﬁunt
1923 1479 2022 1532 per

401 1613 521 1678 (Ea:
577 1611 762 1664 concil.
825 1554 1270 1677 Africandigggjsi.
1329 1608 1452 1678 50.)
1499 1611 1642 1662 Item
1691 1606 1908 1677 placuit
1957 1609 2024 1658 ut

2123 511 2286 564 aliter
2319 510 2554 564 omnino
2588 508 3006 562 interdicimus.

2121 583 2248 637 CAP.
2306 582 2464 636 LVII.
2507 611 2575 620 ——-
2623 583 2700 635 De
2731 582 2896 632 missa
2937 595 3044 632 non
3091 577 3434 644 celebranda,
3463 580 3578 632 nisi
3629 580 3688 630 in
3735 592 3822 630 sa-

2814 655 2961 703 crato
2991 652 3122 702 loco.

2193 723 2302 792 (Ea:
2333 723 2474 776 decr.
2527 723 2720 774 Felicis
2754 722 2851 786 IV,
2896 736 3076 790 papa,
3103 719 3354 772 omnibus
3393 721 3658 788 episcopis
3700 721 3828 772 mis-

2121 811 2240 880 sis.)
2297 811 2514 879 Scripta
2563 807 2876 862 sanctitatis
2907 813 3127 872 vestrm,
3162 823 3290 876 quas
3321 808 3388 860 ad
3437 807 3630 860 sedem
3677 823 3816 876 apo-

2123 899 2381 952 stolicam
2427 895 2660 950 misistis
2699 912 2870 966 super
2918 896 3262 966 quibusdam
3311 896 3606 960 consultis,
3657 893 3828 965 quasi

2125 988 2192 1040 ad
2226 991 2414 1056 caput,
2469 991 2529 1038 ut
2576 985 2708 1038 inde
2741 983 3076 1054 acciperetis
3123 999 3416 1052 responsa,
3453 984 3602 1038 unde
3633 982 3828 1036 omnis

2129 1075 2370 1128 Ecclesia
2404 1074 2578 1127 totius
2626 1072 2923 1142 religionis
2953 1071 3198 1140 sumpsit
3229 1073 3548 1136 exordium,
3581 1075 3822 1141 gratan-

2125 1168 2214 1217 ter
2258 1163 2500 1231 suscepi,
2532 1167 2590 1214 et
2637 1161 2884 1214 breviter
2929 1160 3084 1213 vobis
3115 1161 3464 1230 respondere
3495 1161 3708 1213 curavi.
3745 1161 3826 1212 De

2129 1251 2502 1305 Ecclesiarum
2556 1249 2709 1302 enim
2767 1249 3217 1312 consecratione,
3273 1255 3330 1301 et
3395 1249 3464 1302 de
3515 1249 3829 1302 missarum

2127 1339 2604 1393 celebrationibus
2635 1355 2750 1390 non
2781 1337 2977 1402 aliubi,
3021 1353 3193 1406 quam
3229 1337 3286 1389 in
3319 1339 3553 1390 sacratis
3579 1337 3833 1391 Domino

2129 1428 2267 1481 locis
2316 1429 2530 1498 absque
2585 1443 2790 1496 magna
2844 1425 3177 1480 necessitate
3233 1426 3358 1479 tieri
3406 1427 3594 1492 debet,
3649 1427 3836 1495 liquet

2131 1517 2396 1570 omnibus
2454 1517 2661 1585 quibus
2709 1521 2844 1568 sunt
2887 1519 3024 1568 nota
3081 1514 3218 1567 Novi
3271 1521 3327 1568 et
3377 1515 3588 1568 Veteris
3637 1515 3836 1568 Testa-

2135 1605 2314 1658 menti
2346 1609 2650 1674 praecepta.
2684 1604 3138 1656 Tabernaculum
3175 1619 3307 1656 vero
3341 1605 3554 1668 Mosen,
3583 1603 3836 1656 Domino

332 1695 530 1749 altaria
563 1710 690 1765 quin
737 1694 948 1763 passim
999 1709 1100 1761 per
1132 1709 1299 1762 agros
1349 1697 1403 1744 et
1433 1709 1534 1762 per
1577 1692 1696 1744 vias
1745 1696 2020 1760 tanquam
2057 1705 2094 1757 Β
2131 1695 2521 1764 praecipiente,
2555 1693 2772 1758 fecisse,
2808 1699 2864 1744 et
2887 1707 3136 1745 sacrasse
3175 1709 3302 1745 cum
3337 1709 3532 1746 mensa
3565 1698 3622 1745 et
3665 1694 3838 1746 altari

329 1783 622 1838 niemorize
683 1789 1000 1852 martyrum
1047 1781 1489 1847 constituuntur,
1539 1781 1598 1833 in
1637 1779 1845 1850 quibus
1893 1778 2020 1832 nul-

333 1874 452 1925 lum
509 1887 715 1940 corpus
763 1875 862 1922 aut
907 1869 1168 1938 reliquias
1221 1874 1538 1938 martyrum
1595 1868 1838 1921 conditae
1889 1883 2022 1937 pro-

331 1961 564 2024 bantur,
609 1961 680 2012 ab
730 1957 1030 2027 episcopis,
1073 1957 1170 2026 qui
1225 1956 1360 2009 locis
1409 1957 1626 2009 eisdem
1661 1962 1936 2025 praesunt,
1979 1953 2026 2006 si

332 2048 458 2102 ﬁeri
499 2051 704 2118 potest,
745 2050 1090 2099 evertantur.
1143 2045 1200 2098 Si
1232 2049 1422 2097 autem
1467 2044 1572 2097 hoc
1611 2060 1715 2114 per
1746 2045 2027 2097 tumultus

331 2137 640 2206 populares
687 2151 800 2188 non
841 2134 1070 2198 sinitur,
1121 2133 1315 2202 plebes
1345 2139 1535 2186 tamen
1585 2134 2026 2194 admoneantur,

333 2241 406 2278 ne
437 2225 533 2276 illa
577 2223 701 2276 loca
731 2223 1118 2291 frequentent,
1151 2226 1214 2274 ut
1245 2220 1344 2290 qui
1387 2226 1538 2274 recte
1585 2221 1830 2290 sapiunt,
1875 2221 2030 2272 nulla

334 2313 414 2366 ibi
494 2309 900 2380 superstitione
954 2309 1200 2362 devincti
1275 2315 1609 2374 teneantur;
1675 2312 1732 2361 et
1793 2309 2028 2362 omnino

339 2401 498 2454 nulla
551 2398 827 2452 memoria
893 2402 1208 2466 martyrum
1263 2397 1640 2467 probabiliter
1699 2397 2029 2465 accipiatur,

338 2488 444 2541 nisi
495 2493 592 2541 aut
625 2487 725 2540 ubi
769 2501 1000 2555 corpus,
1033 2490 1130 2538 aut
1157 2485 1365 2554 aliquae
1397 2485 1652 2555 reliquiae
1677 2489 1844 2538 certas
1877 2489 2028 2542 sunt.

340 2581 436 2630 aut
476 2576 635 2644 origo
678 2573 918 2644 alicujus
957 2573 1347 2638 habitationis,
1383 2572 1468 2626 vel
1510 2571 1901 2642 possessionis,
1944 2572 2032 2625 vel

334 2664 642 2736 passionis,
675 2663 1010 2716 ﬁdelissima
1041 2661 1262 2731 origine
1293 2662 1556 2716 traditur.
1597 2663 1740 2714 Nam
1768 2677 1897 2730 qua:
1931 2676 2034 2730 per

335 2752 577 2812 somnia,
614 2757 670 2804 et
719 2766 820 2820 per
861 2749 1062 2803 inanes
1092 2749 1257 2818 quasi
1303 2749 1683 2802 revelationes
1715 2750 2032 2819 quorumli-

335 2841 432 2895 bet
461 2841 765 2893 hominum
795 2838 1142 2908 ubicumque
1172 2838 1598 2891 constituuntur
1625 2837 1847 2900 altaria,
1875 2837 2034 2890 omni

337 2929 509 2981 modo
535 2926 938 2996 reprobentur.

335 3017 466 3068 CAP.
534 3015 636 3068 LV.
689 3043 756 3050 —
825 3014 891 3066 Ut
941 3015 1246 3078 martyrum
1294 3012 1616 3078 dignitatem
1670 3013 1854 3066 nullus
1905 3027 2030 3080 pro-

959 3084 1125 3148 fanus
1157 3085 1406 3148 infamet.

410 3172 527 3232 (Ea:
553 3171 739 3226 concil.
783 3171 1129 3238 Carthagin.,
1169 3186 1288 3238 cap.
1324 3171 1401 3238 3.)
1445 3171 1753 3240 Martyrum
1782 3169 2029 3240 dignita-

339 3267 454 3316 tem
510 3277 682 3314 nemo
717 3259 990 3329 profanus
1038 3258 1296 3328 infamet,
1333 3275 1519 3328 neque
1571 3259 1788 3328 passiva
1833 3276 2031 3329 corpo-

334 3367 418 3418 ra,
471 3365 600 3420 quas
648 3349 955 3418 sepultura
1027 3351 1248 3401 tantum
1297 3353 1533 3418 propter
1578 3348 2030 3402 misericordiam

337 3437 775 3492 ecclesiasticam
825 3437 1218 3489 commendari
1254 3437 1586 3489 mandatum
1619 3443 1704 3489 est
1747 3437 2026 3505 redigant,

333 3533 396 3582 ut
441 3533 542 3581 aut
585 3525 808 3578 insania
839 3524 1244 3593 praecipitatus,
1290 3528 1388 3577 aut
1417 3524 1518 3577 tali
1557 3529 1785 3594 peccato
1817 3523 2028 3578 discre-

335 3621 442 3680 tos,
474 3629 591 3668 non
630 3613 854 3666 ratione
887 3613 972 3665 vel
1001 3617 1258 3680 tempore
1289 3610 1638 3681 competenti
1667 3627 1781 3681 quo
1815 3617 2026 3682 marty-

335 3703 420 3756 ria
468 3703 854 3764 celebrantur,
899 3706 1214 3770 martyrum
1265 3717 1473 3752 nomen
1521 3701 1830 3770 appellent.
1882 3703 1953 3752 At
1983 3699 2030 3752 si

334 3787 434 3863 qui
491 3791 550 3842 in
599 3787 870 3858 injuriam
921 3795 1258 3858 martyrum,
1294 3787 1538 3840 claritati
1583 3804 1785 3840 eorum
1819 3788 2028 3858 adjun-

335 3883 474 3950 gant
519 3876 826 3942 insaniam,
877 3877 1064 3945 placet
1115 3893 1213 3929 eos
1258 3875 1304 3928 si
1358 3876 1486 3930 laici
1537 3881 1670 3929 sunt
1722 3876 1792 3929 ad
1841 3875 2029 3946 paeni—

333 3967 570 4022 tentiam
629 3965 833 4034 redigi,
900 3965 946 4018 si
993 3969 1184 4018 autem
1243 3969 1374 4018 sunt
1427 3964 1634 4028 clerici,
1687 3967 1836 4040 post_
1876 3980 2029 4016 com-

333 4056 711 4111 monitionem
795 4055 1012 4108 honore
1101 4054 1329 4125 privari.
1394 4054 1650 4108 Universi
1721 4054 2024 4108 dixerunt:

334 4147 502 4199 Recte
553 4145 726 4196 stabit
764 4143 1032 4196 sanctitas
1065 4149 1272 4196 vestra.
1319 4144 1436 4196 Hoc
1466 4147 1521 4196 et
1565 4142 1807 4212 singulis
1845 4141 2032 4196 conci-

331 4233 422 4286 liis
454 4238 730 4286 statutum
763 4236 861 4285 est.

333 4323 461 4376 CAP.
517 4321 650 4374 LVI.
689 4351 756 4359 —-
799 4321 862 4374 Ut
893 4322 1186 4374 missarum
1216 4321 1476 4374 solemnia
1522 4335 1628 4373 non
1673 4319 1891 4389 ubique,
1934 4320 2026 4374 sed

623 4395 682 4444 in
714 4393 838 4445 locis
870 4392 936 4444 ab
962 4394 1205 4459 episcopo
1235 4393 1553 4444 consecratis
1582 4393 1736 4458 ﬁant.

401 4483 520 4547 (Ea:
551 4482 736 4534 concil.
798 4481 1154 4546 Triburiensi,
1205 4496 1324 4549 cap.
1371 4481 1445 4548 4.)
1488 4479 1780 4532 Missurum
1813 4479 2023 4532 solem-

329 4571 444 4634 nia,
481 4587 591 4622 non
626 4569 862 4639 ubique,
895 4569 990 4622 sed
1023 4569 1080 4622 in
1113 4569 1252 4622 locis
1283 4567 1352 4621 ab
1399 4567 1669 4638 episcopo
1719 4582 2022 4621 consecra-

329 4659 420 4723 tis,
457 4659 540 4712 vel
593 4657 692 4711 ubi
745 4657 863 4726 ipse
912 4656 1258 4727 permiserit,
1307 4655 1645 4709 celebranda
1677 4671 1795 4708 esse
1833 4671 2023 4710 cense-

329 4763 476 4801 mus.
541 4745 916 4800 Concedimus
975 4746 1145 4798 etiam
1221 4750 1280 4798 ut
1333 4743 1533 4810 sicubi,
1601 4743 1752 4814 quod
1813 4745 2020 4798 nostris

327 4835 572 4908 peccatis
637 4834 997 4906 exigentibus
1075 4833 1494 4904 perplurimum
1550 4837 1635 4886 est
1692 4832 1926 4900 factum,
1988 4851 2022 4888 a

323 4925 728 4992 Nordmnnnis,
776 4932 831 4977 et
860 4941 893 4978 a
923 4923 1122 4988 Slavis,
1175 4927 1229 4976 et
1275 4922 1342 4974 ab
1377 4921 1638 4990 Ungaris,
1687 4926 1743 4975 et
1781 4938 1815 4975 a
1855 4921 2019 4976 malis

325 5013 683 5083 Christianis,
743 5029 842 5066 seu
901 5013 1013 5064 alio
1071 5012 1474 5081 qualicumque
1538 5009 1702 5064 modo
1762 5011 2018 5064 Ecclesia;

319 5101 538 5156 fuerint
591 5103 834 5154 incensa:
883 5105 938 5152 et
977 5099 1308 5164 combustae,
1350 5097 1408 5150 in
1442 5097 1716 5167 cappellis
1763 5113 1892 5151 cum
1939 5103 2020 5152 ta-

317 5190 455 5248 bula
500 5194 830 5243 consecrata
875 5187 1075 5240 missas
1120 5185 1352 5238 interim
1402 5186 1688 5238 celebrare
1736 5185 2019 5254 permitti-

321 5293 471 5344 mus,
521 5278 702 5332 donec
758 5276 896 5346 ipsa:
969 5274 1228 5329 Ecclesiae
1297 5273 1606 5327 restaurari
1662 5279 1894 5344 queant.
1951 5275 2016 5328 In

319 5367 526 5420 itinere
560 5383 693 5420 vero
739 5365 962 5437 positis,
1019 5363 1066 5416 si
1097 5363 1342 5417 Ecclesia
1381 5363 1646 5430 defuerit,
1678 5367 1740 5416 ut
1771 5363 1874 5417 sub
1918 5363 2013 5418 dio

318 5471 420 5509 seu
471 5454 533 5509 in
578 5455 844 5509 tentoriis
893 5453 1032 5506 item
1077 5452 1123 5506 si
1177 5451 1370 5504 tabula
1425 5451 1619 5504 altaris
1662 5457 2010 5520 consecrata,

317 5546 638 5615 ceteraque
669 5557 826 5597 sacra
857 5541 1128 5612 mysteria
1165 5539 1234 5594 ad
1271 5539 1328 5593 id
1359 5539 1614 5594 officium
1663 5539 2012 5609 pertinentia

2136 1785 2277 1853 ejus,
2312 1788 2366 1836 et
2409 1782 2572 1835 aereis
2609 1781 2752 1834 vasis
2797 1786 2854 1834 et
2897 1781 3254 1846 utensilibus,
3292 1781 3364 1834 ad
3395 1779 3654 1834 divinum
3705 1780 3838 1834 cul-

2135 1877 2259 1926 tum
2299 1871 2644 1941 explendum
2681 1869 2944 1940 legimus,
2979 1875 3035 1922 et
3081 1885 3196 1922 non
3228 1869 3408 1922 solum
3445 1868 3652 1922 divinis
3695 1885 3836 1938 pre-

2136 1960 2295 2014 cibus
2349 1975 2414 2013 ea
2475 1975 2744 2027 sacrasse,
2796 1959 2894 2011 sed
2947 1958 3118 2010 etiam
3152 1957 3330 2010 sancti
3379 1956 3490 2010 olei
3537 1957 3836 2022 unctione,

2139 2048 2383 2102 Domino
2409 2048 2667 2118 jubente,
2701 2046 3003 2117 perlinisse
3036 2046 3318 2098 novimus.
3353 2046 3608 2110 Qualiter
3638 2051 3838 2098 autem

2141 2137 2259 2190 haec
2305 2137 2450 2189 facta
2487 2141 2638 2202 sunt,
2685 2140 2742 2188 et
2787 2152 2904 2188 non
2951 2135 3047 2187 alii
3074 2134 3196 2204 ipsa
3237 2150 3395 2187 sacra
3438 2150 3610 2204 quam
3653 2149 3840 2188 sacer-

2142 2226 2300 2279 dotes
2341 2241 2498 2278 sacra
2531 2225 2802 2278 unctione
2833 2223 3088 2282 delibuti,
3145 2223 3498 2293 Dominoque
3531 2238 3661 2276 cum
3711 2238 3840 2275 ves-

2139 2313 2292 2366 tibus
2323 2314 2530 2366 sanctis
2580 2311 2784 2366 sacrati
2838 2318 2894 2365 et
2945 2312 3130 2365 levitte
3165 2312 3503 2375 tractabant,
3553 2310 3842 2376 ferebant,

2144 2403 2457 2472 erigebant,
2522 2406 2578 2454 et
2629 2401 3014 2470 deponebant,
3075 2401 3136 2453 in
3185 2401 3322 2469 ipsis
3383 2399 3846 2453 institutionibus

2147 2507 2293 2560 quae,
2322 2490 2564 2559 jubente
2597 2490 2860 2554 Domino,
2895 2505 3000 2558 per
3025 2489 3214 2541 Mosen
3247 2487 3584 2557 conscriptae.
3611 2493 3750 2541 sunt
3783 2488 3848 2541 in

2147 2577 2268 2646 lege
2316 2576 2547 2644 Domini
2591 2577 2894 2646 reperitur.
2947 2575 3202 2638 Qualiter
3233 2591 3368 2644 ergo
3415 2574 3588 2628 David
3637 2589 3849 2644 regum

2145 2664 2436 2733 piissimus
2481 2665 2856 2733 ampliaverat
2888 2666 3104 2717 cultum
3147 2663 3266 2728 Dei,
3317 2669 3372 2716 et
3401 2663 3682 2733 templum
3735 2665 3846 2716 Do-

2147 2753 2291 2806 mini
2337 2753 2622 2807 eedilicare
2671 2753 2869 2818 voluit,
2922 2753 3022 2806 sed
3063 2758 3299 2822 propter
3331 2753 3576 2805 multum
3615 2753 3852 2822 sangui-

2145 2856 2278 2894 nem
2312 2857 2482 2910 quem
2534 2840 2826 2906 effuderat,
2869 2840 3192 2909 prohibitus
3238 2845 3340 2904 est,
3390 2845 3448 2892 et
3496 2839 3617 2908 ipse
3669 2840 3850 2894 colle-

2147 2932 2310 2996 gerat
2339 2944 2617 2998 expensas
2673 2927 2944 2981 Salomon
2971 2943 3200 2997 quoque
3249 2928 3401 2982 ﬁlius
3433 2928 3556 2998 ejus
3588 2928 3848 2997 idipsum

2146 3015 2300 3087 quod
2349 3015 2470 3085 ipse
2518 3015 2702 3068 facere
2757 3020 3072 3084 optaverat,
3127 3014 3365 3084 jubente
3426 3020 3482 3068 et
3529 3017 3846 3070 auxiliante

2141 3104 2399 3166 Domino,
2435 3103 2694 3172 perfecit,
2723 3109 2780 3156 et
2809 3105 3090 3174 templum
3121 3119 3250 3156 cum
3288 3103 3471 3167 altari,
3505 3109 3562 3158 et
3605 3104 3839 3175 reliqua

2139 3192 2210 3246 ad
2247 3192 2504 3246 divinum
2535 3193 2752 3262 cultum
2781 3193 3174 3262 peragendum
3207 3193 3574 3246 consecravit.

2565 3261 2695 3316 CAP.
2731 3263 2908 3315 LVIII.
2935 3261 3006 3300 4
3027 3265 3096 3316 De
3121 3264 3304 3316 eadem
3325 3279 3400 3315 re.

2212 3333 2332 3398 (Ea:
2369 3335 2527 3400 epist.
2579 3333 2777 3386 Felicis
2845 3335 2939 3400 IV,
3004 3349 3180 3402 papas,
3232 3335 3475 3388 omnibus
3539 3333 3840 3404 Episcopis

2137 3420 2362 3488 missa.)
2411 3420 2596 3473 Judaii
2658 3436 2794 3490 ergo
2841 3421 3044 3474 locain
3089 3422 3298 3492 quibus
3347 3422 3588 3475 Domino
3627 3425 3842 3476 sacriﬁ-

2139 3509 2342 3562 cabant
2373 3509 2580 3562 divinis
2609 3508 2896 3562 habebant
2937 3511 3452 3580 supplicationibus
3482 3519 3838 3580 consecrata,

2138 3613 2243 3650 nec
2273 3597 2332 3649 in
2373 3597 2517 3658 aliis,
2553 3613 2726 3667 quam
2757 3598 2873 3650 Deo
2913 3597 3114 3652 dicatis
3145 3599 3280 3652 locis
3319 3615 3560 3654 munera
3589 3601 3838 3655 Domino

2139 3685 2470 3739 offerebant.
2515 3685 2570 3739 Si
2609 3685 2762 3738 enim
2811 3685 3015 3753 JltdtPi,
3067 3688 3166 3756 qui
3211 3688 3428 3740 umbrae
3469 3689 3611 3758 legis
3640 3690 3838 3746 deser-

2139 3774 2388 3840 viebant,
2423 3775 2545 3826 haec
2589 3773 2892 3840 faciebant,
2931 3776 3112 3829 multo
3155 3777 3339 3846 magis
3369 3777 3579 3847 quibus
3629 3779 3840 3832 veritas

2139 3863 2423 3932 patefacta
2470 3867 2573 3930 est,
2625 3867 2682 3916 et
2739 3863 2922 3933 gratia
2969 3869 3026 3916 et
3068 3864 3273 3917 veritas
3315 3881 3418 3934 per
3463 3866 3654 3919 Jesum
3708 3868 3840 3921 data

2139 3957 2241 4018 est,
2290 3951 2503 4020 templa
2555 3951 2793 4004 Domino
2826 3951 3110 4007 aediﬁcare
3159 3959 3214 4006 et
3251 3958 3425 4022 prout
3455 3955 3660 4008 melius
3701 3973 3836 4026 pos-

2140 4057 2338 4094 sumus
2415 4057 2643 4106 ornare,
2701 4055 2880 4112 eaque
2931 4041 3139 4096 divinis
3197 4044 3460 4113 precibus
3511 4050 3568 4098 et
3623 4047 3836 4100 sanctis

2139 4129 2504 4182 unctionibus
2536 4130 2651 4182 suis
2682 4145 2812 4182 cum
2835 4130 3110 4183 altaribus
3141 4136 3198 4184 ct
3219 4131 3380 4198 vasis,
3407 4133 3657 4186 vestibus
3689 4151 3834 4204 quo-

2139 4233 2249 4288 que
2282 4222 2338 4270 et
2369 4217 2608 4287 reliquis
2638 4217 2706 4272 ad
2743 4217 3000 4272 divinum
3033 4219 3252 4272 cultum
3283 4221 3630 4290 explendum
3665 4229 3833 4276 uten-

2135 4306 2336 4360 silibus
2375 4307 2575 4360 devote
2607 4311 2662 4359 et
2704 4306 3042 4360 solemniter
3071 4325 3310 4377 sacrare,
3359 4315 3414 4363 et
3445 4325 3558 4364 non
3595 4309 3656 4364 in
3709 4313 3836 4365 aliis

2135 4395 2294 4460 locis,
2347 4411 2518 4464 quam
2551 4395 2610 4448 in
2661 4395 2905 4449 Domino
2935 4397 3165 4450 sacratis
3195 4397 3264 4451 ab
3296 4399 3596 4469 episcopis,
3631 4403 3688 4454 et
3718 4417 3836 4455 non

2135 4501 2164 4536 a
2215 4483 2656 4554 cborepiscopis,
2713 4485 2814 4554 qui
2866 4501 3016 4555 saepe
3059 4487 3334 4555 prohibiti
3383 4493 3534 4552 sunt,
3585 4489 3720 4556 nisi,
3771 4493 3836 4542 ut

2131 4572 2469 4642 praedictum
2509 4577 2611 4636 est,
2667 4589 2892 4628 summa
2929 4575 3190 4644 exigente
3225 4577 3583 4644 necessitate,
3629 4579 3832 4632 missas

2133 4661 2441 4726 celebrare,
2495 4677 2598 4715 nec
2648 4662 2922 4716 sacrificia
2977 4663 3223 4718 Domino
3277 4665 3480 4718 offerre
3528 4665 3829 4722 debemus.

2132 4751 2195 4802 Et
2241 4750 2368 4814 hoc,
2435 4750 2544 4803 nisi
2595 4767 2820 4804 summa
2877 4753 3180 4806 necessitas
3237 4769 3404 4823 agere
3457 4757 3828 4824 compulerit,

2131 4855 2248 4892 non
2297 4840 2356 4892 in
2389 4839 2675 4904 domibus,
2709 4841 2844 4910 quia
2885 4841 2942 4895 in
2981 4841 3155 4896 sacris
3185 4843 3499 4897 canonibus
3547 4845 3830 4898 sacriﬁcia

2130 4926 2190 4980 in
2218 4927 2482 4982 domibus
2511 4928 2702 4982 offerri
2731 4929 3022 4998 prohibita
3043 4937 3192 5000 sunt,
3227 4933 3326 4986 sed
3355 4932 3412 4985 in
3444 4933 3831 4986 tabernaculis

2130 5015 2340 5068 divinis
2383 5018 2647 5086 precibus
2691 5035 2724 5072 a
2761 5019 3135 5088 pontiﬁcibus
3165 5021 3387 5086 dicatis,
3435 5027 3488 5074 et
3519 5021 3578 5074 in
3608 5021 3832 5076 mensis

2131 5100 2372 5154 Domino
2404 5103 2658 5169 sacratis,
2691 5109 2748 5156 et
2780 5119 2936 5156 sacra
2966 5105 3234 5158 unctione
3267 5123 3296 5158 a
3327 5105 3694 5175 pontificibus
3735 5107 3834 5160 de-

2127 5186 2346 5254 libutis,
2407 5205 2513 5258 pro
2563 5205 2808 5255 summa,
2860 5195 2920 5244 ut
2961 5191 3262 5261 praefixum
3315 5197 3416 5261 est,
3469 5193 3828 5261 necessitate,

2129 5281 2186 5330 et
2233 5293 2350 5330 non
2383 5293 2484 5346 pro
2539 5277 2700 5332 libitu
2732 5279 3070 5349 cujusquam
3103 5287 3160 5335 et
3191 5281 3424 5352 pigritia
3455 5271 3676 5351 agatur.
3731 5283 3829 5337 Sa-

2127 5365 2239 5420 tius
2270 5371 2354 5418 est
2399 5367 2626 5420 missam
2674 5384 2788 5420 non
2829 5374 3078 5435 cantare,
3112 5376 3212 5423 aut
3241 5386 3356 5424 non
3396 5371 3616 5440 audire,
3651 5387 3830 5442 quam

2123 5454 2184 5508 in
2217 5454 2304 5508 his
2333 5455 2490 5522 locis,
2527 5455 2622 5508 ubi
2657 5457 2782 5510 fieri
2807 5473 2926 5512 non
2955 5463 3178 5529 oportet
3225 5460 3368 5526 fore,
3404 5460 3531 5526 nisi,
3565 5466 3632 5514 ut
3669 5477 3826 5532 saepe

2123 5541 2338 5596 dictum
2379 5548 2483 5614 est,
2511 5559 2617 5614 pro
2665 5561 2890 5600 summa
2929 5546 3226 5617 contingat
3271 5547 3630 5618 necessitate,
3683 5565 3828 5622 quo-
