3956 6332
120 354 211 405 685

117 476 263 528 uiam
292 477 805 547 necessitaslegem
828 493 945 530 non
968 478 1156 532 habet.
1197 480 1355 534 Unde
1382 479 1657 550 scriptum
1680 484 1795 533 est:
1837 482 1877 535 A

116 564 242 618 Vide
272 580 343 618 ne
380 564 587 619 oﬁ‘eras
612 564 945 620 holocausta
976 571 1076 620 tua
1097 566 1157 620 in
1189 568 1347 621 omni
1370 568 1494 621 loco
1526 584 1699 638 quem
1725 567 1808 621 vi-

115 652 275 720 deris,
308 654 405 707 sed
438 654 498 706 in
528 654 651 707 loco
681 670 855 725 quem
882 655 1119 725 elegerit
1159 656 1434 709 Dominus
1473 657 1621 710 Deus
1652 661 1803 710 tuus.

116 742 176 793 Et
205 741 264 794 in
295 741 482 795 Exodo
514 742 760 811 legitur:
793 743 901 795 Vos
941 742 1163 797 vidistis
1193 744 1327 814 quia
1366 744 1434 798 de
1472 745 1615 798 coelo
1647 745 1805 798 locu-

115 835 201 885 tus
239 846 363 884 sum
393 831 555 884 vobis
580 848 593 884 :
627 832 749 885 Non
775 832 993 886 facietis
1024 834 1160 886 deos
1190 837 1511 903 argenteos,
1545 850 1648 888 nec
1668 835 1807 889 deos

115 936 307 973 aureos
336 919 553 974 facietis
594 920 772 974 vobis.
805 921 1001 975 Altare
1037 922 1106 975 de
1155 925 1309 975 terra
1361 922 1579 976 facietis
1643 923 1805 990 mihi,

119 1013 173 1061 et
224 1007 472 1061 oﬁ‘eretis
511 1023 681 1077 super
726 1024 793 1062 eo
848 1009 1177 1063 holocausta
1224 1014 1282 1063 et
1320 1010 1566 1080 paciﬁca'
1598 1016 1804 1066 vestra.

120 1097 255 1151 Oves
287 1101 499 1150 vestras
544 1096 604 1149 in
638 1096 798 1150 omni
848 1097 991 1163 loco,
1042 1098 1102 1151 in
1154 1114 1268 1168 quo
1317 1099 1596 1153 memoria
1635 1100 1811 1155 fuerit

120 1185 361 1239 nominis
394 1184 527 1238 mei.
559 1185 628 1239 Et
657 1184 801 1239 sicut
833 1202 951 1239 non
976 1185 1096 1253 alii,
1129 1202 1303 1257 quam
1329 1187 1533 1241 sacrati
1566 1188 1810 1243 Domino

118 1274 431 1327 sacerdotes
478 1273 689 1328 debent
731 1274 934 1328 missas
973 1280 1224 1341 cantare,
1268 1291 1373 1329 nec
1404 1276 1680 1329 sacriﬁcia
1708 1293 1811 1331 su-

116 1378 217 1432 per
244 1363 423 1416 altare
452 1361 677 1427 oﬁ‘erre,
728 1363 808 1416 sic
846 1378 949 1417 nec
999 1363 1059 1416 in
1106 1362 1251 1427 aliis,
1290 1378 1463 1433 quam
1494 1364 1554 1417 in
1595 1365 1810 1434 praefa-

116 1451 184 1503 tis
236 1450 477 1504 Domino
510 1451 741 1504 sacratis
786 1450 923 1505 locis
971 1451 1161 1505 Missas
1200 1456 1451 1518 cantare,
1494 1457 1594 1505 aut
1637 1453 1809 1507 sacri-

115 1539 241 1593 ﬁcia
279 1539 483 1596 offerre
509 1540 658 1594 licet.
700 1539 758 1595 Si
784 1546 977 1594 autem
1003 1541 1214 1610 legitur
1243 1540 1303 1595 in
1342 1540 1583 1595 concilio
1611 1543 1808 1597 Laodi-

114 1628 263 1681 censi
320 1628 505 1698 capite
555 1629 738 1693 XXVI,
771 1629 925 1699 quod
970 1628 1029 1681 hi
1079 1628 1179 1699 qui
1224 1646 1341 1683 non
1403 1634 1539 1683 sunt
1576 1631 1648 1685 ab
1695 1631 1811 1702 epi-

112 1717 292 1788 scopis
334 1717 601 1783 ordinati,
648 1722 767 1770 tam
817 1717 878 1771 in
926 1718 1187 1771 Ecclesiis
1239 1734 1410 1787 quam
1454 1718 1515 1771 in
1546 1719 1810 1774 domibus

112 1806 426 1859 exorcizare
466 1821 581 1859 non
617 1810 877 1875 possunt,
922 1805 1101 1859 multo
1131 1805 1314 1874 magis
1338 1806 1568 1876 majoris
1598 1807 1810 1877 gradus

111 1894 449 1961 ministeria,
495 1893 603 1947 nisi
650 1894 719 1947 ab
751 1893 853 1959 eis,
888 1893 986 1964 qui
1032 1894 1100 1947 ad
1160 1911 1258 1946 eos
1315 1899 1528 1964 gradus
1559 1900 1691 1949 sunt
1721 1912 1810 1949 sa-

112 1982 267 2049 crati,
321 1981 528 2051 quibus
574 1980 740 2051 fungi
780 1981 1011 2049 debent,
1054 1981 1143 2035 vel
1184 1981 1372 2035 ofﬁcia
1424 1981 1535 2052 agi,
1583 1982 1672 2035 vel
1721 1998 1809 2035 sa-

113 2069 323 2123 criﬁcia
356 2069 552 2123 offerri
600 2085 718 2122 non
751 2069 897 2123 licet.
943 2070 1102 2133 Quod
1153 2074 1366 2137 autem,
1416 2075 1480 2123 ut
1518 2072 1689 2141 paulo
1716 2087 1810 2124 su-

114 2158 307 2228 perius
385 2157 751 2227 praelibatum
824 2161 928 2222 est,
1012 2157 1329 2211 oblationes
1406 2158 1466 2211 in
1548 2157 1812 2213 domibus

115 2244 304 2299 offerri
334 2262 452 2299 non
491 2245 702 2299 debent
747 2246 806 2299 in
842 2245 1039 2300 eodem
1083 2245 1343 2309 concilio,
1380 2262 1502 2316 cap.
1546 2246 1657 2302 LIX
1686 2262 1815 2316 pro-

114 2334 363 2388 hibitum
396 2334 639 2387 habetur
669 2333 749 2386 ita
781 2350 792 2386 :
830 2334 955 2387 Non
994 2338 1220 2404 oportet
1248 2333 1309 2387 in
1351 2333 1614 2388 domibus
1649 2335 1812 2388 obla-

113 2423 296 2477 tiones
321 2422 600 2477 celebrari
646 2422 715 2476 ab
745 2422 1026 2493 episcopis
1069 2423 1158 2476 vel
1189 2422 1551 2493 presbyteris.
1603 2424 1817 2477 Solem-

113 2512 321 2565 nitates
370 2526 504 2564 vero
552 2510 973 2564 dedicationum
1025 2511 1406 2565 Ecclesiarum
1456 2515 1511 2564 et
1553 2511 1812 2565 sacerdo-

116 2605 264 2665 tum,
297 2614 400 2670 per
430 2599 687 2670 singulos
718 2615 892 2653 annos
925 2599 1253 2653 solemniter
1282 2605 1413 2653 sunt
1438 2599 1812 2666 celebrandae,

117 2689 242 2759 ipso
291 2688 536 2743 Domino
583 2688 842 2759 exempla
896 2688 1088 2753 dante,
1140 2688 1239 2758 qui
1285 2688 1356 2741 ad
1403 2687 1610 2742 festum
1649 2689 1814 2742 dedi-

118 2777 361 2831 cationis
418 2776 660 2847 Templi,
708 2775 975 2830 omnibus
1019 2775 1073 2830 id
1133 2776 1458 2830 faciendum
1513 2776 1654 2830 dans
1700 2777 1814 2830 for-

118 2881 299 2932 mam,
334 2880 464 2919 cum
496 2863 737 2935 reliquis
779 2864 1005 2935 populis
1035 2864 1297 2919 eamdem
1333 2864 1694 2919 festivitatem
1724 2881 1815 2919 ce-

116 2954 445 3009 lebraturus
490 2953 664 3021 venit,
734 2951 879 3007 sicut
938 2952 1213 3021 scriptum
1273 2956 1398 3007 est:
1463 2955 1627 3007 Facta
1684 2958 1819 3007 sunt

1071 354 1541 414 DECRETORUM
1585 358 1774 413 LIBRI
1812 358 1917 413 XX.
1964 388 2029 395 ——
2072 357 2283 415 LIBER
2322 358 2641 415 TERTIUS.

3507 368 3609 420 686

2374 482 2501 536 CAP.
2532 482 2653 535 LXI.
2686 511 2753 522 —
2776 484 2844 535 De
2868 482 3050 536 eadem
3072 500 3147 536 re.

1989 568 2095 639 (Ex
2116 572 2302 625 concil.
2333 571 2671 638 Laodicensi,
2696 586 2819 641 cap.
2851 572 2976 639 58.)
3005 572 3166 636 Quod
3194 588 3314 626 non
3347 580 3615 643 oporteat

1916 654 1975 708 in
2019 658 2282 711 domibus
2327 658 2648 713 oblationes
2715 659 3010 728 celebrari,
3071 662 3140 713 ab
3188 661 3469 731 episcopis
3526 663 3613 716 vel

1916 745 2280 816 presbyteris.

2342 834 2478 889 CAP.
2513 835 2637 889 LXI.
2672 866 2738 874 —
2772 838 2844 889 De
2881 835 3068 891 eadem
3104 853 3181 892 re.

1988 923 2093 991 (Ea:
2144 924 2330 977 concil.
2384 923 2698 991 Aureliam,
2756 940 2876 992 cap.
2934 924 3006 994 4.)
3067 926 3409 980 Audivimus
3453 928 3609 998 quod

1916 1010 2151 1080 quidam
2190 1010 2319 1065 laici
2379 1010 2439 1066 in
2482 1012 2743 1066 domibus
2792 1013 3042 1084 propriis
3089 1015 3433 1085 praecipiant
3480 1032 3617 1085 pre-

1916 1098 2158 1168 sbyteris
2207 1100 2325 1153 suis
2374 1100 2565 1154 Missas
2611 1102 2917 1170 celebrare,
2959 1106 3015 1156 et
3054 1102 3204 1156 inter
3249 1120 3453 1157 canum
3498 1104 3615 1159 dis-

1915 1202 2134 1253 cursus,
2186 1192 2242 1241 et
2294 1193 2611 1243 scortorum
2670 1205 2895 1261 greges,
2970 1192 3284 1245 sanctitatis
3341 1193 3614 1262 mysteria

1915 1276 2255 1343 polluuntur
2328 1278 2511 1348 magis
2568 1294 2740 1349 quam
2792 1282 3216 1334 consecrentur.
3254 1280 3615 1352 Quapropter

1915 1363 2277 1433 praecipimus
2340 1370 2403 1418 ut
2458 1366 2648 1419 nullus
2718 1367 3018 1437 presbyter
3092 1373 3248 1421 extra
3318 1368 3613 1423 ecclesiam

1915 1457 2228 1521 praesumat
2278 1453 2499 1507 Missam
2558 1458 2805 1523 cantare,
2871 1456 2983 1509 nisi
3040 1456 3186 1511 forte
3235 1456 3458 1510 itineris
3512 1474 3607 1511 ne-

1917 1541 2144 1594 cessitas
2197 1546 2485 1613 exposcat,
2517 1542 2576 1595 in
2634 1543 2885 1597 tentorio
2952 1548 3049 1597 aut
3098 1546 3201 1599 sub
3253 1545 3367 1611 dio,
3401 1545 3460 1598 in
3492 1546 3616 1600 loco

1917 1629 2119 1696 nitido,
2148 1634 2202 1683 et
2234 1630 2405 1697 longe
2449 1631 2519 1685 ab
2577 1631 2736 1685 omni
2792 1632 3162 1686 immunditia
3200 1638 3439 1699 remoto,
3486 1634 3618 1688 Mis-

1919 1732 2006 1770 sas
2060 1716 2346 1771 celebrare
2397 1717 2806 1787 permittimus,
2861 1722 2917 1771 et
2972 1718 3081 1772 hoc
3134 1719 3464 1773 nullatenus
3494 1720 3616 1775 sine

1921 1804 2114 1858 tabula
2144 1810 2487 1867 consecrata,

2184 1910 2313 1965 CAP.
2336 1911 2494 1966 LXII.
2527 1942 2595 1950 ——
2618 1914 2690 1965 De
2714 1914 3057 1981 reparatione
3082 1913 3347 1966 Ecclesiae.

1990 2000 2099 2067 (Ea:
2128 2001 2283 2067 epist.
2336 2001 2532 2067 Vigilii
2585 1999 2792 2069 papa.)
2855 2002 2929 2054 De
2982 2000 3197 2054 fabrica
3244 2017 3378 2055 vero
3433 2001 3619 2071 cujus-

1921 2085 2059 2140 libet
2093 2087 2373 2155 Ecclesim,
2432 2088 2478 2141 si
2529 2088 2757 2158 dirupta
2817 2088 2990 2142 fuerit
3036 2089 3429 2155 instauranda,
3489 2093 3545 2142 et
3574 2088 3620 2142 si

1920 2174 1979 2227 in
2022 2191 2087 2229 eo
2126 2176 2251 2229 loco
2285 2176 2720 2230 consecrationis
2754 2177 3083 2231 solemnitas
3133 2178 3338 2231 debeat
3399 2178 3618 2247 iterari,

1920 2262 1982 2315 in
2042 2280 2154 2334 quo
2209 2264 2532 2318 sanctuaria
2607 2281 2720 2317 non
2805 2266 3036 2329 fuerint,
3098 2266 3245 2320 nihil
3298 2266 3621 2335 judicamus

1924 2351 2173 2418 ofﬁcere,
2217 2353 2262 2405 si
2309 2369 2412 2424 per
2450 2369 2577 2407 eam
2626 2353 2870 2407 minima
2914 2370 3062 2424 aqua
3094 2354 3413 2408 exorcizata
3438 2354 3620 2424 jacte-

1921 2443 2035 2506 tur,
2091 2441 2226 2510 quia
2282 2442 2771 2496 consecrationem
2830 2442 3137 2513 cujuslibet
3213 2443 3494 2510 Ecclesiae,
3561 2443 3621 2496 in

1922 2544 2035 2598 qua
2064 2529 2309 2598 Spiritus
2364 2530 2542 2583 sancti
2598 2547 2695 2583 ara
2752 2547 2865 2583 non
2924 2531 3175 2601 ponitur,
3230 2531 3621 2585 celebritatem

1921 2618 2147 2669 tantum
2176 2617 2387 2670 scimus
2441 2634 2561 2671 esse
2610 2618 2923 2671 Missurum.
2960 2620 3025 2671 Et
3080 2618 3210 2671 ideo
3242 2619 3291 2670 si
3339 2634 3453 2688 qua
3499 2634 3625 2671 san-

1923 2709 2147 2758 ctorum
2195 2706 2491 2760 basilicaa
2547 2706 2935 2760 fundamentis
2999 2706 3171 2759 etiam
3226 2707 3400 2760 fuerit
3451 2706 3619 2759 inno-

1922 2799 2069 2858 vata,
2100 2793 2220 2847 sine
2271 2794 2462 2863 aliqua
2513 2793 2889 2859 dubitatione,
2926 2810 3058 2847 cum
3098 2793 3158 2847 in
3216 2811 3282 2847 ea
3324 2793 3622 2847 Missarum

1923 2883 2097 2937 fuerit
2131 2883 2411 2937 celebrata
2443 2882 2798 2950 solemnitas,
2846 2884 3022 2935 totius
3073 2881 3441 2936 sanctiﬁcatio
3480 2898 3621 2935 con-

1925 2972 2252 3026 secrationis
2307 2971 2656 3040 implebitur.
2722 2971 2779 3025 Si
2809 2987 2943 3024 vero
2999 2970 3322 3024 sanctuaria
3360 2987 3489 3041 quae
3519 2971 3622 3025 ha-

117 3042 375 3098 encaznia
413 3040 838 3113 Hierosolymis,
888 3047 945 3095 et
991 3041 1176 3095 hiems
1219 3046 1357 3104 erat,
1394 3046 1452 3096 et
1484 3042 1814 3097 ambulabat
1846 3048 1887 3103 C
1924 3060 2114 3129 bebat,
2174 3059 2231 3113 at

1992 3062 2114 3129 :bat,
2174 3059 2363 3113 ablata
2415 3064 2567 3125 sunt,
2621 3075 2819 3112 rursus
2877 3075 3079 3112 eorum
3144 3058 3509 3129 repositione,
3567 3064 3626 3114 et

114 3134 276 3186 Jesus
308 3133 369 3185 in
396 3132 610 3201 templo
643 3130 704 3183 in
765 3129 990 3200 porticu
1037 3129 1375 3184 Salomonis.
1426 3130 1588 3193 Quod
1620 3135 1813 3185 autem

118 3226 248 3275 octo
297 3219 521 3274 dierum
570 3219 684 3273 sint
724 3218 979 3272 encmnia
1028 3218 1387 3272 celebranda.
1433 3218 1495 3271 in
1533 3218 1677 3273 libro
1704 3220 1813 3274 Re-

117 3327 258 3380 gum
308 3315 534 3381 peracta
577 3308 931 3363 dedicatione
973 3307 1171 3378 templi
1219 3306 1534 3377 reperietis.
1587 3310 1662 3362 De
1717 3324 1814 3362 ec-

116 3398 425 3453 clesiarum
482 3413 614 3451 vero
646 3397 1067 3450 consecratione
1117 3397 1344 3467 quoties
1389 3395 1707 3463 dubitatur,
1759 3402 1816 3451 et

114 3504 223 3542 nec
270 3490 426 3540 certa
474 3485 771 3556 scriptura,
808 3501 909 3539 nec
943 3484 1081 3539 certi
1125 3489 1297 3538 testes
1328 3484 1597 3552 existunt,
1631 3502 1663 3537 a
1692 3485 1818 3557 qui-

116 3577 225 3631 bus
299 3575 648 3629 consecratio
704 3574 934 3642 sciatur,
1020 3574 1231 3644 absque
1292 3574 1403 3627 ulla
1459 3574 1816 3628 dubitatione

116 3665 323 3718 scitote
356 3679 451 3718 eas
481 3679 600 3716 esse
645 3663 970 3729 sacrandas,
1013 3678 1085 3716 ne
1134 3662 1263 3717 talis
1312 3662 1619 3732 trepidatio
1649 3662 1818 3716 faciat

115 3752 647 3819 deteriorationem,
722 3750 998 3822 quoniam
1069 3767 1185 3804 non
1258 3754 1614 3804 monstratur
1692 3767 1814 3806 esse

116 3841 413 3903 iteratum,
468 3841 624 3911 quod
684 3839 937 3894 nescitur
984 3840 1217 3893 factum.
1276 3840 1373 3894 His
1415 3840 1619 3893 fratres
1656 3840 1813 3894 testi-

117 3929 334 3983 moniis
363 3929 798 4000 scripturarum,
846 3928 915 3982 ab
965 3928 1273 3998 apostolica
1311 3928 1650 3982 auctoritate
1681 3944 1818 3982 con-

116 4018 284 4072 sultis
342 4017 541 4072 vestris
596 4016 844 4071 breviter
903 4015 1262 4086 respondisse
1320 4015 1599 4069 sufﬁciat:
1661 4016 1819 4071 vobis

116 4111 315 4161 tamen
357 4106 789 4177 prmvidendum
834 4110 937 4171 est,
973 4111 1029 4160 et
1060 4104 1328 4159 omnibus
1366 4105 1817 4175 praedicandum,

117 4202 181 4251 ut
210 4195 415 4250 illicita
440 4212 557 4249 non
588 4200 849 4265 agantur.

117 4341 251 4396 CAP.
303 4339 434 4393 LIX.
476 4366 549 4379 —
592 4338 743 4405 Quod
778 4352 885 4391 non
930 4337 1091 4391 liceat
1139 4337 1337 4391 Missas
1383 4334 1667 4402 celebrare,
1710 4336 1821 4389 nisi
1846 4332 1889 4384 D

354 4412 415 4463 in
447 4411 573 4463 locis
602 4410 671 4463 ab
701 4411 946 4477 episcopo
979 4409 1219 4462 civitatis
1241 4408 1581 4461 consecratis.

188 4550 314 4621 (Em
347 4550 489 4604 decr.
540 4549 825 4606 Clementis
870 4564 1045 4618 papae,
1079 4563 1197 4617 cap.
1234 4549 1348 4616 22.)
1380 4548 1484 4602 Hic
1514 4562 1670 4617 ergo,
1713 4546 1821 4600 hoc

117 4645 228 4700 est,
262 4639 325 4693 in
374 4639 644 4710 prmsenti
692 4639 806 4691 vita
838 4637 1054 4708 positos
1106 4641 1331 4707 oportet
1373 4653 1468 4689 vos
1514 4650 1822 4705 agnoscere

115 4730 482 4783 voluntatem
533 4731 589 4781 et
635 4730 992 4798 prmeeptum
1056 4725 1177 4792 Dei,
1236 4725 1336 4779 ubi
1395 4729 1451 4778 et
1501 4724 1710 4795 agendi
1769 4727 1825 4777 et

119 4815 489 4871 sacriﬁcandi
533 4816 605 4870 sit
645 4817 824 4881 locus,
876 4814 1148 4886 quoniam
1198 4814 1259 4868 in
1306 4812 1430 4867 aliis
1469 4813 1607 4867 locis
1650 4813 1822 4867 sacri-

120 4908 296 4961 ﬁcare
332 4910 389 4960 et
440 4905 640 4959 missas
687 4905 976 4959 celebrare
1019 4919 1134 4957 non
1188 4903 1338 4965 licet,
1396 4901 1506 4955 nisi
1555 4902 1613 4955 in
1653 4902 1739 4955 his
1765 4901 1825 4956 in

121 4997 341 5067 quibus
385 4995 689 5065 episcopus
730 4993 1000 5064 proprius
1025 4991 1279 5063 jusserit,
1314 4995 1413 5046 aut
1443 4991 1513 5045 ab
1559 4991 1826 5061 episcopo

121 5084 473 5157 regulariter
546 5083 836 5153 ordinato,
914 5086 1148 5136 tenente
1200 5080 1463 5135 videlicet
1514 5078 1825 5146 civitatem,

122 5170 449 5227 consecrati
468 5170 702 5225 fuerint.
737 5170 918 5224 Aliter
939 5170 1092 5224 enim
1123 5184 1239 5223 non
1271 5172 1405 5221 sunt
1433 5167 1556 5221 haec
1583 5167 1827 5236 agenda,

121 5278 231 5316 nec
263 5262 375 5315 rite
424 5260 785 5325 celebranda,
826 5259 1067 5313 docente
1099 5273 1204 5311 nos
1235 5257 1390 5310 Novo
1427 5260 1483 5309 et
1511 5255 1697 5309 Veteri
1726 5256 1829 5309 Te-

1925 3149 2223 3203 Missarum
2278 3147 2642 3201 solemnitate
2718 3148 3101 3202 reverentiam
3159 3148 3623 3202 sanctiﬁcationis

1924 3236 2183 3306 accipiet.

1924 3325 2051 3379 CAP.
2106 3322 2289 3379 LXIII.
2341 3353 2409 3363 —
2452 3324 2518 3376 Ut
2562 3327 2687 3376 ante
2730 3323 2925 3376 horam
2959 3323 3070 3376 diei
3114 3325 3330 3377 tertiam
3364 3338 3471 3377 non
3512 3326 3625 3378 sint

2505 3396 2684 3447 Missae
2705 3394 3051 3447 celebrandae.

1996 3483 2106 3550 (Em
2164 3484 2319 3551 epist.
2385 3482 2691 3550 Telesphori
2743 3496 2921 3549 papa,
2992 3496 3117 3549 cap.
3187 3482 3265 3550 6.)
3326 3481 3623 3536 Missarum

1926 3570 2334 3625 celebrationes
2379 3573 2509 3623 ante
2558 3570 2757 3622 horam
2795 3569 2909 3622 diei
2946 3569 3176 3623 tertiam
3220 3569 3457 3623 minime
3490 3573 3625 3623 sunt

1926 3659 2299 3724 celebrandas,
2348 3658 2483 3725 quia
2540 3657 2741 3711 eadem
2795 3658 2938 3711 hora
3001 3662 3056 3711 et
3108 3657 3385 3711 Dominus
3439 3656 3622 3711 cruci-

1926 3749 2094 3815 ﬁxus,
2138 3753 2193 3801 et
2238 3762 2409 3816 super
2454 3747 2741 3816 apostolos
2795 3746 3039 3816 Spiritus
3106 3751 3333 3800 sanctus
3392 3747 3623 3800 descen-

1929 3838 2077 3893 disse
2109 3837 2341 3906 Iegitur,
2383 3841 2614 3905 excepta
2644 3839 2809 3889 nocte
2837 3838 3043 3889 sanctae
3076 3834 3410 3889 nativitatis.

2036 3945 2162 3999 CAP.
2194 3944 2365 3997 LXIV.
2391 3973 2459 3983 —
2488 3944 2553 3997 Ut
2574 3959 2678 4011 pro
2706 3942 2955 4012 ﬁdelibus
2986 3942 3256 4007 defunctis
3285 3942 3517 4009 singulis

2320 4014 2507 4069 diebus
2538 4016 2734 4068 Missas
2766 4014 3030 4067 celebrare
3052 4015 3227 4066 liceat.

1999 4101 2109 4172 (Ea:
2159 4104 2347 4156 concil.
2411 4103 2700 4169 Cabillon.,
2755 4118 2879 4171 cap.
2931 4100 3042 4171 39.)
3095 4101 3289 4154 Visum
3344 4102 3625 4170 praeterea

1928 4190 2097 4245 nobis
2124 4196 2210 4243 est
2259 4196 2321 4243 ut
2359 4191 2421 4243 in
2459 4190 2727 4243 omnibus
2773 4190 3069 4244 Missarum
3119 4188 3471 4242 solemnibus
3516 4203 3624 4257 pro

1930 4279 2329 4334 defunctorum
2360 4279 2654 4350 spiritibus
2694 4280 2815 4332 loco
2845 4278 3191 4349 competenti
3223 4276 3501 4331 Dominus
3532 4276 3628 4330 de-

1928 4372 2209 4439 precetur.
2243 4368 2398 4423 Sicut
2437 4368 2592 4421 enim
2651 4368 2808 4421 nulla
2863 4368 2982 4422 dies
3040 4366 3336 4437 excipitur,
3369 4382 3483 4436 qua
3511 4382 3629 4419 non

1930 4474 2032 4529 pro
2063 4455 2384 4511 viventibus
2418 4462 2477 4509 et
2514 4473 2618 4526 pro
2651 4456 3001 4527 quibuslibet
3049 4455 3483 4510 necessitatibus
3525 4454 3627 4508 do-

1932 4546 2122 4599 minus
2183 4545 2539 4615 deprecetur,
2604 4544 2683 4598 ita
2725 4545 3025 4606 ,nimirum
3076 4544 3233 4599 nulla
3283 4543 3404 4598 dies
3443 4542 3629 4613 excipi

1931 4634 2117 4697 debet,
2151 4633 2291 4703 quin
2319 4649 2425 4703 pro
2462 4632 2759 4685 animabus
2780 4632 3037 4687 ﬁdelium
3068 4648 3264 4703 preces
3296 4632 3539 4686 Domino
3567 4631 3630 4685 in

1934 4722 2226 4777 Missarum
2279 4721 2636 4775 solemnibus
2694 4722 3031 4776 fundantur.
3085 4721 3416 4792 Antiquitus
3454 4721 3631 4791 igitur

1932 4812 2086 4865 hunc
2116 4825 2334 4864 morem
2382 4814 2579 4863 sancta
2629 4812 2788 4863 tenet
2830 4810 3097 4877 Ecclesia,
3147 4815 3213 4865 ut
3256 4814 3314 4864 et
3342 4810 3402 4863 in
3434 4810 3629 4864 Missa-

1935 4916 2063 4954 rum
2094 4898 2445 4953 solemnibus
2503 4902 2560 4952 et
2611 4897 2736 4951 aliis
2786 4898 3051 4968 precibus
3101 4898 3343 4953 Domino
3396 4898 3632 4968 spiritus

1937 4987 2351 5060 quiescentium
2396 4986 2891 5052 commendentur,
2951 4986 3172 5041 dicente
3218 4986 3384 5041 beato
3408 4990 3635 5056 Augus-

1936 5078 2097 5132 tino:
2127 5078 2250 5131 Non
2279 5079 2411 5129 sunt
2475 5073 2984 5146 praetermittenda:
3033 5074 3481 5145 supplicationes
3532 5092 3634 5146 pro

1939 5164 2235 5237 spiritibus
2274 5168 2657 5230 mortuorum,
2702 5179 2842 5233 quas
2887 5162 3177 5217 faciendas
3227 5180 3333 5234 pro
3371 5165 3637 5219 omnibus

1940 5257 2002 5310 in
2033 5253 2356 5310 Christiana
2411 5258 2467 5307 et
2515 5252 2791 5307 catholica
2847 5252 3113 5305 societate
3156 5252 3478 5308 laudamus.
3536 5256 3647 5307 De-‘

120 5354 441 5405 stamento.
500 5350 629 5402 Haec
676 5364 707 5402 a
763 5347 1004 5402 Domino
1064 5345 1316 5416 Apostoli
1368 5348 1730 5414 acceperunt,
1777 5348 1835 5398 et
1940 5344 2167 5399 functos
2196 5342 2370 5396 etiam
2401 5341 2586 5396 tacitis
2644 5340 2975 5395 nominibus
3007 5356 3205 5394 eorum
3238 5340 3343 5394 sub
3389 5341 3644 5410 generali

120 5440 294 5494 nobis
347 5436 747 5495 tradiderunt:
796 5437 922 5491 hinc
966 5452 1072 5489 nos
1116 5435 1407 5503 docemus,
1454 5432 1731 5503 vobisque
1779 5436 1835 5486 et

121 5529 405 5584 omnibus
455 5525 667 5598 absque
737 5524 1186 5597 reprehensione
1243 5529 1463 5591 tenere,
1521 5525 1578 5577 et
1634 5520 1836 5576 docere

123 5619 343 5690 quibus
365 5615 660 5688 agendum
682 5620 790 5687 est,
813 5614 1177 5671 mandamus.

1944 5431 2490 5486 commemoratione
2520 5430 2768 5501 suscepit
2799 5428 3063 5497 Ecclesia,
3104 5434 3169 5484 ut
3198 5428 3408 5500 quibus
3440 5429 3508 5504 ad
3537 5428 3647 5483 ista

1946 5520 2155 5575 desunt
2183 5525 2472 5591 parentes,
2504 5524 2602 5575 aut
2629 5519 2756 5587 ﬁlii,
2790 5524 2887 5573 aut
2925 5519 3274 5590 quicumque
3305 5517 3528 5588 cognati
3558 5518 3649 5572 vel

1947 5606 2138 5677 amici,
2162 5609 2233 5664 ab
2283 5625 2399 5671 una
2446 5610 2526 5664 eis
2579 5609 2912 5664 exhibeatur
2971 5608 3066 5681 pia
3111 5612 3293 5663 matre
3331 5605 3647 5661 communi.
