3956 6302
330 327 430 388 687
1409 321 1816 376 BUBCHABDI
1855 319 2384 376 WORMAClENSIS
2423 317 2758 373 EPISCOPI.
3735 320 3827 370 688

452 448 578 502 CAP.
605 446 752 500 LXV.
782 477 851 484 —
885 448 950 500 Ut
973 447 1143 498 Missa
1171 449 1504 498 mortuorum
1527 460 1628 512 pro
1674 443 1917 498 omnibus

800 519 1130 572 Christianis
1159 520 1234 568 sit
1262 515 1554 568 cantanda.

399 607 511 676 (Ea:
541 607 699 660 dictis
738 607 990 672 Dionysii
1019 609 1223 672 Areop.
1251 610 1300 655 et
1341 603 1687 670 Augustini.)
1721 600 2020 670 Dionysius

325 694 672 764 Areopagita
705 693 842 746 dicit
871 692 1254 762 blasphemias
1289 693 1401 744 Deo
1431 692 1637 756 facere,
1680 692 1780 761 qui
1827 690 2021 744 Missas

327 784 492 837 offert
525 799 626 851 pro
673 782 824 834 malo
855 781 1105 834 homine.
1133 780 1488 847 Augustinus
1521 779 1652 834 dicit
1687 795 1790 848 pro
1831 777 2022 831 omni-

325 872 429 924 bus
473 869 808 924 Christianis
848 885 967 921 esse
1017 868 1338 921 faciendum
1372 869 1508 938 quia
1531 867 1620 920 vel
1663 867 1744 920 eis
1771 865 2018 937 proﬁcit,

323 963 424 1012 aut
455 957 843 1022 offerentibus,
878 960 976 1008 aut
1005 955 1326 1026 petentibus
1357 955 1628 1025 proderit.

327 1065 452 1118 CAP.
511 1064 684 1116 LXVI.
736 1092 802 1101 —-
875 1063 942 1115 Ut
989 1061 1358 1114 institutiones
1413 1064 1704 1116 Missurum
1768 1062 1912 1112 sicut
1961 1062 2022 1111 in

395 1135 677 1201 metrolioti
710 1133 871 1203 ﬁunt,
921 1135 1000 1185 sic
1045 1137 1094 1186 et
1123 1135 1182 1186 in
1211 1133 1444 1201 reliquis
1473 1131 2020 1200 comprovinciatibus

393 1207 667 1259 Ecclesiis.

395 1293 505 1362 (Em
563 1293 746 1346 concit.
802 1291 1135 1356 Gerunden,
1190 1291 1334 1358 cap.)
1390 1292 1462 1356 6.)
1515 1291 1584 1342 Ut
1635 1289 2020 1342 institutiones

324 1380 622 1435 Missarum
655 1381 802 1433 sicut
849 1380 910 1432 in
963 1378 1405 1448 metropolitana
1453 1377 1699 1430 Ecclesia
1747 1377 1910 1442 ﬁunt,
1942 1377 2022 1429 ita

320 1467 380 1521 in
431 1469 542 1520 Deo
576 1468 808 1520 nomine
839 1467 898 1519 in
929 1466 1195 1519 omnibus
1225 1465 1796 1532 eamIn-evincialibus
1833 1464 2020 1516 Eccle-

320 1557 440 1624 siis,
497 1561 615 1608 tam
667 1555 845 1625 ipsius
899 1555 1097 1619 Missae,
1153 1553 1310 1612 ordo,
1370 1568 1542 1621 quam
1601 1551 1884 1621 psallenti,
1932 1551 2018 1603 vel

321 1643 688 1696 ministrandi
713 1641 1064 1695 consuetudo
1098 1645 1371 1692 servetur.

323 1749 460 1803 CAP.
494 1748 690 1802 LXVII.
733 1777 800 1785 ——-
853 1749 918 1800 Ut
945 1761 1126 1813 preces
1156 1749 1206 1797 et
1233 1746 1582 1812 praefationes
1615 1759 1732 1812 quae
1764 1747 1822 1798 in
1845 1745 2020 1798 conci-

548 1821 619 1872 lio
645 1818 891 1886 probatae
917 1833 1020 1870 non
1048 1819 1278 1882 fuerint,
1309 1831 1416 1868 non
1442 1816 1788 1868 celebrentur.

395 1925 509 1992 (Ea:
551 1924 739 1978 concit.
772 1922 1068 1987 Africano,
1100 1936 1219 1989 cap.
1276 1921 1388 1988 64.)
1423 1919 1640 1974 Placuit
1669 1920 1844 1972 etiam
1893 1919 2020 1984 hoc,

325 2016 389 2066 ut
423 2027 620 2082 preces
654 2027 784 2081 quae
816 2009 1068 2080 probatae
1103 2009 1316 2062 fuerint
1345 2009 1405 2062 in
1440 2008 1698 2073 consilio,
1731 2007 1847 2060 sive
1878 2023 2022 2076 prat-

321 2101 583 2166 fationes,
662 2100 776 2152 sive
863 2097 1406 2166 commendationes,
1480 2113 1579 2150 seu
1628 2095 2026 2166 impositioncs

326 2206 532 2243 manus
572 2190 639 2242 ab
697 2189 961 2241 omnibus
1015 2187 1391 2240 celebrentur.
1459 2187 1570 2240 Nec
1616 2185 1744 2238 aliae
1791 2185 2024 2238 omnino

327 2284 521 2330 contra
557 2277 728 2329 ﬁdem
761 2275 1146 2345 proferantur,
1184 2274 1280 2326 sed
1315 2289 1676 2343 quaecunque
1724 2289 1854 2325 cum
1885 2289 2023 2341 pru-

327 2365 682 2418 dentioribus
711 2363 924 2416 fuerint
955 2363 1178 2415 collatae
1213 2361 1496 2414 dicantur.

328 2472 456 2525 CAP.
513 2470 736 2524 LXVIII.
786 2498 855 2508 —-
915 2470 980 2522 Ut
1040 2468 1220 2520 nullus
1260 2467 1550 2534 presbyter
1600 2467 1744 2520 solus
1801 2468 2026 2520 Missam

893 2543 1114 2592 cantare
1141 2547 1456 2605 praesumat.

401 2631 514 2699 (Ea:
572 2630 757 2683 concit.
831 2628 1176 2692 Nannetensi,
1242 2641 1360 2695 cap.
1418 2625 1528 2693 30.)
1589 2623 1854 2678 Deﬁnivit
1904 2641 2027 2678 san-

332 2724 486 2772 ctum
543 2717 846 2771 concilium
879 2722 941 2769 ut
971 2716 1164 2768 nullus
1207 2715 1508 2784 presbyter
1535 2715 1688 2766 solus
1717 2719 2028 2783 praesumat

331 2807 551 2862 Missam
569 2812 815 2859 cantare.
844 2805 944 2858 Cui
963 2804 1116 2856 enim
1141 2802 1296 2867 dicit,
1317 2825 1337 2850 ιι
1367 2803 1642 2854 Dominus
1665 2801 2020 2866 vobiscum,»

329 2900 426 2947 aut
495 2913 521 2944 (ε
580 2911 804 2946 sursum
859 2892 1028 2944 corda
1077 2911 1130 2955 ››,
1194 2891 1402 2960 gratias
1481 2906 1717 2960 agamus
1785 2889 2024 2944 Domino

329 2981 443 3033 Deo
469 2985 728 3044 nostro,»
755 2994 886 3030 cum
907 2979 1095 3030 nullus
1109 2976 1181 3029 sit
1200 2976 1297 3046 qui
1325 2977 1706 3045 respondeat?
1727 2981 1840 3030 Aut
1861 2978 1917 3030 in
1933 2994 2023 3030 ca-
2055 3007 2094 3059 ρ

331 3085 501 3132 none,
537 3073 591 3120 et
620 3068 880 3120 omnium
913 3064 1502 3131 circumadstantium,
1536 3081 1664 3118 cum
1698 3082 1866 3118 nemo
1899 3066 2025 3118 sit?

328 3161 440 3209 Aut
457 3171 626 3224 quem
653 3155 855 3208 invitat
878 3155 942 3207 ad
958 3154 1296 3219 orationem,
1321 3169 1450 3206 cum
1473 3153 1610 3206 dicit
1634 3169 1646 3206 :
1668 3173 1692 3204 ‹‹
1717 3155 2018 3222 Oremus,»

330 3261 458 3298 cum
499 3243 689 3296 nullus
720 3243 793 3297 sit
826 3243 926 3314 qui
965 3259 1156 3295 secum
1189 3243 1362 3295 oret?
1397 3245 1510 3296 Aut
1541 3258 1677 3312 ergo
1723 3241 1830 3295 ista
1859 3242 2024 3312 peni-

329 3339 420 3387 tus
453 3333 744 3386 reticenda
775 3335 928 3393 sunt,
971 3335 1024 3384 et
1055 3347 1170 3382 non
1197 3330 1380 3382 solum
1409 3345 1526 3383 non
1565 3329 1673 3383 erit
1711 3329 2023 3398 perfectum

330 3421 689 3486 sacriﬁcium,
733 3435 934 3473 verum
983 3419 1156 3472 etiam
1209 3419 1465 3472 incurret
1495 3417 1752 3488 quisquis
1807 3419 1903 3472 ille
1942 3424 2026 3471 est

331 3511 486 3564 illam
515 3509 830 3562 terribilem
884 3507 1263 3560 sententiam:
1299 3507 1354 3561 Si
1389 3507 1518 3577 quis
1571 3507 1766 3561 tulerit
1796 3507 1865 3560 de
1897 3507 2021 3574 hoc,

329 3599 490 3650 tollat
528 3599 672 3649 Deus
725 3599 948 3666 partem
996 3595 1120 3664 ejus
1173 3595 1241 3648 de
1299 3593 1446 3647 libro
1498 3594 1660 3662 vitae;
1696 3599 1794 3646 aut
1827 3595 1873 3647 si
1902 3595 2026 3648 haec

331 3683 510 3737 muris
559 3688 612 3736 et
657 3682 971 3752 parietibus
999 3681 1467 3750 insusurraverit,
1491 3681 1864 3735 ridiculosum
1895 3680 2024 3744 erit,

331 3771 695 3841 Quapropter
749 3770 849 3822 illa
912 3769 1233 3838 periculosa
1307 3770 1635 3839 superstitio
1696 3769 1940 3822 maxime
1994 3785 2027 3822 a

333 3859 693 3913 monasteriis
751 3859 1166 3911 monachorum
1223 3858 1654 3912 exterminanda
1689 3863 1789 3911 est.
1825 3858 2027 3910 Praevi-

334 3949 505 4002 deant
536 3953 724 4000 autem
782 3947 1002 4016 praelati
1035 3952 1094 4000 ut
1123 3948 1436 4017 presbyteri
1469 3947 1528 3999 in
1574 3947 1844 4000 ccenobiis
1877 3952 1934 4000 et
1965 3947 2024 3999 in

332 4038 457 4091 aliis
499 4034 756 4090 Ecclesiis
803 4040 1201 4105 cooperatores
1262 4035 1510 4088 habeant
1539 4035 1598 4087 in
1650 4035 2024 4088 celebratione

332 4127 645 4181 Missarum.
682 4125 740 4178 Si
768 4125 894 4195 quis
937 4125 1059 4178 haec
1098 4129 1482 4194 transgressus
1513 4124 1708 4190 fuerit,
1739 4125 1808 4177 ab
1839 4123 2024 4177 ofﬁcio

331 4215 729 4286 suspendatur.

335 4337 674 4377 INCIPIUNT‘
743 4334 1028 4374 DECRETA
1107 4335 1380 4374 SECUNDI

405 4423 828 4466 SCCCESSORIS
927 4423 1294 4474 BENEDICTH
1387 4424 1457 4462 ET

405 4507 946 4550 GREGORIIPAPE.

333 4603 462 4657 Car.
493 4601 665 4655 LXlX.
707 4629 775 4638 ——-
808 4600 888 4652 De
911 4600 1331 4668 pra/titionibus
1378 4613 1514 4668 quas
1558 4603 1748 4652 sancta
1791 4601 2028 4654 Romana

574 4672 810 4724 Ecclesia
835 4675 884 4724 et
913 4671 1264 4735 collaudavit,
1297 4675 1346 4722 et
1367 4671 1606 4738 ﬁrmiter
1631 4675 1786 4722 tenet.

403 4761 514 4829 (Em
565 4760 762 4814 decret.
851 4759 1063 4824 Pelagii
1139 4757 1342 4828 papae.)
1413 4757 1679 4826 Pelagius
1753 4758 2026 4813 Romanae

330 4847 590 4904 Ecclesiae
651 4855 706 4903 et
755 4848 1080 4918 apostolicae
1144 4847 1293 4898 sedis
1361 4845 1681 4915 episcopus,
1743 4846 2027 4900 universis

329 4937 764 4994 Germaniarum
814 4941 984 5004 atque
1015 4933 1327 4987 Galliarum
1364 4932 1668 5002 regionum
1719 4934 2022 5004 episcopis.

329 5029 472 5082 Cum
501 5026 562 5078 in
613 5023 714 5079 Dei
754 5023 989 5076 nomine
1037 5022 1096 5074 in
1147 5021 1400 5074 Romana
1452 5021 1698 5076 Ecclesia
1745 5023 2026 5093 synodum

327 5117 730 5186 episcoporum
792 5111 908 5164 sive
976 5113 1314 5163 caeterorum
1376 5110 1847 5164 consacerdotum
1928 5111 2026 5165 Dei

325 5203 580 5258 fidelium
641 5203 1046 5270 congregatam
1090 5197 1506 5264 habuissemus,
1557 5203 1613 5252 et
1651 5199 1718 5252 de
1751 5199 2023 5253 Ecclesia-

328 5292 480 5346 sticis
511 5290 756 5357 statutis,
793 5293 855 5342 ut
882 5291 1014 5340 sunt
1055 5286 1125 5339 ab
1157 5287 1430 5356 apostolis
1455 5293 1510 5340 et
1535 5303 1569 5340 a
1601 5287 1808 5342 sanctis
1840 5289 2024 5342 Patri-

325 5381 434 5435 bus
497 5380 725 5446 tradita,
792 5375 1126 5446 diligentius
1191 5379 1582 5443 tractarenius,
1641 5394 2024 5448 supervenere

324 5469 551 5532 litterae,
601 5473 822 5532 vestrae,
889 5471 944 5518 et
995 5469 1056 5518 ut
1109 5464 1294 5534 magis
1358 5469 1545 5518 essent
1591 5467 2018 5536 auctoritativae,

327 5558 502 5612 etiam
531 5557 673 5612 vivae
711 5571 874 5610 voces
912 5559 1330 5625 processerunt,
1365 5559 1630 5624 rogantes
1661 5561 1722 5610 ut
1761 5557 2021 5612 ordinem

1473 4334 1730 4374 PELAGII
1819 4333 2018 4386 PAPJE,

1545 4422 2021 4462 ANTECESSORIS

2051 445 2098 496 A
2135 441 2538 512 praefationum
2572 457 2742 510 quem
2770 447 2962 494 sancta
2987 441 3244 495 Romana
3275 441 3524 496 Ecclesia
3555 442 3830 494 hactenus

2133 531 2385 594 haberet,
2439 529 2646 582 nostris
2689 529 2894 582 litteris
2940 530 3100 582 vobis
3147 531 3645 584 remandaremus.
3683 532 3831 584 Tunc

2133 617 2200 670 de
2243 624 2431 671 vestra
2489 618 2778 670 voluntate
2834 623 2891 671 et
2939 619 3125 672 studio
3195 623 3312 671 tam
3377 619 3529 672 bono
3587 619 3832 672 multum

2131 707 2310 775 gavisi
2351 723 2567 770 sumus,
2630 722 2856 759 sacrum
2923 708 3184 760 ordinem
3242 708 3592 771 Romanum,
3649 724 3834 760 sacra-

2131 809 2242 862 que
2273 794 2581 847 constituta
2611 798 2935 847 nostrorum
2967 800 3390 848 antecessorum
3424 797 3669 849 solerter
3693 796 3834 848 rele-

2132 888 2348 952 gentes,
2367 883 2688 935 invenimus
2713 883 2814 934 has
2827 898 3032 936 novem
3057 883 3416 952 praefationes
3431 884 3488 936 in
3509 901 3678 938 sacro
3692 889 3835 936 cata-

2132 971 2260 1039 logo
2294 969 2696 1023 tantummodo
2731 969 3106 1038 recipiendas,
3159 987 3301 1040 quas
3342 971 3514 1040 longe
3563 975 3724 1023 retro
3755 985 3836 1020 ve-

2129 1064 2328 1124 tustas,
2375 1059 2436 1112 in
2490 1060 2749 1112 Romana
2807 1058 3057 1112 Ecclesia
3111 1059 3386 1112 hactenus
3454 1060 3724 1112 servavit.
3781 1057 3834 1110 Id

2132 1151 2233 1210 est,
2268 1162 2444 1200 unam
2473 1147 2532 1199 in
2575 1147 2718 1200 albis
2749 1147 3132 1200 Paschalibus.
3166 1148 3354 1200 Aliam
3383 1147 3454 1200 de
3484 1147 3836 1200 Ascensione

2133 1234 2381 1287 Domini.
2413 1235 2660 1286 Tertiam
2709 1235 2777 1287 de
2823 1236 3170 1288 Pentecoste.
3224 1236 3496 1299 Quartam
3527 1236 3599 1288 de
3649 1234 3838 1288 Natali

2133 1323 2380 1376 Domini.
2436 1322 2704 1386 Quintam
2755 1323 2824 1376 de
2869 1323 3238 1393 Apparitione
3303 1323 3550 1377 Domini.
3605 1324 3836 1377 Sextam

2132 1411 2199 1464 de
2227 1410 2528 1479 Apostolis.
2557 1409 2870 1480 Septimam
2904 1411 2973 1463 de
3017 1417 3210 1464 sancta
3237 1412 3530 1464 Trinitate.
3563 1413 3836 1466 Octavam

2131 1499 2198 1552 de
2227 1500 2427 1552 Cruce.
2462 1499 2681 1552 Nonam
2713 1500 2782 1552 de
2826 1499 3049 1569 jejunio
3099 1500 3156 1552 in
3207 1499 3659 1569 Quadragasima
3709 1506 3834 1553 tan-

2129 1586 2430 1639 tummodo
2462 1587 2776 1640 dicendam.
2811 1587 2924 1639 Has
2963 1587 3328 1658 prmfationes
3371 1593 3526 1642 tenet
3556 1593 3614 1641 et
3643 1593 3836 1642 custo-

2133 1676 2213 1729 dit
2243 1680 2434 1728 sancta
2465 1677 2720 1729 Romana
2765 1677 3028 1731 Ecclesia.
3063 1679 3172 1731 Has
3201 1677 3481 1730 tenendas
3521 1693 3644 1731 esse
3675 1678 3838 1731 vobis

2135 1765 2492 1818 mandamus.

2136 1883 2263 1936 CAP.
2313 1883 2457 1935 LXX.
2509 1912 2578 1919 —
2629 1883 2709 1934 De
2750 1883 3115 1936 sacerdotibus
3163 1885 3456 1937 Missa-rum
3503 1887 3744 1952 tempore
3793 1886 3844 1938 si

2405 1953 2755 2019 aegritudinis
2784 1955 2986 2021 aliquis
3017 1958 3231 2007 eventus
3255 1957 3554 2007 accesserit.

2207 2057 2324 2124 (Ea:
2347 2057 2530 2110 concit.
2569 2057 2807 2109 Toletan.
2853 2059 2903 2110 8.
2959 2072 3078 2125 cap.
3129 2059 3202 2123 2.)
3238 2057 3390 2110 Nihil
3439 2061 3640 2110 contra
3669 2057 3840 2112 ordi-

2134 2159 2235 2196 nes
2277 2149 2552 2198 statutum
2609 2143 2948 2208 temeritatis
2997 2161 3138 2197 ausu
3185 2151 3586 2215 praesumetur,
3641 2162 3840 2216 neque

2135 2231 2230 2283 illa
2261 2247 2389 2302 quae
2419 2248 2640 2284 summa
2671 2232 3035 2284 veneratione
3083 2241 3405 2300 censentur,
3458 2235 3544 2286 vel
3591 2234 3842 2287 minimo

2132 2320 2599 2390 praesumptionis
2639 2325 2791 2373 tactu
2835 2321 3148 2390 solvantur,
3199 2338 3328 2374 cum
3379 2323 3563 2375 adhuc
3607 2328 3839 2375 tantum

2137 2407 2260 2461 ﬁeri
2305 2408 2464 2478 jussa
2512 2414 2665 2474 sunt,
2717 2425 2823 2462 nec
2865 2409 3182 2480 interrupta
3233 2418 3568 2477 noscuntur,
3601 2427 3674 2463 ne
3707 2412 3842 2464 lan-

2134 2497 2330 2566 guoris
2363 2503 2663 2566 proventu,
2699 2497 2900 2550 robore
2928 2499 3126 2551 salutis
3157 2503 3359 2551 natura
3392 2499 3667 2568 privetur.
3709 2501 3844 2552 Non

2134 2600 2271 2654 ergo
2299 2585 2481 2638 solum
2513 2585 2806 2654 fragilitati
2846 2587 3162 2640 consulitur
3211 2587 3494 2654 humanae,
3529 2588 3628 2641 sed
3656 2587 3840 2642 etiam

2136 2673 2308 2726 sacris
2339 2674 2742 2742 mysteriorum
2795 2675 2914 2738 Dei,
2949 2675 3325 2744 providentur
3375 2677 3584 2729 habere
3629 2676 3846 2731 sollici-

2136 2761 2417 2814 tudinem.
2473 2763 2810 2815 Censuimus
2873 2763 3050 2832 igitur
3105 2765 3408 2818 convenire
3467 2769 3548 2830 ut,
3623 2781 3762 2818 cum
3812 2783 3846 2819 a

2136 2850 2522 2903 sacerdotibus
2582 2851 2874 2905 Missarum
2941 2857 3202 2922 tempore
3286 2857 3476 2906 sancta
3565 2856 3846 2924 mysteria

2136 2944 2555 3006 consecrantur,
2595 2940 2640 2992 si
2674 2940 3033 3010 aegritudinis
3060 2941 3276 2994 accidat
3306 2942 3546 3011 quilibet
3575 2949 3842 3013 eventus,

2133 3042 2246 3096 quo
2287 3031 2536 3096 emptum
2585 3033 2830 3098 nequeat
2873 3029 3312 3083 consecrationis
3359 3031 3572 3100 expleri
3599 3019 3846 3103 'myste-

2136 3115 2310 3176 rium,
2359 3117 2431 3167 sit
2479 3115 2720 3168 liberum
2765 3116 3029 3186 episcopo
3070 3117 3156 3170 vel
3205 3118 3556 3188 presbytero,
3601 3125 3662 3173 ut
3694 3123 3846 3176 alter

2133 3203 2616 3257 consecrationem
2649 3206 2874 3273 expleat
2910 3205 3078 3258 ofﬁcii
3112 3206 3298 3275 cmpti.
3337 3208 3454 3260 Non
3490 3207 3642 3260 enim
3677 3209 3843 3262 aliud

2135 3293 2203 3344 ad
2226 3294 2692 3363 supplementum
2723 3293 2963 3347 initiatis
2992 3295 3275 3364 mysteriis
3320 3297 3608 3366 competit,
3657 3313 3843 3366 quam

2133 3385 2232 3433 aut
2271 3381 2596 3451 incipientis
2662 3386 2764 3434 aut
2805 3383 3200 3452 subsequentis
3269 3384 3612 3454 complenda
3661 3385 3842 3439 bene-

2136 3469 2386 3523 dictione
2440 3469 2768 3536 sacerdotis,
2815 3471 2948 3540 quia
3011 3487 3114 3523 nec
3160 3472 3411 3541 perfecta
3476 3473 3656 3526 videri
3707 3491 3841 3544 pos-

2135 3563 2286 3621 sunt,
2336 3558 2444 3611 nisi
2503 3559 2871 3628 perfectionis
2942 3560 3144 3613 ordine
3209 3562 3624 3630 compleantur.
3694 3563 3841 3617 Cum

2134 3647 2287 3700 enim
2310 3647 2484 3700 simus
2515 3664 2714 3700 omnes
2736 3663 2916 3701 unum
2943 3648 3003 3701 in
3034 3649 3278 3714 Christo,
3313 3649 3456 3703 nihil
3479 3652 3842 3707 contrarium

2135 3737 2428 3790 diversitas
2463 3737 2688 3803 format,
2726 3736 2820 3789 ubi
2851 3737 3160 3791 efficaciam
3200 3737 3596 3808 prosperitatis
3643 3742 3842 3794 unitas

2134 3823 2268 3878 fidei
2334 3829 2724 3894 repraesentat.
2794 3825 2952 3888 Quod
3013 3826 3186 3879 etiam
3249 3829 3573 3880 consultum
3643 3831 3840 3882 cuncti

2136 3913 2352 3966 ordinis
2401 3913 2592 3966 clerici
2641 3913 2887 3966 inditum
2933 3914 3016 3966 vel
3066 3914 3354 3968 indultum
3407 3932 3526 3969 esse
3564 3916 3668 3970 sibi
3723 3935 3840 3972 non

2135 4003 2451 4072 ambigunt,
2500 4002 2618 4066 sed,
2669 4007 2753 4068 ut,
2810 4003 3169 4072 praemissum
3219 4009 3321 4070 est,
3373 4005 3839 4075 przrcedentibus

2140 4091 2330 4144 statim
2380 4090 2476 4143 alii
2527 4107 2630 4160 pro
2677 4093 3098 4160 complemento
3149 4094 3471 4148 succedant.
3526 4096 3604 4148 Ne
3641 4101 3840 4150 tamen

2135 4179 2290 4250 quod
2351 4183 2568 4232 naturae
2623 4179 2916 4249 languoris
2968 4197 3136 4234 causa.
3189 4182 3528 4249 consulitur,
3571 4183 3634 4236 in
3687 4201 3835 4253 prae-

2056 4282 2097 4334 ι)
2139 4267 2482 4337 sumptionie
2513 4269 2824 4337 perniciem
2852 4275 3234 4336 convertatur,
3259 4271 3451 4324 nullus
3479 4277 3614 4341 post
3643 4273 3840 4328 cibum

2135 4357 2450 4424 potumque
2477 4354 2592 4408 sive
2623 4356 2915 4424 quodlibet
2954 4358 3260 4411 minimum
3297 4367 3592 4429 sumptum
3643 4361 3839 4416 Missas

2134 4441 2338 4507 facere,
2371 4443 2681 4512 nullusque
2723 4445 2937 4516 absque
2960 4447 3208 4516 patentis
3241 4455 3522 4517 proventu
3555 4451 3842 4506 molestiae

2134 4529 2396 4583 minister
2421 4532 2510 4584 vel
2541 4533 2800 4587 sacerdos
2830 4551 2960 4588 cum
2994 4535 3246 4606 coeperit,
3280 4536 3617 4607 imperfecta
3649 4540 3843 4594 ofﬁcia

2133 4625 2444 4688 praesumat
2473 4620 2708 4674 omnino
2751 4623 3098 4693 relinquere.
3147 4625 3202 4678 Si
3233 4626 3363 4695 quis
3393 4627 3514 4680 haec
3553 4633 3840 4683 temerare

2133 4709 2584 4778 praesumpserit,
2634 4713 3241 4766 excommunicationis
3275 4715 3618 4769 sententiam
3671 4718 3842 4772 susti-

2137 4796 2312 4849 nebit.

2551 4923 2677 4977 Cap.
2706 4925 2878 4980 LXXI.
2915 4955 2984 4964 ——
3011 4929 3085 4980 De
3123 4927 3306 4980 eadem
3333 4943 3410 4982 re.

2207 5029 2312 5091 (Ea:
2341 5029 2536 5084 decret.
2583 5033 2841 5086 Anacteti
2883 5033 3085 5104 papae.)
3117 5034 3448 5090 Sacerdotes
3487 5037 3721 5106 quando
3755 5053 3842 5090 sa-

2134 5116 2409 5184 criﬁcant,
2471 5135 2585 5172 non
2645 5120 2752 5174 soli
2812 5122 2921 5174 hoc
2975 5137 3144 5190 agere
3218 5123 3449 5190 debent,
3514 5125 3614 5178 sed
3661 5130 3842 5179 testes

2135 5221 2326 5259 secum
2359 5207 2628 5273 habeant,
2665 5211 2725 5261 ut
2767 5210 2881 5262 Deo
2911 5210 3160 5280 perfecte
3193 5211 3251 5265 in
3305 5211 3535 5266 sacratis
3591 5213 3836 5268 Domino

2134 5293 2272 5346 locis
2330 5295 2646 5349 sacriﬁcare
2703 5297 3044 5366 probentur.
3097 5300 3190 5354 Ait
3226 5316 3476 5371 namque
3525 5303 3838 5356 auctoritas

2132 5382 2272 5451 legis
2327 5383 2570 5436 divinae:
2647 5386 2785 5439 Vide
2843 5403 2914 5440 ne
2972 5388 3178 5442 offeras
3237 5389 3566 5444 holocausta
3615 5396 3716 5445 tua
3773 5392 3838 5447 in

2131 5472 2288 5526 omni
2317 5473 2442 5526 loco
2499 5490 2668 5544 quem
2719 5475 2943 5543 videris,
2987 5477 3090 5531 sed
3119 5478 3179 5531 in
3210 5479 3336 5533 loco
3367 5495 3538 5548 quem
3589 5479 3837 5552 elegerit

2131 5561 2410 5616 Dominus
2439 5561 2590 5616 Deus
2615 5567 2766 5617 tuus.
