3956 6306
111 394 218 444 689

1101 395 1575 455 DECRETORUM
1620 402 1807 457 LIBRI
1842 403 1950 457 XX.
1984 432 2052 441 —
2085 403 2297 459 LIBER
2336 405 2649 460 TERTIUS.

3516 420 3621 472 690

110 516 241 602 Car.
279 516 493 602 LXXII:
538 546 607 602 —_'
638 518 719 570 De
741 517 1072 602 presbyteris
1116 523 1213 602 qui
1241 521 1569 602 daemonibus
1598 526 1814 602 qvariis-
1847 532 1893 580 A
1931 524 2244 595 spiritalem
2276 530 2445 597 atque
2479 529 2786 581 carnalem.
2834 529 2996 592 Quod
3036 538 3313 602 quantum
3345 536 3415 591 sit
3465 541 3625 594 omni

180 600 290 657 que
325 588 683 711 [passionibus
713 594 1003 649 vescantur,
1055 592 1198 659 quod
1246 594 1356 645 illis
1396 610 1555 647 sacra
1588 600 1823 648 tractare

180 672 292 709 non
348 674 459 710 acea
495 701 505 710 .
907 689 920 701 -

178 672 292 709 non
325 672 505 710 (lceat.
907 689 920 701 υ

184 744 310 813 (Ea:
355 744 552 799 decret.
592 748 678 801 Pii
701 763 884 817 papae,
923 764 1042 817 cap.
1079 749 1156 819 6.)
1200 751 1346 804 Bene
1381 751 1663 820 siquidem
1699 768 1819 805 ma-

103 832 309 902 jorum
363 834 577 904 regulis
629 837 928 890 deﬁnitum
979 844 1175 904 estut,
1237 841 1532 893 daemoniis
1579 841 1819 910 aliisque

109 922 485 991 passionibus
548 924 804 991 irretitis,
865 927 1136 996 mysteria
1194 944 1350 981 sacra
1404 934 1644 982 tractare
1701 946 1819 983 non

110 1011 313 1068 liceat.
377 1012 478 1065 Cui
508 1008 811 1083 praecepto,
864 1031 1141 1069 consensu
1188 1017 1421 1070 rationis
1453 1017 1728 1084 adhibito,
1761 1019 1817 1072 id

112 1101 508 1154 communiter
539 1102 919 1170 deﬁnivimus,
971 1108 1033 1157 ut
1063 1105 1252 1158 nullus
1285 1107 1354 1158 de
1386 1105 1473 1158 his
1505 1107 1604 1176 qui
1632 1113 1730 1161 aut
1759 1108 1819 1160 in

113 1194 334 1243 terram
386 1190 599 1259 arrepti
640 1208 673 1244 a
723 1192 1082 1246 daemonibus
1134 1194 1442 1262 eliduntur,
1501 1200 1599 1249 aut
1638 1196 1820 1266 quoli-

110 1278 211 1331 bet
241 1278 419 1332 modo
466 1280 783 1332 vexationis
833 1281 1154 1335 incursibus
1199 1283 1537 1352 efferuntur,
1592 1286 1675 1338 vel
1723 1301 1817 1338 sa-

110 1366 224 1420 cris
274 1368 523 1420 audeant
572 1368 896 1421 ministrare
945 1371 1236 1437 altaribus,
1282 1373 1370 1425 vel
1413 1372 1714 1426 indiscussi
1760 1391 1816 1426 se

110 1454 329 1508 divinis
361 1454 628 1523 ingerant
672 1457 1062 1524 sacramentis,
1111 1460 1360 1528 exceptis
1390 1459 1502 1512 illis
1550 1461 1649 1530 qui
1694 1477 1814 1514 cor-

109 1558 326 1612 porum
388 1542 959 1597 incommodilatibus
1022 1546 1218 1613 dediti,
1291 1548 1411 1600 sine
1484 1549 1817 1617 hujusmodi

111 1630 484 1699 passionibus
512 1631 572 1683 in
604 1637 816 1685 terram
866 1634 1263 1702 approbantur
1308 1635 1451 1690 elisi.
1485 1636 1592 1699 Qui
1623 1643 1817 1691 tamen

111 1722 171 1770 et
215 1718 334 1789 ipsi
367 1710 589 1773 tandiu.
620 1726 783 1773 erant
828 1721 895 1774 ab
941 1722 1111 1775 ofﬁcii
1156 1723 1242 1775 sui
1277 1728 1331 1776 et
1361 1723 1559 1777 ordine
1591 1730 1647 1777 et
1692 1726 1814 1778 loco

111 1807 403 1876 suspensi,
448 1824 751 1879 quousque
800 1810 972 1863 unius
1017 1810 1152 1864 anni
1203 1812 1408 1881 spatio,
1460 1829 1561 1882 per
1608 1813 1813 1869 discrer
1850 1812 1887 1863 Β

111 1895 337 1949 tionem
388 1896 638 1968 episcopi
682 1897 1049 1952 inveniantur
1094 1900 1163 1953 ab
1201 1899 1436 1954 incursu
1486 1902 1815 1956 daemonum

112 1984 310 2037 alieni.

547 2074 673 2127 CAP.
710 2074 941 2129 LXXIII.
982 2078 1055 2130 De
1092 2076 1279 2129 eadem
1308 2093 1381 2132 re.

186 2162 310 2231 (Ea:
342 2162 538 2216 decret.
588 2163 825 2218 Sotheris
864 2180 1044 2233 papae,
1078 2180 1196 2234 cap.
1247 2168 1319 2228 8.)
1354 2166 1424 2219 Ut
1451 2164 1590 2219 illud
1637 2166 1815 2219 divini

114 2250 337 2304 oraculi
382 2252 669 2304 monentis
710 2251 921 2322 singuli
953 2260 1310 2321 praecaveant
1340 2270 1453 2324 quo
1499 2254 1764 2308 scribitur
1798 2272 1809 2307 :

110 2341 209 2393 Va;
241 2338 368 2405 soli,
421 2340 574 2409 quia,
622 2356 750 2393 cum
801 2340 1087 2407 ceciderit,
1133 2358 1251 2394 non
1296 2342 1468 2396 habet
1513 2343 1810 2396 sublevan-

111 2432 230 2481 tem
262 2444 276 2481 :
312 2444 681 2497 summopere
718 2431 1033 2482 verendum
1066 2434 1147 2482 est
1181 2431 1340 2483 nobis
1375 2437 1430 2483 et
1474 2432 1811 2497 cavendum,

111 2533 183 2570 ne
251 2517 414 2569 horis
479 2517 589 2569 illis
654 2521 822 2586 atque
889 2518 1244 2587 temporibus
1311 2520 1518 2589 quibus
1568 2521 1812 2573 Domino

109 2604 401 2675 psallitur,
446 2606 532 2658 vel
584 2606 950 2672 sacriﬁcatur,
1009 2606 1315 2676 unicuique
1362 2608 1568 2660 divinis
1624 2609 1814 2677 singu-

110 2693 313 2747 lariter
362 2693 564 2748 ofﬁciis
620 2694 924 2762 insistenti,
977 2696 1295 2765 perniciosa
1341 2696 1527 2766 passio
1560 2697 1645 2749 vel
1680 2713 1812 2750 cor-

110 2780 271 2851 poris
326 2781 597 2851 quaalibet
644 2782 905 2835 valetudo
955 2789 1231 2849 occurrat,
1285 2800 1413 2853 quas
1467 2787 1565 2837 aut
1606 2800 1811 2853 corpus

113 2868 306 2923 subito
357 2870 555 2922 subrui
608 2870 798 2939 faciat,
854 2877 952 2923 aut
1015 2876 1269 2925 mentem
1327 2872 1671 2926 alienatione
1723 2874 1812 2925 vel

111 2964 334 3012 terrore
360 2958 689 3011 confundat.
720 2959 825 3011 Pro
857 2958 1192 3029 hujusmodi
1230 2976 1367 3029 ergo
1400 2961 1630 3014 ausibus
1659 2978 1812 3031 pra:-

112 3050 395 3111 caventes,
457 3047 839 3099 necessarium
900 3047 1164 3100 duximus
1220 3048 1516 3102 instituere
1581 3056 1657 3116 ut,
1713 3049 1809 3103 ubi

111 3133 394 3204 temporis
439 3134 524 3186 vel
558 3135 685 3199 loci,
744 3134 857 3187 sive
909 3134 1044 3188 cleri
1092 3135 1253 3205 copia
1292 3137 1655 3207 suffragatur,
1705 3139 1812 3191 lia-

112 3223 246 3277 beat
274 3222 535 3292 quisquis
580 3223 675 3275 ille
706 3239 915 3276 canens
966 3224 1079 3276 Deo
1112 3230 1281 3294 atque
1309 3226 1635 3279 sacriﬁcans
1684 3234 1812 3296 post

111 3328 169 3365 se
201 3310 373 3363 vicini
404 3309 699 3362 solaminis
750 3310 1073 3380 adjutorem
1101 3327 1113 3363 :
1150 3317 1214 3363 ut
1244 3312 1289 3364 si
1320 3313 1515 3382 aliquo
1546 3328 1679 3365 casu
1714 3312 1809 3364 ille

112 3400 212 3469 qui
241 3398 430 3452 ofﬁcia
458 3398 798 3467 impleturus
830 3398 1045 3452 accedit
1088 3400 1349 3453 turbatus
1378 3400 1570 3466 fuerit,
1602 3401 1690 3452 vel
1739 3400 1809 3453 ad

111 3492 326 3541 terram
358 3487 552 3551 elisus,
587 3503 620 3539 a
654 3491 815 3556 tergo
849 3503 1077 3556 semper
1107 3490 1313 3541 habeat
1345 3489 1442 3558 qui
1478 3489 1599 3558 ejus
1631 3487 1805 3540 vicem

112 3582 461 3647 exsequatur
525 3575 867 3645 intrepidus,
936 3582 992 3629 et
1045 3577 1299 3630 ofﬁcium
1352 3578 1645 3647 inceptum
1711 3577 1806 3629 ad-

109 3666 369 3734 impleat.

113 3755 240 3809 CAP.
279 3753 501 3809 LXXIV.
534 3784 601 3792 —
636 3756 711 3807 De
757 3754 1089 3877 preslbiétei'is
1124 3756 1218 3823 qui
1257 3755 1359 3807 soli
1401 3756 1600 3808 Missas
1642 3753 1811 3806 solent

814 3841 868 3877 ce
893 3842 917 3876 e
956 3841 1097 3877 rare.

814 3841 1097 3879 ϐριθονιινθ.

186 3915 295 3978 (Ecc
340 3911 538 3979 eodem,
598 3927 720 3979 cap.
782 3911 888 3983 10.)
940 3914 1053 3966 Hoc
1103 3928 1333 3982 quoque
1394 3916 1673 3965 statutum
1726 3916 1812 3964 est

116 4005 181 4055 ut
227 4001 421 4053 nullus
466 4000 928 4071 presbyterorum
975 4001 1268 4054 Missarum
1326 4000 1604 4054 solemnia
1658 4002 1808 4053 cele-

116 4090 283 4144 brare
334 4094 666 4158 praesumat,
719 4088 830 4141 nisi
886 4089 1105 4142 duobus
1157 4090 1531 4157 praesentibus
1583 4088 1808 4159 sibique

117 4177 596 4248 respondentibus
661 4177 782 4247 ipse
849 4178 1050 4231 tertius
1113 4178 1409 4242 habeatur,
1475 4178 1612 4248 quia
1679 4194 1807 4230 cum

116 4265 418 4335 pluraliter
457 4265 525 4317 ab
564 4280 630 4317 eo
680 4263 886 4317 dicitur
918 4281 929 4317 :
968 4282 994 4314 (ι
1026 4264 1298 4317 Dominus
1344 4265 1659 4329 vobiscum,
1693 4284 1720 4315 »
1755 4269 1810 4318 et

114 4354 253 4407 illud
286 4353 347 4405 in
394 4352 633 4406 Secretis
667 4369 680 4406 :
722 4370 749 4403 «
783 4352 947 4405 Orate
980 4368 1082 4420 pro
1132 4368 1241 4415 me,
1278 4372 1302 4402 ›)
1336 4353 1631 4423 aptissime
1664 4368 1803 4405 con-
1836 4373 1878 4424 D

120 4442 292 4508 venit,
327 4446 393 4494 ut
422 4447 478 4495 et
502 4441 680 4511 ipsius
710 4442 1126 4511 respondeatur
1156 4442 1506 4496 salutationi.

119 4533 245 4586 CAP.
282 4530 470 4585 LXXV.
502 4558 575 4569 —
607 4529 686 4582 De
716 4530 827 4581 illis
876 4530 971 4595 qui
1012 4528 1291 4594 conjugati
1330 4530 1635 4599 presbyteri
1664 4528 1809 4582 obla-

703 4602 870 4653 tiones
896 4601 1216 4668 spreverint.

190 4691 303 4758 (Ea:
357 4689 542 4742 concil.
603 4688 900 4755 Agathen.,
958 4703 1078 4756 cap.
1133 4688 1211 4755 8.)
1268 4686 1325 4740 Si
1377 4685 1503 4755 quis
1555 4686 1810 4740 decernit

119 4777 509 4847 presbyterum
553 4777 921 4845 conjugatum
951 4780 1226 4844 tanquam
1262 4775 1553 4828 occasione
1584 4775 1809 4845 nuptia-

117 4881 243 4919 rum
290 4864 441 4934 quod
472 4864 677 4917 offerre
728 4880 838 4917 non
888 4864 1109 4928 debeat,
1144 4869 1199 4916 et
1255 4863 1325 4915 ab
1366 4864 1488 4933 ejus
1523 4864 1807 4918 oblatione

117 4955 242 5008 ideo
275 4969 332 5005 se
364 4953 629 5013 abstinet,
666 4953 972 5005 anathema
1006 4952 1097 5003 sit.

121 5044 239 5097 (lae.
282 5042 493 5095 LXXVI.
548 5071 615 5079 —
660 5044 726 5095 Ut
786 5041 1089 5108 presbyteri
1150 5041 1533 5093 communicent
1576 5042 1809 5108 quoties-

531 5128 737 5180 cunque
766 5113 963 5165 Missas
990 5111 1393 5164 celebraverint.

190 5204 297 5267 (Ea:
325 5200 511 5254 concil.
561 5200 901 5267 Rothumag.,
956 5215 1077 5267 cap.
1127 5198 1208 5266 2.)
1244 5199 1465 5251 Dictum
1516 5205 1600 5250 est
1645 5198 1811 5251 nobis

124 5290 272 5360 quod
304 5288 536 5358 quidam
570 5287 887 5357 presbyteri
925 5287 1205 5340 celebrata
1240 5286 1405 5341 Missa
1435 5286 1811 5339 detrectantes

126 5378 229 5448 ipsi
258 5393 483 5430 sumere
530 5376 724 5429 divina
753 5375 1025 5446 mysteria
1073 5392 1203 5445 qua:
1233 5380 1657 5439 consecrarunt,
1690 5376 1813 5428 cali-

126 5483 242 5520 cem
271 5464 500 5519 Domini
533 5464 883 5517 mulierculis
914 5480 1042 5534 quae
1076 5465 1145 5517 ad
1178 5464 1371 5517 Missas
1413 5463 1660 5516 offerunt
1691 5467 1812 5516 tra-

129 5556 274 5618 dant,
331 5554 417 5607 vel
474 5552 819 5623 quibusdam
882 5552 1039 5605 laicis
1095 5552 1192 5622 qui
1248 5552 1557 5622 dijudicare
1610 5567 1813 5620 corpus

131 5642 355 5698 Domini
417 5641 700 5709 nesciunt,
753 5642 811 5696 id
870 5647 975 5708 est,
1032 5642 1351 5697 discernere
1410 5643 1560 5696 inter
1623 5642 1813 5696 cibum

1931 613 2335 667 Ecclesiasticaa
2383 616 2647 684 religioni
2703 619 3072 684 contrarium,
3135 622 3316 691 pietas
3365 625 3621 682 ﬁdelium

1931 700 2102 753 novit.
2168 702 2323 755 Unde
2381 703 2648 757 omnibus
2706 707 3053 777 presbyteris
3110 710 3507 767 interdicimus
3561 720 3625 769 ut

1930 790 2120 841 nullus
2148 788 2207 841 in
2250 794 2539 858 posterum
2570 792 2679 844 hoc
2726 793 2910 847 facere
2938 804 3276 865 praesumat,
3328 802 3427 854 sed
3480 802 3620 872 ipse,

1930 891 2061 929 cum
2106 878 2424 931 reverentia
2470 885 2677 945 sumat,
2734 887 2789 935 et
2833 882 3074 938 diacono
3123 892 3223 939 aut
3275 888 3622 943 subdiacono

1930 965 2030 1033 qui
2086 965 2337 1019 ministri
2400 972 2532 1020 sunt
2590 969 2784 1022 altaris
2839 972 3159 1041 colligenda
3216 976 3419 1031 tradat.
3478 979 3623 1032 Illud

1930 1052 2104 1106 etiam
2149 1054 2406 1107 attendat
2451 1060 2517 1108 ut
2562 1072 2659 1109 eos
2702 1060 2937 1128 propria
2988 1077 3165 1115 manu
3212 1068 3618 1122 communicet.

1929 1141 2080 1193 Nulli
2111 1148 2301 1196 autem
2333 1143 2474 1196 laico
2504 1150 2603 1197 aut
2634 1146 2863 1200 feminas
2892 1150 3309 1205 Eucharistiam
3342 1153 3399 1206 in
3433 1155 3619 1208 mani-

1928 1230 2032 1283 bus
2065 1236 2259 1298 ponat,
2297 1232 2395 1284 sed
2425 1237 2648 1285 tantum
2681 1234 2738 1285 in
2776 1252 2837 1287 os
2868 1238 2989 1305 ejus
3021 1254 3148 1291 cum
3179 1239 3265 1292 his
3295 1241 3483 1294 verbis
3516 1259 3619 1311 po-

1929 1324 2026 1371 nat
2059 1334 2070 1371 :
2108 1319 2324 1388 Corpus
2362 1320 2585 1373 Domini
2618 1326 2675 1375 et
2702 1324 2933 1393 sanguis
2964 1327 3146 1395 prosit
3181 1327 3286 1380 tibi
3320 1329 3386 1382 ad
3418 1330 3618 1383 remis-

1928 1407 2148 1459 sionem
2200 1412 2566 1475 peccatorum
2622 1414 2678 1463 et
2723 1411 2792 1464 ad
2822 1411 2994 1465 vitam
3047 1420 3338 1470 aeternam.
3394 1418 3452 1471 Si
3490 1418 3618 1488 quis

1928 1495 2051 1547 haec
2095 1501 2481 1565 transgressus
2520 1497 2713 1564 fuerit,
2763 1499 2897 1569 quia
2943 1502 3124 1555 Deum
3166 1504 3618 1573 omnipotentem

1927 1584 2263 1649 contemnit,
2323 1590 2378 1638 et
2416 1592 2697 1654 quantum
2746 1588 2805 1640 in
2860 1588 2985 1657 ipso
3040 1597 3123 1643 est
3165 1591 3491 1660 inhonorat,
3548 1594 3618 1648 ab

1928 1673 2093 1725 altari
2123 1679 2499 1726 removeatur.

2304 1764 2429 1816 (lar.
2465 1764 2711 1819 LXXVII.
2753 1795 2821 1804 —
2852 1767 2925 1818 De
2952 1765 3135 1819 eadem
3164 1783 3239 1820 re.

1997 1849 2105 1918 (Ea:
2133 1853 2290 1919 epist.
2326 1853 2585 1906 Anacleti
2630 1868 2806 1921 papae,
2838 1869 2959 1921 cap.
2996 1857 3103 1920 12.)
3157 1857 3384 1910 Peracta
3425 1862 3616 1913 autem

1925 1939 2350 1992 consecratione
2417 1956 2616 1993 omnes
2682 1942 3111 1995 communicent
3169 1945 3267 2013 qui
3325 1946 3616 2001 noluerint

1925 2026 2314 2080 ecclesiasticis
2362 2043 2554 2081 carere
2603 2029 2917 2082 liminibus.
2953 2030 3041 2083 Sic
3086 2032 3240 2084 enim
3281 2037 3335 2085 et
3361 2035 3617 2103 Apostoli

1926 2118 2265 2181 statuerunt,
2315 2120 2373 2169 et
2400 2122 2591 2170 sancta
2642 2118 2899 2171 Romana
2947 2122 3107 2172 tenet
3153 2121 3413 2174 Ecclesia.
3467 2124 3530 2176 Et
3567 2123 3614 2176 si

1922 2203 2029 2257 hoc
2060 2205 2433 2273 neglexerint,
2462 2206 2866 2273 degradentur.

2278 2294 2405 2347 CAP.
2441 2294 2728 2348 LXXVIII.
2762 2324 2829 2334 —
2866 2298 2941 2350 De
2966 2297 3148 2350 eadem
3176 2314 3255 2351 re.

1997 2381 2100 2449 (Ea:
2128 2382 2317 2434 concil.
2366 2383 2682 2447 Aurelian,
2737 2398 2856 2451 cap.
2914 2384 3017 2453 10.)
3066 2386 3343 2440 Auditum
3393 2392 3475 2440 est
3506 2389 3616 2441 ali-

1924 2484 2068 2537 quos
2114 2469 2473 2539 presbyteros
2522 2471 2744 2523 Missam
2796 2472 3083 2525 celebrare
3114 2478 3168 2527 et
3200 2490 3310 2527 non
3357 2492 3613 2529 commu-

1922 2557 2132 2623 nicare,
2195 2558 2349 2627 quod
2418 2558 2655 2611 omnino
2726 2558 2785 2611 in
2852 2560 3166 2613 canonibus
3226 2565 3613 2632 apostolorum

1920 2644 2285 2698 interdictum
2330 2662 2450 2699 esse
2482 2646 2709 2716 legitur.
2760 2648 2857 2699 Vel
2891 2650 3177 2717 quomodo
3227 2651 3414 2704 dicere
3462 2659 3613 2707 recte

1920 2739 2106 2803 potest
2152 2734 2198 2786 si
2251 2750 2366 2786 non
2413 2735 2959 2790 communicaverit:
2998 2757 3025 2785 «
3073 2738 3451 2808 Sumpsimus,
3502 2743 3612 2795 Do-

1922 2823 2094 2889 mine,
2133 2824 2534 2875 sacramenta?
2557 2842 2583 2873 »
2615 2828 2722 2876 etc.

2312 2910 2438 2963 CAP.
2475 2910 2695 2966 LXXIX.
2726 2942 2794 2950 —
2822 2912 2905 2965 De
2934 2913 3116 2967 eadem
3145 2930 3221 2968 re.

1992 2997 2110 3068 (Em
2139 2998 2336 3063 eodem,
2369 3014 2488 3067 cap.
2526 2998 2633 3067 ll.)
2668 2998 2725 3053 Si
2750 3000 2877 3069 quis
2910 3001 3227 3071 episcopus,
3260 3007 3358 3056 aut
3388 3005 3615 3074 presby-

1845 3089 1885 3144 C
1925 3091 2025 3149 ter,
2067 3092 2166 3139 aut
2222 3087 2512 3146 diaconus,
2548 3088 2635 3139 vel
2685 3088 2925 3157 quilibet
2974 3107 3036 3143 ex
3087 3092 3420 3146 sacerdotali
3470 3098 3615 3147 cata-

1922 3177 2053 3245 logo
2085 3175 2231 3228 facta
2258 3174 2545 3228 oblatione
2567 3192 2682 3227 non
2714 3178 3239 3242 communicaverit,
3268 3187 3364 3234 aut
3384 3198 3613 3236 causam

1917 3266 2065 3318 dicat
2097 3281 2108 3317 :
2144 3270 2201 3317 et
2244 3263 2289 3316 si
2322 3264 2673 3317 rationabilis
2704 3265 2894 3332 fuerit,
2945 3268 3168 3321 veniam
3208 3277 3609 3339 consequatur,

1919 3355 2018 3403 aut
2050 3350 2094 3402 si
2126 3367 2241 3403 non
2290 3352 2515 3416 dixerit,
2552 3353 2959 3407 communione
3009 3356 3283 3424 privetur,
3334 3364 3611 3428 tanquam

1919 3438 2015 3508 qui
2044 3439 2259 3508 populo
2287 3455 2455 3492 causa
2481 3440 2728 3493 laesionis
2761 3442 3058 3496 exstiterit.

1917 3545 2045 3599 CAP.
2083 3545 2272 3599 LXXX.
2302 3575 2369 3584 —
2405 3547 2559 3617 Utiin
2588 3547 2849 3617 Ecclesia
2894 3549 3037 3601 nihil
3066 3550 3223 3603 aliud
3260 3555 3461 3617 agatur
3500 3555 3611 3607 nisi

2438 3616 2499 3668 id
2528 3616 2602 3669 ad
2633 3618 2775 3685 quod
2804 3620 2957 3684 facta
2994 3626 3090 3674 est.

1990 3704 2099 3772 (Ea;
2130 3703 2293 3757 dictis
2342 3704 2608 3772 August.)
2652 3705 2713 3757 In
2763 3707 3013 3760 oratorio
3056 3714 3264 3777 praeter
3302 3711 3504 3765 orandi
3556 3716 3611 3765 et

1915 3792 2197 3862 psallendi
2230 3793 2343 3845 Deo
2377 3793 2590 3846 cultum
2625 3793 2850 3863 penitus
2881 3795 3024 3848 nihil
3046 3803 3266 3865 agatur,
3302 3804 3366 3852 ut
3390 3801 3610 3853 nomini

1917 3879 2051 3933 huic
2080 3885 2137 3932 et
2165 3895 2339 3949 opera
2362 3880 2579 3950 jugiter
2607 3881 2867 3951 impensa
2893 3885 3260 3939 concordent.

2306 3968 2433 4023 CAP.
2468 3969 2684 4025 LXXXI.
2727 4002 2795 4010 —
2828 3975 2898 4026 De
2928 3973 3110 4027 eadem
3142 3990 3217 4028 re.

1989 4055 2096 4126 (Em
2126 4056 2286 4110 dictis
2336 4058 2657 4127 Benedicti.)
2708 4050 3029 4113 Oratorium
3073 4062 3181 4114 hoc
3212 4062 3283 4115 sit
3322 4064 3471 4133 quod
3523 4065 3609 4118 di-

1916 4142 2084 4209 citur,
2113 4159 2216 4195 nec
2260 4143 2339 4195 ibi
2371 4144 2689 4213 quidquam
2729 4146 2879 4199 aliud
2914 4156 3146 4217 geralur
3173 4154 3272 4201 aut
3307 4150 3605 4217 condatur,

1916 4247 2089 4301 quam
2123 4231 2330 4283 divinis
2364 4232 2651 4301 mysteriis
2683 4234 3003 4287 conveniat.

2297 4322 2421 4373 CAP.
2460 4320 2704 4373 LXXXII.
2738 4351 2805 4359 —
2828 4325 2902 4376 De
2935 4323 3119 4376 eadem
3146 4338 3222 4377 re.

1989 4409 2099 4476 (Ea:
2129 4408 2313 4461 concil.
2363 4408 2670 4475 Laodicen.,
2704 4425 2824 4478 cap.
2856 4410 2969 4480 28.)
3016 4412 3173 4475 Quod
3207 4428 3322 4466 non
3350 4419 3611 4482 oporteat

1915 4494 1974 4547 in
2027 4494 2334 4548 domiciliis
2392 4495 2618 4562 divinis,
2681 4497 2739 4550 id
2799 4503 2900 4562 est,
2969 4500 3029 4552 in
3078 4501 3334 4554 Ecclesiis
3389 4518 3607 4573 agapen

1916 4583 2063 4647 ﬁeri,
2095 4600 2201 4637 nec
2232 4584 2381 4636 intra
2419 4585 2656 4638 domum
2708 4587 2806 4639 Dei
2837 4589 3150 4654 comedere,
3203 4592 3288 4644 vel
3320 4592 3609 4647 accubitus

1917 4676 2189 4726 sternere.

1987 4761 2120 4815 ΟΑΡι
2152 4760 2419 4814 LXXXIII.
2455 4790 2519 4797 —
2555 4763 2621 4814 Ut
2650 4763 2831 4816 nullus
2853 4766 2911 4816 in
2939 4765 3182 4819 Ecclesia
3211 4770 3534 4822 convivelur.

1990 4850 2092 4915 (Ea:
2144 4849 2330 4901 consil.
2383 4848 2664 4915 C‘arthag.,
2731 4867 2851 4919 cap.
2894 4854 3001 4921 28.)
3062 4856 3130 4908 Ut
3178 4856 3322 4908 nulli
3362 4857 3611 4926 episcopi

1917 4938 2004 4990 vel
2035 4936 2224 4990 clerici
2276 4936 2335 4989 in
2369 4937 2615 4990 Ecclesia
2654 4940 3044 5008 conviventur,
3087 4942 3196 4995 nisi
3228 4944 3371 4996 forte
3418 4950 3609 4997 trans-

1918 5031 2118 5080 euntes
2173 5025 2404 5095 hospitii
2460 5026 2793 5081 necessitate
2838 5029 2955 5081 illic
3002 5031 3350 5085 reﬁciantur.
3406 5033 3610 5101 Populi

1920 5115 2090 5167 etiam
2123 5114 2193 5167 ab
2236 5114 2567 5183 hujusmodi
2609 5117 2900 5178 conviviis,
2935 5124 3212 5188 quantum
3241 5118 3367 5172 ﬁeri
3397 5125 3606 5189 potest,

1920 5204 2359 5273 prohibeantur.

1922 5312 2046 5365 CAP.
2120 5312 2382 5365 LXXXIV.
2450 5342 2518 5351 —
2575 5314 2641 5366 Ut
2704 5314 2883 5366 nullus
2949 5316 3008 5367 in
3054 5315 3292 5368 Ecclesia
3360 5316 3609 5371 tabernas

2607 5387 2917 5438 constituat.

1993 5472 2096 5538 (Ea:
2137 5472 2324 5523 concil.
2398 5472 2682 5539 Turonen.,
2752 5489 2869 5542 cap.
2938 5472 3014 5541 2.)
3066 5473 3356 5527 Perlatum
3411 5478 3500 5526 est
3540 5474 3608 5528 ad

1921 5561 2173 5609 sanctam
2252 5557 2531 5625 synodum
2608 5560 2761 5628 quod
2836 5560 3072 5629 quidam
3147 5560 3469 5631 presbyteri
3550 5560 3609 5614 in

1921 5641 2181 5696 Ecclesiis
2262 5643 2364 5696 sibi
2433 5644 2750 5699 commissis
2830 5647 3136 5715 tabernas,
3226 5648 3379 5719 quod
3452 5648 3611 5703 nefas
