3956 6312
319 395 413 448 691
1395 392 1804 448 BURCHARDI
1845 389 2379 447 WORMACIENSIS
2417 389 2750 447 EPISCOPI.
3717 392 3812 444 692

320 524 426 590 est,
467 519 838 586 constituant,
888 517 1084 589 ibique
1130 533 1235 588 per
1281 532 1566 588 caupones
1622 515 1823 570 vinum
1872 530 2006 569 ven-
2037 516 2078 569 A
2121 515 2552 584 transmigrare,
2623 517 2906 585 quatenus
2956 515 3011 569 et
3068 512 3137 567 ab
3198 510 3530 566 hostilitatis
3587 511 3815 565 incursu

323 609 477 669 dant.
527 611 624 662 aut
671 607 919 661 vendere
967 606 1320 675 permittant,
1361 610 1418 658 et
1464 603 1562 658 ubi
1612 603 2013 658 tantummodo

323 697 610 751 orationes
653 699 709 748 et
736 695 978 748 verbum
1025 692 1305 757 divinum,
1341 691 1555 762 Deique
1587 691 1710 745 laus
1751 690 2017 746 debuerit

322 799 613 849 resonare,
658 783 739 836 ibi
787 781 1224 836 comessationes
1252 785 1308 834 et
1364 780 1670 834 ebrietates
1723 780 1883 846 fiant,
1937 777 2018 832 ibi

325 873 475 926 risus
512 877 567 925 et
622 872 854 940 plausus
903 876 959 923 et
990 869 1158 922 verba
1210 867 1420 938 turpia,
1481 868 1562 922 ibi
1608 867 1747 921 rixa
1779 872 1836 920 et
1881 882 2016 920 con-

326 958 614 1013 tentiones
650 957 946 1010 resultent.
981 955 1138 1018 Quod
1185 972 1358 1025 quam
1404 955 1477 1008 sit
1511 956 1625 1008 Deo
1669 954 2019 1008 contrarium

328 1045 608 1102 Dominus
654 1045 815 1099 Jesus
863 1044 1238 1097 demonstrat.
1289 1043 1397 1106 Qui
1439 1059 1568 1096 cum
1613 1042 1923 1096 invenisset
1959 1043 2020 1095 in

326 1135 540 1204 templo
588 1133 899 1186 vendentes
938 1137 993 1184 et
1041 1138 1316 1197 ementes,
1360 1135 1419 1184 et
1467 1131 1887 1184 nummularios
1934 1146 2020 1182 se-

326 1224 523 1278 dentes
563 1222 709 1276 facto
738 1221 996 1275 funiculo
1043 1220 1112 1273 de
1161 1219 1460 1284 resticulis,
1502 1235 1702 1273 omnes
1750 1218 1920 1289 ejecit
1949 1219 2022 1273 de

327 1311 564 1381 templo.
599 1311 656 1364 Si
707 1310 863 1362 enim
893 1325 960 1363 ea
1004 1325 1134 1379 qua
1180 1309 1329 1362 licite
1359 1309 1526 1362 vendi
1573 1307 1912 1362 videbantur
1961 1307 2022 1361 in

326 1401 564 1470 templo,
619 1403 676 1452 et
705 1398 774 1452 ad
804 1399 911 1451 hoc
957 1396 1318 1465 emebantur,
1361 1401 1425 1450 ut
1455 1396 1512 1449 in
1560 1396 1761 1450 eodem
1807 1396 2023 1466 templo

328 1489 671 1542 offerrentur
703 1486 965 1551 Domino,
1002 1485 1126 1554 ipse
1157 1485 1308 1538 foras
1356 1484 1540 1554 ejecit,
1573 1484 1708 1554 quid
1758 1489 1924 1554 putas
1953 1484 2024 1537 de

327 1581 446 1629 tam
489 1573 761 1644 pestifera
804 1572 1251 1643 prasumptione
1299 1577 1355 1624 et
1389 1571 1487 1624 Dei
1517 1577 1849 1643 contemptu
1879 1572 2024 1627 fiet?

330 1665 400 1718 Et
443 1664 488 1716 si
539 1678 656 1717 non
717 1662 900 1715 solum
958 1661 1344 1713 sacerdotibus
1392 1661 1489 1713 sed
1539 1661 1708 1713 etiam
1757 1660 2025 1714 omnibus

336 1749 556 1804 clericis
600 1749 954 1818 pracipitur,
988 1763 1058 1800 ne
1106 1748 1373 1801 tabernas
1420 1747 1818 1815 ingrediantur
1851 1764 1863 1801 :
1898 1747 2025 1818 quis

333 1838 533 1892 audire
564 1841 755 1906 potest
799 1841 862 1889 ut
889 1835 1152 1889 Ecclesia
1185 1835 1284 1888 Dei
1332 1835 1584 1888 taberna
1613 1835 1797 1888 fiant?
1828 1836 2025 1905 Itaque

333 1925 624 1980 interdicit
679 1941 780 1994 per
826 1924 1019 1978 omnia
1076 1923 1324 1993 synodus
1371 1939 1443 1977 ne
1474 1924 1583 1978 hoc
1627 1923 1688 1978 in
1732 1927 2024 1993 posterum

332 2015 619 2070 ullatenus
652 2012 768 2066 ﬁat.
804 2011 967 2075 Quod
1016 2011 1066 2064 si
1093 2011 1306 2064 factum
1355 2011 1545 2077 fuerit,
1577 2012 1874 2082 presbyter
1924 2013 2023 2067 de-

332 2105 600 2172 ponatur,
628 2099 756 2153 laici
782 2099 1189 2153 communione
1217 2099 1424 2169 privati
1452 2099 1523 2154 ab
1548 2099 1817 2167 Ecclesia,
1851 2116 2026 2171 quam

333 2191 874 2257 dehonestaverunt,
904 2189 1280 2257 expellantur.

718 2277 844 2332 CAP.
882 2277 1118 2330 LXXXV.
1151 2307 1218 2315 ——
1257 2277 1335 2330 De
1366 2276 1550 2330 eadem
1577 2293 1652 2331 re.

409 2367 515 2436 (Ea:
541 2365 740 2430 eodem,
790 2380 910 2433 cap.
965 2366 1036 2432 3.)
1070 2364 1129 2418 Si
1178 2365 1330 2418 enim
1365 2364 1572 2418 domus
1617 2365 1714 2418 Dei
1757 2365 2030 2420 orationis

337 2456 542 2511 domus
596 2458 849 2520 vocatur,
895 2452 1002 2506 hoc
1050 2453 1214 2508 debet
1270 2468 1391 2506 esse
1439 2453 1590 2522 quod
1642 2453 1850 2507 dicitur
1880 2470 1893 2508 :
1925 2470 2032 2509 nec

338 2544 418 2598 ibi
463 2542 616 2597 aliud
662 2541 828 2595 debet
875 2540 996 2610 geri
1027 2544 1126 2594 aut
1171 2538 1424 2593 recondi.
1466 2538 1570 2592 Ubi
1606 2539 1762 2592 enim
1827 2555 2032 2610 corpus

339 2630 567 2687 Domini
613 2633 992 2696 consecratur,
1040 2627 1121 2682 ibi
1168 2628 1509 2698 angelorum
1558 2627 1864 2698 prasentia
1915 2645 2032 2683 non

340 2721 633 2776 dubitatur
673 2719 894 2774 adesse.
934 2718 1040 2772 Ubi
1071 2722 1400 2770 sanctorum
1432 2716 1692 2787 reliquia
1722 2718 2032 2772 recondita

339 2813 706 2874 venerantur,
771 2823 841 2859 ne
895 2806 1033 2876 quid
1090 2804 1460 2858 inhonestum
1521 2809 1814 2874 appareat,
1875 2807 2032 2877 quod

340 2898 533 2952 oculos
566 2896 637 2949 ad
688 2895 1004 2949 orationem
1054 2894 1412 2947 venientium
1457 2891 1729 2957 offendat,
1786 2907 1855 2945 ne
1895 2891 2032 2962 quid

341 2983 423 3035 ibi
456 2982 718 3035 videatur
767 2982 918 3052 quod
951 2982 1022 3035 ad
1071 2983 1291 3035 lucrum
1339 2982 1658 3051 temporale
1702 2982 2029 3050 pertineat:

2126 603 2358 658 liberior
2404 603 2640 657 existere
2687 603 2898 667 valeas,
2931 603 3001 672 :et
3033 601 3150 656 illic
3198 599 3676 656 consuetudinem
3727 616 3816 653 so-

2127 692 2403 746 lemnium
2434 692 2712 745 festorum
2739 691 3026 762 disponas.

2374 781 2499 835 CAP.
2537 780 2640 835 XC.
2675 809 2738 820 —
2774 781 2855 834 De
2882 779 3160 834 mutandis
3189 780 3391 833 sanctis
3420 779 3570 833 locis.

2201 869 2458 938 (August.
2524 869 2698 934 dicit.)
2773 869 2975 922 Tribus
3039 868 3224 922 causis
3295 868 3419 921 loca
3494 871 3821 920 sanctorum

2127 959 2564 1011 trausmutanda
2595 969 2744 1011 sunt.
2805 958 3017 1022 Primo,
3067 972 3246 1027 quum
3278 955 3585 1009 necessitas
3632 970 3822 1024 perse-

2129 1051 2391 1100 cutorum
2465 1046 2590 1099 loca
2668 1062 2870 1099 eorum
2949 1045 3219 1115 gravavit.
3297 1043 3584 1109 Secundo,
3645 1059 3824 1112 quum

2129 1134 2433 1188 difticultas
2488 1135 2745 1188 locorum
2797 1134 2988 1188 fuerit.
3044 1134 3253 1201 Tertio,
3306 1148 3485 1203 quum
3540 1132 3824 1185 malorum

2130 1223 2398 1276 societate
2427 1228 2759 1292 gravantur.

2133 1329 2259 1384 CAP.
2293 1329 2435 1382 XCI.
2464 1359 2532 1368 —
2563 1329 2715 1394 Quod
2744 1330 3029 1382 translatis
3059 1328 3416 1397 martyribus,
3465 1327 3635 1381 honor
3665 1329 3830 1380 inter-

2201 1399 2330 1453 dum
2360 1415 2479 1453 cum
2507 1402 2620 1454 illis
2647 1402 2864 1468 migret,
2895 1399 3167 1453 interdum
3197 1402 3254 1452 in
3279 1400 3387 1452 loco
3415 1403 3757 1466 permaneat.

2203 1487 2313 1557 (Em
2385 1487 2548 1542 dictis
2632 1487 2876 1556 Hieron.)
2947 1486 3270 1541 Notandum
3335 1502 3465 1539 cum
3547 1491 3830 1538 transmu-

2132 1577 2328 1627 tantur
2375 1574 2474 1627 alii
2507 1574 2605 1644 qui
2635 1574 2705 1628 de
2737 1573 3106 1644 martyribus,
3140 1589 3269 1626 cum
3302 1573 3388 1626 his
3435 1573 3622 1626 honor
3671 1588 3830 1625 com-

2135 1663 2346 1732 migrat
2401 1679 2412 1716 :
2470 1663 2598 1716 aliis
2650 1678 2785 1716 vero
2851 1661 3243 1715 transmutatis
3317 1662 3499 1714 honor
3563 1661 3623 1714 in
3692 1660 3833 1714 locis

2137 1767 2337 1804 eorum
2371 1767 2490 1805 esse
2522 1766 2638 1804 non
2669 1755 2860 1804 cessat.

2242 1857 2371 1912 CAP.
2401 1857 2558 1912 XCII.
2592 1887 2660 1895 —-
2691 1857 2842 1923 Quod
2871 1858 3095 1922 sanguis
3125 1860 3430 1923 martyrum
3462 1859 3730 1910 consecret

2551 1929 2739 1989 locum,
2773 1943 2879 1980 non
2909 1928 3049 1981 locus
3079 1930 3414 1994 sanguinem.

2207 2017 2317 2083 (Ea:
2360 2016 2519 2070 dictis
2572 2017 2837 2085 August.)
2885 2016 3127 2086 Sanguis
3175 2020 3492 2086 martyrum
3538 2019 3839 2069 consecrat

2136 2103 2347 2173 locum,
2383 2120 2498 2158 non
2531 2105 2687 2158 locus
2729 2103 3088 2174 sanguinem.
3121 2103 3178 2158 Si
3211 2103 3416 2174 aliquis
3447 2102 3688 2156 dixerit:
3716 2103 3839 2156 Mea

2139 2196 2224 2244 est
2252 2193 2516 2258 Ecclesia,
2546 2192 2699 2246 dices
2741 2191 2846 2258 illi,
2882 2191 3036 2262 quod
3065 2191 3122 2244 in
3157 2192 3386 2246 Cautico
3419 2191 3631 2261 legitur
3662 2207 3676 2244 :
3711 2191 3838 2244 Una

2139 2279 2219 2328 est
2245 2276 2509 2330 columba
2540 2291 2685 2343 mea,
2716 2279 2772 2329 et
2800 2291 2949 2328 unus
2974 2280 3055 2328 est
3084 2275 3324 2328 dilectus
3355 2291 3535 2328 meus.
3584 2275 3650 2328 Et
3682 2273 3839 2344 dices

2141 2361 2223 2415 illi
2257 2380 2270 2416 :
2299 2367 2512 2434 Aptum
2545 2369 2628 2417 est
2674 2363 2858 2417 ﬁlium
2899 2363 3074 2417 occidi
3105 2363 3165 2417 in
3214 2363 3340 2416 sinu
3373 2363 3572 2416 matris
3617 2367 3675 2416 et
3723 2379 3836 2416 nu-

2139 2450 2296 2504 tricis
2328 2469 2445 2506 sua
2467 2452 2495 2507 7
2524 2453 2736 2506 Tamen
2764 2452 2907 2505 scias
2950 2451 3232 2505 nutricem
3275 2457 3498 2506 tantum
3529 2453 3838 2522 pollutam,

2141 2543 2198 2593 et
2247 2556 2351 2609 pro
2398 2540 2502 2594 hac
2555 2540 2878 2610 pollutione
2935 2545 3344 2606 consecratam,
3397 2540 3584 2594 tilium
3641 2545 3841 2595 autem

2143 2633 2432 2682 mortuum
2463 2645 2600 2683 esse.

2497 2717 2624 2771 CAP.
2657 2717 2838 2771 XCIII.
2865 2748 2934 2755 —
2953 2716 3096 2783 Quid
3124 2719 3196 2771 sit
3227 2716 3477 2772 basilica.

2214 2803 2328 2873 (Ea:
2395 2803 2558 2858 dictis
2616 2805 2672 2860 S.
2744 2804 2964 2872 Isidor.)
3037 2804 3284 2858 Basilion
3345 2805 3673 2859 Gracorum
3742 2821 3844 2858 rex

2143 2898 2282 2946 erat.
2333 2893 2471 2947 Hinc
2503 2898 2558 2946 et
2599 2894 2830 2948 basilica
2879 2893 3106 2964 regalis,
3157 2893 3292 2964 quia
3339 2893 3397 2947 in
3445 2894 3647 2964 primis
3686 2898 3844 2948 tem-

2143 2981 2378 3051 poribus
2421 2999 2584 3051 reges
2613 2987 2838 3037 tantum
2886 2982 3312 3052 sepeliebantur
3350 2982 3410 3035 in
3441 2998 3526 3048 ea,
3578 2982 3708 3036 ideo
3741 2999 3847 3036 no-

344 3070 443 3124 sed
474 3069 670 3123 omnia
698 3076 911 3136 sancta,
947 3069 1138 3124 omnia
1179 3070 1412 3136 munda,
1445 3075 1502 3124 et
1536 3071 1936 3125 tantummodo
1966 3071 2034 3125 ad
2068 3078 2107 3132 C
2146 3086 2280 3124 men
2329 3071 2529 3124 sortita
2572 3075 2673 3125 est.
2715 3072 2856 3125 Nam
2906 3087 3058 3124 nunc
3107 3071 3383 3140 temporis
3426 3070 3617 3124 cateri
3657 3070 3850 3124 homi-

349 3157 796 3213 Ecclesiasticum
825 3158 1208 3214 ministerium
1239 3158 1606 3228 pertinentia.

348 3265 476 3320 CAP.
540 3266 796 3320 LXXXVI.
848 3293 921 3306 —
978 3268 1046 3321 Ut
1091 3268 1382 3390 unicuique
1427 3267 1488 3319 in
1531 3265 1685 3320 domo
1730 3280 1832 3321 sua
1881 3281 2037 3320 orare

1117 3352 1235 3390 toea
1266 3377 1278 3390 .

1117 3352 1278 3391 iceat.

414 3427 523 3491 (Ea:
551 3426 742 3479 concil.
776 3424 1094 3489 Aureliano,
1139 3440 1258 3494 cap.
1313 3424 1388 3494 3.)
1422 3423 1741 3494 Unicuique
1771 3424 2034 3480 ﬁdelium

345 3513 406 3567 in
447 3513 619 3567 domo
654 3529 757 3566 sua
803 3512 1121 3566 oratorium
1169 3512 1304 3567 licet
1353 3513 1582 3577 habere,
1631 3517 1688 3566 et
1739 3513 1820 3568 ibi
1849 3529 2034 3581 orare,

347 3599 538 3655 Missas
567 3603 759 3654 autem
791 3599 870 3653 ibi
897 3599 1183 3653 celebrare
1205 3616 1321 3654 nou
1351 3599 1501 3654 licet.

348 3706 474 3761 CAP.
528 3706 820 3760 LXXXVII.
849 3733 920 3745 —
970 3707 1036 3760 Ut
1083 3709 1351 3845 cantéciém
1383 3712 1540 3776 turpe
1585 3708 1732 3761 circa
1758 3707 2038 3762 Ecclesias

1063 3791 1170 3828 non
1243 3792 1278 3829 a
1309 3815 1321 3828 .

1063 3791 1170 3828 non
1201 3791 1302 3829 nat
1309 3815 1321 3828 .

421 3865 531 3931 (Ea:
563 3864 750 3918 concil.
792 3862 1085 3934 Carthag.)
1120 3863 1414 3918 Canticum
1461 3867 1629 3935 turpe
1675 3869 1843 3936 atque
1877 3866 2039 3920 luxu-

346 3951 564 4007 riosum
595 3951 741 4006 circa
791 3951 1061 4006 Ecclesiae
1091 3956 1262 4023 atque
1301 3952 1360 4006 iu
1392 3951 1552 4006 atriis
1580 3953 1841 4008 Ecclesia
1869 3970 2039 4025 agere

347 4041 582 4095 omnino
610 4040 1072 4107 contradicimus,
1106 4041 1258 4111 quod
1287 4041 1499 4112 ubique
1527 4041 1828 4097 vitandum
1859 4047 1961 4098 est.

348 4147 478 4202 CAP.
523 4147 833 4201 LXXXVIII.
882 4177 951 4187 —
1003 4149 1069 4201 Ut
1117 4152 1426 4202 sanctorum
1470 4147 1716 4216 reliquiae
1762 4151 1819 4202 in
1852 4153 2040 4202 orato-

756 4221 858 4272 riis
886 4218 1172 4272 villaribus
1195 4234 1301 4272 non
1327 4221 1620 4287 ponantur.

420 4307 531 4377 (Ea:
571 4308 759 4362 concil.
806 4309 1134 4376 Epaonensi,
1186 4322 1306 4377 cap.
1354 4309 1465 4374 25.)
1514 4307 1846 4362 Sanctorum
1896 4306 2038 4360 reli-

349 4397 502 4468 quia
532 4396 590 4450 in
633 4396 896 4451 oratoriis
929 4395 1224 4450 villaribus
1269 4411 1386 4450 non
1418 4401 1728 4465 ponantur,
1761 4395 1875 4449 nisi
1923 4395 2036 4448 for-

350 4484 498 4539 sitan
555 4484 795 4539 clericus
852 4484 1244 4555 cujuscunque
1300 4484 1590 4553 parochia
1646 4483 1864 4538 vicinus
1919 4499 2040 4537 esse

351 4573 660 4644 contingat,
693 4573 794 4644 qui
827 4573 998 4627 sacris
1029 4571 1365 4644 pignoribus
1401 4571 1682 4643 psallendi
1723 4570 2041 4641 frequentis

349 4660 680 4715 famuletur.

355 4751 482 4805 CAP.
554 4750 810 4805 LXXXIX.
880 4779 948 4790 -—
1016 4752 1082 4804 Ut
1119 4749 1269 4804 sedes
1325 4749 1664 4818 episcopalis,
1726 4749 1777 4802 si
1838 4763 2043 4803 necesse

647 4823 837 4888 fuerit,
865 4823 925 4875 in
954 4821 1124 4874 alium
1153 4821 1322 4874 locum
1355 4821 1744 4885 transferatur.

423 4926 546 4996 (Ea:
582 4941 695 4995 reg.
729 4927 913 4999 Greg.,
947 4927 1021 4981 ad
1063 4926 1321 4981 Joannem
1372 4927 1648 4980 Billitran.
1697 4924 2043 4996 episcopum.)

351 5015 650 5086 Temporis
673 5014 916 5085 qualitas
946 5015 1216 5069 admouet
1254 5013 1651 5083 episcoporum
1693 5012 1856 5066 sedes
1894 5013 2041 5066 auti-

354 5103 545 5175 quitus
574 5103 742 5158 certis
762 5102 1083 5158 civitatibus
1113 5101 1470 5166 constitutas,
1495 5101 1564 5155 ad
1591 5100 1702 5154 alia
1730 5116 1859 5171 qua
1881 5116 2043 5155 secu-

352 5192 505 5247 riora
537 5197 806 5262 putamus
847 5191 1106 5262 ejusdem
1132 5190 1436 5244 dioeceseos
1480 5190 1601 5243 loca
1644 5194 2041 5258 transponere,

354 5297 467 5352 quo
498 5286 555 5335 et
583 5281 932 5336 habitatores
961 5295 1113 5333 nunc
1133 5279 1361 5348 degere,
1393 5283 1451 5331 et
1479 5276 1846 5332 Barbaricum
1867 5278 2047 5348 possit

351 5368 668 5439 periculum
720 5368 944 5422 facilius
980 5366 1272 5421 declinari.
1323 5367 1629 5435 Propterea
1665 5369 1720 5419 te
1766 5365 2044 5420 Joannem

353 5455 587 5510 fratrem
616 5456 1135 5526 coepiscopumque
1166 5457 1424 5508 nostrum
1454 5453 1868 5508 Billitranensis
1900 5454 2043 5508 civi-

351 5541 502 5604 tatis,
537 5542 843 5613 sedemque
889 5548 1047 5598 tuam
1077 5543 1140 5597 in
1184 5543 1308 5596 loco
1339 5542 1438 5612 qui
1486 5541 1811 5612 appellatur
1840 5541 2044 5597 Renati

353 5628 425 5684 ad
457 5633 715 5685 sanctum
741 5630 1029 5686 Andream
1067 5631 1391 5702 apostolum
1432 5629 1802 5702 pracipimus
1837 5629 2042 5686 exinde

2145 3175 2259 3222 nes,
2293 3159 2408 3212 sive
2449 3159 2570 3230 igni
2605 3159 2910 3225 combusti,
2943 3159 3062 3213 sive
3092 3175 3290 3213 acervo
3342 3159 3597 3229 lapidum
3629 3158 3849 3230 sepulti

2145 3251 2304 3300 sunt.

2144 3353 2272 3409 CAP.
2325 3354 2496 3408 XCIV.
2543 3384 2610 3393 ——
2661 3357 2734 3409 De
2779 3355 2890 3408 illis
2933 3356 3030 3422 qui
3078 3353 3294 3408 domum
3333 3356 3428 3408 Dei
3467 3354 3847 3422 contemptibi-

2816 3426 2916 3479 lem
2935 3427 3167 3491 faciunt.

2217 3510 2324 3580 (Ea:
2351 3511 2542 3566 concil.
2570 3511 2864 3580 Gangren.,
2893 3528 3012 3582 cap.
3049 3514 3124 3578 5.)
3157 3511 3212 3568 Si
3253 3510 3379 3582 quis
3409 3511 3574 3566 docet
3602 3511 3845 3566 domum

2147 3598 2247 3653 Dei
2277 3599 2768 3669 contemptibilem
2817 3616 2955 3666 esse,
2987 3605 3044 3654 et
3071 3605 3381 3654 conventus
3412 3599 3510 3670 qui
3556 3599 3619 3653 in
3649 3616 3718 3653 ea
3754 3616 3846 3653 ce-

2145 3687 2461 3753 lebrantur,
2496 3687 2801 3742 anathema
2823 3689 2914 3743 sit.

2573 3777 2699 3832 CAP.
2732 3778 2880 3832 XCV.
2912 3807 2980 3818 —
3023 3781 3099 3833 De
3127 3777 3311 3833 eadem
3338 3793 3416 3832 re.

2219 3864 2337 3935 (Ea:
2366 3864 2566 3932 eodem,
2622 3880 2743 3934 cap.
2797 3868 2874 3931 6.)
2931 3865 2988 3921 Si
3027 3865 3156 3937 quis
3203 3870 3358 3919 extra
3404 3864 3711 3919 Ecclesiam
3769 3882 3852 3919 se-

2148 3968 2342 4008 orsum
2390 3957 2703 4007 conventus
2750 3955 3018 4023 celebrat,
3065 3959 3121 4008 et
3157 3954 3476 4024 despiciens
3518 3955 3848 4020 Ecclesiam,

2148 4057 2216 4094 ea
2265 4058 2392 4112 qua
2424 4047 2557 4096 sunt
2603 4041 2862 4097 Ecclesia
2908 4043 3152 4096 voluerit
3198 4058 3498 4113 usurpare,
3545 4058 3666 4096 non
3716 4059 3852 4096 con-

2145 4129 2409 4183 veniente
2467 4130 2799 4200 presbytero
2842 4131 3007 4200 juxta
3045 4131 3336 4184 decretum
3383 4130 3662 4202 episcopi,
3709 4147 3850 4186 ana-

2147 4218 2344 4273 thema
2369 4219 2460 4272 sit.

2067 4356 2110 4410 D
2149 4325 2278 4380 CAP.
2327 4325 2503 4380 XCVI.
2543 4355 2610 4366 —-
2661 4328 2726 4380 Ut
2754 4327 2901 4380 calin
2931 4331 2980 4410 et
3022 4329 3223 4410 patena
3253 4342 3317 4380 ea:
3348 4340 3482 4380 auro
3530 4329 3627 4380 aut
3656 4341 3726 4380 ea:
3757 4342 3849 4380 ar-

2823 4402 2974 4464 gento
3015 4401 3169 4467 ﬁant.

2221 4483 2333 4553 (Ea:
2389 4487 2574 4539 concil.
2633 4487 2898 4553 Remensi,
2961 4501 3082 4554 cap.
3153 4485 3225 4552 5.)
3281 4487 3351 4540 Ut
3417 4484 3556 4539 calix
3617 4485 3850 4539 Domini

2150 4588 2277 4627 cum
2328 4579 2555 4642 patena,
2588 4573 2635 4627 si
2663 4590 2782 4627 non
2811 4591 2878 4628 ex
2921 4591 3060 4628 auro
3099 4573 3470 4637 omnimodis,
3515 4590 3579 4627 ex
3605 4580 3848 4644 argento

2150 4660 2269 4715 ﬁat.
2319 4662 2428 4716 Nec
2482 4666 2788 4715 causentur
2830 4661 3147 4733 presbyteri
3189 4661 3426 4716 avaritia
3471 4661 3747 4716 suadente
3780 4662 3850 4716 de

2150 4754 2488 4820 paupertate
2535 4749 2624 4803 vel
2669 4749 3151 4820 impossibilitate,
3193 4767 3321 4804 cum
3376 4755 3578 4820 quarta
3617 4766 3750 4820 pars
3783 4766 3848 4804 ex

2153 4838 2422 4892 omnibus
2474 4854 2602 4908 qua
2652 4839 2722 4892 ad
2773 4839 3082 4892 Ecclesiam
3131 4839 3444 4908 pertinent,
3506 4837 3565 4892 in
3620 4839 3857 4892 fabricis

2153 4926 2333 4996 ipsius
2393 4925 2649 4980 Ecclesia
2707 4927 2778 4980 sit
2834 4926 3238 4997 impendenda.
3299 4925 3712 4980 Admonendus
3769 4932 3859 4980 est

2155 5013 2327 5068 etiam
2357 5013 2604 5084 populus
2634 5019 2699 5068 ut
2727 5013 2943 5084 aliquid
2980 5013 3041 5067 in
3071 5013 3324 5067 donariis
3370 5013 3597 5068 Domini
3627 5013 3856 5079 offerat,

2156 5101 2300 5155 sicut
2334 5101 2432 5157 ille
2464 5101 2736 5172 antiquus
2767 5103 3020 5172 populus
3049 5103 3154 5157 sub
3199 5104 3347 5157 Mose
3378 5101 3438 5155 in
3483 5102 3858 5156 tabernacqu

2157 5189 2386 5244 Domini
2432 5189 2632 5244 fecisse
2681 5191 2908 5260 legitur.
2959 5190 3015 5245 Si
3058 5191 3186 5262 quis
3230 5195 3423 5244 autem
3466 5195 3583 5244 tam
3630 5207 3860 5261 pauper

2153 5282 2254 5340 est,
2308 5279 2509 5332 saltem
2563 5279 2653 5332 vel
2698 5283 3002 5333 stanueum
3052 5279 3286 5334 calicem
3331 5279 3558 5333 habeat.
3611 5280 3691 5332 De
3740 5296 3858 5334 are

2154 5370 2348 5420 autem
2378 5383 2444 5421 ex
2473 5367 2797 5421 aurichalco
2840 5384 2953 5422 non
2983 5368 3084 5423 ﬁat
3114 5368 3279 5434 calix,
3313 5368 3448 5438 quia
3483 5368 3553 5421 ob
3577 5367 3695 5420 vini
3728 5369 3852 5422 vir-

2152 5459 2336 5509 tutem
2368 5455 2666 5526 eruginem
2698 5457 2869 5526 parit,
2901 5473 3030 5527 qua
3077 5457 3358 5511 vomitum
3389 5461 3675 5526 provocat.
3707 5457 3856 5510 Nul-

2154 5542 2240 5596 lus
2297 5547 2489 5597 autem
2544 5543 2604 5598 in
2665 5543 2854 5614 ligneo
2909 5543 3100 5611 calice,
3159 5549 3257 5598 aut
3308 5543 3486 5598 vitreo
3537 5549 3856 5614 prasumat

2154 5635 2402 5686 cantare.
