3956 6298
308 325 408 375 695
431 323 436 329 ’

394 443 522 498 CAP.
557 443 749 500 CVIII.
777 473 846 483 -—
874 445 954 500 Ne
984 445 1058 498 ad
1084 447 1403 514 nuptiarum
1441 455 1692 504 ornatum
1720 451 1911 505 divina

817 517 1123 569 ministeria
1146 523 1491 586 praestentur.

382 603 491 668 (Ea:
544 602 745 670 eodem,
791 618 911 671 cap.
964 604 1038 674 8.)
1087 605 1167 658 Ne
1215 605 1283 659 ad
1349 607 1684 676 nuptiarum
1735 617 2002 665 ornatum

309 689 628 743 ministeria
678 689 870 744 divina
921 697 1284 761 prastentur,
1326 699 1380 748 et
1409 695 1547 748 dum
1603 695 1997 768 improborum

304 783 462 832 tactu
489 779 576 831 vel
625 794 841 849 pompa
878 780 1165 834 sacularis
1218 782 1461 836 luxuria
1521 785 1870 853 polluantur,
1928 789 2000 842 ad

308 865 496 919 ofﬁcia
526 865 669 919 sacri
701 867 956 936 mysterii
981 867 1280 922 videantur
1310 870 1570 941 indigna.

306 953 432 1007 CAP.
465 955 601 1010 CIX.
639 984 708 993 —
742 956 809 1008 Ut
861 955 1100 1008 Ecclesia
1168 959 1419 1012 saculari
1478 959 1722 1027 potentia
1782 964 2002 1016 minime

971 1028 1326 1094 pervadatur.

375 1111 483 1183 (Ea:
531 1114 715 1167 concil.
774 1117 1027 1181 apostol.,
1069 1130 1190 1183 cap.
1252 1118 1366 1185 31.)
1425 1117 1642 1188 Siquis
1697 1118 2000 1191 episcopus

302 1201 669 1254 sacularibus
715 1203 1097 1272 potestatibus
1129 1220 1284 1272 usus,
1345 1207 1646 1260 Ecclesiam
1696 1223 1801 1276 per
1847 1209 1998 1278 ipsas

301 1289 570 1356 obtineat,
623 1289 963 1358 deponatur,
1008 1295 1060 1345 et
1116 1298 1472 1363 segregetur,
1530 1310 1844 1366 omnesque
1896 1298 1998 1367 qui

301 1377 386 1431 illi
416 1378 861 1432 communicant.

301 1465 428 1519 CAP.
463 1466 561 1520 CX.
596 1495 663 1504 —
709 1468 782 1518 De
846 1466 1180 1534 presbyteris
1252 1469 1347 1534 qui
1397 1469 1663 1522 Ecclesias
1717 1485 1844 1524 suas
1895 1485 1997 1539 per

828 1540 1067 1604 pret-ium
1093 1540 1464 1606 acquisierint.

375 1626 480 1692 (Ea:
543 1625 730 1677 concil.
795 1626 1084 1691 Mogunti,
1139 1641 1260 1693 cap.
1325 1626 1400 1695 ὅ.)
1465 1625 1800 1697 Quicunque
1860 1643 1990 1697 pre-

1386 329 1795 385 BURCHARDI
1833 311 2367 393 WOItMACIENSlS
2405 339 2736 396 EPISCOPI.

2023 460 2070 511 Α

3710 355 3806 404 696

2505 462 2632 516 CAP.
2669 463 2870 518 CXVII.
2907 495 2976 504 --
3013 467 3085 519 De
3110 466 3295 521 eadem
3316 483 3392 521 re.

2182 551 2290 614 (Ex
2319 552 2504 604 concil.
2555 552 2770 618 Aurel,
2810 569 2931 622 cap.
2994 555 3100 623 t0.)
3138 556 3207 609 Ut
3262 557 3454 610 nullus
3504 557 3804 629 presbyter

2111 635 2180 690 ad
2211 637 2508 692 introitum
2549 640 2810 694 Ecclesia
2839 642 3007 696 xenia
3039 643 3232 697 donet.

2111 726 2238 779 CAP.
2294 727 2520 781 CXVIII.
2577 757 2646 770 ι-
2712 731 2785 783 De
2857 731 3185 798 presbyteris
3261 733 3402 786 nihil
3485 735 3806 789 habentibus

2659 801 2874 867 quando
2901 802 3248 856 ordinantur.

2179 867 2286 936 (Ea:
2330 870 2517 922 concil.
2579 871 2849 938 .ltvine‘irsi,
2905 889 3024 942 cap.
3080 877 3155 935 6.)
3230 875 3702 945 Investigandum
3763 877 3807 930 si

2106 955 2251 1008 nihil
2279 957 2612 1025 patrimonii
2640 961 2855 1012 habt-us
2893 961 3198 1031 presbyter
3236 965 3466 1033 quando
3505 969 3807 1035 provectus

2106 1047 2190 1097 est
2220 1044 2287 1097 ad
2315 1045 2575 1099 ordinem
2601 1045 3064 1117 ecclesiasticum,
3093 1056 3284 1120 postea
3316 1054 3520 1107 emerit
3561 1055 3803 1124 pradia,

2105 1132 2268 1201 cujus
2293 1133 2437 1203 juris
2466 1135 2600 1200 sint,
2625 1137 2898 1206 quoniam
2930 1139 3188 1192 Ecclesia
3219 1141 3288 1193 ad
3323 1157 3492 1210 quam
3539 1143 3609 1196 de
3658 1144 3806 1197 nihil

2105 1220 2349 1275 habente
2379 1229 2676 1292 promotus
2715 1230 2799 1278 est
2833 1242 2955 1280 esse
2993 1227 3225 1296 debent,
3263 1230 3428 1299 juxta
3468 1231 3803 1286 canonicam

2105 1311 2522 1365 auctoritatem.

2529 1383 2656 1438 CAP.
2692 1384 2861 1439 CXIX.
2899 1413 2970 1425 —
2993 1388 3064 1440 De
3093 1387 3277 1442 eadem
3293 1405 3369 1443 re.

2176 1471 2279 1537 (Ea:
2337 1472 2524 1524 concil.
2602 1475 2894 1540 Arausico,
2959 1491 3080 1543 cap.
3132 1477 3239 1544 54.)
3297 1477 3599 1548 Presbyter
3669 1494 3802 1533 cum

2101 1557 2390 1611 dioecesim
2445 1564 2620 1618 tenet,
2672 1561 2740 1614 de
2798 1562 2888 1615 his
2949 1579 3077 1633 qua
3134 1564 3357 1630 emerit,
3416 1567 3486 1619 ad
3541 1567 3804 1622 Ecclesia

2103 1662 2313 1700 nomen
2366 1648 2707 1716 scripturam
2748 1650 2936 1716 faciat,
2994 1658 3092 1706 aut
3143 1654 3214 1707 ab
3247 1655 3368 1724 ejus
3416 1670 3589 1725 quam
3645 1660 3806 1710 tenet

298 1710 492 1781 sbyter
518 1726 622 1780 per
675 1712 924 1781 pretium
983 1713 1276 1766 ecclesiam
1325 1713 1496 1766 fuerit
1538 1715 1797 1784 adeptus,
1849 1732 1990 1786 quo-
2023 1741 2062 1793 Β
2103 1733 2364 1788 Ecclesia,
2395 1710 2756 1790 ordinatione
2802 1710 3074 1794 disc'edat
3151 1787 3159 1794 ﬁ

300 1799 458 1852 niam
485 1805 682 1852 contra
720 1801 1125 1854 Ecclesiastica
1167 1803 1380 1870 regula
1418 1801 1780 1872 disciplinam
1820 1820 1989 1873 agere

296 1887 670 1956 dignoscitur,
720 1893 775 1941 et
813 1889 912 1959 qui
951 1889 1129 1942 alium
1171 1890 1571 1960 presbyterum
1613 1891 1870 1962 legitime
1921 1891 1987 1944 ad

299 1976 602 2029 Ecclesiam
643 1977 970 2030 ordinatum
1009 1993 1114 2046 per
1134 1979 1441 2048 pecuniam
1484 1980 1783 2049 expulerit,
1828 1996 1988 2034 eam-

303 2079 413 2134 que
451 2063 558 2116 sibi
599 2064 791 2118 taliter
832 2065 1220 2131 vindicaverit,
1265 2066 1610 2120 omnimodis
1648 2068 1986 2138 deponatur.

301 2151 427 2206 CAP.
465 2151 591 2205 CXI.
620 2181 688 2192 —
723 2155 790 2226 Ut
835 2154 1016 2207 nullus
1075 2156 1245 2208 laicus
1298 2156 1365 2207 ab
1423 2156 1673 2210 Ecclesia
1726 2172 1827 2210 sua
1861 2172 1991 2226 pre-

733 2224 1008 2294 sbyterum
1037 2227 1222 2293 ejicere
1238 2232 1553 2293 prasumat.

370 2308 476 2379 (Ea:
504 2310 704 2377 eodem,
758 2326 880 2379 cap.
921 2311 1035 2381 29.)
1068 2313 1137 2366 Ut
1164 2313 1293 2366 laici
1325 2315 1686 2384 presbyteros
1725 2331 1842 2368 non
1886 2315 1988 2385 eji-

300 2395 452 2449 ciant
483 2397 552 2450 de
586 2398 864 2464 Ecclesiis,
899 2415 1086 2468 neque
1127 2400 1477 2455 constituant
1530 2402 1653 2455 sine
1710 2419 1992 2458 consensu

300 2485 700 2554 episcoporum
740 2503 994 2541 suorum.

301 2573 429 2627 CAP.
467 2574 620 2628 CXII.
678 2605 748 2613 —
777 2576 907 2629 Item
934 2575 999 2629 de
1063 2576 1176 2652 illis
1226 2579 1322 2644 qui
1345 2578 1680 2648 presbyteris
1727 2580 1991 2652 Ecclesias

997 2649 1255 2713 auferunt
1266 2687 1278 2700 .

373 2730 480 2802 (Ea:
510 2733 719 2787 conciti.
763 2733 1048 2801 Cabillon.,
1081 2751 1199 2804 cap.
1234 2737 1348 2804 42.)
1386 2736 1688 2792 Inventum
1721 2743 1808 2793 est
1838 2739 1991 2810 quod

294 2820 462 2874 multi
495 2820 720 2874 arbitrii
768 2822 855 2874 sui
913 2823 1254 2889 temeritate,
1307 2829 1362 2877 et
1411 2827 1565 2895 quod
1618 2833 1704 2881 est
1765 2828 1992 2897 gravius

293 2908 451 2961 ducti
483 2909 814 2978 cupiditate,
847 2912 1194 2980 presbyteris
1227 2913 1579 2982 quibuslibet
1605 2915 1820 2986 absque
1853 2933 1988 2969 con-

297 3011 469 3048 sensu
497 2996 897 3066 episcoporum
928 2999 1199 3052 Ecclesias
1222 3001 1358 3054 dant
1392 3003 1479 3055 vel
1511 3003 1793 3057 auferunt.
1829 3005 1987 3058 Unde
2021 3013 2061 3068 C

294 3089 523 3153 oportet
554 3089 617 3137 ut
665 3086 940 3140 canonica
988 3089 1187 3156 regula
1234 3094 1469 3154 servata,
1521 3091 1715 3144 nullus
1773 3094 1986 3163 absque

294 3187 576 3226 consensu
653 3174 905 3244 episcopi
986 3175 1218 3230 cuilibet
1283 3178 1612 3248 presbytero
1683 3182 1987 3237 Ecclesiam

294 3259 617 3324 det.Quam
669 3263 715 3314 si
766 3262 918 3332 juste
968 3263 1210 3334 adeptus
1265 3265 1454 3336 fuerit,
1511 3268 1657 3321 hanc
1709 3285 1825 3323 non
1875 3271 1987 3324 nisi

292 3350 458 3418 culpa
511 3350 688 3419 gravi,
723 3356 778 3403 et
831 3367 1024 3405 coram
1060 3353 1329 3424 episcopo
1369 3356 1638 3410 canonica
1685 3363 1986 3414 severitate

291 3435 537 3489 amittat.

293 3543 421 3597 CAP.
450 3543 630 3596 CXIII.
665 3573 732 3582 —
753 3546 833 3622 _Ut
855 3545 1298 3622 nullus_aliquod
1327 3564 1520 3604 munus
1551 3557 1777 3622 prapter
1811 3555 1988 3609 Eccle-

713 3617 853 3668 siam
878 3632 912 3668 a
937 3617 1251 3687 prebsytero
1291 3617 1556 3687 requirat.

361 3700 478 3770 (Ea:
544 3704 728 3756 concil.
790 3705 1056 3770 Mogunt.,
1090 3721 1212 3774 cap.
1253 3708 1368 3777 30.)
1430 3709 1500 3763 Ut
1529 3711 1721 3764 nullus
1750 3713 1986 3767 omnino

293 3805 533 3843 munera
572 3791 764 3860 exigat
803 3808 834 3845 a
870 3793 1236 3863 presbyteris,
1270 3802 1505 3867 propter
1534 3801 1986 3858 commendatio-

293 3892 426 3930 nem
465 3877 745 3932 Ecclesiae.

704 3967 831 4022 CAP.
864 3966 1039 4024 CXIV.
1077 4000 1144 4008 —
1175 3973 1252 4024 De
1280 3971 1464 4028 eadem
1491 3989 1567 4029 re.

357 4053 478 4124 (Ea:
507 4056 693 4108 concil.
725 4056 1076 4128 Rothomag.,
1113 4074 1233 4127 cap.
1268 4061 1340 4129 5.)
1383 4062 1675 4118 Sancitum
1707 4069 1792 4120 est
1816 4073 1986 4139 atque

289 4141 634 4196 omnimodis
682 4145 1035 4213 prohibitum
1084 4153 1150 4201 ut
1178 4148 1225 4202 si
1265 4151 1392 4220 quis
1438 4153 1732 4223 presbyter
1781 4155 1984 4210 inven-

287 4233 376 4282 tus
423 4230 596 4284 fuerit
642 4232 812 4286 alicui
843 4234 1044 4287 clerico
1102 4241 1199 4291 aut
1227 4237 1369 4292 laico
1421 4256 1660 4296 munera
1715 4243 1849 4296 dare
1888 4249 1986 4300 aut

285 4317 527 4382 dedisse,
559 4323 656 4374 aut
686 4321 934 4392 aliquam
971 4324 1276 4393 pecuniam
1323 4327 1594 4396 tribuere,
1639 4335 1701 4385 ut
1749 4332 1983 4387 alterius

285 4406 602 4477 presbyteri
663 4410 969 4464 Ecclesiam
1024 4414 1316 4485 surripiat,
1376 4423 1476 4471 aut
1531 4419 1835 4474 Ecclesiam
1883 4438 1977 4475 va-

285 4499 508 4548 cantem
563 4498 744 4566 pretio
801 4499 1060 4565 redimat,
1122 4517 1227 4572 pro
1256 4503 1362 4558 hac
1401 4505 1707 4576 cupiditate
1757 4523 1859 4562 seu
1897 4525 1982 4564 ra-

285 4581 441 4652 pina,
471 4599 571 4638 seu
601 4589 1052 4659 prasumptione
1076 4592 1260 4661 turpis
1305 4593 1420 4646 luci
1447 4594 1634 4664 gratia
1682 4594 1982 4665 dejiciatur

285 4686 319 4723 a
350 4671 522 4738 clero,
556 4677 612 4727 et
641 4674 862 4729 alienus
894 4677 1100 4732 existat
1127 4695 1160 4732 a
1191 4681 1406 4750 regula.

285 4775 412 4830 CAP.
443 4775 592 4840 CXV.
620 4782 812 4854 —_7Ut
876 4784 1185 4851 presbyteri
1265 4787 1442 4854 plebes
1540 4787 1864 4846 admoneant
1917 4798 1978 4847 ut

684 4850 999 4907 linteamina
1029 4850 1221 4910 altaris
1237 4850 1570 4926 praeparent.

354 4935 463 5007 (Em
516 4941 702 4995 concil.
761 4943 1025 5007 Remensi,
1084 4959 1207 5012 cap.
1259 4945 1336 5014 4.)
1393 4947 1460 5000 Ut
1509 4947 1824 5019 presbyteri
1872 4967 1976 5020 per

279 5025 474 5095 plebes
524 5043 654 5081 suas
719 5029 949 5083 feminis
1011 5031 1342 5100 pradicent,
1402 5038 1465 5088 ut
1521 5035 1860 5092 linteamina
1914 5040 1975 5094 in

281 5114 484 5169 altaria
521 5123 870 5187 praparent.

281 5219 408 5273 CAP.
438 5220 609 5302 CX‘VI.
629 5253 712 5302 _—_~
745 5226 812 5278 Ut
835 5227 1079 5302 _episcop_i
1118 5228 1456 5302 prauideant
1508 5231 1645 5302 quid
1668 5233 1976 5302 presbyteri

493 5293 726 5348 dominis
756 5296 870 5348 suis
900 5311 998 5363 pro
1014 5293 1282 5352 Ecclesiis
1307 5302 1484 5365 facere
1513 5293 1758 5356 debeant.

352 5380 457 5446 (Em
489 5383 674 5436 concil.
740 5384 1076 5452 Arelatensi,
1119 5401 1240 5455 cap.
1295 5388 1368 5456 3.)
1405 5389 1470 5443 Ut
1527 5390 1777 5462 episcopi
1823 5409 1970 5463 pra-

278 5465 508 5521 videant
571 5484 745 5540 quem
817 5471 1098 5527 honorem
1157 5475 1472 5546 presbyteri
1547 5493 1650 5548 pro
1710 5480 1970 5536 Ecclesiis

281 5553 399 5609 suis
427 5554 612 5612 facere
642 5559 902 5616 debeant.

2527 1825 2650 1881 CAP.
2689 1827 2838 1880 CXX.
2865 1857 2934 1866 ——
2973 1831 3049 1882 De
3078 1829 3267 1885 eadem
3292 1845 3370 1884 re.

2173 1909 2282 1978 (Ea:
2335 1913 2521 1966 concil.
2583 1914 2860 1983 Carthag.,
2916 1932 3035 1985 cap.
3095 1920 3210 1987 47.)
3267 1919 3484 1973 Placuit
3542 1927 3604 1974 ut
3671 1921 3803 1992 epi-

2099 2000 2273 2070 scopi,
2305 2001 2645 2071 presbyteri,
2680 2003 2923 2070 diaconi,
2961 2006 3050 2059 vel
3083 2007 3412 2078 quicunque
3443 2009 3655 2076 clerici,
3699 2011 3803 2081 qui

2097 2088 2241 2142 nihil
2272 2089 2546 2143 habentes
2589 2091 2947 2160 ordinantur,
3007 2098 3064 2146 et
3112 2099 3371 2166 tempore
3435 2097 3804 2168 episcopatus

2099 2177 2187 2231 vel
2214 2177 2510 2233 clericatus
2555 2180 2664 2248 sui,
2704 2197 2870 2250 agros
2917 2183 3002 2235 vel
3045 2199 3404 2255 quacunque
3433 2186 3652 2255 pradia
3695 2203 3802 2240 suo

2100 2265 2322 2318 nomini
2375 2274 2732 2336 comparant,
2792 2273 3066 2341 tanquam
3121 2286 3315 2326 rerum
3376 2274 3802 2329 dominicarum

2098 2353 2407 2408 invasionis
2445 2356 2684 2410 crimine
2717 2361 3022 2412 teneantur
3051 2359 3303 2426 obnoxii,
3354 2361 3466 2414 nisi
3496 2363 3566 2416 ad
3612 2363 3812 2418 EccleJ

2101 2441 2244 2496 siam
2272 2443 2343 2496 ad
2373 2459 2546 2514 quam
2575 2445 2790 2499 titulati
2817 2453 2968 2513 sunt,
3002 2447 3202 2502 eadem
3254 2449 3379 2519 ipsa
3424 2450 3796 2504 contulerint.

2100 2530 2154 2584 Si
2187 2537 2378 2586 autem
2409 2533 2548 2601 ipsis
2572 2534 2808 2604 propria
2840 2533 3182 2589 liberalitate
3214 2537 3473 2608 alicujus,
3529 2539 3618 2592 vel
3668 2554 3800 2592 suc-

2101 2620 2351 2673 cessione
2408 2623 2768 2691 cognationis
2825 2623 3040 2694 aliquid
3104 2626 3344 2691 venerit,
3399 2626 3610 2683 faciant
3663 2627 3804 2682 inde

2102 2709 2255 2779 quod
2285 2708 2484 2764 velint.

2528 2781 2653 2835 CAP.
2677 2782 2844 2837 CXXI.
2880 2813 2948 2825 -
2977 2787 3051 2838 De
3074 2785 3258 2839 eadem
3288 2802 3364 2839 re.

2174 2868 2294 2937 (Em
2347 2868 2525 2922 eodem
2573 2885 2693 2939 cap.
2751 2871 2860 2940 48.)
2921 2873 2990 2926 Ut
3039 2874 3433 2945 unusquisque
3494 2876 3804 2946 presbyter

2103 2971 2192 3008 res
2221 2972 2360 3025 quas
2417 2961 2543 3026 post
2584 2957 2736 3012 diem
2781 2962 3221 3016 consecrationis
3278 2963 3630 3034 acquisierit,
3663 2981 3802 3035 pro-

2100 3044 2241 3112 pria
2269 3045 2525 3099 Ecclesia
2549 3047 2856 3118 relinquat.

2517 3136 2643 3190 CAP.
2679 3137 2880 3192 CXXII.
2911 3169 2979 3179 -—
3014 3142 3086 3194 De
3109 3140 3292 3195 eadem
3319 3157 3378 3195 re

2171 3225 2280 3292 (Ea;
2348 3222 2532 3279 concil.
2624 3227 2918 3298 Toletano.)
2968 3217 3297 3304 'Caterum,
3372 3231 3669 3301 presbyter
3750 3234 3802 3286 si

2095 3316 2222 3380 post
2278 3312 2696 3368 ordinationem
2753 3315 2966 3385 aliquid
3007 3318 3352 3388 acquisierit,
3401 3319 3546 3373 illud
3598 3321 3797 3374 obser-

2094 3399 2344 3454 vandum
2371 3405 2474 3468 est,
2516 3402 2668 3473 quod
2699 3403 2759 3457 in
2815 3405 3131 3460 canonibus
3164 3407 3232 3460 de
3261 3408 3603 3461 consecratis
3649 3408 3803 3464 nihil

2095 3488 2437 3542 habentibus
2465 3491 2836 3546 constitutum
2870 3499 2972 3548 est.

2097 3577 2224 3632 CAP.
2280 3577 2506 3633 CXXIII.
2539 3611 2607 3619 —
2638 3583 2710 3634 De
2759 3583 3092 3651 presbyteris
3137 3585 3234 3652 qui
3274 3600 3341 3638 em
3390 3584 3656 3639 reditibus
3688 3586 3796 3640 Ec-

2165 3667 2338 3721 clesia
2364 3668 2473 3720 sibi
2497 3683 2581 3722 res
2617 3675 3068 3740 comparaverint,
3100 3678 3151 3726 et
3177 3677 3479 3728 structuras
3517 3675 3597 3728 ibi
3643 3676 3796 3740 fece-

2165 3755 2299 3818 rint,
2331 3757 2381 3807 et
2403 3757 2653 3810 mulieres
2670 3757 2749 3810 ibi
2770 3761 3068 3827 posuerint.

2167 3842 2276 3913 (Ea:
2341 3846 2526 3899 concil.
2579 3847 2849 3913 Remensi,
2916 3864 3036 3916 cap.
3105 3848 3210 3919 10.)
3263 3849 3684 3920 Inquirendum
3745 3851 3796 3903 si

2096 3930 2305 4002 aliquis
2333 3933 2797 4003 presbyterorum
2816 3936 2886 3990 de
2914 3937 3193 3992 reditibus
3215 3939 3489 4006 Ecclesia,
3510 3938 3599 3992 vel
3631 3939 3794 3992 obla-

2095 4019 2348 4074 tionibus
2387 4036 2449 4074 ac
2488 4022 2628 4075 votis
2660 4024 2920 4078 ﬁdelium
2951 4025 3061 4080 alio
3095 4028 3326 4081 nomine
3366 4044 3455 4081 res
3489 4043 3796 4097 compara-

2094 4109 2256 4170 verit,
2289 4114 2345 4163 et
2367 4108 2448 4164 ibi
2477 4115 2787 4166 structuras
2825 4114 3036 4182 fecerit,
3069 4117 3153 4170 vel
3191 4132 3321 4187 qua
3361 4116 3432 4170 ad
3480 4117 3793 4170 Ecclesiam

2094 4198 2408 4268 pertinent,
2427 4199 2642 4254 ibidem
2663 4202 3043 4271 collocaverit,
3076 4209 3132 4258 et
3162 4205 3469 4259 mulierum
3517 4205 3792 4276 frequen-

2014 4288 2057 4341 D
2095 4286 2371 4339 tationem
2401 4286 2543 4341 inibi
2571 4289 2696 4341 ﬁeri
2733 4291 3081 4359 permiserit,
3111 4292 3198 4345 vel
3229 4293 3385 4362 quod
3427 4293 3653 4362 turpius
3684 4301 3789 4360 est,

2092 4372 2235 4425 tales
2254 4373 2522 4427 mulieres
2552 4373 2765 4428 ibidem
2796 4376 3084 4444 habuerit,
3121 4395 3248 4448 qua
3275 4378 3592 4433 laniﬁcium
3617 4396 3791 4434 suum

2091 4466 2408 4528 exerceant,
2442 4467 2497 4516 et
2534 4479 2730 4517 curam
2759 4465 2964 4519 domus
3005 4471 3198 4537 agant,
3237 4472 3292 4521 et
3315 4467 3376 4521 in
3422 4469 3623 4522 eadem
3651 4468 3795 4539 |pre-

2088 4549 2281 4620 Sbyter
2299 4550 2629 4620 frequenter
2657 4553 2892 4608 veniens
2923 4557 3217 4623 manserit,
3249 4562 3308 4611 et
3334 4563 3530 4611 contra
3559 4557 3794 4612 decreta

2087 4652 2354 4690 canonun
2387 4639 2497 4693 hoc
2549 4641 2762 4695 malum
2819 4648 2983 4714 agat;
3030 4644 3166 4714 quia
3196 4645 3339 4700 sicut
3395 4662 3500 4699 nec
3547 4663 3675 4712 suo,
3713 4649 3793 4701 ita

2087 4741 2190 4779 nec
2233 4726 2420 4779 alieno
2451 4729 2686 4782 nomine
2739 4732 3036 4802 presbyter
3081 4733 3246 4787 fenus
3301 4749 3561 4788 exercere
3595 4735 3790 4805 debet,

2085 4815 2266 4868 multo
2315 4816 2506 4870 minus
2551 4817 2812 4872 fraudem
2835 4820 3017 4874 facere
3057 4821 3128 4875 de
3187 4822 3551 4877 facultatibus
3613 4827 3791 4878 eccle-

2083 4903 2343 4972 siasticis,
2375 4905 2649 4975 quoniam
2678 4906 2788 4961 hoc
2845 4909 3209 4980 sacrilegium
3267 4916 3372 4978 est,
3437 4917 3493 4965 et
3533 4928 3632 4982 par
3676 4914 3786 4967 cri-

2084 5005 2216 5043 men
2244 4991 2402 5046 Juda
2443 4991 2586 5046 furis
2638 4993 2738 5064 qui
2788 5010 2974 5049 sacras
3003 4997 3319 5052 oblationes
3367 5000 3700 5069 asportabat
3730 5007 3788 5053 et

2081 5077 2402 5133 iurabatur.

2081 5165 2207 5221 CAP.
2244 5168 2462 5223 CXXIV.
2506 5197 2574 5210 -—
2624 5173 2699 5225 De
2747 5174 3130 5247 consuetudine
3173 5176 3463 5243 servanda,
3517 5192 3636 5247 quae
3673 5194 3784 5232 non

2678 5249 2755 5296 est
2785 5249 2967 5298 cont‘a
2995 5245 3178 5314 ﬁdem.

2153 5309 2267 5379 (Eae
2296 5305 2455 5380 epist.
2491 5313 2578 5366 Pii
2601 5315 2808 5384 papa.)
2841 5305 3066 5369 Petistis
3119 5316 3271 5370 enim
3325 5333 3430 5388 per
3488 5318 3784 5388 Ilylarium

2079 5397 2491 5453 chartularium
2525 5407 2805 5470 nostrum,
2847 5419 2881 5457 a
2920 5405 3099 5458 beata
3155 5406 3447 5460 memoria
3483 5407 3784 5462 decessore

2079 5491 2295 5553 nostro,
2340 5493 2404 5542 ut
2447 5505 2647 5543 omnes
2677 5491 2834 5544 vobis
2874 5497 3023 5546 retro
3057 5498 3383 5564 temporum
3416 5498 3784 5551 consuetudi-

2076 5591 2178 5628 nes
2237 5581 2621 5647 servarentur,
2683 5595 2813 5650 qua
2870 5597 2901 5635 a
2953 5581 3106 5638 beati
3163 5583 3316 5638 Petri
3384 5585 3783 5656 apostolorum
