3956 6302
1143 364 1615 424 DECRETORUM
1658 370 1842 425 LIBRI
1880 372 1989 427 XX.
2025 400 2092 411 —
2133 371 2342 426 LIBER
2378 371 2693 427 TERTIUS.

160 366 263 417 697
1143 366 1615 424 DECRETORUM
1658 370 1842 425 LIBRI
1880 372 1989 427 XX.
2025 401 2062 410 -

2035 400 2092 411 —
2133 371 2342 426 LlBER
2378 371 2693 427 TERTIUS.
3561 376 3664 428 698

157 486 439 557 principis
512 486 942 542 ordinationum
1010 487 1193 542 initiis
1276 491 1552 545 hactenus
1613 496 1933 547 vetnstasA
1974 496 2102 550 CAP.
2160 495 2398 549 CXXVII.
2457 524 2526 534 —
2584 496 2723 548 Item
2762 495 2826 548 de
2882 494 3354 549 consuetudinibus
3414 496 3661 549 ecclesia-

157 575 329 644 longa
380 575 641 629 servavit.
699 576 763 629 Et
823 592 926 628 nos
983 576 1216 646 quidem
1267 577 1429 647 juxta
1483 579 1690 633 seriem
1723 582 1861 634 rela-

157 663 332 716 tionis
415 668 625 717 nostra
728 665 1203 718 consuetudinem
1308 666 1629 733 laudamus,
1730 685 1858 738 qua

154 754 351 804 tamen
427 756 624 805 contra
707 752 879 805 ﬁdem
943 753 1281 806 catholicam
1354 754 1500 808 nihil
1586 772 1859 827 usurpare

160 838 499 893 dinoscitur.

157 927 285 982 CAP.
351 928 537 982 CXXV.
583 957 654 969 —
712 930 777 1000 Ut
819 929 1177 983 ecclesiastica
1221 934 1429 984 statuta
1466 931 1553 1000 Aab
1602 935 1859 1000 apostolis

223 1004 273 1051 et
298 1000 528 1067 reliquis
574 999 859 1068 magistris
915 1002 1164 1054 Ecclesiae
1219 1002 1427 1055 tradita
1465 998 1692 1071 'zntegra
1746 1019 1858 1057 ser-

224 1076 512 1205 ?gglt‘t’e'cr.
542 1142 849 1195 Innocentii
870 1156 1049 1210 papa,
1081 1157 1200 1210 cap.
1247 1144 1324 1211 l.)
1357 1143 1721 1198 Innocentius
1751 1146 1857 1199 De-

156 1228 365 1295 centio,
407 1228 674 1298 episcopo
732 1229 997 1298 Egobino,
1029 1230 1288 1284 salutem.
1325 1231 1382 1285 Si
1408 1232 1666 1287 instituta
1689 1234 1859 1286 eccle-

157 1315 400 1380 siastica,
437 1321 498 1369 ut
529 1322 661 1369 sunt
689 1334 721 1369 a
758 1317 938 1371 beatis
993 1319 1264 1389 apostolis
1331 1320 1559 1387 tradita,
1610 1322 1854 1392 integra,

153 1404 368 1457 vellent
397 1420 622 1457 servare
674 1405 904 1458 Domini
964 1407 1303 1475 sacerdotes,
1342 1408 1499 1462 nulla
1536 1410 1853 1477 diversitas,

155 1493 316 1545 nulla
343 1492 587 1546 varietas
622 1493 680 1546 in
714 1493 855 1564 ipsis
903 1494 1200 1549 ordinibus
1236 1501 1290 1549 et
1333 1498 1857 1552 consecrationibus

153 1580 485 1634 haberetur.
529 1581 639 1636 Sed
674 1582 811 1635 dum
834 1584 1229 1654 unusquisque
1260 1601 1377 1638 non
1409 1587 1562 1656 quod
1584 1588 1856 1641 traditum

153 1673 260 1737 est,
295 1669 395 1723 sed
425 1671 579 1740 quod
619 1671 728 1725 sibi
773 1671 953 1724 visum
1004 1672 1197 1739 fuerit,
1245 1674 1355 1727 hoc
1406 1675 1693 1729 existimat
1738 1692 1855 1729 esse

150 1758 492 1823 tenendum,
525 1760 655 1813 inde
687 1759 907 1812 diversa
934 1760 995 1813 in
1027 1761 1264 1814 diversis
1297 1762 1434 1815 locis
1472 1765 1558 1816 vel
1582 1764 1849 1829 ecclesiis,
1891 1776 1928 1829 Β

151 1850 252 1899 aut
281 1846 487 1910 teneri,
549 1851 648 1900 aut
702 1848 975 1901 celebrari
1028 1849 1333 1904 videntur:
1394 1867 1458 1903 ac
1510 1851 1575 1904 ﬁt
1632 1854 1861 1906 scanda-

148 1933 271 1986 lum
306 1933 534 2004 populis
566 1934 686 2004 qui,
723 1935 861 1989 dum
889 1935 1153 1989 nesciunt
1202 1937 1542 1992 traditiones
1594 1940 1858 2011 antiquas

149 2022 409 2075 humana
456 2024 903 2093 praesumptione
959 2029 1269 2094 correptas,
1325 2032 1531 2096 putant
1587 2028 1695 2082 sibi
1752 2034 1852 2082 aut

150 2111 426 2164 Ecclesias
456 2127 570 2164 non
591 2113 917 2178 convenire,
962 2117 1061 2166 aut
1099 2115 1167 2167 ab
1211 2116 1489 2183 apostolis
1508 2117 1596 2169 vel
1625 2125 1856 2186 aposto-

149 2198 363 2252 stolicis
419 2199 554 2251 viris
609 2200 1076 2255 contrarietatem
1132 2202 1447 2257 inductam.
1508 2205 1645 2268 Quis
1702 2206 1857 2262 enim

149 2287 366 2340 nesciat
393 2293 492 2341 aut
528 2303 645 2341 non
677 2289 937 2342 advertat
964 2289 1019 2343 id
1078 2292 1229 2360 quod
1262 2309 1295 2345 a
1330 2293 1587 2362 principe
1628 2300 1856 2364 aposto-

149 2375 343 2429 lorum
409 2377 573 2429 Petro
640 2377 913 2431 Romanae
982 2379 1245 2433 Ecclesia
1302 2381 1576 2435 traditum
1636 2388 1738 2449 est,
1794 2399 1858 2437 ac

149 2479 305 2517 nunc
329 2479 509 2533 usque
560 2464 897 2531 custoditur,
934 2466 1001 2519 ab
1047 2467 1312 2521 omnibus
1363 2468 1570 2523 debere
1617 2471 1851 2534 servari,

148 2568 253 2604 nec
282 2552 587 2621 superduci
617 2558 716 2605 aut
745 2554 1028 2607 introduci
1059 2555 1298 2623 aliquid,
1346 2557 1501 2626 quod
1532 2563 1631 2612 aut
1660 2564 1853 2612 aucto-

147 2639 379 2691 ritatem
441 2655 557 2691 non
596 2639 822 2703 habeat,
857 2647 956 2695 aut
1008 2642 1239 2697 aliunde
1292 2645 1545 2715 accipere
1595 2647 1856 2699 videatur

151 2727 503 2796 exemplum,
532 2729 846 2797 praesertim
868 2746 996 2783 cum
1029 2731 1102 2784 sit
1129 2732 1499 2786 manifestum
1530 2735 1590 2787 in
1621 2751 1852 2788 omnem

148 2816 391 2882 Italiam,
442 2816 666 2884 Gallias,
731 2818 1051 2887 Hispanias,
1101 2820 1350 2874 Africam
1396 2827 1563 2892 atque
1604 2823 1853 2877 Siciliam

151 2903 489 2974 insulasque
541 2905 964 2976 interjacentes,
1024 2908 1249 2962 nullum
1302 2909 1616 2965 instituisse
1672 2914 1855 2966 Eccle-

150 2991 282 3059 sias,
318 2992 427 3045 nisi
466 3009 562 3046 eos
614 3010 758 3063 quos
792 2996 1124 3049 venerabilis
1177 2998 1468 3066 apostolus
1500 3001 1723 3067 Petrus,
1752 3005 1850 3055 aut

149 3081 274 3149 ejus
335 3097 683 3134 successores
730 3083 1153 3139 constituerunt
1197 3087 1571 3143 sacerdotes?
1615 3092 1727 3143 Aut
1772 3091 1849 3143 le-

147 3176 308 3238 gant,
360 3169 408 3221 si
461 3170 520 3222 in
550 3170 637 3223 his
678 3172 988 3241 provinciis
1018 3174 1164 3226 alius
1213 3177 1605 3245 apostolorum
1638 3178 1852 3233 inveni-

146 3262 241 3310 tur
280 3262 380 3311 aut
436 3258 650 3328 legitur
696 3260 975 3315 docuisse.
1028 3262 1136 3325 Qui
1186 3263 1232 3315 si
1301 3280 1417 3317 non
1466 3266 1682 3335 legunt,
1718 3269 1853 3337 quia

147 3362 437 3415 nusquam
494 3346 810 3415 inveniunt,
885 3354 1109 3419 oportet
1162 3366 1257 3404 eos
1308 3351 1417 3404 hoc
1468 3354 1631 3423 sequi
1695 3356 1852 3424 quod

146 3433 397 3487 Ecclesia
463 3435 720 3489 Romana
799 3437 1051 3491 custodit
1102 3454 1131 3491 a
1180 3454 1292 3507 qua
1349 3455 1444 3493 eos
1500 3441 1851 3512 principium

148 3523 433 3593 accepisse
457 3541 573 3577 non
604 3524 845 3579 dubium
872 3530 973 3594 est,
1024 3542 1117 3591 ne,
1153 3527 1289 3581 dum
1320 3530 1642 3599 peregrinis
1669 3548 1850 3585 asser-

147 3611 404 3665 tionibus
460 3613 728 3666 studeant
805 3619 976 3683 caput
1047 3615 1477 3670 institutionum
1553 3620 1853 3673 videantur

146 3700 431 3754 omittere.
470 3702 631 3771 Sape
662 3701 1025 3756 dilectionem
1060 3707 1218 3757 tuam
1250 3705 1320 3759 ad
1355 3707 1558 3760 urbem
1610 3707 1848 3777 venisse,

148 3804 210 3841 ac
248 3788 550 3843 nobiscum
584 3789 642 3843 in
683 3790 916 3844 ecclesia
970 3792 1301 3846 convenisse
1329 3810 1445 3847 non
1497 3796 1737 3850 dubium
1770 3803 1855 3851 est

146 3882 202 3930 et
253 3893 429 3947 quem
452 3892 691 3942 morem,
744 3879 832 3932 vel
882 3878 942 3932 in
972 3882 1369 3935 consecrandis
1429 3885 1734 3953 mysteriis,
1766 3888 1854 3941 vel

144 3965 203 4019 in
254 3965 477 4019 cateris
527 3966 759 4035 agendis
791 3968 1010 4021 arcanis
1048 3975 1240 4023 teneat
1298 3973 1648 4041 cognovisse.
1693 3974 1853 4038 Quod

145 4054 408 4108 sufﬁcere
440 4055 746 4110 arbitrarer
788 4057 859 4110 ad
913 4057 1377 4113 informationem
1408 4062 1671 4116 Ecclesia
1713 4068 1847 4128 tua,

144 4143 233 4196 vel
279 4143 773 4210 reformationem,
810 4146 856 4198 si
903 4162 1275 4215 praecessores
1314 4149 1418 4215 tui,
1477 4154 1630 4219 quod
1663 4152 1851 4205 minus

145 4231 391 4301 aliquid,
424 4237 521 4286 aut
558 4233 726 4286 aliter
770 4234 1065 4289 tenuerint
1114 4236 1249 4289 satis
1300 4241 1518 4291 certum
1580 4239 1850 4294 haberem

145 4319 256 4371 nisi
315 4319 385 4372 de
466 4319 754 4390 aliquibus
808 4323 1186 4377 consulendos
1256 4339 1357 4376 nos
1431 4341 1549 4379 esse
1590 4326 1844 4381 dixisses.
1878 4321 1920 4373 D

144 4406 365 4470 Quibus
422 4406 632 4462 idcirco
697 4410 1113 4479 respondemus
1176 4428 1290 4465 non
1340 4414 1495 4484 quod
1541 4420 1596 4467 te
1658 4415 1849 4485 aliqua

145 4495 414 4565 ignorare
459 4496 779 4565 credamus,
814 4499 911 4552 sed
961 4504 1022 4552 ut
1077 4500 1294 4570 majore
1352 4503 1706 4568 auctoritate,
1762 4505 1848 4557 vel

146 4589 273 4637 tuos
300 4583 589 4653 instituas,
632 4586 722 4639 vel
761 4586 807 4639 si
858 4586 959 4657 qui
1010 4603 1043 4641 a
1072 4590 1345 4643 Romana
1392 4591 1648 4645 Ecclesia
1680 4592 1851 4644 insti-

145 4672 463 4726 tutionibus
492 4679 701 4743 errant,
745 4680 844 4728 aut
873 4692 1255 4744 commoneas,
1314 4684 1412 4732 aut
1438 4679 1691 4733 indicare
1737 4696 1849 4733 non

148 4761 400 4827 diﬁ'eras,
432 4769 497 4815 ut
520 4762 662 4817 scire
702 4765 991 4818 valeamus
1047 4766 1146 4836 qui
1195 4767 1329 4833 sint,
1371 4768 1471 4837 qui
1503 4775 1600 4822 aut
1626 4770 1848 4825 novita-

148 4854 229 4903 tes
252 4850 555 4913 inducunt,
614 4857 712 4905 aut
744 4853 976 4906 alterius
1039 4855 1298 4909 Ecclesia
1348 4872 1522 4926 quam
1573 4859 1847 4913 Romana

147 4938 475 4992 existimant
498 4942 973 4995 consuetudinem
995 4958 1115 4996 esse
1132 4945 1490 4998 servandam.

148 5028 275 5082 CAP.
357 5028 577 5082 CXXVI.
631 5057 704 5069 —
740 5032 827 5103 ω
873 5032 1275 5085 consuetudines
1330 5034 1697 5089 ecclesiastica
1745 5050 1848 5103 pro

732 5102 843 5167 lege
871 5104 984 5155 sint
1017 5103 1269 5156 tenenda.

202 5168 578 5238 (Augustinus
625 5171 761 5225 dicit
799 5172 872 5226 ad
928 5173 1255 5229 Casulanum
1300 5173 1724 5243 presbyterum.)
1775 5176 1840 5228 In

142 5255 233 5309 his
285 5257 437 5310 enim
472 5257 639 5311 rebus
697 5259 764 5313 de
827 5259 1033 5329 quibus
1081 5261 1227 5314 nihil
1281 5262 1421 5315 certi
1470 5263 1667 5316 statuit
1695 5263 1848 5317 Scri-

143 5351 315 5415 ptura
346 5346 558 5413 divina,
593 5364 713 5401 mos
770 5349 974 5419 populi
1008 5350 1123 5417 Dei,
1156 5351 1243 5403 vel
1274 5350 1533 5404 instituta
1564 5351 1847 5421 majorum

143 5451 247 5503 pro
302 5434 432 5505 lege
480 5437 728 5491 tenenda
776 5443 929 5505 sunt,
987 5442 1044 5491 et
1082 5438 1228 5492 sicut
1264 5440 1729 5510 pravaricatores
1768 5441 1845 5493 le-

144 5539 285 5593 gum
350 5523 697 5591 divinarum,
749 5525 828 5579 ita
880 5532 1301 5596 contemptores
1370 5529 1849 5583 consuetudinum

144 5612 664 5668 ecclesiasticarum
693 5615 990 5671 coercendi
1014 5621 1166 5671 sunt.

2537 568 2689 619 sticis
2732 567 3097 619 observandis.

2043 656 2162 723 (Ea:
2192 655 2352 708 dictis
2388 656 2601 721 Basilii,
2625 670 2744 722 cap.
2774 654 2885 723 27.)
2907 653 3421 707 Ecclesiasticarum
3443 653 3666 707 institu-

1970 744 2190 797 tionum
2219 744 2662 796 consuetudines
2692 745 2966 813 quasdam
3010 744 3337 812 Scripturis,
3388 742 3664 811 quaedam

1970 849 2102 886 vero
2125 832 2426 902 apostolica
2451 832 2757 885 traditione
2794 848 2897 902 per
2950 831 3332 884 successiones
3363 831 3420 883 in
3453 836 3660 899 myste-

1970 921 2055 974 rio
2113 921 2473 974 confirmatas
2525 920 2864 990 accepimus,
2931 920 3138 989 quibus
3200 935 3304 989 par
3358 919 3558 984 virtus,
3609 922 3666 971 et

1968 1008 2123 1062 idem
2192 1009 2449 1079 utrisque
2506 1008 2731 1078 pietatis
2787 1008 3019 1061 effectus
3093 1007 3235 1076 quin
3291 1008 3382 1069 sit,
3454 1011 3663 1077 quotus

1970 1098 2211 1168 quisque
2268 1098 2355 1150 vel
2423 1097 2846 1167 aliquantulum
2899 1112 3186 1149 sacrarum
3229 1100 3496 1164 expertus
3539 1095 3659 1149 Sci-

1969 1191 2265 1255 pturarum
2304 1185 2692 1238 hasitaverit?
2737 1184 2795 1238 Si
2826 1185 2979 1238 enim
3018 1183 3485 1237 attentaverimus
3537 1199 3664 1236 con-

1967 1275 2302 1327 suetudines
2354 1273 2636 1339 Ecclesia,
2674 1290 2791 1325 non
2820 1290 2922 1342 per
2971 1272 3288 1341 Scripturas
3339 1288 3370 1324 a
3403 1272 3662 1325 Patribus

1967 1363 2202 1416 traditas
2229 1363 2393 1415 nihili
2421 1363 2724 1427 astimare,
2752 1366 3032 1431 quantum
3077 1362 3275 1431 religio
3334 1360 3663 1414 detrimenti

1968 1452 2152 1504 latura
2173 1450 2243 1503 sit
2276 1450 2719 1520 despicientibus
2750 1450 2969 1520 liquido
3000 1450 3299 1503 constabit.
3325 1450 3456 1512 Quae
3482 1449 3658 1516 enim,

1967 1544 2032 1593 ut
2060 1539 2193 1592 inde
2226 1538 2542 1603 ordiamur,
2570 1538 2863 1607 Scriptura
2888 1538 3190 1590 salutifera
3243 1538 3425 1590 crucis
3473 1537 3664 1606 signa-

1967 1628 2092 1681 culo
2142 1627 2337 1680 ﬁdeles
2382 1626 2573 1679 docuit
2628 1626 2942 1696 insigniri?
2971 1626 3108 1689 Qua
3166 1624 3543 1677 multifariam
3574 1624 3660 1676 di-

1967 1722 2127 1784 gesta
2167 1732 2338 1786 super
2364 1730 2571 1784 panem
2632 1720 2688 1768 et
2736 1715 2965 1766 calicem
3009 1714 3246 1783 prolixae
3299 1713 3574 1766 orationis
3608 1717 3664 1765 et

1969 1803 2411 1857 consecrationis
2460 1803 2635 1855 verba
2663 1802 3115 1855 commendavit?
3164 1803 3303 1855 Nam
3336 1818 3452 1854 non
3492 1801 3661 1854 modo

1967 1892 2115 1962 quod
2150 1892 2206 1944 in
2239 1892 2546 1962 Evangelio
2571 1892 2916 1957 continetur,
2952 1892 3038 1944 vel
3090 1890 3349 1959 apostolo
3379 1889 3439 1941 in
3478 1905 3660 1941 secre-

1968 1981 2037 2033 tis
2068 1980 2329 2045 dicimus,
2356 1980 2451 2033 sed
2492 1984 2546 2031 et
2577 1980 2685 2031 alia
2714 1994 2818 2049 per
2848 1980 3014 2048 plura
3042 1978 3356 2047 adjicimus,
3391 1992 3660 2046 magnam

1966 2069 2130 2138 quasi
2160 2069 2273 2121 vim
2308 2067 2773 2121 consummandis
2814 2066 3302 2119 accommodantia
3349 2064 3656 2135 mysteriis.

1964 2158 2100 2221 Qua
2153 2156 2445 2211 Orientem
2503 2172 2696 2209 versus
2754 2172 2856 2209 nos
2914 2172 3073 2208 orare
3108 2155 3427 2208 litterarum
3475 2152 3661 2206 forma

1965 2244 2321 2316 praestituit?
2367 2244 2764 2299 Benedicimus
2792 2245 3005 2297 fontem
3038 2242 3415 2314 baptismatis,
3466 2242 3659 2294 oleum

1964 2333 2272 2387 unctionis.
2324 2334 2443 2386 Huc
2503 2333 2719 2386 accedit
2766 2332 2917 2402 quod
2949 2337 3036 2384 ter
3088 2330 3486 2400 immergimus
3517 2344 3661 2399 quos

1965 2420 2342 2490 baptizamus,
2390 2420 2514 2472 oleo
2546 2418 2835 2488 ungimus,
2870 2418 3055 2472 Verbis
3106 2416 3509 2471 abrenuntiare
3556 2416 3660 2469 Sa-

1962 2514 2199 2562 tanaet
2253 2509 2474 2579 angelis
2500 2510 2623 2578 ejus
2662 2508 3059 2561 informamus.
3097 2506 3252 2560 Unde
3301 2504 3423 2558 hac
3452 2508 3506 2556 et
3551 2504 3662 2557 alia

1963 2596 2022 2649 in
2054 2597 2207 2650 hunc
2246 2597 2483 2649 modum
2528 2612 2641 2649 non
2680 2612 2881 2665 pauca.
2931 2594 3040 2647 nisi
3073 2593 3205 2664 quia
3237 2592 3407 2646 tacita
3435 2606 3498 2644 ac
3528 2607 3657 2661 my-

1963 2684 2100 2738 stica
2142 2684 2450 2738 traditione
2488 2701 2518 2737 a
2562 2684 2822 2738 Patribus
2880 2682 3256 2735 ecclesiastico
3290 2696 3449 2733 more
3495 2695 3659 2731 reve-

1963 2772 2203 2825 rentiori
2230 2773 2527 2841 diligentia
2555 2777 2687 2825 sunt
2717 2772 2778 2824 in
2818 2771 3103 2840 mysteriis
3155 2770 3451 2823 observata
3483 2768 3658 2821 silen-

1964 2862 2063 2926 tio,
2098 2877 2268 2932 quam
2301 2860 2586 2930 publicata
2617 2860 2847 2927 scripto.

1963 2967 2091 3023 CAP.
2150 2967 2413 3021 CXXVIII.
2468 2996 2540 3008 —
2600 2967 2743 3032 Quid
2800 2966 3067 3032 agendum
3131 2969 3204 3020 sit
3259 2969 3318 3019 in
3370 2967 3547 3019 causis
3596 2965 3661 3018 de

2068 3040 2262 3106 quibus
2292 3044 2437 3092 certa
2464 3040 2523 3091 in
2550 3038 2842 3091 canonibus
2873 3040 3222 3090 inveniuntur
3244 3037 3478 3105 judicia.

2033 3130 2141 3194 (Ea:
2173 3128 2315 3181 decr.
2343 3128 2681 3183 Innnocentii
2728 3141 2902 3194 papa,
2950 3141 3069 3193 cap.
3108 3128 3216 3191 18.)
3249 3127 3326 3177 De
3379 3125 3559 3178 causis
3590 3125 3659 3178 de

1963 3215 2172 3285 quibus
2203 3217 2359 3269 nulla
2386 3216 2661 3280 solvendi,
2697 3214 3028 3285 ligandique
3056 3213 3360 3266 auctoritas
3390 3213 3448 3266 in
3498 3213 3659 3267 libris

1961 3304 2177 3358 Veteris
2240 3304 2606 3367 Testamenti,
2675 3306 2923 3373 quatuor
2995 3301 3452 3371 Evangeliorum,
3527 3317 3656 3353 cum

1963 3392 2186 3462 scriptis
2218 3392 2350 3445 totis
2398 3392 2791 3462 apostolorum
2846 3407 2958 3443 non
2993 3394 3283 3459 appareat,
3340 3390 3411 3442 ad
3465 3389 3658 3442 divina

1962 3482 2238 3535 recurrito
2268 3480 2477 3551 scripta
2508 3482 2717 3535 Grace.
2753 3480 2812 3533 Si
2862 3495 2967 3532 nec
3000 3478 3059 3531 in
3092 3478 3224 3544 illis,
3259 3478 3328 3531 ad
3363 3477 3657 3530 catholica

1962 3569 2217 3622 Ecclesia
2246 3569 2511 3622 historias
2545 3567 2866 3633 catholicas,
2928 3586 2958 3620 a
2993 3567 3315 3621 doctoribus
3363 3565 3657 3619 catholicis

1962 3659 2197 3727 scriptas
2228 3673 2463 3711 manum
2518 3657 2699 3710 mitte.
2732 3656 2790 3710 Si
2821 3672 2925 3708 nec
2955 3656 3013 3709 in
3050 3656 3179 3721 illis,
3241 3671 3486 3709 canones
3515 3670 3657 3723 apo—

1962 3747 2174 3800 stolica
2232 3746 2381 3800 sedis
2451 3746 2695 3799 intuere.
2764 3745 2820 3799 Si
2877 3761 2981 3797 nec
3035 3745 3095 3797 in
3167 3744 3276 3808 his,
3332 3748 3656 3796 sanctorum

1961 3837 2222 3905 exempla
2275 3834 2677 3906 perspicaciter
2746 3836 3066 3887 recordare.
3130 3834 3289 3897 Quod
3350 3833 3396 3885 si
3466 3832 3525 3884 in
3570 3830 3658 3885 his

1962 3924 2229 3977 omnibus
2288 3924 2557 3993 inspectis
2614 3923 2784 3993 hujus
2854 3922 3186 3993 quastionis
3244 3922 3487 3992 qualitas
3540 3937 3658 3974 non

1960 4012 2146 4066 lucide
2173 4013 2570 4082 investigatur,
2614 4012 2868 4065 seniores
2897 4011 3204 4081 provincia
3261 4026 3567 4079 congrega,
3602 4014 3659 4063 et

1962 4116 2058 4154 eos
2099 4100 2407 4169 interroga.
2464 4100 2702 4154 Facilius
2756 4116 3003 4169 namque
3063 4098 3369 4164 invenitur,
3441 4097 3658 4167 quoda

1960 4188 2223 4259 pluribus
2272 4188 2649 4241 sentientibus
2707 4187 3003 4257 quaritur.
3037 4188 3211 4239 Verus
3270 4186 3422 4238 enim
3460 4200 3653 4254 repro-

1962 4278 2167 4329 missor
2199 4275 2471 4329 Dominus
2502 4277 2606 4330 ait:
2651 4276 2706 4329 Si
2738 4277 2847 4330 duo
2877 4292 2941 4328 ex
2984 4276 3161 4342 vobis,
3194 4276 3281 4328 vel
3317 4280 3427 4327 tres
3450 4290 3653 4326 conve-

1942 4366 2125 4435 gniant
2177 4381 2349 4434 super
2402 4369 2615 4418 terram
2656 4364 2714 4417 in
2774 4364 3005 4417 nomine
3061 4380 3207 4428 meo,
3264 4364 3331 4415 de
3396 4362 3556 4415 omni
3594 4377 3655 4415 re

1961 4469 2365 4524 quamcunque
2386 4451 2676 4522 petierint,
2706 4453 2803 4506 fiet
2821 4452 2934 4505 illis
2966 4470 2996 4505 a
3020 4455 3181 4506 Patre
3207 4468 3352 4504 meo.

2031 4560 2159 4614 CAP.
2197 4559 2405 4612 CXXIX.
2440 4589 2502 4598 —
2538 4561 2605 4613 Ut
2634 4564 2825 4613 cuncta
2864 4575 2981 4627 qua
3018 4561 3124 4612 Deo
3163 4559 3486 4627 offeruntur,

2469 4636 2777 4684 consecrata
2833 4631 3151 4684 habeantur.

2033 4718 2142 4789 (Eae
2201 4720 2387 4773 concil.
2445 4719 2711 4772 Aurelian
2776 4734 2895 4787 cap.
2955 4720 3030 4786 7.)
3100 4718 3305 4772 Omnia
3356 4734 3485 4787 qua
3543 4718 3656 4771 Deo

1960 4807 2297 4871 offeruntur,
2357 4812 2684 4859 consecrata
2732 4808 3034 4873 habentur,
3097 4806 3153 4859 in
3212 4806 3410 4874 vineis,
3470 4805 3654 4872 terris,

1961 4896 2150 4966 sylvis,
2187 4894 2550 4959 utensilibus,
2581 4896 2954 4961 vestimentis,
2991 4895 3311 4965 pecoribus,
3339 4900 3392 4947 et
3425 4893 3656 4963 reliquis

1959 4983 2434 5055 possessionibus,
2477 4988 2530 5035 et
2559 5000 2686 5053 qua
2718 4984 2978 5037 Ecclesiis
3027 4985 3146 5037 sine
3193 4984 3366 5037 dubio
3413 4983 3655 5046 Christo,

1960 5072 2059 5142 qui
2091 5088 2333 5142 sponsus
2355 5087 2550 5124 earum
2587 5076 2688 5139 est,
2712 5072 3049 5125 offeruntur.

2372 5177 2498 5231 CAP.
2534 5176 2718 5231 CXXX.
2746 5206 2818 5218 —
2846 5180 2917 5230 De
2950 5178 3134 5230 eadem
3161 5192 3238 5229 re.

2034 5266 2052 5337 (
2083 5269 2170 5321 Ea:
2190 5268 2373 5321 concil.
2410 5268 2750 5333 Rothomag.,
2779 5281 2898 5334 cap.
2927 5264 3001 5335 3.)
3035 5266 3241 5318 Omnes
3273 5263 3507 5317 decima
3538 5268 3655 5315 ter-

1959 5371 2060 5415 ra,
2084 5356 2198 5407 sive
2232 5356 2299 5407 de
2332 5355 2610 5425 frugibus,
2644 5355 2757 5407 sive
2790 5354 2857 5407 de.
2904 5353 3090 5423 pomis
3122 5352 3391 5405 arborum
3429 5350 3659 5405 Domini

1959 5448 2111 5507 sunt,
2137 5448 2192 5496 et
2222 5442 2305 5495 illi
2335 5443 2777 5497 sanctiﬁcantur.
2812 5444 3008 5509 Boves,
3063 5447 3118 5494 et
3166 5458 3316 5507 oves,
3361 5446 3417 5493 et
3448 5456 3656 5510 capra,

1961 5548 2088 5602 qua
2122 5532 2224 5585 sub
2258 5533 2496 5602 pastoris
2530 5534 2689 5604 virga
2716 5537 3033 5595 transeunt,
3062 5530 3337 5601 quidquid
3371 5529 3657 5583 decimum

1959 5620 2200 5686 venerit,
2257 5621 2701 5675 sanctiﬁcabitur
2765 5622 3027 5675 Domino.
3074 5622 3194 5674 Non
3254 5619 3501 5691 eligetur
3555 5635 3660 5679 nec
