3956 6302
290 394 392 444 699

1356 353 1764 446 BURCHARDI
1808 386 2335 443 WORMACIENSIS
2373 386 2710 443 EPISCOPI.
3691 393 3791 444 700

291 514 510 568 bonum
537 529 642 568 nec
671 514 904 577 malum,
939 529 1044 567 nec
1071 513 1248 568 altero
1276 512 1736 568 commutabitur.
1771 511 1828 566 Si
1856 511 1984 581 quis
2012 512 2057 564 A
2095 515 2226 579 test,
2261 511 2517 580 relevati,
2540 511 2831 566 liberiores
2861 511 3001 566 ﬁant
3023 513 3091 567 ad
3122 512 3550 569 meditationem
3584 517 3792 570 divinae

291 601 615 667 mutaverit,
679 606 734 655 et
795 602 950 673 quod
1018 606 1216 668 mutat,
1265 605 1318 655 et
1364 602 1518 671 quod
1563 605 1845 654 mutatum
1877 605 1980 667 est,

290 689 736 744 sanctiﬁcabitur
815 689 1074 752 Domino,
1163 696 1220 743 et
1289 706 1400 742 non
1452 689 1791 742 redimetur.
1873 688 1982 742 Sed

292 779 428 849 quia
485 779 651 832 modo
702 778 865 830 multi
925 777 1294 831 inveniuntur
1323 776 1570 831 decimas
1618 777 1752 830 dare
1783 776 1982 830 nolen-

290 871 401 928 tes,
453 867 732 920 statuinus
791 872 856 920 ut
913 866 1226 920 secundum
1297 867 1527 920 Domini
1593 866 1770 919 nostri
1837 882 1984 934 prae-

293 959 523 1026 ceptum
573 955 993 1009 admoneantur
1044 955 1242 1023 semel,
1300 961 1356 1008 et
1406 955 1658 1008 secundo
1691 960 1746 1008 et
1796 954 1984 1008 tertio.

291 1043 343 1097 Si
379 1058 495 1095 non
525 1043 974 1110 emendaverint,
1017 1043 1400 1096 anathematis
1432 1041 1656 1095 vinculo
1704 1041 1982 1094 constrin-

291 1135 500 1202 gantur
519 1147 698 1201 usque
731 1131 799 1185 ad
843 1130 1305 1196 satisfactionem,
1339 1135 1395 1184 et
1435 1130 1501 1184 ad
1525 1130 1985 1183 emendationem

291 1235 624 1290 congruam.

293 1308 420 1362 CAP.
482 1308 690 1362 CXXXI.
750 1337 819 1348 —
853 1309 919 1375 Ut
974 1307 1182 1360 decima
1236 1307 1383 1360 nullo
1447 1307 1601 1360 modo
1653 1307 1982 1372 negligatur.

358 1395 466 1466 (Ea:
495 1397 680 1450 concil.
716 1398 981 1463 Mogunt.,
1037 1411 1156 1462 cap.
1214 1394 1328 1462 35.)
1379 1395 1770 1448 Admonemus
1814 1400 1985 1464 atque

287 1485 748 1556 praecipimusut
793 1484 1042 1538 decimas
1098 1486 1211 1538 Deo
1261 1483 1498 1536 omnino
1547 1484 1681 1536 dare
1740 1498 1856 1535 non
1886 1498 1985 1535 ne-

288 1573 560 1644 gligatur,
611 1589 752 1642 quas
801 1574 948 1625 Deus
989 1571 1109 1642 ipse
1160 1571 1268 1624 sibi
1329 1571 1451 1624 dari
1503 1570 1818 1637 constituit,
1851 1570 1986 1640 quia

287 1661 609 1714 timendum
639 1665 725 1713 est
749 1665 813 1713 ut
843 1659 1104 1730 quisquis
1139 1661 1252 1712 Deo
1285 1675 1451 1712 suum
1493 1659 1747 1713 debitum
1778 1659 1987 1712 abstra-

287 1745 492 1814 hit,ue
541 1745 687 1798 forte
743 1745 887 1798 Deus
939 1761 1042 1814 per
1097 1749 1393 1814 peccatum
1445 1760 1614 1798 suum
1670 1744 1890 1798 auferat
1935 1744 1987 1796 ei

289 1833 609 1888 necessaria
641 1848 763 1886 sua.

390 1939 518 1994 CAP.
549 1939 782 1993 CXXXII.
805 1967 876 1978 —
901 1940 969 1992 De
991 1938 1101 1992 illis
1131 1940 1229 2007 qui
1256 1937 1488 1992 decimas
1519 1936 1652 1991 dare
1676 1938 1879 1991 nolunt.

363 2026 480 2098 (Ea:
509 2029 698 2082 concil.
737 2027 1032 2090 Cavallon.,
1087 2042 1207 2095 cap.
1248 2027 1358 2095 l8.)
1407 2025 1598 2090 Questi
1649 2031 1781 2079 sunt
1837 2042 1986 2096 pree-

288 2120 443 2170 terea
464 2116 697 2186 quidam
729 2115 946 2181 fratres,
982 2115 1138 2185 quod
1172 2120 1360 2168 essent
1409 2114 1589 2185 aliqui
1620 2115 1874 2184 episcopi
1932 2119 1988 2167 et

292 2203 542 2270 abbates,
575 2203 677 2273 qui
708 2204 956 2257 decimas
985 2219 1102 2256 non
1129 2203 1385 2257 sinerent
1410 2203 1546 2256 dare
1579 2203 1646 2256 ad
1692 2201 1984 2267 Ecclesias,

289 2292 390 2348 ubi
421 2291 505 2344 illi
534 2291 725 2345 coloni
747 2292 969 2345 Missam
991 2290 1250 2344 audiunt.
1289 2291 1532 2344 Proinde
1558 2291 1804 2345 decrevit
1833 2306 1989 2344 sacer

291 2380 400 2435 iste
439 2385 773 2446 conventus,
819 2384 881 2433 ut
931 2379 1185 2449 episcopi
1238 2385 1295 2432 et
1341 2380 1570 2433 abbates
1628 2380 1697 2434 de
1752 2379 1904 2448 agris
1934 2381 1989 2432 et

291 2466 493 2533 vineis,
520 2482 649 2538 quae
682 2466 749 2520 ad
779 2481 948 2519 suum
980 2467 1066 2519 vel
1095 2466 1336 2519 fratrum
1368 2466 1716 2535 stipendium
1754 2466 1986 2530 habent,

289 2555 538 2609 decimas
576 2554 644 2608 ad
690 2553 960 2608 Ecclesias
1005 2554 1214 2608 deferri
1266 2553 1496 2608 faciant.
1559 2553 1810 2608 Familiae
1858 2570 1988 2606 vero

289 2644 370 2698 ibi
400 2644 538 2698 dent
585 2643 833 2696 decimas
864 2659 1015 2708 suas,
1064 2642 1165 2696 ubi
1191 2643 1435 2697 infantes
1467 2659 1668 2696 eorum
1702 2643 1990 2714 baptizan-

289 2737 402 2798 tur,
463 2737 520 2786 et
573 2731 673 2786 ubi
713 2748 816 2802 per
851 2735 1039 2786 totum
1093 2731 1232 2786 anni
1286 2732 1565 2786 circulum
1624 2732 1825 2786 missas
1882 2748 1989 2784 au-

298 2820 481 2874 diunt.
1537 2816 1540 2818 ⁷

293 2928 419 2981 CAP.
457 2926 714 2982 CXXXIII.
743 2953 815 2965 —
836 2925 992 2988 Quod
1021 2925 1236 2979 decimae
1264 2927 1332 2978 ab
1379 2926 1624 2980 omnibus
1664 2926 1990 2982 Christianis

751 3011 819 3049 ea:
848 2995 1024 3049 debito
1049 2998 1256 3064 reposci
1285 2997 1527 3050 debeant.

365 3086 475 3152 (Em
505 3085 693 3138 concil.
751 3084 1052 3150 Mogunti.,
1101 3099 1220 3151 cap.
1255 3085 1304 3151 8)
1352 3084 1606 3138 Decimas
1638 3085 1751 3139 Deo
1800 3088 1856 3138 et
1894 3101 1986 3138 sa-
2027 3097 2066 3152 ί]

299 3171 624 3227 cerdotibus
677 3172 777 3226 Dei
809 3172 1042 3238 dandas,
1079 3172 1367 3226 Abraham
1415 3172 1596 3238 factis,
1652 3173 1821 3228 Jacob
1858 3189 1988 3243 pro-

294 3261 480 3315 missis
543 3261 816 3316 insinuat.
859 3260 1075 3314 Deinde
1126 3260 1215 3313 lex
1275 3260 1490 3326 statuit,
1543 3277 1742 3314 omnes
1797 3261 1988 3316 docto-

294 3366 386 3404 res
424 3349 606 3404 sancti
648 3352 1121 3403 commemorant.
1170 3350 1237 3402 Et
1278 3349 1532 3419 profecto
1573 3349 1812 3419 dignum
1871 3353 1993 3404 erat

295 3443 360 3493 ut
391 3438 653 3492 Israelita:
708 3437 954 3492 decimas
997 3453 1285 3507 pecorum,
1328 3442 1386 3492 et
1436 3437 1692 3508 frugum,
1753 3443 1809 3492 et
1865 3455 1988 3492 om-

293 3526 455 3580 nium
487 3526 860 3596 pecuniarum
893 3525 1136 3580 Domino
1170 3525 1392 3589 darent,
1428 3525 1529 3596 qui
1559 3541 1654 3580 eos
1711 3525 1993 3580 liberave-

293 3619 385 3669 rat
417 3631 449 3668 a
473 3615 667 3669 decem
707 3615 912 3685 plagis,
947 3613 1154 3685 quibus
1185 3615 1464 3684 percussit
1493 3614 1807 3685 Egyptios,
1843 3621 1900 3668 et
1930 3616 1991 3669 in

295 3703 605 3758 novissima
629 3703 798 3773 plaga
828 3703 1212 3772 primogenita
1239 3708 1576 3756 cunctorum
1631 3703 1990 3772 disperdidit,

295 3791 656 3862 gratiamque
729 3790 845 3844 suis
898 3791 1182 3860 praestitit,
1263 3794 1326 3843 ut.
1377 3790 1700 3861 impetratis
1735 3791 1991 3860 pecuniis

295 3879 608 3951 spoliarent
646 3881 971 3949 Egyptum.
1005 3881 1088 3934 De
1113 3879 1322 3950 quibus
1362 3879 1594 3933 decimis
1640 3880 1991 3950 Augustinus

297 3970 496 4023 doctor
543 3967 884 4022 venerabilis
914 3967 1098 4022 dicit:
1153 3968 1398 4022 Decimae
1450 3984 1516 4022 ex
1564 3968 1756 4023 debito
1804 3969 1994 4041 requi-

297 4062 520 4111 runtur.
577 4056 720 4120 Quid
770 4056 817 4110 si
873 4056 1085 4110 diceret
1137 4058 1301 4120 Deus,
1362 4073 1570 4128 nempe
1610 4074 1772 4112 meus
1835 4075 1913 4125 es,
1955 4075 1988 4113 o

296 4147 490 4213 homo,
523 4163 650 4200 mea
696 4149 781 4200 est
802 4149 956 4199 terra
1007 4162 1181 4214 quam
1232 4145 1390 4212 colis,
1424 4161 1549 4199 mea
1579 4151 1711 4200 sunt
1770 4145 1990 4200 semina

296 4251 424 4306 quae
451 4233 690 4304 spargis,
733 4249 862 4287 mea
908 4233 1181 4286 animalia
1233 4250 1362 4304 quae
1404 4234 1631 4304 fatigas,
1691 4250 1855 4288 meus
1907 4239 1991 4288 est

297 4323 431 4377 solis
461 4325 646 4389 calor;
681 4327 735 4376 et
765 4338 894 4376 cum
941 4323 1131 4376 omnia
1163 4338 1290 4376 mea
1333 4323 1464 4386 sint,
1525 4328 1589 4377 tu
1645 4323 1744 4394 qui
1795 4323 1986 4376 minus

297 4412 712 4478 accommodas,
784 4411 962 4464 solam
1021 4411 1298 4464 decimam
1360 4411 1690 4479 merebaris,
1746 4411 1844 4464 sed
1903 4427 1986 4465 re-

297 4517 459 4555 servo
488 4501 592 4554 tibi
620 4515 850 4565 novem,
878 4500 950 4554 da
981 4500 1122 4554 mihi
1165 4501 1468 4554 decimam.
1496 4500 1554 4554 Si
1603 4517 1720 4553 non
1767 4498 1989 4553 dederis

298 4588 440 4642 mihi
495 4589 796 4655 decimam,
825 4589 1078 4642 auferam
1112 4605 1338 4643 novem.
1369 4589 1426 4642 Si
1458 4588 1683 4642 dederis
1716 4589 1857 4642 mihi
1890 4588 1988 4642 de-

297 4677 528 4743 cimam,
576 4677 967 4748 multiplicabo
1012 4694 1237 4732 novem.
1284 4678 1425 4734 Cum
1474 4675 1666 4747 itaque
1724 4677 1990 4732 Iudaicus

295 4768 546 4837 populus
590 4770 963 4839 {praeceptum
1049 4767 1400 4822 decimarum
1458 4772 1616 4820 tanta
1691 4767 1991 4837 diligentia

297 4857 641 4923 observaret,
703 4861 767 4910 ut
819 4858 888 4911 de
963 4856 1217 4910 minimis
1266 4855 1588 4926 quibusque
1657 4855 1988 4922 holusculis,

299 4951 430 5000 ruta
504 4944 785 5013 videlicet,
858 4951 1050 4999 menta
1122 4948 1178 4998 et
1249 4944 1480 5010 cimino,
1558 4949 1621 4998 ut
1659 4944 1812 5014 ipse
1880 4945 1990 4997 Do-

296 5035 488 5088 minus
507 5038 766 5099 testatur,
802 5033 1049 5088 decimas
1080 5032 1258 5099 daret,
1284 5047 1384 5085 cur
1415 5047 1530 5084 non
1574 5031 1777 5102 majori
1805 5031 1992 5086 studio

296 5123 459 5194 plebs
492 5122 834 5193 Evangelica
863 5121 1124 5176 eamdem
1156 5120 1394 5189 impleat
1414 5120 1776 5191 jnssiouem?
1805 5120 1908 5175 Cui
1939 5125 1994 5173 et

299 5213 484 5282 major
521 5227 796 5266 numerus
836 5215 920 5263 est
964 5209 1342 5276 sacerdotum,
1393 5213 1448 5262 et
1491 5209 1768 5262 sincerior
1808 5210 1993 5262 cultus

299 5299 824 5356 sacramentorum?
855 5299 986 5352 Ideo
1021 5315 1155 5368 ergo
1190 5297 1390 5351 dandae
1430 5301 1582 5364 sunt,
1617 5302 1680 5350 ut
1711 5297 1816 5350 hac
1848 5297 1994 5350 Deus

298 5390 602 5444 devotione
646 5390 918 5459 placatus,
963 5387 1175 5458 largius
1225 5391 1453 5456 praestet
1500 5402 1630 5456 quae
1678 5385 1996 5439 necessaria

300 5481 453 5542 sunt,
484 5475 628 5530 sicut
674 5475 938 5544 superius
972 5473 1344 5527 ostendimus.
1378 5474 1447 5526 Et
1493 5478 1553 5526 ut
1584 5473 1901 5526 sacerdotes
1933 5490 1994 5526 ac

297 5564 545 5618 ministri
569 5564 827 5617 Ecclesiae
880 5579 1016 5616 cura
1048 5569 1104 5616 et
1154 5561 1539 5616 sollicitudine
1593 5563 1992 5615 necessitatum

298 5649 705 5721 corporalium,
740 5650 862 5704 sine
893 5650 1099 5720 quibus
1151 5650 1273 5705 haec
1323 5651 1434 5705 vita
1475 5651 1716 5721 transigi
1742 5667 1860 5705 non
1890 5667 1994 5721 po-

2098 599 2237 669 legis
2269 607 2325 655 et
2381 600 2652 654 doctrinae
2687 600 3265 670 administrationem,
3314 609 3486 675 atque
3518 605 3795 674 spiritalis

2096 689 2308 744 servitii
2338 689 2716 743 voluntariam
2763 690 3163 760 expletionem.
3227 693 3291 745 Et
3348 697 3410 746 ut
3459 709 3670 746 munus
3702 711 3799 764 po-

2097 777 2218 848 puli
2252 779 2311 830 in
2333 778 2670 848 quotidiana
2701 779 2986 833 oblatione
3018 780 3259 834 Domino
3299 781 3652 850 immoletur,
3698 799 3800 836 nec

2097 883 2212 920 non
2239 868 2551 921 secundum
2613 872 2821 921 statuta
2879 869 3149 922 canonica
3199 870 3258 922 in
3315 871 3792 924 sustentationem

2096 971 2439 1027 pauperum,
2475 960 2530 1010 et
2559 958 3032 1011 restaurationem
3096 957 3459 1012 ecclesiarum
3506 959 3793 1028 proﬁciat.

2097 1047 2353 1110 Quatuor
2382 1047 2532 1100 enim
2562 1052 2750 1117 partes
2792 1047 2951 1117 juxta
2983 1065 3228 1101 canones
3257 1049 3382 1102 ﬁeri
3438 1049 3506 1102 de
3537 1049 3797 1103 ﬁdelium

2096 1135 2477 1189 oblationibus
2522 1136 2750 1202 debent,
2806 1152 2922 1189 una
2979 1137 3052 1190 sit
3109 1137 3376 1208 episcopi,
3434 1138 3612 1190 altera
3684 1137 3796 1191 cle-

2097 1223 2365 1290 ricorum,
2400 1223 2568 1277 tertia
2621 1241 2960 1296 pauperum,
3017 1231 3219 1296 quarta
3267 1227 3673 1280 restaurationi
3705 1243 3796 1280 ec-

2097 1312 2398 1365 clesiarum
2429 1317 2701 1366 servetur.

2099 1401 2226 1456 CAP.
2263 1401 2516 1455 CXXXIV.
2556 1430 2628 1442 —
2667 1405 2740 1454 De
2777 1403 2890 1455 illis
2937 1405 3032 1470 qui
3061 1404 3321 1457 decimam
3365 1405 3498 1458 dare
3525 1405 3800 1458 noluerint

2591 1474 2703 1525 nisi
2731 1476 2903 1538 pretio
2933 1475 3292 1530 redimantur.

2172 1542 2282 1612 (Ea:
2337 1543 2523 1596 concil.
2607 1544 3052 1604 Mediomatricis.
3105 1561 3224 1614 cap.
3287 1545 3363 1616 3.)
3416 1547 3494 1599 De
3559 1545 3799 1599 decimis

2098 1645 2239 1700 quas
2270 1629 2518 1700 populus
2575 1629 2709 1683 dare
2757 1647 2875 1684 non
2924 1634 3060 1699 vult,
3096 1633 3206 1685 nisi
3255 1633 3512 1703 quolibet
3557 1649 3800 1686 munere

2097 1717 2168 1770 ab
2198 1734 2263 1770 eo
2296 1717 2671 1785 redimantur,
2705 1719 2774 1772 ab
2805 1719 3085 1790 episcopis
3143 1721 3570 1790 prohibendum
3607 1727 3697 1774 est
3729 1736 3801 1773 ne

2021 1803 2060 1855 Β
2099 1805 2217 1859 ﬁat.

2096 1895 2226 1950 CAP.
2271 1895 2504 1948 CXXXV.
2557 1923 2630 1935 —
2685 1897 2750 1950 Ut
2806 1895 3014 1952 decima
3045 1899 3151 1952 Dei
3199 1912 3383 1976 census
3436 1900 3798 1963 nuncupetur.

2170 1983 2280 2051 (Ea:
2305 1984 2490 2037 concil.
2527 1985 2855 2052 Agrippin.,
2886 2001 3005 2052 cap.
3041 1984 3114 2052 6.)
3168 1985 3330 2052 Item,
3371 1984 3522 2054 quod
3553 1983 3799 2043 decima,

2097 2086 2223 2140 quae
2253 2086 2286 2122 a
2325 2070 2588 2124 ﬁdelibus
2619 2071 2804 2139 datur,
2837 2073 2933 2126 Dei
2957 2089 3157 2127 census
3189 2073 3574 2143 nuncupanda
3604 2076 3710 2137 est,
3746 2074 3804 2123 et

2097 2157 2228 2212 ideo
2261 2174 2325 2211 ex
2357 2158 2582 2227 integro
2629 2160 2938 2215 reddenda.
2974 2163 3146 2232 Cujus
3203 2163 3369 2216 tertia
3417 2178 3547 2230 pars
3587 2176 3802 2213 secun-

2099 2246 2236 2299 dum
2267 2262 2542 2300 canonem
2590 2249 2949 2316 Toletanum,
2991 2251 3391 2320 episcoporum
3449 2265 3572 2304 esse
3601 2249 3798 2302 debet.

2101 2335 2212 2388 Nos
2246 2351 2374 2388 vero
2403 2335 2508 2389 hac
2538 2342 2820 2406 potestate
2852 2338 2936 2391 uti
2966 2339 3256 2404 nolumus,
3288 2340 3384 2392 sed
3435 2342 3662 2392 tantum
3687 2336 3804 2389 sin-

2098 2422 2248 2492 gulis
2280 2422 2446 2478 annis
2471 2431 2734 2493 quartam
2766 2432 2987 2495 partem
3023 2443 3121 2479 usu
3157 2427 3548 2481 Romanorum
3600 2425 3800 2495 ponti-

2099 2511 2292 2576 ﬁcum,
2327 2517 2383 2564 et
2427 2512 2789 2567 observantia
2841 2520 3051 2569 sanctae
3110 2516 3370 2569 Ecclesiae
3423 2515 3698 2568 Romanae
3732 2513 3803 2564 de

2100 2599 2300 2653 eadem
2332 2599 2539 2654 habere
2589 2601 2870 2656 volumus.
2924 2603 3083 2667 Quod
3134 2603 3180 2656 si
3233 2604 3360 2672 quis
3406 2602 3805 2656 contentiosus

2099 2687 2231 2742 inde
2283 2693 2543 2757 repertus
2597 2690 2787 2754 fuerit,
2849 2691 2965 2744 sive
3013 2691 3270 2755 clericus,
3305 2691 3422 2744 sive
3476 2691 3572 2743 ille
3622 2689 3805 2742 laicus

2101 2777 2194 2842 sit,
2249 2777 2655 2831 communione
2715 2779 3054 2849 privabitur,
3114 2785 3172 2833 et
3246 2779 3507 2849 synodali
3559 2793 3806 2831 censura

2095 2865 2465 2933 judicabitur.

2103 2954 2230 3008 CAP.
2263 2956 2521 3009 CXXXVI.
2559 2985 2626 2996 —
2660 2958 2740 3010 De
2768 2957 3126 3012 oblationibus
3173 2957 3588 3027 parocliilarum
3645 2955 3806 3024 cujus

2758 3044 2867 3082 esse
2897 3029 3140 3083 debeant.

2170 3111 2288 3183 (Ea:
2311 3113 2498 3169 concil.
2535 3116 2839 3184 Toletano.)
2899 3118 2974 3172 De
3028 3117 3116 3171 his
3144 3134 3271 3188 quae
3303 3117 3374 3170 ad
3404 3114 3806 3187 parochitanas

2100 3201 2361 3254 ecclesias
2411 3203 2752 3268 offeruntur,
2823 3204 2884 3258 in
2968 3207 3155 3271 terris,
3209 3206 3410 3271 vineis,
3471 3202 3800 3273 mancipiis,

2099 3290 2356 3360 peculiis,
2395 3292 2767 3362 antiquorum
2816 3311 3101 3348 canonum
3156 3295 3418 3348 instituta
3476 3297 3800 3357 serventur,

2101 3380 2164 3429 ut
2191 3377 2384 3430 omnia
2440 3379 2499 3432 in
2555 3381 2806 3450 episcopi
2857 3387 3134 3449 potestate
3185 3379 3511 3433 consistant.
3574 3379 3649 3432 De
3709 3376 3802 3430 his

2099 3472 2288 3520 autem
2321 3484 2450 3538 quae
2479 3469 2754 3522 altaribus
2795 3470 3135 3533 offeruntur,
3172 3470 3341 3523 tertia
3390 3485 3518 3538 pars
3550 3467 3804 3520 ﬁdeliter

2101 3555 2378 3626 episcopis
2408 3556 2714 3624 deferatur,
2748 3559 2875 3611 duae
2929 3558 3146 3612 clericis
3195 3558 3424 3611 decimae
3488 3560 3680 3610 autem
3712 3572 3799 3608 se-

2099 3644 2348 3698 cundum
2399 3646 2676 3715 quosdam
2722 3647 2961 3716 singulis
2994 3647 3156 3700 annis
3186 3646 3352 3700 tertia
3400 3661 3548 3716 pars,
3595 3649 3692 3698 aut
3740 3644 3802 3697 in

2096 3733 2267 3787 tertio
2296 3738 2432 3786 tota.
2467 3734 2576 3788 Sed
2605 3739 2797 3788 tamen
2839 3752 2941 3788 nos
2995 3739 3302 3806 sequentes
3362 3732 3803 3800 Romanos,sin-

2099 3821 2247 3889 gulis
2279 3822 2442 3875 annis
2485 3829 2771 3893 quartam,
2797 3829 3036 3895 partem,
3097 3829 3194 3877 aut
3246 3824 3305 3876 in
3371 3822 3595 3894 quarto}
3619 3828 3802 3876 totam

2099 3909 2348 3979 episcopi
2371 3911 2666 3982 recipiant.

2099 3999 2234 4053 CAP.
2272 4000 2532 4054 CXXXVII
2586 4032 2653 4040 —
2698 4001 2854 4065 Quod
2906 4003 2965 4054 in
3021 4017 3346 4070 unaquaque
3403 4000 3644 4054 Ecclesia
3691 4004 3804 4052 tam

2169 4070 2234 4123 de
2263 4070 2527 4195 peditibus
2558 4088 2721 4140 quam
2751 4072 3111 4126 oblationibus
3144 4078 3377 4140 quatuor
3424 4071 3655 4126 debeant
3683 4072 3806 4139 ﬁeri

2169 4156 2266 4195 nor
2293 4156 2463 4195 tones.

2162 4156 2436 4210 portiones
2448 4181 2463 4196 .

2169 4231 2273 4290 (Ea:
2301 4232 2454 4298 epist.
2514 4232 2722 4284 Gelasii
2755 4247 2932 4299 papae,
2966 4247 3086 4299 cap.
3143 4230 3256 4300 27.)
3307 4231 3559 4294 Quatuor
3606 4235 3798 4283 autem

2096 4321 2214 4370 tam
2262 4318 2331 4371 de
2378 4317 2657 4372 reditibus
2719 4335 2890 4389 quam
2951 4320 3019 4372 de
3077 4319 3462 4372 oblationibus
3514 4319 3800 4386 ﬁdelium,

2097 4411 2268 4477 prout
2311 4407 2615 4476 cujuslibet
2685 4409 2944 4462 Ecclesim
3015 4409 3250 4462 facultas
3318 4407 3587 4473 admittit,
3655 4409 3801 4461 sicut

2097 4495 2315 4549 dudum
2365 4495 2779 4550 rationabiliter
2835 4501 2915 4551 est
2975 4497 3290 4561 decretum,
3355 4497 3621 4550 convenit
3673 4496 3799 4550 ﬁeri

2097 4583 2407 4653 portiones.
2457 4583 2710 4647 Quarum
2742 4585 2814 4638 sit
2844 4602 2958 4638 una
2987 4585 3299 4655 pontiﬁcis,
3351 4585 3529 4638 altera
3560 4585 3795 4638 clerico-

2100 4687 2248 4737 rum,
2282 4672 2449 4726 tertia
2492 4689 2836 4743 pauperum,
2891 4678 3095 4744 quarta
3152 4673 3379 4727 fabricis
3429 4672 3794 4742 applicanda.

2101 4762 2180 4815 De
2223 4761 2429 4832 quibus
2459 4761 2605 4815 sicut
2652 4762 2959 4816 sacerdotis
2989 4762 3253 4816 intererit
3303 4762 3586 4831 integram
3621 4763 3798 4814 mini-

2101 4849 2230 4902 stris
2279 4849 2534 4902 Ecclesiaa
2588 4855 2965 4905 memoratam
3020 4851 3345 4920 dependere
3395 4850 3802 4920 quantitatem,

2101 4937 2180 4991 sic
2233 4939 2418 4991 clerus
2498 4939 2821 5009 delegatam
2891 4939 3000 4994 sibi
3081 4955 3364 4993 summam
3425 4938 3568 4992 nihil
3647 4939 3801 4992 inso-

2099 5026 2284 5080 lenter
2307 5027 2525 5080 noverit
2576 5027 2975 5098 expetendum.
3011 5029 3087 5080 Ea
3117 5044 3250 5082 vero
3306 5043 3433 5098 quae
3463 5027 3804 5081 ecclesiasti-

2101 5116 2179 5170 cis
2237 5116 2496 5170 mdiﬁciis
2517 5118 2791 5171 attributa
2813 5122 2963 5181 sunt,
2997 5116 3130 5170 huic
3164 5117 3323 5188 operi
3346 5117 3620 5170 veraciter
3663 5133 3809 5186 pra;-

2101 5212 2320 5275 rogata,
2353 5206 2615 5260 locorum
2647 5207 2845 5261 doceat
2883 5206 3222 5260 instauratio
3259 5205 3556 5259 manifesta
3591 5212 3808 5259 sancto-

2103 5309 2251 5360 rum,
2287 5293 2421 5364 quia
2472 5294 2630 5348 nefas
2688 5295 2845 5348 estsi
2902 5295 3075 5348 sacris
3129 5295 3344 5348 aedibus
3401 5294 3688 5347 destitutis
3749 5295 3808 5346 in

2102 5383 2323 5436 lucrum
2370 5399 2538 5437 suum
2571 5385 2776 5453 praesul
2808 5383 3101 5453 impendia
3131 5383 3218 5436 his
3249 5383 3544 5452 designata
3571 5399 3806 5437 conver-

2102 5475 2204 5526 tat.
2241 5473 2428 5541 Ipsam
2471 5472 2845 5526 nihilominus
2867 5473 3170 5542 ascriptam
3204 5472 3550 5541 pauperibus
3582 5473 3806 5540 portio-

2104 5577 2257 5628 nem,
2332 5561 2594 5630 quamvis
2673 5561 2878 5615 divinis
2951 5560 3266 5614 rationibus
3335 5576 3391 5612 se
3449 5560 3808 5629 dispensasse

2106 5654 2526 5704 monstraturus
2569 5666 2690 5708 esse
2744 5650 3021 5714 videatur,
3054 5654 3246 5704 tamen
3269 5649 3437 5721 juxta
3466 5649 3616 5719 quod
3676 5650 3807 5703 scri-
