3956 6302
168 403 263 455 ’ῖΟΙ
1141 404 1619 465 DECRETORUM
1664 411 1851 467 LIBRI
1890 413 1998 467 XX.
2041 443 2110 452 —
2152 413 2359 468 LIBER
2398 412 2714 468 TERTIUS.

3580 420 3682 471 702

162 526 333 592 ptum
384 527 468 577 est
502 539 515 576 :
557 528 621 578 ut
648 523 877 578 videant
917 540 1093 596 opera
1128 532 1315 582 vestra
1356 531 1527 597 bona,
1564 535 1619 585 et
1658 532 1873 603 glorifi-
1906 534 1952 587 Α
1993 534 2235 589 Domino
2275 535 2518 589 traditae.
2561 535 2617 590 Si
2670 535 2798 607 quis
2841 540 3050 603 autem,
3102 539 3255 608 quod
3304 538 3467 606 absit,
3521 558 3682 595 secus

167 616 301 665 cent
335 612 561 665 Patrem
592 616 844 666 vestrum
876 613 977 684 qui
1006 614 1066 667 in
1096 615 1250 669 calis
1281 621 1382 683 est,
1430 624 1654 689 oportet
1695 621 1869 675 etiam

173 700 420 770 paseuti
452 700 851 756 testiﬁcatione
880 703 1203 772 praedicari,
1253 710 1309 759 et
1334 706 1502 761 bona
1529 708 1696 763 fama
1726 725 1870 779 pra-

171 788 354 841 couiis
382 803 501 841 non
528 789 722 842 taceri.

168 877 302 932 Cxp.
351 876 664 932 CXXXVIII.
700 910 767 955 —_—
796 878 943 955 ‘Item
979 881 1123 948 quod
1161 880 1225 955 de
1263 881 1485 938 decimis
1516 891 1751 955 quatuor
1787 887 1874 941 de-

710 950 871 1004 beant
900 954 1020 1019 ﬁeri
1046 954 1335 1019 portiones.

242 1040 369 1106 (EI:
426 1038 615 1093 concil.
658 1040 1006 1105 Nannetensi,
1071 1057 1190 1111 cap.
1239 1042 1317 1111 6.)
1372 1043 1694 1097 Iustruendi
1739 1049 1875 1099 sunt

178 1128 524 1197 presbyteri,
552 1126 885 1197 pariterque
914 1128 1280 1195 admonendi,
1301 1136 1579 1201 quatenus
1611 1133 1875 1186 noverint

175 1213 430 1267 decimas
486 1220 542 1269 et
605 1214 921 1268 oblationes
976 1233 1118 1287 quas
1162 1235 1194 1271 a
1235 1218 1500 1273 ﬁdelibus
1560 1221 1869 1290 accipiunt,

174 1318 501 1373 pauperum
534 1308 590 1357 et
618 1304 908 1374 hospitum
940 1309 996 1357 et
1022 1308 1462 1377 peregrinorum
1495 1324 1614 1362 esse
1655 1309 1869 1379 stipen-

173 1389 286 1457 dia,
337 1397 394 1444 et
434 1408 553 1445 non
593 1392 755 1461 quasi
796 1393 931 1461 suis,
976 1394 1072 1447 sed
1118 1395 1281 1465 quasi
1319 1396 1733 1450 commendatis
1764 1397 1871 1451 uti.

171 1480 251 1533 De
283 1480 495 1550 quibus
538 1480 806 1533 omnibus
846 1482 1027 1535 sciant
1068 1499 1125 1536 se
1167 1485 1451 1538 rationem
1492 1487 1781 1554 posituros
1811 1486 1871 1539 in

171 1575 485 1647 conspectu
520 1570 640 1637 Dei,
668 1575 726 1623 et
757 1569 864 1623 nisi
898 1587 992 1623 eas
1024 1571 1268 1626 ﬁdeliter
1302 1574 1653 1643 pauperibus
1696 1579 1753 1627 et
1781 1575 1869 1628 his

170 1655 271 1725 qui
326 1657 609 1726 praemissi
652 1661 786 1710 sunt
831 1658 1376 1726 administraverint,
1422 1662 1631 1715 damna
1679 1680 1870 1733 passu-

168 1759 286 1797 ros.
323 1745 577 1808 Qualiter
616 1761 750 1798 vero
793 1746 1109 1815 dispensari
1150 1748 1411 1813 debeant,
1452 1764 1698 1802 canones
1738 1765 1867 1802 san-

170 1837 259 1886 cte
301 1832 629 1887 instituunt.
673 1833 913 1899 Scilicet,
958 1840 1021 1888 ut
1050 1840 1297 1905 quatuor
1326 1841 1513 1906 partes
1541 1837 1674 1891 inde
1705 1837 1867 1904 ﬁant,

170 1938 287 1974 una
317 1922 388 1975 ad
420 1920 692 1975 fabricam
727 1922 975 1976 ecclesia
1003 1923 1393 1990 relevandam,
1443 1926 1625 1979 altera
1665 1942 1873 1996 paupe-

167 2010 329 2064 ribus
358 2008 775 2075 distribuenda,
808 2011 980 2065 tertia
1019 2013 1350 2082 presbytero
1381 2029 1511 2066 cum
1554 2013 1671 2067 suis
1709 2014 1870 2067 cleri-

168 2099 248 2152 cis
296 2098 580 2163 habenda,
632 2103 834 2169 quarta
874 2100 1143 2169 episcopo
1194 2102 1553 2169 reservanda,
1605 2106 1667 2155 ut
1709 2102 1873 2173 quid-

170 2187 312 2257 quid
343 2187 544 2240 exinde
568 2187 820 2256 jusserit,
854 2188 1127 2256 prudenti
1157 2188 1398 2242 concilio
1429 2190 1546 2243 ﬁat.

171 2275 302 2329 CAP.
355 2275 614 2329 CXXXIX.
655 2296 726 2315 —
780 2276 881 2330 Ubi
922 2279 1208 2331 terminari
1253 2278 1480 2331 debeant
1517 2282 1872 2335 contentiones

678 2351 808 2400 ortae
839 2350 980 2400 inter
1005 2348 1364 2403 Christianos.

242 2433 342 2486 Ea:
391 2433 532 2486 decr.
579 2434 821 2489 Marcelli
850 2449 1030 2502 papa,
1073 2448 1192 2503 cap.
1229 2436 1300 2503 3.)
1339 2436 1703 2507 Quacunque
1736 2454 1870 2508 ergo

173 2521 566 2574 contentiones
593 2522 743 2577 inter
775 2522 1123 2576 Christianos
1153 2528 1294 2577 ortae
1324 2524 1553 2588 fuerint,
1585 2526 1654 2579 ad
1687 2527 1872 2579 Eccle-

172 2609 318 2662 siam
351 2609 628 2676 deferant,
673 2617 731 2664 et
767 2610 838 2664 ab
879 2611 1271 2665 ecclesiasticis
1301 2612 1436 2665 viris
1472 2614 1870 2668 terminentur.

174 2698 239 2751 Et
278 2697 327 2749 si
376 2698 612 2752 obedire
651 2699 963 2761 noluerint,
1010 2716 1310 2771 quousque
1341 2701 1609 2755 obediaut
1636 2718 1666 2754 a
1715 2703 1868 2756 limi-

174 2786 346 2839 nibus
372 2794 582 2839 sancta
617 2787 874 2841 Ecclesia
906 2788 1295 2843 excludantur.

173 2875 304 2928 CAP.
342 2874 490 2929 CXL.
521 2904 589 2914 -—
618 2877 693 2928 De
738 2876 820 2929 his
867 2878 962 2943 qui
995 2876 1287 2930 oblationes
1337 2884 1625 2945 parentum
1660 2884 1757 2933 aut
1796 2884 1870 2932 te-

242 2950 532 3010 stamenta,
573 2946 655 2998 vel
701 2946 844 3013 quod
890 2949 1000 3015 ipsi
1052 2947 1377 3003 donaverint
1413 2950 1684 3015 Ecclesiis,
1741 2952 1868 3004 reti-

243 3032 371 3070 nere
400 3022 496 3069 aut
527 3018 746 3082 auferre
770 3023 1053 3071 conantur.

1982 624 2176 692 egerit,
2207 623 2397 677 videat
2429 641 2499 677 ne
2559 624 2993 678 damnationem
3037 627 3272 680 Ananiae
3327 634 3383 681 et
3412 628 3680 701 Sapbyra

1981 709 2282 780 percipiat,
2338 715 2394 763 et
2421 727 2552 763 reus
2585 711 2873 781 sacrilegii
2905 712 3185 766 eiﬁciatur
3217 714 3361 766 sicut
3406 715 3487 768 illi
3535 717 3687 769 fece-

1981 802 2117 851 runt
2148 798 2246 868 qui
2291 799 2477 869 pretia
2524 800 2937 869 praedictarum
2979 818 3170 855 rerum
3217 804 3577 872 fraudabant,
3611 806 3679 858 de

1983 887 2189 957 quibus
2222 888 2278 941 in
2313 889 2600 957 pradictls
2631 889 2844 957 legitur
2870 892 3261 959 apostolorum
3294 892 3545 948 Actibus.

2238 1048 2241 1049 ν
2427 994 2555 1048 CAP.
2592 994 2814 1048 CXLIV.
2846 999 2921 1050 De
2953 997 3135 1050 eadem
3161 1013 3236 1052 re.

2053 1080 2184 1148 (Ea:
2217 1083 2411 1136 concil.
2459 1083 2754 1150 Gangren.,
2808 1098 2927 1151 cap.
2964 1085 3047 1149 7.)
3102 1083 3159 1137 Si
3190 1086 3318 1154 quis
3362 1086 3680 1141 oblationes

1981 1165 2245 1220 Ecclesia
2291 1174 2443 1220 extra
2486 1170 2789 1222 Ecclesiam
2839 1170 3095 1239 accipere
3124 1172 3213 1223 vel
3257 1171 3392 1225 dare
3438 1175 3680 1229 voluerit

1979 1256 2191 1321 prater
2222 1254 2630 1307 conscientiam
2665 1255 2915 1326 episcopi
2966 1257 3049 1307 vel
3103 1256 3225 1323 ejus
3268 1257 3357 1309 cui
3407 1257 3676 1328 hujusce-

1981 1341 2138 1394 modi
2172 1341 2359 1396 ofﬁcia
2389 1343 2691 1396 commissa
2724 1348 2878 1409 su'nt,
2924 1360 3028 1397 nec
3083 1360 3212 1396 cum
3265 1344 3386 1412 ejus
3435 1342 3678 1395 voluerit

1982 1444 2147 1499 agere
2178 1431 2436 1497 consilio,
2471 1432 2776 1485 anathema
2805 1432 2894 1485 sit.

2387 1519 2513 1572 CAP.
2547 1520 2738 1574 CXLV.
2769 1549 2842 1560 —
2873 1523 2945 1574 De
2974 1519 3158 1573 eadem
3190 1535 3265 1573 re.

2049 1605 2159 1671 (Em
2189 1606 2390 1672 eodem,
2428 1623 2547 1675 cap.
2601 1606 2677 1678 8.)
2726 1609 2781 1662 Si
2822 1607 2947 1677 quis
2996 1607 3218 1660 dederit
3267 1607 3353 1659 vel
3398 1605 3679 1673 acceperit

1983 1693 2171 1747 oblata
2200 1700 2407 1764 prater
2435 1698 2768 1765 episcopum
2805 1697 2890 1748 vel
2924 1712 3053 1748 eum
3085 1696 3182 1765 qui
3216 1694 3556 1747 constitutus
3595 1698 3678 1746 est

1907 1814 1944 1867 Β
1983 1782 2053 1834 ab
2101 1798 2167 1835 eo
2222 1783 2287 1835 ad
2327 1783 2769 1852 dispensandam
2815 1784 3264 1838 misericordiam
3308 1782 3676 1856 pauperibus,

1983 1873 2039 1922 et
2069 1870 2169 1939 qui
2198 1869 2293 1922 dat
2326 1876 2382 1923 et
2421 1871 2519 1940 qui
2550 1871 2774 1941 accipit,
2812 1873 3117 1925 anathema
3140 1872 3230 1925 sit.

1981 1976 2110 2029 CAP.
2174 1976 2384 2030 CXLVI.
2426 2007 2497 2015 —
2560 1980 2626 2031 Ut
2686 1993 2863 2031 omnes
2916 1980 3174 2033 Ecclesiae
3223 1980 3306 2033 vel
3351 1978 3567 2032 decim
3617 1979 3677 2030 in

2335 2050 2701 2115 episcoporum
2724 2053 2986 2117 potestate
3006 2052 3317 2103 consistant.

2053 2134 2159 2203 (Ea:
2188 2135 2357 2188 concil
2432 2135 2727 2201 Cabillon.,
2770 2152 2890 2203 cap.
2947 2138 3022 2206 l.)
3074 2137 3138 2190 In
3192 2141 3386 2189 sancto
3428 2135 3676 2189 Cabillo-

1981 2223 2144 2275 nensi
2173 2222 2413 2275 concilio
2445 2223 2734 2277 decretum
2770 2230 2854 2277 est
2905 2230 2963 2278 ut
3008 2241 3206 2277 omnes
3247 2223 3506 2277 Ecclesia
3545 2238 3675 2276 cum

1982 2310 2211 2364 dotibus
2240 2310 2357 2365 suis
2387 2316 2443 2364 et
2473 2311 2728 2381 decimis,
2772 2316 2829 2366 et
2874 2314 3143 2367 omnibus
3196 2312 3366 2365 rebus
3419 2311 3556 2377 suis,
3616 2310 3676 2364 in

1982 2400 2231 2469 episcopi
2260 2399 2479 2471 proprii
2510 2404 2787 2470 potestate
2828 2402 3163 2467 consistant,
3216 2406 3388 2471 atque
3418 2401 3487 2454 ad
3521 2399 3675 2453 ordi-

1981 2488 2276 2542 nationem
2307 2489 2395 2542 vel
2424 2489 2855 2559 dispositionem
2888 2507 3047 2543 suam
3084 2506 3309 2559 semper
3332 2488 3672 2558 pertineant.

1982 2577 2109 2630 CAP.
2144 2577 2389 2631 CXLVII.
2423 2605 2491 2617 —
2511 2578 2669 2641 Quod
2691 2580 3002 2632 tricennalis
3032 2581 3292 2646 possessio
3320 2581 3483 2646 ﬁrma
3509 2580 3599 2631 sit.

2053 2666 2173 2733 (Ea:
2222 2666 2408 2719 concil.
2455 2666 2691 2720 Toletan.
2740 2683 2792 2731 v,
2846 2682 2962 2735 cap.
3026 2667 3139 2732 35.)
3188 2666 3343 2721 Sicut
3386 2664 3675 2719 diacesim

1981 2752 2226 2806 alienam
2255 2753 2585 2807 tricennalis
2616 2753 2892 2822 possessio
2935 2755 3101 2820 tollit,
3132 2754 3207 2806 ita
3237 2753 3511 2806 territorii
3542 2769 3675 2805 con-

1979 2846 2214 2895 ventum
2268 2858 2386 2895 non
2434 2842 2674 2895 admitit.
2736 2843 2984 2913 Ideoque
3040 2842 3283 2896 basilica
3327 2859 3455 2913 qua
3512 2858 3675 2895 nova

1981 2930 2223 2983 conditae
2254 2930 2487 2997 fuerint,
2520 2931 2589 2984 ad
2608 2947 2741 2983 eum
2764 2932 2961 3000 procul
2994 2931 3165 2985 dubio
3197 2931 3532 3001 episcopum
3556 2947 3676 3001 per-

1979 3018 2268 3086 tinebunt,
2299 3020 2461 3088 cujus
2491 3025 2800 3073 conventus
2829 3037 2949 3073 esse
2980 3020 3314 3074 constiterit.

245 3106 365 3175 (Ex
413 3104 604 3160 concil.
648 3106 832 3160 habito
852 3106 1004 3175 apud
1044 3106 1342 3173 Valentius,
1382 3123 1504 3176 cap.
1546 3106 1627 3178 4.)
1670 3107 1869 3162 Clerici

2032 3140 2110 3177 AP.
2148 3124 2421 3179 CXLVIII.
2479 3155 2546 3163 —
2591 3126 2657 3179 Ut
2710 3126 3054 3191 singularum
3100 3127 3460 3179 Ecclesiarum
3505 3126 3677 3179 rusti-

176 3194 351 3246 etiam
405 3194 493 3246 vel
541 3194 861 3259 saculares,
924 3194 1021 3264 qui
1069 3195 1391 3248 oblationes
1434 3201 1738 3265 parentum
1773 3200 1872 3250 aut

175 3282 440 3349 donatas,
488 3287 587 3335 aut
633 3282 986 3337 testamentis
1041 3282 1266 3336 relictas
1310 3283 1560 3337 retinere
1608 3283 1867 3353 perstite-

176 3369 312 3437 rint,
346 3374 444 3423 aut
471 3370 528 3424 id
560 3372 713 3440 quod
745 3371 854 3440 ipsi
893 3371 1232 3425 donaverint
1266 3372 1521 3425 Ecclesiis
1560 3373 1647 3425 vel
1679 3388 1871 3426 mona-

177 3458 367 3512 steriis
406 3459 751 3513 crediderint
785 3459 1184 3526 auferendum,
1219 3460 1365 3514 sicut
1394 3460 1648 3530 synodus
1680 3466 1871 3514 sancta

175 3547 491 3614 constituit,
524 3548 680 3601 velut
718 3553 1009 3602 necatores
1046 3565 1387 3619 pauperum,
1422 3565 1719 3621 quousque
1749 3550 1872 3604 red-

177 3636 314 3690 dant
344 3636 415 3689 ab
447 3637 704 3690 Ecclesiis
734 3638 1125 3692 excludantur.

240 3726 377 3780 CAP.
416 3725 593 3779 CXLI.
625 3756 692 3765 -
722 3729 794 3779 De
839 3728 956 3780 illis
987 3729 1083 3796 qui
1108 3728 1283 3781 Deum
1334 3727 1593 3782 heredem
1631 3729 1866 3794 faciunt.

248 3814 326 3884 (S.
359 3814 565 3869 Isidor.
607 3814 784 3884 dicit.)
839 3815 1191 3885 Augustinus
1218 3816 1296 3868 ait
1314 3814 1375 3868 in
1400 3816 1547 3869 libro
1571 3815 1639 3869 de
1679 3818 1871 3870 Hare-

175 3903 388 3958 dibus:
428 3902 555 3957 Noli
600 3904 706 3957 sub
736 3903 987 3974 imagine
1025 3903 1252 3974 pietatis
1289 3920 1499 3974 augere
1547 3905 1868 3974 pecuniam,

174 3993 368 4048 dicens
404 4009 416 4047 :
454 3992 608 4047 Filiis
636 3992 778 4046 meis
808 4009 970 4046 servo
1013 3993 1115 4046 has
1148 4009 1259 4046 res.
1307 3992 1492 4056 Quare
1535 4010 1646 4047 non
1683 3993 1872 4064 potius

176 4098 367 4135 servas
410 4080 494 4134 illi
537 4081 634 4151 qui
677 4088 733 4135 te
791 4096 855 4135 ex
903 4080 1083 4134 nihilo
1134 4081 1285 4147 fecit,
1344 4081 1444 4151 qui
1491 4087 1546 4135 te
1581 4083 1782 4151 pascit,
1818 4086 1874 4135 et

175 4169 327 4225 ﬁlios
366 4170 587 4223 servat?
621 4171 821 4223 Nonne
851 4170 1055 4223 melius
1096 4168 1337 4223 creatori
1376 4175 1473 4223 tuo
1522 4171 1872 4223 thesauriza-

174 4258 264 4313 bis
295 4274 469 4328 quam
501 4257 672 4311 ﬁliis?
702 4259 842 4311 Item
874 4258 1028 4311 idem
1059 4274 1071 4311 :
1114 4258 1234 4321 Qua
1268 4257 1451 4312 fronte
1478 4258 1871 4312 hareditatem

2149 3210 2296 3249 cana
2315 3197 2585 3263 parochiae
2610 3210 2817 3264 semper
2836 3201 3087 3249 maneant
3117 3199 3459 3250 inconcussa.

2050 3284 2157 3353 (Ea:
2197 3285 2384 3337 concil.
2438 3284 2709 3349 Chalced.,
2743 3300 2862 3352 cap.
2903 3285 3012 3353 l7.)
3065 3284 3449 3353 Singularum.
3484 3284 3671 3335 Eccle-

1980 3371 2193 3425 siarum
2236 3371 2474 3425 rusticas
2524 3370 2819 3441 parochias
2869 3371 2957 3423 vel
3018 3371 3402 3440 possessiones
3442 3386 3675 3424 manere

1979 3459 2347 3511 inconcussas
2382 3457 2492 3511 illis
2525 3458 2804 3527 episcopis
2857 3457 2955 3528 qui
2996 3474 3090 3511 eas
3134 3459 3380 3511 retinere
3433 3474 3675 3511 noscun-

1980 3551 2095 3605 tur,
2119 3552 2176 3599 et
2207 3546 2453 3599 maxime
2488 3546 2531 3598 si
2564 3561 2666 3616 per
2696 3545 3039 3598 tricennium
3065 3562 3158 3598 eas
3191 3547 3404 3616 absque
3442 3546 3496 3598 vi
3528 3545 3676 3598 obti-

1978 3639 2203 3702 nentes,
2235 3634 2353 3703 sub
2407 3633 2829 3704 dispensatione
2871 3638 3162 3687 rexerunt.
3213 3634 3369 3698 Quod
3431 3635 3479 3687 si
3526 3634 3679 3687 intra

1977 3722 2324 3777 tricennium
2373 3722 2519 3777 facta
2559 3721 2734 3777 fuerit
2768 3723 2838 3776 de
2874 3722 2963 3776 his
3016 3722 3328 3789 altercatio,
3374 3722 3544 3776 licere
3600 3722 3680 3774 eis

1981 3812 2079 3882 qui
2112 3828 2168 3866 se
2199 3812 2365 3866 laesos
2410 3816 2694 3880 asserunt,
2740 3812 2889 3881 apud
2933 3816 3185 3864 sanctam
3232 3812 3508 3882 synodum
3552 3827 3680 3881 pro-

1979 3900 2181 3955 vincia
2214 3900 2283 3954 de
2314 3900 2401 3955 his
2432 3917 2658 3954 movere
2688 3904 2977 3954 certamen
3016 3900 3386 3954 decrevimus.

1982 4008 2109 4061 CAP.
2158 4007 2371 4061 CXLIX.
2406 4038 2472 4046 —
2505 4007 2661 4071 Quod
2701 4008 3014 4060 tricennalis
3057 4010 3338 4075 possessio,
3381 4008 3431 4060 si
3469 4008 3679 4060 intacta

2366 4080 2691 4147 permansit,
2723 4080 2930 4133 mutari
2953 4094 3057 4130 non
3085 4078 3289 4130 debeat.

2051 4166 2159 4236 (Ea:
2189 4168 2345 4235 epist.
2384 4167 2585 4221 Gelasii
2604 4181 2782 4233 papae,
2815 4181 2935 4233 cap.
2990 4164 3097 4234 ll.)
3128 4165 3272 4218 lllud
3305 4165 3477 4217 etiam
3510 4165 3680 4217 adne-

1983 4255 2057 4308 cti
2105 4254 2320 4322 placuit
2349 4260 2411 4307 ut
2443 4255 2508 4321 si,
2546 4254 2694 4324 quod
2740 4254 2904 4318 absit,
2939 4254 3233 4306 facultates
3262 4254 3542 4319 Ecclesia,
3579 4269 3682 4306 nec

176 4364 210 4401 a
259 4347 484 4402 Christo
535 4346 765 4417 quaris,
823 4362 1003 4417 quum
1052 4346 1341 4401 Christum
1388 4351 1488 4400 tua
1535 4347 1869 4401 haereditate
1900 4370 1941 4424 D
1984 4359 2099 4397 non
2130 4347 2188 4396 et
2220 4342 2489 4396 diaceses
2519 4342 2587 4396 ab
2632 4342 2754 4395 aliis
2787 4342 3110 4411 quibusque
3159 4340 3523 4410 possidentur
3568 4340 3682 4411 epi-

174 4434 568 4490 fraudaveris?
616 4434 726 4500 Qui
761 4435 946 4489 dixit:
987 4434 1386 4490 Thesaurizate
1434 4434 1595 4489 vobis
1632 4436 1868 4489 thesau-

174 4540 270 4578 ros
299 4523 359 4577 in
386 4522 567 4577 calo?

175 4612 305 4667 CAP.
334 4611 529 4666 CXLII.
562 4641 630 4652 —
657 4613 729 4665 De
759 4611 844 4665 his
891 4613 989 4680 qui
1019 4611 1310 4665 oblationes
1366 4611 1741 4676 defunctorum
1780 4616 1876 4667 aut

560 4687 760 4749 negant
788 4686 884 4735 aut
914 4682 1215 4749 difﬁculter
1233 4682 1488 4736 reddunt.

248 4775 359 4839 (Ea:
387 4773 573 4826 concil.
606 4773 757 4841 apud
802 4773 1096 4837 Valentias,
1139 4788 1259 4839 cap.
1312 4773 1387 4836 4.)
1420 4770 1528 4835 Qui
1559 4770 1873 4825 oblationes

173 4860 581 4914 defunctorum
617 4864 715 4913 aut
754 4863 966 4929 negant
1006 4859 1282 4931 Ecclesiis,
1320 4864 1417 4912 aut
1463 4875 1593 4912 cum
1626 4860 1873 4914 difﬁcul-

168 4953 288 5003 tate
337 4948 603 5016 reddunt,
645 4952 921 5019 tanquam
961 4947 1254 5018 egentium
1310 4953 1603 5003 necatores
1654 4964 1875 5003 excom-

170 5036 565 5091 municentur.

575 5126 700 5180 CAP.
737 5125 961 5180 CXLIII.
996 5154 1064 5166 —
1083 5125 1165 5179 De
1184 5125 1366 5179 eadem
1389 5140 1466 5178 re.

240 5214 351 5277 (Ea:
378 5212 521 5266 decr.
556 5213 762 5268 Urbani
788 5228 965 5281 papae,
1000 5228 1120 5281 cap.
1162 5212 1242 5281 4.)
1273 5213 1398 5280 Ipse
1430 5210 1583 5264 enim
1617 5226 1706 5265 res
1732 5209 1872 5266 fide-

165 5300 335 5366 lium,
382 5300 700 5355 oblationes
734 5301 1117 5371 appellantur,
1160 5300 1297 5371 quia
1341 5298 1585 5354 Domino
1616 5300 1868 5353 offerun-

164 5393 280 5443 tur.
317 5389 444 5443 Non
473 5405 608 5459 ergo
637 5390 846 5443 debent
872 5389 931 5442 in
962 5391 1103 5444 alios
1142 5405 1280 5443 usus
1312 5404 1485 5459 quam
1535 5388 1869 5442 ecclesiasti-

165 5494 280 5543 cos,
311 5491 367 5532 et
397 5479 805 5547 praedictorum
835 5479 1292 5534 Christianorum
1323 5478 1565 5531 fratrum
1599 5478 1685 5530 vel
1716 5478 1861 5531 indi-

164 5566 430 5636 gentium
457 5568 732 5633 converti,
769 5567 905 5639 quia
934 5572 1062 5622 vota
1095 5572 1227 5621 sunt
1272 5566 1553 5632 ﬁdelium,
1596 5570 1650 5619 et
1681 5566 1864 5635 pretia

165 5660 555 5727 peccatorum,
607 5662 776 5729 atque
824 5656 890 5711 ad
941 5656 1277 5727 pradictum
1328 5671 1470 5727 opus
1517 5654 1861 5725 explendum

1980 4432 2184 4501 scopis,
2218 4432 2350 4501 jure
2399 4431 2510 4487 sibi
2559 4430 2851 4485 vindicent
2888 4430 3039 4500 quod
3072 4430 3396 4483 tricennalis
3436 4432 3523 4483 lex
3552 4446 3683 4484 con-

1984 4520 2168 4587 clusit,
2205 4519 2339 4590 quia
2370 4525 2426 4573 et
2456 4520 2604 4573 ultra
2635 4518 2871 4589 triginta
2901 4534 3080 4571 annos
3112 4518 3255 4571 nulli
3290 4518 3453 4572 liceat
3484 4534 3588 4588 pro
3613 4534 3680 4572 eo

1984 4610 2293 4679 appellare,
2325 4608 2476 4679 quod
2508 4609 2698 4677 legum
2719 4612 2945 4677 tempus
2977 4607 3243 4661 excludit.

1984 4716 2112 4771 CAP.
2149 4716 2251 4770 CL.
2286 4744 2351 4754 —-
2405 4715 2547 4769 Idem
2605 4715 2671 4768 de
2718 4715 2881 4798 rebus
2934 4730 3031 4782 per
3072 4715 3300 4780 triginta
3338 4728 3506 4768 annos
3551 4728 3678 4784 pos-

2748 4801 2926 4839 εθεειδ.

2051 4876 2162 4944 (Ea:
2200 4876 2385 4929 concil.
2420 4876 2724 4941 Matiscen.,
2782 4889 2900 4943 cap.
2951 4872 3031 4944 '7.)
3069 4875 3135 4928 Ut
3176 4873 3245 4927 de
3275 4874 3449 4927 rebus
3496 4872 3681 4926 Eccle-

1982 4964 2195 5018 siarum
2246 4980 2376 5034 qua
2416 4963 2484 5016 ab
2543 4962 2625 5016 eis
2668 4978 2773 5032 per
2820 4962 3057 5032 triginta
3104 4977 3387 5016 annorum
3435 4960 3680 5030 spatium

1981 5052 2103 5107 sine
2150 5053 2265 5107 ulla
2309 5051 2766 5121 interpellatione
2824 5067 3097 5121 possessa
3144 5055 3299 5117 sunt,
3351 5049 3681 5104 testimonia

1980 5159 2095 5197 non
2122 5141 2488 5211 recipiantur,
2521 5140 2617 5193 sed
2649 5156 2715 5192 eo
2750 5139 2916 5192 modo
2951 5139 3375 5204 contineantur,
3423 5138 3567 5191 sicut
3591 5155 3682 5192 res

1983 5232 2053 5286 ad
2087 5232 2287 5285 ﬁscum
2321 5229 2671 5283 dominicum
2699 5228 3052 5297 pertinentes
3082 5226 3364 5280 contineri
3396 5226 3600 5279 solent.

2103 5322 2231 5375 CAP.
2263 5319 2393 5375 CLI.
2426 5348 2494 5357 —
2522 5321 2593 5372 De
2614 5318 2748 5455 illisi,
2786 5318 2882 5399 qui
2910 5315 2975 5439 ple
2997 5317 3228 5369 ecclesiis
3252 5317 3557 5369 caemeleria

2745 5404 2904 5442 acum
2936 5430 2946 5440 .

2745 5404 2946 5442 aczunt.

2051 5478 2162 5546 (Eae
2192 5480 2375 5532 concil.
2412 5476 2691 5542 Meldensi,
2725 5492 2844 5545 cap.
2880 5476 2957 5543 9.)
2986 5472 3272 5544 Antiquus
3301 5472 3359 5525 in
3391 5472 3478 5525 his
3502 5471 3684 5542 regio-

1976 5566 2143 5620 nibus
2212 5566 2273 5619 in
2329 5566 2569 5620 Ecclesia
2618 5564 3081 5636 sepeliendorum
3128 5566 3485 5617 mortuorum
3546 5577 3681 5615 usus

1977 5655 2104 5719 fuit,
2138 5658 2193 5709 et
2227 5654 2571 5725 plerumque
2604 5655 2725 5707 loca
2763 5654 2956 5709 divino
3006 5652 3181 5707 cultui
3232 5650 3575 5723 mancipata,
3624 5655 3680 5705 et
