  <div class='ocr_page' id='page_1' title='image "/cluster/home/n/w/nwhite01/storage/ocr_20150623/140/umn.31951002477433x/387.png"; bbox 0 0 3956 6304; ppageno 0'>
   <div class='ocr_carea' id='block_1_1' title="bbox 281 367 382 417">
    <p class='ocr_par' dir='ltr' id='par_1_1' title="bbox 281 367 382 417">
     <span class='ocr_line' id='line_1_1' title="bbox 281 367 382 417; baseline 0 0"><span class='ocrx_word' id='word_1_1' title='bbox 281 367 382 417; x_wconf 81' lang='grc'>703</span> 
     </span>
    </p>
   </div>
   <div class='ocr_carea' id='block_1_2' title="bbox 1363 366 2705 424">
    <p class='ocr_par' dir='ltr' id='par_1_2' title="bbox 1363 366 2705 424">
     <span class='ocr_line' id='line_1_2' title="bbox 1363 366 2705 424; baseline -0.001 -3"><span class='ocrx_word' id='word_1_2' title='bbox 1363 368 1769 423; x_wconf 83' lang='lat' dir='ltr'>BURCHARDI</span> <span class='ocrx_word' id='word_1_3' title='bbox 1809 366 2338 424; x_wconf 81' lang='lat' dir='ltr'>WORMACIENSIS</span> <span class='ocrx_word' id='word_1_4' title='bbox 2375 366 2705 423; x_wconf 85' lang='lat' dir='ltr'>EPISCOPI.</span> 
     </span>
    </p>
   </div>
   <div class='ocr_carea' id='block_1_3' title="bbox 3685 370 3784 422">
    <p class='ocr_par' dir='ltr' id='par_1_3' title="bbox 3685 370 3784 422">
     <span class='ocr_line' id='line_1_3' title="bbox 3685 370 3784 422; baseline -0.01 0"><span class='ocrx_word' id='word_1_5' title='bbox 3685 370 3784 422; x_wconf 59' lang='lat' dir='ltr'>70&#39;s</span> 
     </span>
    </p>
   </div>
   <div class='ocr_carea' id='block_1_4' title="bbox 277 487 3787 562">
    <p class='ocr_par' dir='ltr' id='par_1_4' title="bbox 277 487 3787 562">
     <span class='ocr_line' id='line_1_4' title="bbox 277 487 3787 562; baseline 0.002 -21"><span class='ocrx_word' id='word_1_6' title='bbox 277 487 346 541; x_wconf 94' lang='lat' dir='ltr'>ad</span> <span class='ocrx_word' id='word_1_7' title='bbox 396 487 717 542; x_wconf 75' lang='lat' dir='ltr'>offerendas</span> <span class='ocrx_word' id='word_1_8' title='bbox 759 489 872 542; x_wconf 90' lang='lat' dir='ltr'>Deo</span> <span class='ocrx_word' id='word_1_9' title='bbox 915 489 1128 543; x_wconf 82' lang='lat' dir='ltr'>hostias</span> <span class='ocrx_word' id='word_1_10' title='bbox 1153 495 1470 562; x_wconf 85' lang='lat' dir='ltr'>praparata</span> <span class='ocrx_word' id='word_1_11' title='bbox 1492 493 1813 546; x_wconf 86' lang='lat' dir='ltr'>cameteria</span> <span class='ocrx_word' id='word_1_12' title='bbox 1855 493 1970 546; x_wconf 85' lang='lat' dir='ltr'>sive</span> <span class='ocrx_word' id='word_1_13' title='bbox 2001 495 2043 547; x_wconf 86' lang='lat' dir='ltr'><strong>A</strong></span> <span class='ocrx_word' id='word_1_14' title='bbox 2084 497 2308 546; x_wconf 90' lang='lat' dir='ltr'>atatem</span> <span class='ocrx_word' id='word_1_15' title='bbox 2368 493 2717 562; x_wconf 80' lang='lat' dir='ltr'>decrepitam</span> <span class='ocrx_word' id='word_1_16' title='bbox 2765 491 2906 546; x_wconf 86' lang='lat' dir='ltr'>levis</span> <span class='ocrx_word' id='word_1_17' title='bbox 2955 508 3020 547; x_wconf 93' lang='lat' dir='ltr'>ac</span> <span class='ocrx_word' id='word_1_18' title='bbox 3065 493 3315 548; x_wconf 91' lang='lat' dir='ltr'>lubricus</span> <span class='ocrx_word' id='word_1_19' title='bbox 3379 494 3619 561; x_wconf 84' lang='lat' dir='ltr'>exstitit,</span> <span class='ocrx_word' id='word_1_20' title='bbox 3677 511 3787 549; x_wconf 91' lang='lat' dir='ltr'>mo-</span> 
     </span>
    </p>
   </div>
   <div class='ocr_carea' id='block_1_5' title="bbox 272 577 1973 646">
    <p class='ocr_par' dir='ltr' id='par_1_5' title="bbox 272 577 1973 646">
     <span class='ocr_line' id='line_1_5' title="bbox 272 577 1973 646; baseline 0.004 -17"><span class='ocrx_word' id='word_1_21' title='bbox 272 577 614 646; x_wconf 84' lang='lat' dir='ltr'>polyandria</span> <span class='ocrx_word' id='word_1_22' title='bbox 644 577 791 631; x_wconf 90' lang='lat' dir='ltr'>facta</span> <span class='ocrx_word' id='word_1_23' title='bbox 820 584 969 632; x_wconf 91' lang='lat' dir='ltr'>sunt.</span> <span class='ocrx_word' id='word_1_24' title='bbox 1021 579 1178 633; x_wconf 89' lang='lat' dir='ltr'>Unde</span> <span class='ocrx_word' id='word_1_25' title='bbox 1211 581 1474 634; x_wconf 88' lang='lat' dir='ltr'>volumus</span> <span class='ocrx_word' id='word_1_26' title='bbox 1522 586 1584 634; x_wconf 91' lang='lat' dir='ltr'>ut</span> <span class='ocrx_word' id='word_1_27' title='bbox 1631 581 1700 635; x_wconf 91' lang='lat' dir='ltr'>ab</span> <span class='ocrx_word' id='word_1_28' title='bbox 1754 582 1860 635; x_wconf 91' lang='lat' dir='ltr'>hac</span> <span class='ocrx_word' id='word_1_29' title='bbox 1911 598 1973 635; x_wconf 88' lang='lat' dir='ltr'>re</span> 
     </span>
    </p>
   </div>
   <div class='ocr_carea' id='block_1_6' title="bbox 278 665 1970 740">
    <p class='ocr_par' dir='ltr' id='par_1_6' title="bbox 278 665 1970 740">
     <span class='ocr_line' id='line_1_6' title="bbox 278 665 1970 740; baseline 0.004 -23"><span class='ocrx_word' id='word_1_30' title='bbox 278 665 548 735; x_wconf 86' lang='lat' dir='ltr'>deinceps</span> <span class='ocrx_word' id='word_1_31' title='bbox 579 665 947 726; x_wconf 83' lang='lat' dir='ltr'>abstineatur.</span> <span class='ocrx_word' id='word_1_32' title='bbox 975 672 1037 721; x_wconf 92' lang='lat' dir='ltr'>ut</span> <span class='ocrx_word' id='word_1_33' title='bbox 1066 683 1236 721; x_wconf 91' lang='lat' dir='ltr'>nemo</span> <span class='ocrx_word' id='word_1_34' title='bbox 1276 668 1335 721; x_wconf 92' lang='lat' dir='ltr'>in</span> <span class='ocrx_word' id='word_1_35' title='bbox 1367 669 1611 723; x_wconf 82' lang='lat' dir='ltr'>Ecclesia</span> <span class='ocrx_word' id='word_1_36' title='bbox 1642 671 1970 740; x_wconf 80' lang='lat' dir='ltr'>sepeliatur,</span> 
     </span>
    </p>
   </div>
   <div class='ocr_carea' id='block_1_7' title="bbox 279 753 1977 828">
    <p class='ocr_par' dir='ltr' id='par_1_7' title="bbox 279 753 1977 828">
     <span class='ocr_line' id='line_1_7' title="bbox 279 753 1977 828; baseline 0.003 -21"><span class='ocrx_word' id='word_1_37' title='bbox 279 753 390 807; x_wconf 88' lang='lat' dir='ltr'>nisi</span> <span class='ocrx_word' id='word_1_38' title='bbox 417 753 560 806; x_wconf 90' lang='lat' dir='ltr'>forte</span> <span class='ocrx_word' id='word_1_39' title='bbox 592 754 720 808; x_wconf 91' lang='lat' dir='ltr'>talis</span> <span class='ocrx_word' id='word_1_40' title='bbox 769 755 837 807; x_wconf 88' lang='lat' dir='ltr'>sit</span> <span class='ocrx_word' id='word_1_41' title='bbox 887 771 1131 825; x_wconf 79' lang='lat' dir='ltr'>persona</span> <span class='ocrx_word' id='word_1_42' title='bbox 1172 757 1500 824; x_wconf 88' lang='lat' dir='ltr'>sacerdotis,</span> <span class='ocrx_word' id='word_1_43' title='bbox 1543 764 1640 811; x_wconf 90' lang='lat' dir='ltr'>aut</span> <span class='ocrx_word' id='word_1_44' title='bbox 1671 759 1977 828; x_wconf 80' lang='lat' dir='ltr'>cujuslibet</span> 
     </span>
    </p>
   </div>
   <div class='ocr_carea' id='block_1_8' title="bbox 275 841 1974 912">
    <p class='ocr_par' dir='ltr' id='par_1_8' title="bbox 275 841 1974 912">
     <span class='ocr_line' id='line_1_8' title="bbox 275 841 1974 912; baseline 0.004 -18"><span class='ocrx_word' id='word_1_45' title='bbox 275 841 418 911; x_wconf 84' lang='lat' dir='ltr'>justi</span> <span class='ocrx_word' id='word_1_46' title='bbox 449 842 718 905; x_wconf 87' lang='lat' dir='ltr'>hominis,</span> <span class='ocrx_word' id='word_1_47' title='bbox 747 843 846 912; x_wconf 90' lang='lat' dir='ltr'>qui</span> <span class='ocrx_word' id='word_1_48' title='bbox 889 860 990 912; x_wconf 90' lang='lat' dir='ltr'>per</span> <span class='ocrx_word' id='word_1_49' title='bbox 1027 845 1154 898; x_wconf 84' lang='lat' dir='ltr'>vita</span> <span class='ocrx_word' id='word_1_50' title='bbox 1204 845 1473 899; x_wconf 88' lang='lat' dir='ltr'>meritum</span> <span class='ocrx_word' id='word_1_51' title='bbox 1520 847 1690 900; x_wconf 85' lang='lat' dir='ltr'>talem</span> <span class='ocrx_word' id='word_1_52' title='bbox 1734 847 1974 900; x_wconf 82' lang='lat' dir='ltr'>vivendo</span> 
     </span>
    </p>
   </div>
   <div class='ocr_carea' id='block_1_9' title="bbox 279 931 1976 1006">
    <p class='ocr_par' dir='ltr' id='par_1_9' title="bbox 279 931 1976 1006">
     <span class='ocr_line' id='line_1_9' title="bbox 279 931 1976 1006; baseline 0.004 -23"><span class='ocrx_word' id='word_1_53' title='bbox 279 948 382 984; x_wconf 91' lang='lat' dir='ltr'>suo</span> <span class='ocrx_word' id='word_1_54' title='bbox 415 931 639 1000; x_wconf 90' lang='lat' dir='ltr'>corpori</span> <span class='ocrx_word' id='word_1_55' title='bbox 683 931 948 985; x_wconf 87' lang='lat' dir='ltr'>defuncto</span> <span class='ocrx_word' id='word_1_56' title='bbox 988 933 1172 986; x_wconf 92' lang='lat' dir='ltr'>locum</span> <span class='ocrx_word' id='word_1_57' title='bbox 1217 934 1531 1004; x_wconf 86' lang='lat' dir='ltr'>acquisivit.</span> <span class='ocrx_word' id='word_1_58' title='bbox 1567 935 1816 1006; x_wconf 86' lang='lat' dir='ltr'>Corpora</span> <span class='ocrx_word' id='word_1_59' title='bbox 1845 952 1976 989; x_wconf 90' lang='lat' dir='ltr'>vero</span> 
     </span>
    </p>
   </div>
   <div class='ocr_carea' id='block_1_10' title="bbox 281 1018 1976 1095">
    <p class='ocr_par' dir='ltr' id='par_1_10' title="bbox 281 1018 1976 1095">
     <span class='ocr_line' id='line_1_10' title="bbox 281 1018 1976 1095; baseline 0.005 -25"><span class='ocrx_word' id='word_1_60' title='bbox 281 1035 412 1088; x_wconf 88' lang='lat' dir='ltr'>qua</span> <span class='ocrx_word' id='word_1_61' title='bbox 443 1018 761 1088; x_wconf 88' lang='lat' dir='ltr'>antiquitus</span> <span class='ocrx_word' id='word_1_62' title='bbox 794 1019 852 1072; x_wconf 90' lang='lat' dir='ltr'>in</span> <span class='ocrx_word' id='word_1_63' title='bbox 885 1020 1146 1074; x_wconf 90' lang='lat' dir='ltr'>Ecclesiis</span> <span class='ocrx_word' id='word_1_64' title='bbox 1178 1023 1400 1092; x_wconf 86' lang='lat' dir='ltr'>sepulta</span> <span class='ocrx_word' id='word_1_65' title='bbox 1425 1028 1573 1088; x_wconf 89' lang='lat' dir='ltr'>sunt,</span> <span class='ocrx_word' id='word_1_66' title='bbox 1609 1039 1976 1095; x_wconf 85' lang='lat' dir='ltr'>nequaquam</span> 
     </span>
    </p>
   </div>
   <div class='ocr_carea' id='block_1_11' title="bbox 279 1106 1976 1182">
    <p class='ocr_par' dir='ltr' id='par_1_11' title="bbox 279 1106 1976 1182">
     <span class='ocr_line' id='line_1_11' title="bbox 279 1106 1976 1182; baseline 0.004 -24"><span class='ocrx_word' id='word_1_67' title='bbox 279 1106 672 1176; x_wconf 71' lang='lat' dir='ltr'>proiiciantur,</span> <span class='ocrx_word' id='word_1_68' title='bbox 711 1107 819 1160; x_wconf 89' lang='lat' dir='ltr'>nisi</span> <span class='ocrx_word' id='word_1_69' title='bbox 866 1109 980 1162; x_wconf 91' lang='lat' dir='ltr'>sint</span> <span class='ocrx_word' id='word_1_70' title='bbox 1024 1126 1403 1180; x_wconf 82' lang='lat' dir='ltr'>paganorum,</span> <span class='ocrx_word' id='word_1_71' title='bbox 1449 1112 1544 1164; x_wconf 91' lang='lat' dir='ltr'>sed</span> <span class='ocrx_word' id='word_1_72' title='bbox 1597 1113 1804 1165; x_wconf 90' lang='lat' dir='ltr'>tumuli</span> <span class='ocrx_word' id='word_1_73' title='bbox 1877 1112 1976 1182; x_wconf 91' lang='lat' dir='ltr'>qui</span> 
     </span>
    </p>
   </div>
   <div class='ocr_carea' id='block_1_12' title="bbox 278 1195 1974 1272">
    <p class='ocr_par' dir='ltr' id='par_1_12' title="bbox 278 1195 1974 1272">
     <span class='ocr_line' id='line_1_12' title="bbox 278 1195 1974 1272; baseline 0.005 -26"><span class='ocrx_word' id='word_1_74' title='bbox 278 1199 556 1264; x_wconf 88' lang='lat' dir='ltr'>apparent</span> <span class='ocrx_word' id='word_1_75' title='bbox 585 1195 921 1265; x_wconf 86' lang='lat' dir='ltr'>profundius</span> <span class='ocrx_word' id='word_1_76' title='bbox 973 1197 1030 1250; x_wconf 89' lang='lat' dir='ltr'>in</span> <span class='ocrx_word' id='word_1_77' title='bbox 1076 1201 1287 1251; x_wconf 87' lang='lat' dir='ltr'>terram</span> <span class='ocrx_word' id='word_1_78' title='bbox 1345 1199 1665 1266; x_wconf 87' lang='lat' dir='ltr'>mittantur,</span> <span class='ocrx_word' id='word_1_79' title='bbox 1720 1206 1774 1253; x_wconf 91' lang='lat' dir='ltr'>et</span> <span class='ocrx_word' id='word_1_80' title='bbox 1817 1201 1974 1272; x_wconf 87' lang='lat' dir='ltr'>pavi-</span> 
     </span>
    </p>
   </div>
   <div class='ocr_carea' id='block_1_13' title="bbox 279 1283 1976 1360">
    <p class='ocr_par' dir='ltr' id='par_1_13' title="bbox 279 1283 1976 1360">
     <span class='ocr_line' id='line_1_13' title="bbox 279 1283 1976 1360; baseline 0.005 -25"><span class='ocrx_word' id='word_1_81' title='bbox 279 1287 470 1336; x_wconf 89' lang='lat' dir='ltr'>mento</span> <span class='ocrx_word' id='word_1_82' title='bbox 501 1283 747 1352; x_wconf 78' lang='lat' dir='ltr'>desuper</span> <span class='ocrx_word' id='word_1_83' title='bbox 779 1285 924 1339; x_wconf 87' lang='lat' dir='ltr'>facto</span> <span class='ocrx_word' id='word_1_84' title='bbox 958 1287 1115 1340; x_wconf 90' lang='lat' dir='ltr'>nullo</span> <span class='ocrx_word' id='word_1_85' title='bbox 1142 1289 1500 1342; x_wconf 82' lang='lat' dir='ltr'>tumulorum</span> <span class='ocrx_word' id='word_1_86' title='bbox 1531 1289 1771 1358; x_wconf 88' lang='lat' dir='ltr'>vestigio</span> <span class='ocrx_word' id='word_1_87' title='bbox 1803 1306 1976 1360; x_wconf 89' lang='lat' dir='ltr'>appa-</span> 
     </span>
    </p>
   </div>
   <div class='ocr_carea' id='block_1_14' title="bbox 277 1373 1973 1440">
    <p class='ocr_par' dir='ltr' id='par_1_14' title="bbox 277 1373 1973 1440">
     <span class='ocr_line' id='line_1_14' title="bbox 277 1373 1973 1440; baseline 0.005 -16"><span class='ocrx_word' id='word_1_88' title='bbox 277 1376 462 1440; x_wconf 91' lang='lat' dir='ltr'>rente,</span> <span class='ocrx_word' id='word_1_89' title='bbox 527 1373 785 1426; x_wconf 89' lang='lat' dir='ltr'>Ecclesia</span> <span class='ocrx_word' id='word_1_90' title='bbox 843 1375 1164 1428; x_wconf 88' lang='lat' dir='ltr'>reverentia</span> <span class='ocrx_word' id='word_1_91' title='bbox 1221 1383 1608 1431; x_wconf 87' lang='lat' dir='ltr'>conservetur.</span> <span class='ocrx_word' id='word_1_92' title='bbox 1677 1379 1780 1432; x_wconf 90' lang='lat' dir='ltr'>Ubi</span> <span class='ocrx_word' id='word_1_93' title='bbox 1839 1395 1973 1433; x_wconf 91' lang='lat' dir='ltr'>vero</span> 
     </span>
    </p>
   </div>
   <div class='ocr_carea' id='block_1_15' title="bbox 277 1462 1973 1532">
    <p class='ocr_par' dir='ltr' id='par_1_15' title="bbox 277 1462 1973 1532">
     <span class='ocr_line' id='line_1_15' title="bbox 277 1462 1973 1532; baseline 0.006 -21"><span class='ocrx_word' id='word_1_94' title='bbox 277 1464 436 1512; x_wconf 91' lang='lat' dir='ltr'>tanta</span> <span class='ocrx_word' id='word_1_95' title='bbox 474 1464 558 1513; x_wconf 90' lang='lat' dir='ltr'>est</span> <span class='ocrx_word' id='word_1_96' title='bbox 609 1462 918 1516; x_wconf 89' lang='lat' dir='ltr'>multitudo</span> <span class='ocrx_word' id='word_1_97' title='bbox 973 1464 1333 1532; x_wconf 87' lang='lat' dir='ltr'>cadaverum,</span> <span class='ocrx_word' id='word_1_98' title='bbox 1379 1470 1440 1519; x_wconf 86' lang='lat' dir='ltr'>ut</span> <span class='ocrx_word' id='word_1_99' title='bbox 1471 1466 1577 1520; x_wconf 85' lang='lat' dir='ltr'>hoc</span> <span class='ocrx_word' id='word_1_100' title='bbox 1607 1466 1788 1521; x_wconf 87' lang='lat' dir='ltr'>facere</span> <span class='ocrx_word' id='word_1_101' title='bbox 1822 1468 1973 1522; x_wconf 82' lang='lat' dir='ltr'>diffi-</span> 
     </span>
    </p>
   </div>
   <div class='ocr_carea' id='block_1_16' title="bbox 277 1548 1974 1622">
    <p class='ocr_par' dir='ltr' id='par_1_16' title="bbox 277 1548 1974 1622">
     <span class='ocr_line' id='line_1_16' title="bbox 277 1548 1974 1622; baseline 0.005 -21"><span class='ocrx_word' id='word_1_102' title='bbox 277 1548 382 1602; x_wconf 87' lang='lat' dir='ltr'>cile</span> <span class='ocrx_word' id='word_1_103' title='bbox 414 1549 507 1617; x_wconf 88' lang='lat' dir='ltr'>sit,</span> <span class='ocrx_word' id='word_1_104' title='bbox 558 1550 717 1604; x_wconf 92' lang='lat' dir='ltr'>locus</span> <span class='ocrx_word' id='word_1_105' title='bbox 774 1551 868 1604; x_wconf 92' lang='lat' dir='ltr'>ille</span> <span class='ocrx_word' id='word_1_106' title='bbox 911 1568 1015 1622; x_wconf 92' lang='lat' dir='ltr'>pro</span> <span class='ocrx_word' id='word_1_107' title='bbox 1063 1553 1392 1606; x_wconf 84' lang='lat' dir='ltr'>coemeterio</span> <span class='ocrx_word' id='word_1_108' title='bbox 1439 1555 1736 1622; x_wconf 86' lang='lat' dir='ltr'>habeatur,</span> <span class='ocrx_word' id='word_1_109' title='bbox 1785 1556 1974 1610; x_wconf 85' lang='lat' dir='ltr'>ablato</span> 
     </span>
    </p>
   </div>
   <div class='ocr_carea' id='block_1_17' title="bbox 278 1637 1974 1714">
    <p class='ocr_par' dir='ltr' id='par_1_17' title="bbox 278 1637 1974 1714">
     <span class='ocr_line' id='line_1_17' title="bbox 278 1637 1974 1714; baseline 0.005 -25"><span class='ocrx_word' id='word_1_110' title='bbox 278 1637 409 1690; x_wconf 92' lang='lat' dir='ltr'>inde</span> <span class='ocrx_word' id='word_1_111' title='bbox 463 1637 804 1706; x_wconf 88' lang='lat' dir='ltr'>altari,etin</span> <span class='ocrx_word' id='word_1_112' title='bbox 859 1640 970 1692; x_wconf 90' lang='lat' dir='ltr'>alio</span> <span class='ocrx_word' id='word_1_113' title='bbox 1024 1640 1148 1694; x_wconf 90' lang='lat' dir='ltr'>loco</span> <span class='ocrx_word' id='word_1_114' title='bbox 1194 1642 1520 1709; x_wconf 89' lang='lat' dir='ltr'>constituto,</span> <span class='ocrx_word' id='word_1_115' title='bbox 1571 1643 1669 1696; x_wconf 91' lang='lat' dir='ltr'>ubi</span> <span class='ocrx_word' id='word_1_116' title='bbox 1710 1644 1974 1714; x_wconf 84' lang='lat' dir='ltr'>religiose</span> 
     </span>
    </p>
   </div>
   <div class='ocr_carea' id='block_1_18' title="bbox 277 1728 1492 1796">
    <p class='ocr_par' dir='ltr' id='par_1_18' title="bbox 277 1728 1492 1796">
     <span class='ocr_line' id='line_1_18' title="bbox 277 1728 1492 1796; baseline 0.003 -18"><span class='ocrx_word' id='word_1_117' title='bbox 277 1730 334 1779; x_wconf 90' lang='lat' dir='ltr'>et</span> <span class='ocrx_word' id='word_1_118' title='bbox 362 1741 506 1796; x_wconf 90' lang='lat' dir='ltr'>pure</span> <span class='ocrx_word' id='word_1_119' title='bbox 547 1728 662 1780; x_wconf 93' lang='lat' dir='ltr'>Deo</span> <span class='ocrx_word' id='word_1_120' title='bbox 693 1728 1031 1782; x_wconf 88' lang='lat' dir='ltr'>sacriﬁcium</span> <span class='ocrx_word' id='word_1_121' title='bbox 1066 1729 1258 1783; x_wconf 80' lang='lat' dir='ltr'>offerri</span> <span class='ocrx_word' id='word_1_122' title='bbox 1288 1731 1492 1784; x_wconf 86' lang='lat' dir='ltr'>valeat.</span> 
     </span>
    </p>
   </div>
   <div class='ocr_carea' id='block_1_19' title="bbox 280 1832 1974 1908">
    <p class='ocr_par' dir='ltr' id='par_1_19' title="bbox 280 1832 1974 1908">
     <span class='ocr_line' id='line_1_19' title="bbox 280 1832 1974 1908; baseline 0.005 -23"><span class='ocrx_word' id='word_1_123' title='bbox 280 1832 409 1886; x_wconf 79' lang='lat' dir='ltr'>CAP.</span> <span class='ocrx_word' id='word_1_124' title='bbox 446 1833 602 1886; x_wconf 85' lang='lat' dir='ltr'>CLII.</span> <span class='ocrx_word' id='word_1_125' title='bbox 636 1864 704 1873; x_wconf 92' lang='lat'>——</span> <span class='ocrx_word' id='word_1_126' title='bbox 745 1837 821 1889; x_wconf 89' lang='lat' dir='ltr'>De</span> <span class='ocrx_word' id='word_1_127' title='bbox 852 1835 964 1888; x_wconf 79' lang='lat' dir='ltr'>illis</span> <span class='ocrx_word' id='word_1_128' title='bbox 1013 1837 1110 1904; x_wconf 87' lang='lat' dir='ltr'>qui</span> <span class='ocrx_word' id='word_1_129' title='bbox 1151 1837 1210 1889; x_wconf 84' lang='lat' dir='ltr'>in</span> <span class='ocrx_word' id='word_1_130' title='bbox 1246 1839 1418 1891; x_wconf 81' lang='lat' dir='ltr'>sacris</span> <span class='ocrx_word' id='word_1_131' title='bbox 1468 1838 1594 1892; x_wconf 87' lang='lat' dir='ltr'>locis</span> <span class='ocrx_word' id='word_1_132' title='bbox 1641 1854 1696 1892; x_wconf 89' lang='lat' dir='ltr'>se</span> <span class='ocrx_word' id='word_1_133' title='bbox 1751 1843 1974 1908; x_wconf 77' lang='lat' dir='ltr'>sepelire</span> 
     </span>
    </p>
   </div>
   <div class='ocr_carea' id='block_1_20' title="bbox 983 1909 1260 1974">
    <p class='ocr_par' dir='ltr' id='par_1_20' title="bbox 983 1909 1260 1974">
     <span class='ocr_line' id='line_1_20' title="bbox 983 1909 1260 1974; baseline 0.007 -15"><span class='ocrx_word' id='word_1_134' title='bbox 983 1909 1260 1974; x_wconf 74' lang='lat' dir='ltr'>petierint.</span> 
     </span>
    </p>
   </div>
   <div class='ocr_carea' id='block_1_21' title="bbox 349 1990 1974 2064">
    <p class='ocr_par' dir='ltr' id='par_1_21' title="bbox 349 1990 1974 2064">
     <span class='ocr_line' id='line_1_21' title="bbox 349 1990 1974 2064; baseline 0.006 -22"><span class='ocrx_word' id='word_1_135' title='bbox 349 1990 611 2060; x_wconf 74' lang='lat' dir='ltr'>(August.</span> <span class='ocrx_word' id='word_1_136' title='bbox 644 1991 823 2063; x_wconf 85' lang='lat' dir='ltr'>dicit.)</span> <span class='ocrx_word' id='word_1_137' title='bbox 871 1992 1087 2057; x_wconf 86' lang='lat' dir='ltr'>Quibus</span> <span class='ocrx_word' id='word_1_138' title='bbox 1134 1999 1365 2064; x_wconf 91' lang='lat' dir='ltr'>peccata</span> <span class='ocrx_word' id='word_1_139' title='bbox 1419 1995 1653 2050; x_wconf 90' lang='lat' dir='ltr'>dimissa</span> <span class='ocrx_word' id='word_1_140' title='bbox 1692 2013 1810 2050; x_wconf 91' lang='lat' dir='ltr'>non</span> <span class='ocrx_word' id='word_1_141' title='bbox 1843 2003 1974 2053; x_wconf 90' lang='lat' dir='ltr'>sunt</span> 
     </span>
    </p>
   </div>
   <div class='ocr_carea' id='block_1_22' title="bbox 278 2079 1969 2156">
    <p class='ocr_par' dir='ltr' id='par_1_22' title="bbox 278 2079 1969 2156">
     <span class='ocr_line' id='line_1_22' title="bbox 278 2079 1969 2156; baseline 0.005 -25"><span class='ocrx_word' id='word_1_142' title='bbox 278 2095 310 2131; x_wconf 92' lang='lat' dir='ltr'>a</span> <span class='ocrx_word' id='word_1_143' title='bbox 373 2079 543 2132; x_wconf 85' lang='lat' dir='ltr'>sacris</span> <span class='ocrx_word' id='word_1_144' title='bbox 591 2079 728 2132; x_wconf 91' lang='lat' dir='ltr'>locis</span> <span class='ocrx_word' id='word_1_145' title='bbox 776 2086 904 2150; x_wconf 91' lang='lat' dir='ltr'>post</span> <span class='ocrx_word' id='word_1_146' title='bbox 948 2087 1190 2136; x_wconf 85' lang='lat' dir='ltr'>mortem</span> <span class='ocrx_word' id='word_1_147' title='bbox 1235 2083 1494 2153; x_wconf 85' lang='lat' dir='ltr'>adjuvari</span> <span class='ocrx_word' id='word_1_148' title='bbox 1539 2101 1656 2138; x_wconf 89' lang='lat' dir='ltr'>non</span> <span class='ocrx_word' id='word_1_149' title='bbox 1709 2093 1969 2156; x_wconf 92' lang='lat' dir='ltr'>possunt,</span> 
     </span>
    </p>
   </div>
   <div class='ocr_carea' id='block_1_23' title="bbox 277 2167 1973 2240">
    <p class='ocr_par' dir='ltr' id='par_1_23' title="bbox 277 2167 1973 2240">
     <span class='ocr_line' id='line_1_23' title="bbox 277 2167 1973 2240; baseline 0.005 -21"><span class='ocrx_word' id='word_1_150' title='bbox 277 2167 413 2238; x_wconf 90' lang='lat' dir='ltr'>quia</span> <span class='ocrx_word' id='word_1_151' title='bbox 444 2183 586 2237; x_wconf 90' lang='lat' dir='ltr'>quos</span> <span class='ocrx_word' id='word_1_152' title='bbox 610 2173 840 2236; x_wconf 91' lang='lat' dir='ltr'>peccata</span> <span class='ocrx_word' id='word_1_153' title='bbox 873 2169 1068 2238; x_wconf 79' lang='lat' dir='ltr'>gravia</span> <span class='ocrx_word' id='word_1_154' title='bbox 1118 2171 1470 2240; x_wconf 90' lang='lat' dir='ltr'>deprimunt,</span> <span class='ocrx_word' id='word_1_155' title='bbox 1505 2171 1552 2224; x_wconf 90' lang='lat' dir='ltr'>si</span> <span class='ocrx_word' id='word_1_156' title='bbox 1591 2172 1652 2226; x_wconf 91' lang='lat' dir='ltr'>in</span> <span class='ocrx_word' id='word_1_157' title='bbox 1681 2174 1852 2226; x_wconf 91' lang='lat' dir='ltr'>sacris</span> <span class='ocrx_word' id='word_1_158' title='bbox 1880 2174 1973 2227; x_wconf 92' lang='lat' dir='ltr'>lo-</span> 
     </span>
    </p>
   </div>
   <div class='ocr_carea' id='block_1_24' title="bbox 276 2255 1972 2331">
    <p class='ocr_par' dir='ltr' id='par_1_24' title="bbox 276 2255 1972 2331">
     <span class='ocr_line' id='line_1_24' title="bbox 276 2255 1972 2331; baseline 0.005 -23"><span class='ocrx_word' id='word_1_159' title='bbox 276 2255 353 2308; x_wconf 89' lang='lat' dir='ltr'>cis</span> <span class='ocrx_word' id='word_1_160' title='bbox 383 2255 624 2325; x_wconf 91' lang='lat' dir='ltr'>sepelire</span> <span class='ocrx_word' id='word_1_161' title='bbox 652 2271 710 2309; x_wconf 90' lang='lat' dir='ltr'>se</span> <span class='ocrx_word' id='word_1_162' title='bbox 742 2256 998 2323; x_wconf 86' lang='lat' dir='ltr'>faciunt;</span> <span class='ocrx_word' id='word_1_163' title='bbox 1036 2263 1208 2312; x_wconf 87' lang='lat' dir='ltr'>restat</span> <span class='ocrx_word' id='word_1_164' title='bbox 1224 2264 1288 2313; x_wconf 92' lang='lat' dir='ltr'>ut</span> <span class='ocrx_word' id='word_1_165' title='bbox 1313 2259 1382 2314; x_wconf 94' lang='lat' dir='ltr'>de</span> <span class='ocrx_word' id='word_1_166' title='bbox 1400 2276 1500 2313; x_wconf 91' lang='lat' dir='ltr'>sua</span> <span class='ocrx_word' id='word_1_167' title='bbox 1520 2262 1972 2331; x_wconf 71' lang='lat' dir='ltr'>praesumptione</span> 
     </span>
    </p>
   </div>
   <div class='ocr_carea' id='block_1_25' title="bbox 270 2343 1970 2418">
    <p class='ocr_par' dir='ltr' id='par_1_25' title="bbox 270 2343 1970 2418">
     <span class='ocr_line' id='line_1_25' title="bbox 270 2343 1970 2418; baseline 0.006 -23"><span class='ocrx_word' id='word_1_168' title='bbox 270 2343 622 2414; x_wconf 87' lang='lat' dir='ltr'>judicentur,</span> <span class='ocrx_word' id='word_1_169' title='bbox 677 2349 959 2414; x_wconf 88' lang='lat' dir='ltr'>quatenus</span> <span class='ocrx_word' id='word_1_170' title='bbox 1010 2363 1104 2400; x_wconf 91' lang='lat' dir='ltr'>eos</span> <span class='ocrx_word' id='word_1_171' title='bbox 1154 2363 1311 2401; x_wconf 90' lang='lat' dir='ltr'>sacra</span> <span class='ocrx_word' id='word_1_172' title='bbox 1358 2349 1482 2402; x_wconf 91' lang='lat' dir='ltr'>loca</span> <span class='ocrx_word' id='word_1_173' title='bbox 1529 2365 1644 2403; x_wconf 91' lang='lat' dir='ltr'>non</span> <span class='ocrx_word' id='word_1_174' title='bbox 1705 2351 1970 2418; x_wconf 87' lang='lat' dir='ltr'>liberant,</span> 
     </span>
    </p>
   </div>
   <div class='ocr_carea' id='block_1_26' title="bbox 281 2431 1214 2501">
    <p class='ocr_par' dir='ltr' id='par_1_26' title="bbox 281 2431 1214 2501">
     <span class='ocr_line' id='line_1_26' title="bbox 281 2431 1214 2501; baseline 0.004 -17"><span class='ocrx_word' id='word_1_175' title='bbox 281 2431 378 2485; x_wconf 93' lang='lat' dir='ltr'>sed</span> <span class='ocrx_word' id='word_1_176' title='bbox 406 2431 572 2501; x_wconf 91' lang='lat' dir='ltr'>culpa</span> <span class='ocrx_word' id='word_1_177' title='bbox 601 2433 940 2486; x_wconf 88' lang='lat' dir='ltr'>temeritatis</span> <span class='ocrx_word' id='word_1_178' title='bbox 971 2440 1214 2488; x_wconf 90' lang='lat' dir='ltr'>accusat.</span> 
     </span>
    </p>
   </div>
   <div class='ocr_carea' id='block_1_27' title="bbox 687 2520 1563 2580">
    <p class='ocr_par' dir='ltr' id='par_1_27' title="bbox 687 2520 1563 2580">
     <span class='ocr_line' id='line_1_27' title="bbox 687 2520 1563 2580; baseline 0.007 -6"><span class='ocrx_word' id='word_1_179' title='bbox 687 2520 814 2575; x_wconf 77' lang='lat' dir='ltr'>CAP.</span> <span class='ocrx_word' id='word_1_180' title='bbox 851 2522 1034 2578; x_wconf 86' lang='lat' dir='ltr'>CLIII.</span> <span class='ocrx_word' id='word_1_181' title='bbox 1070 2554 1138 2563; x_wconf 97' lang='lat'>—</span> <span class='ocrx_word' id='word_1_182' title='bbox 1170 2525 1252 2578; x_wconf 89' lang='lat' dir='ltr'>De</span> <span class='ocrx_word' id='word_1_183' title='bbox 1279 2525 1462 2580; x_wconf 82' lang='lat' dir='ltr'>eadem</span> <span class='ocrx_word' id='word_1_184' title='bbox 1491 2542 1563 2580; x_wconf 83' lang='lat' dir='ltr'>re.</span> 
     </span>
    </p>
   </div>
   <div class='ocr_carea' id='block_1_28' title="bbox 351 2607 1974 2684">
    <p class='ocr_par' dir='ltr' id='par_1_28' title="bbox 351 2607 1974 2684">
     <span class='ocr_line' id='line_1_28' title="bbox 351 2607 1974 2684; baseline 0.004 -20"><span class='ocrx_word' id='word_1_185' title='bbox 351 2607 594 2678; x_wconf 79' lang='lat' dir='ltr'>(Gregor.</span> <span class='ocrx_word' id='word_1_186' title='bbox 628 2608 766 2663; x_wconf 83' lang='lat' dir='ltr'>dicit</span> <span class='ocrx_word' id='word_1_187' title='bbox 802 2612 860 2663; x_wconf 81' lang='lat' dir='ltr'>in</span> <span class='ocrx_word' id='word_1_188' title='bbox 889 2610 1105 2678; x_wconf 82' lang='lat' dir='ltr'>dialogo</span> <span class='ocrx_word' id='word_1_189' title='bbox 1144 2613 1286 2680; x_wconf 85' lang='lat' dir='ltr'>suo.)</span> <span class='ocrx_word' id='word_1_190' title='bbox 1319 2612 1458 2668; x_wconf 91' lang='lat' dir='ltr'>Cum</span> <span class='ocrx_word' id='word_1_191' title='bbox 1508 2613 1700 2684; x_wconf 86' lang='lat' dir='ltr'>gravia</span> <span class='ocrx_word' id='word_1_192' title='bbox 1743 2621 1974 2684; x_wconf 89' lang='lat' dir='ltr'>peccata</span> 
     </span>
    </p>
   </div>
   <div class='ocr_carea' id='block_1_29' title="bbox 273 2695 1972 2768">
    <p class='ocr_par' dir='ltr' id='par_1_29' title="bbox 273 2695 1972 2768">
     <span class='ocr_line' id='line_1_29' title="bbox 273 2695 1972 2768; baseline 0.006 -21"><span class='ocrx_word' id='word_1_193' title='bbox 273 2711 392 2748; x_wconf 92' lang='lat' dir='ltr'>non</span> <span class='ocrx_word' id='word_1_194' title='bbox 424 2695 777 2764; x_wconf 89' lang='lat' dir='ltr'>deprimunt,</span> <span class='ocrx_word' id='word_1_195' title='bbox 835 2696 942 2750; x_wconf 92' lang='lat' dir='ltr'>hoc</span> <span class='ocrx_word' id='word_1_196' title='bbox 981 2698 1212 2768; x_wconf 86' lang='lat' dir='ltr'>prodest</span> <span class='ocrx_word' id='word_1_197' title='bbox 1246 2700 1488 2754; x_wconf 87' lang='lat' dir='ltr'>mortuis</span> <span class='ocrx_word' id='word_1_198' title='bbox 1521 2701 1564 2754; x_wconf 90' lang='lat' dir='ltr'>si</span> <span class='ocrx_word' id='word_1_199' title='bbox 1598 2702 1654 2755; x_wconf 92' lang='lat' dir='ltr'>in</span> <span class='ocrx_word' id='word_1_200' title='bbox 1713 2703 1972 2758; x_wconf 88' lang='lat' dir='ltr'>Ecclesiis</span> 
     </span>
    </p>
   </div>
   <div class='ocr_carea' id='block_1_30' title="bbox 277 2783 1972 2860">
    <p class='ocr_par' dir='ltr' id='par_1_30' title="bbox 277 2783 1972 2860">
     <span class='ocr_line' id='line_1_30' title="bbox 277 2783 1972 2860; baseline 0.007 -25"><span class='ocrx_word' id='word_1_201' title='bbox 277 2783 646 2852; x_wconf 87' lang='lat' dir='ltr'>sepeliantur,</span> <span class='ocrx_word' id='word_1_202' title='bbox 677 2785 830 2855; x_wconf 91' lang='lat' dir='ltr'>quod</span> <span class='ocrx_word' id='word_1_203' title='bbox 868 2802 1068 2840; x_wconf 92' lang='lat' dir='ltr'>eorum</span> <span class='ocrx_word' id='word_1_204' title='bbox 1104 2787 1351 2857; x_wconf 85' lang='lat' dir='ltr'>proximi</span> <span class='ocrx_word' id='word_1_205' title='bbox 1399 2791 1619 2860; x_wconf 91' lang='lat' dir='ltr'>quoties</span> <span class='ocrx_word' id='word_1_206' title='bbox 1672 2793 1738 2845; x_wconf 87' lang='lat' dir='ltr'>ad</span> <span class='ocrx_word' id='word_1_207' title='bbox 1773 2793 1972 2847; x_wconf 88' lang='lat' dir='ltr'>eadem</span> 
     </span>
    </p>
   </div>
   <div class='ocr_carea' id='block_1_31' title="bbox 279 2872 1970 2950">
    <p class='ocr_par' dir='ltr' id='par_1_31' title="bbox 279 2872 1970 2950">
     <span class='ocr_line' id='line_1_31' title="bbox 279 2872 1970 2950; baseline 0.007 -26"><span class='ocrx_word' id='word_1_208' title='bbox 279 2872 401 2925; x_wconf 93' lang='lat' dir='ltr'>loca</span> <span class='ocrx_word' id='word_1_209' title='bbox 451 2888 610 2926; x_wconf 91' lang='lat' dir='ltr'>sacra</span> <span class='ocrx_word' id='word_1_210' title='bbox 659 2873 918 2940; x_wconf 89' lang='lat' dir='ltr'>veniunt,</span> <span class='ocrx_word' id='word_1_211' title='bbox 983 2892 1241 2942; x_wconf 91' lang='lat' dir='ltr'>suorum,</span> <span class='ocrx_word' id='word_1_212' title='bbox 1297 2893 1544 2947; x_wconf 90' lang='lat' dir='ltr'>quorum</span> <span class='ocrx_word' id='word_1_213' title='bbox 1619 2882 1970 2950; x_wconf 89' lang='lat' dir='ltr'>sepulturam</span> 
     </span>
    </p>
   </div>
   <div class='ocr_carea' id='block_1_32' title="bbox 275 2959 1971 3040">
    <p class='ocr_par' dir='ltr' id='par_1_32' title="bbox 275 2959 1971 3040">
     <span class='ocr_line' id='line_1_32' title="bbox 275 2959 1971 3040; baseline 0.007 -29"><span class='ocrx_word' id='word_1_214' title='bbox 275 2959 580 3029; x_wconf 89' lang='lat' dir='ltr'>aspiciunt,</span> <span class='ocrx_word' id='word_1_215' title='bbox 651 2962 1006 3029; x_wconf 90' lang='lat' dir='ltr'>recordatur,</span> <span class='ocrx_word' id='word_1_216' title='bbox 1057 2970 1113 3017; x_wconf 94' lang='lat' dir='ltr'>et</span> <span class='ocrx_word' id='word_1_217' title='bbox 1179 2981 1285 3034; x_wconf 94' lang='lat' dir='ltr'>pro</span> <span class='ocrx_word' id='word_1_218' title='bbox 1336 2965 1416 3019; x_wconf 92' lang='lat' dir='ltr'>eis</span> <span class='ocrx_word' id='word_1_219' title='bbox 1479 2967 1721 3022; x_wconf 91' lang='lat' dir='ltr'>Domino</span> <span class='ocrx_word' id='word_1_220' title='bbox 1776 2985 1971 3040; x_wconf 91' lang='lat' dir='ltr'>preces</span> 
     </span>
    </p>
   </div>
   <div class='ocr_carea' id='block_1_33' title="bbox 276 3045 2042 3125">
    <p class='ocr_par' dir='ltr' id='par_1_33' title="bbox 276 3045 2042 3125">
     <span class='ocr_line' id='line_1_33' title="bbox 276 3045 2042 3125; baseline 0.007 -24"><span class='ocrx_word' id='word_1_221' title='bbox 276 3049 545 3102; x_wconf 90' lang='lat' dir='ltr'>fundunt.</span> <span class='ocrx_word' id='word_1_222' title='bbox 579 3050 720 3103; x_wconf 89' lang='lat' dir='ltr'>Nam</span> <span class='ocrx_word' id='word_1_223' title='bbox 750 3066 895 3120; x_wconf 91' lang='lat' dir='ltr'>quos</span> <span class='ocrx_word' id='word_1_224' title='bbox 923 3057 1153 3122; x_wconf 89' lang='lat' dir='ltr'>peccata</span> <span class='ocrx_word' id='word_1_225' title='bbox 1197 3054 1390 3124; x_wconf 88' lang='lat' dir='ltr'>gravia</span> <span class='ocrx_word' id='word_1_226' title='bbox 1439 3055 1788 3125; x_wconf 91' lang='lat' dir='ltr'>deprimunt,</span> <span class='ocrx_word' id='word_1_227' title='bbox 1851 3075 1966 3113; x_wconf 93' lang='lat' dir='ltr'>non</span> <span class='ocrx_word' id='word_1_228' title='bbox 2003 3045 2042 3100; x_wconf 64' lang='grc' dir='ltr'>(ἶ</span> 
     </span>
    </p>
   </div>
   <div class='ocr_carea' id='block_1_34' title="bbox 277 3137 1970 3210">
    <p class='ocr_par' dir='ltr' id='par_1_34' title="bbox 277 3137 1970 3210">
     <span class='ocr_line' id='line_1_34' title="bbox 277 3137 1970 3210; baseline 0.007 -20"><span class='ocrx_word' id='word_1_229' title='bbox 277 3137 345 3190; x_wconf 93' lang='lat' dir='ltr'>ad</span> <span class='ocrx_word' id='word_1_230' title='bbox 377 3137 798 3191; x_wconf 89' lang='lat' dir='ltr'>absolutionem</span> <span class='ocrx_word' id='word_1_231' title='bbox 829 3139 1023 3208; x_wconf 91' lang='lat' dir='ltr'>potius</span> <span class='ocrx_word' id='word_1_232' title='bbox 1056 3157 1228 3210; x_wconf 91' lang='lat' dir='ltr'>quam</span> <span class='ocrx_word' id='word_1_233' title='bbox 1266 3141 1334 3196; x_wconf 93' lang='lat' dir='ltr'>ad</span> <span class='ocrx_word' id='word_1_234' title='bbox 1357 3142 1739 3198; x_wconf 89' lang='lat' dir='ltr'>damnationis</span> <span class='ocrx_word' id='word_1_235' title='bbox 1772 3162 1970 3201; x_wconf 92' lang='lat' dir='ltr'>cumu-</span> 
     </span>
    </p>
   </div>
   <div class='ocr_carea' id='block_1_35' title="bbox 275 3226 1969 3303">
    <p class='ocr_par' dir='ltr' id='par_1_35' title="bbox 275 3226 1969 3303">
     <span class='ocr_line' id='line_1_35' title="bbox 275 3226 1969 3303; baseline 0.007 -25"><span class='ocrx_word' id='word_1_236' title='bbox 275 3226 397 3279; x_wconf 90' lang='lat' dir='ltr'>lum</span> <span class='ocrx_word' id='word_1_237' title='bbox 429 3227 726 3296; x_wconf 88' lang='lat' dir='ltr'>majorem,</span> <span class='ocrx_word' id='word_1_238' title='bbox 760 3243 960 3282; x_wconf 89' lang='lat' dir='ltr'>eorum</span> <span class='ocrx_word' id='word_1_239' title='bbox 987 3245 1230 3299; x_wconf 89' lang='lat' dir='ltr'>corpora</span> <span class='ocrx_word' id='word_1_240' title='bbox 1264 3231 1323 3283; x_wconf 91' lang='lat' dir='ltr'>in</span> <span class='ocrx_word' id='word_1_241' title='bbox 1369 3232 1624 3285; x_wconf 89' lang='lat' dir='ltr'>Ecclesiis</span> <span class='ocrx_word' id='word_1_242' title='bbox 1659 3241 1969 3303; x_wconf 90' lang='lat' dir='ltr'>ponuntur.</span> 
     </span>
    </p>
   </div>
   <div class='ocr_carea' id='block_1_36' title="bbox 277 3314 1972 3390">
    <p class='ocr_par' dir='ltr' id='par_1_36' title="bbox 277 3314 1972 3390">
     <span class='ocr_line' id='line_1_36' title="bbox 277 3314 1972 3390; baseline 0.007 -24"><span class='ocrx_word' id='word_1_243' title='bbox 277 3314 434 3378; x_wconf 90' lang='lat' dir='ltr'>Quod</span> <span class='ocrx_word' id='word_1_244' title='bbox 491 3315 697 3369; x_wconf 91' lang='lat' dir='ltr'>melius</span> <span class='ocrx_word' id='word_1_245' title='bbox 747 3317 1124 3384; x_wconf 87' lang='lat' dir='ltr'>ostendimus,</span> <span class='ocrx_word' id='word_1_246' title='bbox 1167 3317 1213 3371; x_wconf 90' lang='lat' dir='ltr'>si</span> <span class='ocrx_word' id='word_1_247' title='bbox 1257 3335 1324 3373; x_wconf 93' lang='lat' dir='ltr'>ea</span> <span class='ocrx_word' id='word_1_248' title='bbox 1355 3336 1478 3390; x_wconf 87' lang='lat' dir='ltr'>qua</span> <span class='ocrx_word' id='word_1_249' title='bbox 1526 3321 1724 3375; x_wconf 89' lang='lat' dir='ltr'>diebus</span> <span class='ocrx_word' id='word_1_250' title='bbox 1767 3325 1972 3378; x_wconf 81' lang='lat' dir='ltr'>nostris</span> 
     </span>
    </p>
   </div>
   <div class='ocr_carea' id='block_1_37' title="bbox 276 3404 1974 3482">
    <p class='ocr_par' dir='ltr' id='par_1_37' title="bbox 276 3404 1974 3482">
     <span class='ocr_line' id='line_1_37' title="bbox 276 3404 1974 3482; baseline 0.006 -26"><span class='ocrx_word' id='word_1_251' title='bbox 276 3407 431 3473; x_wconf 85' lang='lat' dir='ltr'>gesta</span> <span class='ocrx_word' id='word_1_252' title='bbox 461 3407 595 3457; x_wconf 89' lang='lat' dir='ltr'>sunt</span> <span class='ocrx_word' id='word_1_253' title='bbox 625 3404 874 3459; x_wconf 89' lang='lat' dir='ltr'>breviter</span> <span class='ocrx_word' id='word_1_254' title='bbox 903 3423 1256 3462; x_wconf 85' lang='lat' dir='ltr'>enarremus.</span> <span class='ocrx_word' id='word_1_255' title='bbox 1297 3409 1396 3461; x_wconf 90' lang='lat' dir='ltr'>Vir</span> <span class='ocrx_word' id='word_1_256' title='bbox 1425 3425 1673 3482; x_wconf 89' lang='lat' dir='ltr'>namque</span> <span class='ocrx_word' id='word_1_257' title='bbox 1708 3412 1835 3468; x_wconf 88' lang='lat' dir='ltr'>vita</span> <span class='ocrx_word' id='word_1_258' title='bbox 1886 3430 1974 3467; x_wconf 88' lang='lat' dir='ltr'>ve-</span> 
     </span>
    </p>
   </div>
   <div class='ocr_carea' id='block_1_38' title="bbox 277 3492 1971 3568">
    <p class='ocr_par' dir='ltr' id='par_1_38' title="bbox 277 3492 1971 3568">
     <span class='ocr_line' id='line_1_38' title="bbox 277 3492 1971 3568; baseline 0.008 -25"><span class='ocrx_word' id='word_1_259' title='bbox 277 3492 546 3546; x_wconf 91' lang='lat' dir='ltr'>nerabilis</span> <span class='ocrx_word' id='word_1_260' title='bbox 607 3494 761 3548; x_wconf 83' lang='lat' dir='ltr'>Felix</span> <span class='ocrx_word' id='word_1_261' title='bbox 806 3497 1133 3550; x_wconf 90' lang='lat' dir='ltr'>Portuensis</span> <span class='ocrx_word' id='word_1_262' title='bbox 1186 3497 1505 3568; x_wconf 90' lang='lat' dir='ltr'>episcopus,</span> <span class='ocrx_word' id='word_1_263' title='bbox 1557 3499 1617 3553; x_wconf 89' lang='lat' dir='ltr'>in</span> <span class='ocrx_word' id='word_1_264' title='bbox 1675 3501 1971 3557; x_wconf 89' lang='lat' dir='ltr'>Sabinensi</span> 
     </span>
    </p>
   </div>
   <div class='ocr_carea' id='block_1_39' title="bbox 275 3581 1971 3659">
    <p class='ocr_par' dir='ltr' id='par_1_39' title="bbox 275 3581 1971 3659">
     <span class='ocr_line' id='line_1_39' title="bbox 275 3581 1971 3659; baseline 0.008 -27"><span class='ocrx_word' id='word_1_265' title='bbox 275 3581 569 3649; x_wconf 89' lang='lat' dir='ltr'>provincia</span> <span class='ocrx_word' id='word_1_266' title='bbox 609 3587 767 3635; x_wconf 90' lang='lat' dir='ltr'>ortus</span> <span class='ocrx_word' id='word_1_267' title='bbox 811 3587 982 3654; x_wconf 91' lang='lat' dir='ltr'>atque</span> <span class='ocrx_word' id='word_1_268' title='bbox 1046 3585 1328 3639; x_wconf 88' lang='lat' dir='ltr'>enutritus</span> <span class='ocrx_word' id='word_1_269' title='bbox 1356 3593 1456 3648; x_wconf 87' lang='lat' dir='ltr'>est,</span> <span class='ocrx_word' id='word_1_270' title='bbox 1509 3588 1608 3658; x_wconf 91' lang='lat' dir='ltr'>qui</span> <span class='ocrx_word' id='word_1_271' title='bbox 1659 3592 1971 3659; x_wconf 90' lang='lat' dir='ltr'>quamdam</span> 
     </span>
    </p>
   </div>
   <div class='ocr_carea' id='block_1_40' title="bbox 277 3669 1970 3734">
    <p class='ocr_par' dir='ltr' id='par_1_40' title="bbox 277 3669 1970 3734">
     <span class='ocr_line' id='line_1_40' title="bbox 277 3669 1970 3734; baseline 0.008 -14"><span class='ocrx_word' id='word_1_272' title='bbox 277 3669 771 3724; x_wconf 88' lang='lat' dir='ltr'>sanctimonialem</span> <span class='ocrx_word' id='word_1_273' title='bbox 803 3671 1077 3726; x_wconf 83' lang='lat' dir='ltr'>feminam</span> <span class='ocrx_word' id='word_1_274' title='bbox 1103 3672 1164 3726; x_wconf 90' lang='lat' dir='ltr'>in</span> <span class='ocrx_word' id='word_1_275' title='bbox 1199 3675 1321 3728; x_wconf 94' lang='lat' dir='ltr'>loco</span> <span class='ocrx_word' id='word_1_276' title='bbox 1350 3676 1548 3730; x_wconf 89' lang='lat' dir='ltr'>eodem</span> <span class='ocrx_word' id='word_1_277' title='bbox 1587 3677 1760 3731; x_wconf 87' lang='lat' dir='ltr'>fuisse</span> <span class='ocrx_word' id='word_1_278' title='bbox 1798 3684 1970 3734; x_wconf 87' lang='lat' dir='ltr'>testa-</span> 
     </span>
    </p>
   </div>
   <div class='ocr_carea' id='block_1_41' title="bbox 274 3757 1972 3833">
    <p class='ocr_par' dir='ltr' id='par_1_41' title="bbox 274 3757 1972 3833">
     <span class='ocr_line' id='line_1_41' title="bbox 274 3757 1972 3833; baseline 0.009 -26"><span class='ocrx_word' id='word_1_279' title='bbox 274 3760 388 3822; x_wconf 89' lang='lat' dir='ltr'>tur,</span> <span class='ocrx_word' id='word_1_280' title='bbox 440 3772 570 3826; x_wconf 87' lang='lat' dir='ltr'>qua</span> <span class='ocrx_word' id='word_1_281' title='bbox 610 3757 796 3811; x_wconf 89' lang='lat' dir='ltr'>carnis</span> <span class='ocrx_word' id='word_1_282' title='bbox 845 3759 1078 3828; x_wconf 86' lang='lat' dir='ltr'>quidem</span> <span class='ocrx_word' id='word_1_283' title='bbox 1123 3761 1539 3816; x_wconf 87' lang='lat' dir='ltr'>continentiam</span> <span class='ocrx_word' id='word_1_284' title='bbox 1597 3765 1817 3833; x_wconf 90' lang='lat' dir='ltr'>habuit,</span> <span class='ocrx_word' id='word_1_285' title='bbox 1870 3768 1972 3822; x_wconf 92' lang='lat' dir='ltr'>sed</span> 
     </span>
    </p>
   </div>
   <div class='ocr_carea' id='block_1_42' title="bbox 276 3843 1969 3921">
    <p class='ocr_par' dir='ltr' id='par_1_42' title="bbox 276 3843 1969 3921">
     <span class='ocr_line' id='line_1_42' title="bbox 276 3843 1969 3921; baseline 0.009 -26"><span class='ocrx_word' id='word_1_286' title='bbox 276 3843 492 3911; x_wconf 88' lang='lat' dir='ltr'>lingua</span> <span class='ocrx_word' id='word_1_287' title='bbox 519 3848 923 3913; x_wconf 88' lang='lat' dir='ltr'>procacitatem</span> <span class='ocrx_word' id='word_1_288' title='bbox 955 3854 1126 3918; x_wconf 92' lang='lat' dir='ltr'>atque</span> <span class='ocrx_word' id='word_1_289' title='bbox 1162 3850 1584 3921; x_wconf 87' lang='lat' dir='ltr'>stultiloquium</span> <span class='ocrx_word' id='word_1_290' title='bbox 1634 3869 1748 3908; x_wconf 91' lang='lat' dir='ltr'>non</span> <span class='ocrx_word' id='word_1_291' title='bbox 1797 3857 1969 3911; x_wconf 90' lang='lat' dir='ltr'>decli-</span> 
     </span>
    </p>
   </div>
   <div class='ocr_carea' id='block_1_43' title="bbox 279 3930 1973 4014">
    <p class='ocr_par' dir='ltr' id='par_1_43' title="bbox 279 3930 1973 4014">
     <span class='ocr_line' id='line_1_43' title="bbox 279 3930 1973 4014; baseline 0.009 -29"><span class='ocrx_word' id='word_1_292' title='bbox 279 3930 451 3986; x_wconf 88' lang='lat' dir='ltr'>navit.</span> <span class='ocrx_word' id='word_1_293' title='bbox 487 3933 619 3987; x_wconf 85' lang='lat' dir='ltr'>Hac</span> <span class='ocrx_word' id='word_1_294' title='bbox 649 3934 824 4004; x_wconf 88' lang='lat' dir='ltr'>igitur</span> <span class='ocrx_word' id='word_1_295' title='bbox 851 3936 1136 4003; x_wconf 88' lang='lat' dir='ltr'>defuncta,</span> <span class='ocrx_word' id='word_1_296' title='bbox 1171 3943 1339 4008; x_wconf 90' lang='lat' dir='ltr'>atque</span> <span class='ocrx_word' id='word_1_297' title='bbox 1394 3939 1452 3992; x_wconf 93' lang='lat' dir='ltr'>in</span> <span class='ocrx_word' id='word_1_298' title='bbox 1481 3942 1724 3996; x_wconf 89' lang='lat' dir='ltr'>Ecclesia</span> <span class='ocrx_word' id='word_1_299' title='bbox 1749 3946 1973 4014; x_wconf 90' lang='lat' dir='ltr'>sepulta</span> 
     </span>
    </p>
   </div>
   <div class='ocr_carea' id='block_1_44' title="bbox 279 4023 1971 4096">
    <p class='ocr_par' dir='ltr' id='par_1_44' title="bbox 279 4023 1971 4096">
     <span class='ocr_line' id='line_1_44' title="bbox 279 4023 1971 4096; baseline 0.008 -21"><span class='ocrx_word' id='word_1_300' title='bbox 279 4027 382 4075; x_wconf 82' lang='lat' dir='ltr'>est.</span> <span class='ocrx_word' id='word_1_301' title='bbox 433 4023 603 4076; x_wconf 90' lang='lat' dir='ltr'>Nocte</span> <span class='ocrx_word' id='word_1_302' title='bbox 653 4030 841 4078; x_wconf 88' lang='lat' dir='ltr'>autem</span> <span class='ocrx_word' id='word_1_303' title='bbox 887 4026 1088 4079; x_wconf 92' lang='lat' dir='ltr'>eadem</span> <span class='ocrx_word' id='word_1_304' title='bbox 1141 4026 1393 4096; x_wconf 87' lang='lat' dir='ltr'>ejusdem</span> <span class='ocrx_word' id='word_1_305' title='bbox 1476 4031 1732 4086; x_wconf 85' lang='lat' dir='ltr'>Ecclesia</span> <span class='ocrx_word' id='word_1_306' title='bbox 1783 4041 1971 4090; x_wconf 91' lang='lat' dir='ltr'>custos</span> 
     </span>
    </p>
   </div>
   <div class='ocr_carea' id='block_1_45' title="bbox 279 4112 1970 4185">
    <p class='ocr_par' dir='ltr' id='par_1_45' title="bbox 279 4112 1970 4185">
     <span class='ocr_line' id='line_1_45' title="bbox 279 4112 1970 4185; baseline 0.008 -22"><span class='ocrx_word' id='word_1_307' title='bbox 279 4125 383 4179; x_wconf 89' lang='lat' dir='ltr'>per</span> <span class='ocrx_word' id='word_1_308' title='bbox 434 4112 840 4166; x_wconf 87' lang='lat' dir='ltr'>revelationem</span> <span class='ocrx_word' id='word_1_309' title='bbox 915 4114 1075 4180; x_wconf 84' lang='lat' dir='ltr'>vidit,</span> <span class='ocrx_word' id='word_1_310' title='bbox 1139 4115 1273 4185; x_wconf 89' lang='lat' dir='ltr'>quia</span> <span class='ocrx_word' id='word_1_311' title='bbox 1340 4117 1508 4172; x_wconf 90' lang='lat' dir='ltr'>ducta</span> <span class='ocrx_word' id='word_1_312' title='bbox 1561 4126 1694 4174; x_wconf 91' lang='lat' dir='ltr'>ante</span> <span class='ocrx_word' id='word_1_313' title='bbox 1747 4138 1970 4178; x_wconf 91' lang='lat' dir='ltr'>sacrum</span> 
     </span>
    </p>
   </div>
   <div class='ocr_carea' id='block_1_46' title="bbox 283 4200 1973 4281">
    <p class='ocr_par' dir='ltr' id='par_1_46' title="bbox 283 4200 1973 4281">
     <span class='ocr_line' id='line_1_46' title="bbox 283 4200 1973 4281; baseline 0.007 -28"><span class='ocrx_word' id='word_1_314' title='bbox 283 4200 458 4253; x_wconf 85' lang='lat' dir='ltr'>altare</span> <span class='ocrx_word' id='word_1_315' title='bbox 508 4218 611 4271; x_wconf 90' lang='lat' dir='ltr'>per</span> <span class='ocrx_word' id='word_1_316' title='bbox 659 4203 912 4257; x_wconf 89' lang='lat' dir='ltr'>medium</span> <span class='ocrx_word' id='word_1_317' title='bbox 959 4203 1275 4271; x_wconf 87' lang='lat' dir='ltr'>secabatur,</span> <span class='ocrx_word' id='word_1_318' title='bbox 1316 4223 1448 4276; x_wconf 89' lang='lat' dir='ltr'>pars</span> <span class='ocrx_word' id='word_1_319' title='bbox 1494 4223 1609 4261; x_wconf 88' lang='lat' dir='ltr'>una</span> <span class='ocrx_word' id='word_1_320' title='bbox 1656 4209 1808 4263; x_wconf 90' lang='lat' dir='ltr'>illius</span> <span class='ocrx_word' id='word_1_321' title='bbox 1850 4211 1973 4281; x_wconf 87' lang='lat' dir='ltr'>igni</span> 
     </span>
    </p>
   </div>
   <div class='ocr_carea' id='block_1_47' title="bbox 2001 1764 2942 1834">
    <p class='ocr_par' dir='ltr' id='par_1_47' title="bbox 2001 1764 2942 1834">
     <span class='ocr_line' id='line_1_47' title="bbox 2001 1764 2942 1834; baseline 0 -18"><span class='ocrx_word' id='word_1_322' title='bbox 2001 1768 2042 1822; x_wconf 94' lang='lat' dir='ltr'><strong>B</strong></span> <span class='ocrx_word' id='word_1_323' title='bbox 2080 1764 2350 1818; x_wconf 91' lang='lat' dir='ltr'>nerabilis</span> <span class='ocrx_word' id='word_1_324' title='bbox 2405 1770 2567 1834; x_wconf 88' lang='lat' dir='ltr'>pater</span> <span class='ocrx_word' id='word_1_325' title='bbox 2638 1765 2942 1818; x_wconf 85' lang='lat' dir='ltr'>Venentius</span> 
     </span>
    </p>
   </div>
   <div class='ocr_carea' id='block_1_48' title="bbox 2081 581 3786 652">
    <p class='ocr_par' dir='ltr' id='par_1_48' title="bbox 2081 581 3786 652">
     <span class='ocr_line' id='line_1_48' title="bbox 2081 581 3786 652; baseline 0.002 -18"><span class='ocrx_word' id='word_1_326' title='bbox 2081 582 2334 652; x_wconf 90' lang='lat' dir='ltr'>dumque</span> <span class='ocrx_word' id='word_1_327' title='bbox 2365 581 2479 634; x_wconf 90' lang='lat' dir='ltr'>suis</span> <span class='ocrx_word' id='word_1_328' title='bbox 2509 581 2880 652; x_wconf 90' lang='lat' dir='ltr'>pravitatibus</span> <span class='ocrx_word' id='word_1_329' title='bbox 2909 597 3125 651; x_wconf 90' lang='lat' dir='ltr'>ponere</span> <span class='ocrx_word' id='word_1_330' title='bbox 3169 583 3532 652; x_wconf 89' lang='lat' dir='ltr'>contempsit.</span> <span class='ocrx_word' id='word_1_331' title='bbox 3578 584 3786 638; x_wconf 87' lang='lat' dir='ltr'>Eadem</span> 
     </span>
    </p>
   </div>
   <div class='ocr_carea' id='block_1_49' title="bbox 2080 671 3781 740">
    <p class='ocr_par' dir='ltr' id='par_1_49' title="bbox 2080 671 3781 740">
     <span class='ocr_line' id='line_1_49' title="bbox 2080 671 3781 740; baseline 0 -18"><span class='ocrx_word' id='word_1_332' title='bbox 2080 686 2213 722; x_wconf 87' lang='lat' dir='ltr'>vero</span> <span class='ocrx_word' id='word_1_333' title='bbox 2235 675 2399 723; x_wconf 89' lang='lat' dir='ltr'>nocte</span> <span class='ocrx_word' id='word_1_334' title='bbox 2433 686 2547 740; x_wconf 90' lang='lat' dir='ltr'>qua</span> <span class='ocrx_word' id='word_1_335' title='bbox 2588 671 2844 739; x_wconf 87' lang='lat' dir='ltr'>sepultus</span> <span class='ocrx_word' id='word_1_336' title='bbox 2873 675 2976 736; x_wconf 90' lang='lat' dir='ltr'>est,</span> <span class='ocrx_word' id='word_1_337' title='bbox 3024 671 3222 724; x_wconf 91' lang='lat' dir='ltr'>beatus</span> <span class='ocrx_word' id='word_1_338' title='bbox 3275 671 3581 725; x_wconf 84' lang='lat' dir='ltr'>Faustinus</span> <span class='ocrx_word' id='word_1_339' title='bbox 3633 687 3781 724; x_wconf 88' lang='lat' dir='ltr'>mar-</span> 
     </span>
    </p>
   </div>
   <div class='ocr_carea' id='block_1_50' title="bbox 2082 758 3778 829">
    <p class='ocr_par' dir='ltr' id='par_1_50' title="bbox 2082 758 3778 829">
     <span class='ocr_line' id='line_1_50' title="bbox 2082 758 3778 829; baseline 0.001 -18"><span class='ocrx_word' id='word_1_340' title='bbox 2082 764 2192 828; x_wconf 89' lang='lat' dir='ltr'>tyr,</span> <span class='ocrx_word' id='word_1_341' title='bbox 2245 759 2305 811; x_wconf 92' lang='lat' dir='ltr'>in</span> <span class='ocrx_word' id='word_1_342' title='bbox 2361 759 2522 828; x_wconf 87' lang='lat' dir='ltr'>cujus</span> <span class='ocrx_word' id='word_1_343' title='bbox 2576 758 2815 812; x_wconf 90' lang='lat' dir='ltr'>Ecclesia</span> <span class='ocrx_word' id='word_1_344' title='bbox 2878 775 3085 829; x_wconf 89' lang='lat' dir='ltr'>corpus</span> <span class='ocrx_word' id='word_1_345' title='bbox 3139 760 3264 829; x_wconf 86' lang='lat' dir='ltr'>ejus</span> <span class='ocrx_word' id='word_1_346' title='bbox 3315 761 3424 813; x_wconf 87' lang='lat' dir='ltr'>fuit</span> <span class='ocrx_word' id='word_1_347' title='bbox 3471 761 3778 814; x_wconf 84' lang='lat' dir='ltr'>humatum</span> 
     </span>
    </p>
   </div>
   <div class='ocr_carea' id='block_1_51' title="bbox 2083 847 3784 919">
    <p class='ocr_par' dir='ltr' id='par_1_51' title="bbox 2083 847 3784 919">
     <span class='ocr_line' id='line_1_51' title="bbox 2083 847 3784 919; baseline -0.001 -18"><span class='ocrx_word' id='word_1_348' title='bbox 2083 847 2304 902; x_wconf 89' lang='lat' dir='ltr'>custodi</span> <span class='ocrx_word' id='word_1_349' title='bbox 2331 863 2436 900; x_wconf 89' lang='lat' dir='ltr'>suo</span> <span class='ocrx_word' id='word_1_350' title='bbox 2466 847 2734 918; x_wconf 90' lang='lat' dir='ltr'>apparuit</span> <span class='ocrx_word' id='word_1_351' title='bbox 2777 847 2969 900; x_wconf 91' lang='lat' dir='ltr'>dicens</span> <span class='ocrx_word' id='word_1_352' title='bbox 3002 863 3016 901; x_wconf 88' lang='lat'><strong>:</strong></span> <span class='ocrx_word' id='word_1_353' title='bbox 3059 848 3210 901; x_wconf 86' lang='lat' dir='ltr'>Vade</span> <span class='ocrx_word' id='word_1_354' title='bbox 3265 854 3320 901; x_wconf 89' lang='lat' dir='ltr'>et</span> <span class='ocrx_word' id='word_1_355' title='bbox 3348 849 3437 901; x_wconf 92' lang='lat' dir='ltr'>dic</span> <span class='ocrx_word' id='word_1_356' title='bbox 3484 850 3784 919; x_wconf 89' lang='lat' dir='ltr'>episcopo,</span> 
     </span>
    </p>
   </div>
   <div class='ocr_carea' id='block_1_52' title="bbox 2083 933 3786 1006">
    <p class='ocr_par' dir='ltr' id='par_1_52' title="bbox 2083 933 3786 1006">
     <span class='ocr_line' id='line_1_52' title="bbox 2083 933 3786 1006; baseline 0.001 -20"><span class='ocrx_word' id='word_1_357' title='bbox 2083 933 2349 1004; x_wconf 89' lang='lat' dir='ltr'>projiciat</span> <span class='ocrx_word' id='word_1_358' title='bbox 2374 935 2506 988; x_wconf 89' lang='lat' dir='ltr'>hinc</span> <span class='ocrx_word' id='word_1_359' title='bbox 2540 935 2782 988; x_wconf 89' lang='lat' dir='ltr'>fetentes</span> <span class='ocrx_word' id='word_1_360' title='bbox 2810 951 3010 988; x_wconf 89' lang='lat' dir='ltr'>carnes</span> <span class='ocrx_word' id='word_1_361' title='bbox 3049 952 3192 1005; x_wconf 88' lang='lat' dir='ltr'>quas</span> <span class='ocrx_word' id='word_1_362' title='bbox 3220 935 3314 989; x_wconf 89' lang='lat' dir='ltr'>hic</span> <span class='ocrx_word' id='word_1_363' title='bbox 3361 937 3578 1004; x_wconf 90' lang='lat' dir='ltr'>posuit,</span> <span class='ocrx_word' id='word_1_364' title='bbox 3627 936 3786 1006; x_wconf 91' lang='lat' dir='ltr'>quia,</span> 
     </span>
    </p>
   </div>
   <div class='ocr_carea' id='block_1_53' title="bbox 2084 1022 3787 1094">
    <p class='ocr_par' dir='ltr' id='par_1_53' title="bbox 2084 1022 3787 1094">
     <span class='ocr_line' id='line_1_53' title="bbox 2084 1022 3787 1094; baseline 0 -18"><span class='ocrx_word' id='word_1_365' title='bbox 2084 1022 2278 1076; x_wconf 88' lang='lat' dir='ltr'>sinon</span> <span class='ocrx_word' id='word_1_366' title='bbox 2315 1023 2528 1089; x_wconf 87' lang='lat' dir='ltr'>fecerit,</span> <span class='ocrx_word' id='word_1_367' title='bbox 2584 1024 2704 1094; x_wconf 90' lang='lat' dir='ltr'>ipse</span> <span class='ocrx_word' id='word_1_368' title='bbox 2758 1023 2848 1077; x_wconf 89' lang='lat' dir='ltr'>die</span> <span class='ocrx_word' id='word_1_369' title='bbox 2898 1023 3195 1092; x_wconf 88' lang='lat' dir='ltr'>trigesimo</span> <span class='ocrx_word' id='word_1_370' title='bbox 3249 1025 3546 1078; x_wconf 88' lang='lat' dir='ltr'>morietur.</span> <span class='ocrx_word' id='word_1_371' title='bbox 3601 1025 3787 1088; x_wconf 89' lang='lat' dir='ltr'>Quam</span> 
     </span>
    </p>
   </div>
   <div class='ocr_carea' id='block_1_54' title="bbox 2084 1110 3786 1182">
    <p class='ocr_par' dir='ltr' id='par_1_54' title="bbox 2084 1110 3786 1182">
     <span class='ocr_line' id='line_1_54' title="bbox 2084 1110 3786 1182; baseline 0.001 -20"><span class='ocrx_word' id='word_1_372' title='bbox 2084 1110 2360 1165; x_wconf 89' lang='lat' dir='ltr'>visionem</span> <span class='ocrx_word' id='word_1_373' title='bbox 2392 1117 2581 1165; x_wconf 90' lang='lat' dir='ltr'>custos</span> <span class='ocrx_word' id='word_1_374' title='bbox 2609 1112 2880 1182; x_wconf 89' lang='lat' dir='ltr'>episcopo</span> <span class='ocrx_word' id='word_1_375' title='bbox 2939 1113 3132 1165; x_wconf 89' lang='lat' dir='ltr'>timuit</span> <span class='ocrx_word' id='word_1_376' title='bbox 3178 1113 3459 1180; x_wconf 82' lang='lat' dir='ltr'>conﬁteri,</span> <span class='ocrx_word' id='word_1_377' title='bbox 3491 1119 3546 1166; x_wconf 92' lang='lat' dir='ltr'>et</span> <span class='ocrx_word' id='word_1_378' title='bbox 3587 1129 3786 1166; x_wconf 84' lang='lat' dir='ltr'>rursus</span> 
     </span>
    </p>
   </div>
   <div class='ocr_carea' id='block_1_55' title="bbox 2084 1201 3786 1272">
    <p class='ocr_par' dir='ltr' id='par_1_55' title="bbox 2084 1201 3786 1272">
     <span class='ocr_line' id='line_1_55' title="bbox 2084 1201 3786 1272; baseline 0 -18"><span class='ocrx_word' id='word_1_379' title='bbox 2084 1201 2415 1254; x_wconf 92' lang='lat' dir='ltr'>admonitus</span> <span class='ocrx_word' id='word_1_380' title='bbox 2441 1201 2764 1254; x_wconf 86' lang='lat' dir='ltr'>declinavit.</span> <span class='ocrx_word' id='word_1_381' title='bbox 2818 1202 2918 1255; x_wconf 90' lang='lat' dir='ltr'>Die</span> <span class='ocrx_word' id='word_1_382' title='bbox 2949 1206 3140 1255; x_wconf 90' lang='lat' dir='ltr'>autem</span> <span class='ocrx_word' id='word_1_383' title='bbox 3175 1202 3490 1272; x_wconf 76' lang='lat' dir='ltr'>trigesimo,</span> <span class='ocrx_word' id='word_1_384' title='bbox 3523 1203 3786 1270; x_wconf 84' lang='lat' dir='ltr'>ejusdem</span> 
     </span>
    </p>
   </div>
   <div class='ocr_carea' id='block_1_56' title="bbox 2084 1289 3787 1360">
    <p class='ocr_par' dir='ltr' id='par_1_56' title="bbox 2084 1289 3787 1360">
     <span class='ocr_line' id='line_1_56' title="bbox 2084 1289 3787 1360; baseline 0.001 -18"><span class='ocrx_word' id='word_1_385' title='bbox 2084 1289 2325 1343; x_wconf 87' lang='lat' dir='ltr'>civitatis</span> <span class='ocrx_word' id='word_1_386' title='bbox 2354 1291 2674 1360; x_wconf 90' lang='lat' dir='ltr'>episcopus,</span> <span class='ocrx_word' id='word_1_387' title='bbox 2707 1305 2836 1342; x_wconf 90' lang='lat' dir='ltr'>cum</span> <span class='ocrx_word' id='word_1_388' title='bbox 2869 1290 3194 1359; x_wconf 78' lang='lat' dir='ltr'>vespertina</span> <span class='ocrx_word' id='word_1_389' title='bbox 3234 1291 3376 1342; x_wconf 88' lang='lat' dir='ltr'>hora</span> <span class='ocrx_word' id='word_1_390' title='bbox 3407 1307 3580 1342; x_wconf 88' lang='lat' dir='ltr'>sanus</span> <span class='ocrx_word' id='word_1_391' title='bbox 3611 1295 3787 1360; x_wconf 87' lang='lat' dir='ltr'>atque</span> 
     </span>
    </p>
   </div>
   <div class='ocr_carea' id='block_1_57' title="bbox 2082 1377 3790 1448">
    <p class='ocr_par' dir='ltr' id='par_1_57' title="bbox 2082 1377 3790 1448">
     <span class='ocr_line' id='line_1_57' title="bbox 2082 1377 3790 1448; baseline 0.001 -18"><span class='ocrx_word' id='word_1_392' title='bbox 2082 1377 2390 1432; x_wconf 89' lang='lat' dir='ltr'>incolumis</span> <span class='ocrx_word' id='word_1_393' title='bbox 2455 1378 2524 1432; x_wconf 93' lang='lat' dir='ltr'>ad</span> <span class='ocrx_word' id='word_1_394' title='bbox 2575 1379 2786 1432; x_wconf 85' lang='lat' dir='ltr'>lectum</span> <span class='ocrx_word' id='word_1_395' title='bbox 2831 1378 3092 1444; x_wconf 67' lang='lat' dir='ltr'>redisset,</span> <span class='ocrx_word' id='word_1_396' title='bbox 3144 1378 3330 1431; x_wconf 86' lang='lat' dir='ltr'>subita</span> <span class='ocrx_word' id='word_1_397' title='bbox 3381 1383 3436 1431; x_wconf 92' lang='lat' dir='ltr'>et</span> <span class='ocrx_word' id='word_1_398' title='bbox 3484 1379 3790 1448; x_wconf 91' lang='lat' dir='ltr'>inopinata</span> 
     </span>
    </p>
   </div>
   <div class='ocr_carea' id='block_1_58' title="bbox 2085 1467 2737 1521">
    <p class='ocr_par' dir='ltr' id='par_1_58' title="bbox 2085 1467 2737 1521">
     <span class='ocr_line' id='line_1_58' title="bbox 2085 1467 2737 1521; baseline 0 -1"><span class='ocrx_word' id='word_1_399' title='bbox 2085 1472 2265 1521; x_wconf 89' lang='lat' dir='ltr'>morte</span> <span class='ocrx_word' id='word_1_400' title='bbox 2297 1467 2600 1520; x_wconf 91' lang='lat' dir='ltr'>defunctus</span> <span class='ocrx_word' id='word_1_401' title='bbox 2631 1472 2737 1521; x_wconf 91' lang='lat' dir='ltr'>est.</span> 
     </span>
    </p>
   </div>
   <div class='ocr_carea' id='block_1_59' title="bbox 2499 1572 3358 1626">
    <p class='ocr_par' dir='ltr' id='par_1_59' title="bbox 2499 1572 3358 1626">
     <span class='ocr_line' id='line_1_59' title="bbox 2499 1572 3358 1626; baseline -0.003 0"><span class='ocrx_word' id='word_1_402' title='bbox 2499 1572 2627 1626; x_wconf 81' lang='lat' dir='ltr'>CAP.</span> <span class='ocrx_word' id='word_1_403' title='bbox 2663 1572 2811 1626; x_wconf 85' lang='lat' dir='ltr'>CLV.</span> <span class='ocrx_word' id='word_1_404' title='bbox 2849 1601 2916 1611; x_wconf 97' lang='lat'>—</span> <span class='ocrx_word' id='word_1_405' title='bbox 2951 1573 3031 1625; x_wconf 86' lang='lat' dir='ltr'>De</span> <span class='ocrx_word' id='word_1_406' title='bbox 3069 1572 3257 1626; x_wconf 84' lang='lat' dir='ltr'>eadem</span> <span class='ocrx_word' id='word_1_407' title='bbox 3281 1587 3358 1624; x_wconf 79' lang='lat' dir='ltr'>re.</span> 
     </span>
    </p>
   </div>
   <div class='ocr_carea' id='block_1_60' title="bbox 2156 1676 3788 1747">
    <p class='ocr_par' dir='ltr' id='par_1_60' title="bbox 2156 1676 3788 1747">
     <span class='ocr_line' id='line_1_60' title="bbox 2156 1676 3788 1747; baseline -0.001 -15"><span class='ocrx_word' id='word_1_408' title='bbox 2156 1676 2312 1746; x_wconf 83' lang='lat' dir='ltr'>(Item</span> <span class='ocrx_word' id='word_1_409' title='bbox 2346 1677 2528 1746; x_wconf 74' lang='lat' dir='ltr'>Greg.)</span> <span class='ocrx_word' id='word_1_410' title='bbox 2591 1678 2764 1730; x_wconf 87' lang='lat' dir='ltr'>Adest</span> <span class='ocrx_word' id='word_1_411' title='bbox 2795 1694 3024 1747; x_wconf 89' lang='lat' dir='ltr'>quoque</span> <span class='ocrx_word' id='word_1_412' title='bbox 3073 1677 3132 1730; x_wconf 92' lang='lat' dir='ltr'>in</span> <span class='ocrx_word' id='word_1_413' title='bbox 3178 1677 3444 1747; x_wconf 85' lang='lat' dir='ltr'>prasenti</span> <span class='ocrx_word' id='word_1_414' title='bbox 3476 1693 3647 1730; x_wconf 85' lang='lat' dir='ltr'>senex</span> <span class='ocrx_word' id='word_1_415' title='bbox 3679 1691 3788 1730; x_wconf 87' lang='lat' dir='ltr'>ve-</span> 
     </span>
    </p>
   </div>
   <div class='ocr_carea' id='block_1_61' title="bbox 3019 1765 3790 1836">
    <p class='ocr_par' dir='ltr' id='par_1_61' title="bbox 3019 1765 3790 1836">
     <span class='ocr_line' id='line_1_61' title="bbox 3019 1765 3790 1836; baseline -0.001 -17"><span class='ocrx_word' id='word_1_416' title='bbox 3019 1766 3295 1819; x_wconf 88' lang='lat' dir='ltr'>Lunensis</span> <span class='ocrx_word' id='word_1_417' title='bbox 3355 1765 3679 1836; x_wconf 90' lang='lat' dir='ltr'>episcopus,</span> <span class='ocrx_word' id='word_1_418' title='bbox 3733 1768 3790 1818; x_wconf 86' lang='lat' dir='ltr'>et</span> 
     </span>
    </p>
   </div>
   <div class='ocr_carea' id='block_1_62' title="bbox 2082 1851 3785 1924">
    <p class='ocr_par' dir='ltr' id='par_1_62' title="bbox 2082 1851 3785 1924">
     <span class='ocr_line' id='line_1_62' title="bbox 2082 1851 3785 1924; baseline 0 -18"><span class='ocrx_word' id='word_1_419' title='bbox 2082 1851 2422 1923; x_wconf 84' lang='lat' dir='ltr'>magniﬁcus</span> <span class='ocrx_word' id='word_1_420' title='bbox 2453 1853 2706 1909; x_wconf 82' lang='lat' dir='ltr'>Liberius</span> <span class='ocrx_word' id='word_1_421' title='bbox 2748 1853 2833 1906; x_wconf 93' lang='lat' dir='ltr'>vir</span> <span class='ocrx_word' id='word_1_422' title='bbox 2885 1853 3270 1907; x_wconf 89' lang='lat' dir='ltr'>nobilissimus</span> <span class='ocrx_word' id='word_1_423' title='bbox 3331 1861 3501 1924; x_wconf 85' lang='lat' dir='ltr'>atque</span> <span class='ocrx_word' id='word_1_424' title='bbox 3541 1852 3785 1906; x_wconf 87' lang='lat' dir='ltr'>veracis-</span> 
     </span>
    </p>
   </div>
   <div class='ocr_carea' id='block_1_63' title="bbox 2082 1941 3787 2013">
    <p class='ocr_par' dir='ltr' id='par_1_63' title="bbox 2082 1941 3787 2013">
     <span class='ocr_line' id='line_1_63' title="bbox 2082 1941 3787 2013; baseline 0.001 -19"><span class='ocrx_word' id='word_1_425' title='bbox 2082 1941 2281 2008; x_wconf 91' lang='lat' dir='ltr'>simus,</span> <span class='ocrx_word' id='word_1_426' title='bbox 2339 1943 2439 2013; x_wconf 89' lang='lat' dir='ltr'>qui</span> <span class='ocrx_word' id='word_1_427' title='bbox 2495 1959 2553 1996; x_wconf 91' lang='lat' dir='ltr'>se</span> <span class='ocrx_word' id='word_1_428' title='bbox 2614 1944 2754 1995; x_wconf 90' lang='lat' dir='ltr'>scire</span> <span class='ocrx_word' id='word_1_429' title='bbox 2823 1957 3068 2012; x_wconf 87' lang='lat' dir='ltr'>suosque</span> <span class='ocrx_word' id='word_1_430' title='bbox 3139 1942 3400 1995; x_wconf 89' lang='lat' dir='ltr'>homines</span> <span class='ocrx_word' id='word_1_431' title='bbox 3456 1941 3787 1995; x_wconf 85' lang='lat' dir='ltr'>interfuisse</span> 
     </span>
    </p>
   </div>
   <div class='ocr_carea' id='block_1_64' title="bbox 2080 2029 3785 2100">
    <p class='ocr_par' dir='ltr' id='par_1_64' title="bbox 2080 2029 3785 2100">
     <span class='ocr_line' id='line_1_64' title="bbox 2080 2029 3785 2100; baseline -0.002 -14"><span class='ocrx_word' id='word_1_432' title='bbox 2080 2036 2363 2087; x_wconf 85' lang='lat' dir='ltr'>testantur</span> <span class='ocrx_word' id='word_1_433' title='bbox 2393 2031 2446 2084; x_wconf 91' lang='lat' dir='ltr'>ei</span> <span class='ocrx_word' id='word_1_434' title='bbox 2480 2031 2584 2097; x_wconf 88' lang='lat' dir='ltr'>rei,</span> <span class='ocrx_word' id='word_1_435' title='bbox 2631 2047 2802 2100; x_wconf 86' lang='lat' dir='ltr'>quam</span> <span class='ocrx_word' id='word_1_436' title='bbox 2851 2035 3088 2084; x_wconf 92' lang='lat' dir='ltr'>narrant</span> <span class='ocrx_word' id='word_1_437' title='bbox 3139 2047 3325 2100; x_wconf 89' lang='lat' dir='ltr'>nuper</span> <span class='ocrx_word' id='word_1_438' title='bbox 3370 2029 3430 2082; x_wconf 91' lang='lat' dir='ltr'>in</span> <span class='ocrx_word' id='word_1_439' title='bbox 3485 2030 3785 2085; x_wconf 88' lang='lat' dir='ltr'>Genuensi</span> 
     </span>
    </p>
   </div>
   <div class='ocr_carea' id='block_1_65' title="bbox 2080 2119 3787 2189">
    <p class='ocr_par' dir='ltr' id='par_1_65' title="bbox 2080 2119 3787 2189">
     <span class='ocr_line' id='line_1_65' title="bbox 2080 2119 3787 2189; baseline -0.002 -14"><span class='ocrx_word' id='word_1_440' title='bbox 2080 2123 2224 2175; x_wconf 90' lang='lat' dir='ltr'>urbe</span> <span class='ocrx_word' id='word_1_441' title='bbox 2254 2120 2576 2188; x_wconf 85' lang='lat' dir='ltr'>contigisse.</span> <span class='ocrx_word' id='word_1_442' title='bbox 2602 2119 2686 2172; x_wconf 90' lang='lat' dir='ltr'>Ibi</span> <span class='ocrx_word' id='word_1_443' title='bbox 2713 2135 2978 2189; x_wconf 89' lang='lat' dir='ltr'>namque,</span> <span class='ocrx_word' id='word_1_444' title='bbox 3015 2125 3076 2172; x_wconf 91' lang='lat' dir='ltr'>ut</span> <span class='ocrx_word' id='word_1_445' title='bbox 3097 2119 3309 2182; x_wconf 91' lang='lat' dir='ltr'>dicunt,</span> <span class='ocrx_word' id='word_1_446' title='bbox 3328 2119 3660 2171; x_wconf 86' lang='lat' dir='ltr'>Valentinus</span> <span class='ocrx_word' id='word_1_447' title='bbox 3686 2134 3787 2171; x_wconf 91' lang='lat' dir='ltr'>no-</span> 
     </span>
    </p>
   </div>
   <div class='ocr_carea' id='block_1_66' title="bbox 2083 2207 3782 2274">
    <p class='ocr_par' dir='ltr' id='par_1_66' title="bbox 2083 2207 3782 2274">
     <span class='ocr_line' id='line_1_66' title="bbox 2083 2207 3782 2274; baseline -0.003 -11"><span class='ocrx_word' id='word_1_448' title='bbox 2083 2211 2236 2264; x_wconf 88' lang='lat' dir='ltr'>mine</span> <span class='ocrx_word' id='word_1_449' title='bbox 2267 2208 2697 2263; x_wconf 85' lang='lat' dir='ltr'>Mediolanensis</span> <span class='ocrx_word' id='word_1_450' title='bbox 2736 2207 2998 2261; x_wconf 88' lang='lat' dir='ltr'>Ecclesia</span> <span class='ocrx_word' id='word_1_451' title='bbox 3041 2207 3307 2262; x_wconf 91' lang='lat' dir='ltr'>defensor</span> <span class='ocrx_word' id='word_1_452' title='bbox 3338 2207 3641 2261; x_wconf 92' lang='lat' dir='ltr'>defunctus</span> <span class='ocrx_word' id='word_1_453' title='bbox 3672 2211 3782 2274; x_wconf 88' lang='lat' dir='ltr'>est,</span> 
     </span>
    </p>
   </div>
   <div class='ocr_carea' id='block_1_67' title="bbox 2078 2297 3784 2366">
    <p class='ocr_par' dir='ltr' id='par_1_67' title="bbox 2078 2297 3784 2366">
     <span class='ocr_line' id='line_1_67' title="bbox 2078 2297 3784 2366; baseline -0.002 -15"><span class='ocrx_word' id='word_1_454' title='bbox 2078 2298 2164 2351; x_wconf 91' lang='lat' dir='ltr'>vir</span> <span class='ocrx_word' id='word_1_455' title='bbox 2217 2297 2378 2350; x_wconf 87' lang='lat' dir='ltr'>valde</span> <span class='ocrx_word' id='word_1_456' title='bbox 2430 2297 2704 2362; x_wconf 89' lang='lat' dir='ltr'>lubricus,</span> <span class='ocrx_word' id='word_1_457' title='bbox 2765 2302 2823 2350; x_wconf 91' lang='lat' dir='ltr'>et</span> <span class='ocrx_word' id='word_1_458' title='bbox 2878 2297 3096 2350; x_wconf 90' lang='lat' dir='ltr'>cunctis</span> <span class='ocrx_word' id='word_1_459' title='bbox 3153 2297 3478 2350; x_wconf 81' lang='lat' dir='ltr'>levitatibus</span> <span class='ocrx_word' id='word_1_460' title='bbox 3533 2312 3784 2366; x_wconf 92' lang='lat' dir='ltr'>occupa-</span> 
     </span>
    </p>
   </div>
   <div class='ocr_carea' id='block_1_68' title="bbox 2080 2385 3788 2456">
    <p class='ocr_par' dir='ltr' id='par_1_68' title="bbox 2080 2385 3788 2456">
     <span class='ocr_line' id='line_1_68' title="bbox 2080 2385 3788 2456; baseline 0 -16"><span class='ocrx_word' id='word_1_461' title='bbox 2080 2392 2192 2452; x_wconf 91' lang='lat' dir='ltr'>tus,</span> <span class='ocrx_word' id='word_1_462' title='bbox 2225 2387 2386 2456; x_wconf 89' lang='lat' dir='ltr'>cujus</span> <span class='ocrx_word' id='word_1_463' title='bbox 2415 2401 2623 2455; x_wconf 91' lang='lat' dir='ltr'>corpus</span> <span class='ocrx_word' id='word_1_464' title='bbox 2652 2385 2711 2438; x_wconf 94' lang='lat' dir='ltr'>in</span> <span class='ocrx_word' id='word_1_465' title='bbox 2762 2385 2997 2438; x_wconf 90' lang='lat' dir='ltr'>ecclesia</span> <span class='ocrx_word' id='word_1_466' title='bbox 3040 2385 3192 2439; x_wconf 88' lang='lat' dir='ltr'>beati</span> <span class='ocrx_word' id='word_1_467' title='bbox 3224 2385 3491 2454; x_wconf 83' lang='lat' dir='ltr'>martyris</span> <span class='ocrx_word' id='word_1_468' title='bbox 3521 2385 3646 2456; x_wconf 86' lang='lat' dir='ltr'>Syri</span> <span class='ocrx_word' id='word_1_469' title='bbox 3699 2402 3788 2440; x_wconf 89' lang='lat' dir='ltr'>se-</span> 
     </span>
    </p>
   </div>
   <div class='ocr_carea' id='block_1_69' title="bbox 2080 2473 3791 2545">
    <p class='ocr_par' dir='ltr' id='par_1_69' title="bbox 2080 2473 3791 2545">
     <span class='ocr_line' id='line_1_69' title="bbox 2080 2473 3791 2545; baseline -0.001 -16"><span class='ocrx_word' id='word_1_470' title='bbox 2080 2476 2306 2545; x_wconf 91' lang='lat' dir='ltr'>pultum</span> <span class='ocrx_word' id='word_1_471' title='bbox 2361 2479 2465 2540; x_wconf 92' lang='lat' dir='ltr'>est,</span> <span class='ocrx_word' id='word_1_472' title='bbox 2512 2475 2682 2527; x_wconf 81' lang='lat' dir='ltr'>Nocte</span> <span class='ocrx_word' id='word_1_473' title='bbox 2722 2479 2913 2526; x_wconf 89' lang='lat' dir='ltr'>autem</span> <span class='ocrx_word' id='word_1_474' title='bbox 2960 2474 3146 2527; x_wconf 88' lang='lat' dir='ltr'>media</span> <span class='ocrx_word' id='word_1_475' title='bbox 3203 2475 3262 2526; x_wconf 90' lang='lat' dir='ltr'>in</span> <span class='ocrx_word' id='word_1_476' title='bbox 3309 2474 3507 2526; x_wconf 90' lang='lat' dir='ltr'>eadem</span> <span class='ocrx_word' id='word_1_477' title='bbox 3547 2473 3791 2527; x_wconf 90' lang='lat' dir='ltr'>ecclesia</span> 
     </span>
    </p>
   </div>
   <div class='ocr_carea' id='block_1_70' title="bbox 2079 2562 3790 2633">
    <p class='ocr_par' dir='ltr' id='par_1_70' title="bbox 2079 2562 3790 2633">
     <span class='ocr_line' id='line_1_70' title="bbox 2079 2562 3790 2633; baseline -0.001 -16"><span class='ocrx_word' id='word_1_478' title='bbox 2079 2563 2243 2618; x_wconf 89' lang='lat' dir='ltr'>facta</span> <span class='ocrx_word' id='word_1_479' title='bbox 2275 2567 2406 2616; x_wconf 89' lang='lat' dir='ltr'>sunt</span> <span class='ocrx_word' id='word_1_480' title='bbox 2459 2579 2641 2630; x_wconf 89' lang='lat' dir='ltr'>voces,</span> <span class='ocrx_word' id='word_1_481' title='bbox 2692 2579 2756 2616; x_wconf 94' lang='lat' dir='ltr'>ac</span> <span class='ocrx_word' id='word_1_482' title='bbox 2792 2562 2839 2614; x_wconf 92' lang='lat' dir='ltr'>si</span> <span class='ocrx_word' id='word_1_483' title='bbox 2885 2563 3014 2632; x_wconf 90' lang='lat' dir='ltr'>quis</span> <span class='ocrx_word' id='word_1_484' title='bbox 3048 2563 3327 2616; x_wconf 85' lang='lat' dir='ltr'>violenter</span> <span class='ocrx_word' id='word_1_485' title='bbox 3348 2580 3415 2615; x_wconf 83' lang='lat' dir='ltr'>ex</span> <span class='ocrx_word' id='word_1_486' title='bbox 3447 2579 3511 2615; x_wconf 88' lang='lat' dir='ltr'>ea</span> <span class='ocrx_word' id='word_1_487' title='bbox 3544 2563 3790 2633; x_wconf 88' lang='lat' dir='ltr'>repelle-</span> 
     </span>
    </p>
   </div>
   <div class='ocr_carea' id='block_1_71' title="bbox 2080 2650 3790 2721">
    <p class='ocr_par' dir='ltr' id='par_1_71' title="bbox 2080 2650 3790 2721">
     <span class='ocr_line' id='line_1_71' title="bbox 2080 2650 3790 2721; baseline -0.002 -14"><span class='ocrx_word' id='word_1_488' title='bbox 2080 2659 2238 2708; x_wconf 87' lang='lat' dir='ltr'>retur</span> <span class='ocrx_word' id='word_1_489' title='bbox 2271 2670 2336 2706; x_wconf 91' lang='lat' dir='ltr'>ac</span> <span class='ocrx_word' id='word_1_490' title='bbox 2364 2652 2690 2706; x_wconf 89' lang='lat' dir='ltr'>traheretur</span> <span class='ocrx_word' id='word_1_491' title='bbox 2738 2651 2911 2704; x_wconf 89' lang='lat' dir='ltr'>foras.</span> <span class='ocrx_word' id='word_1_492' title='bbox 2954 2652 3038 2704; x_wconf 82' lang='lat' dir='ltr'>Ad</span> <span class='ocrx_word' id='word_1_493' title='bbox 3092 2667 3234 2721; x_wconf 89' lang='lat' dir='ltr'>quas</span> <span class='ocrx_word' id='word_1_494' title='bbox 3286 2650 3563 2704; x_wconf 90' lang='lat' dir='ltr'>nimirum</span> <span class='ocrx_word' id='word_1_495' title='bbox 3616 2668 3790 2704; x_wconf 87' lang='lat' dir='ltr'>voces</span> 
     </span>
    </p>
   </div>
   <div class='ocr_carea' id='block_1_72' title="bbox 2081 2739 3786 2808">
    <p class='ocr_par' dir='ltr' id='par_1_72' title="bbox 2081 2739 3786 2808">
     <span class='ocr_line' id='line_1_72' title="bbox 2081 2739 3786 2808; baseline -0.003 -12"><span class='ocrx_word' id='word_1_496' title='bbox 2081 2741 2386 2796; x_wconf 89' lang='lat' dir='ltr'>currebant</span> <span class='ocrx_word' id='word_1_497' title='bbox 2429 2741 2710 2804; x_wconf 88' lang='lat' dir='ltr'>custodes,</span> <span class='ocrx_word' id='word_1_498' title='bbox 2763 2744 2819 2792; x_wconf 91' lang='lat' dir='ltr'>et</span> <span class='ocrx_word' id='word_1_499' title='bbox 2874 2740 3144 2794; x_wconf 86' lang='lat' dir='ltr'>viderunt</span> <span class='ocrx_word' id='word_1_500' title='bbox 3194 2739 3338 2793; x_wconf 92' lang='lat' dir='ltr'>duos</span> <span class='ocrx_word' id='word_1_501' title='bbox 3372 2739 3652 2808; x_wconf 89' lang='lat' dir='ltr'>quosdam</span> <span class='ocrx_word' id='word_1_502' title='bbox 3699 2744 3786 2792; x_wconf 89' lang='lat' dir='ltr'>te-</span> 
     </span>
    </p>
   </div>
   <div class='ocr_carea' id='block_1_73' title="bbox 2079 2828 3783 2900">
    <p class='ocr_par' dir='ltr' id='par_1_73' title="bbox 2079 2828 3783 2900">
     <span class='ocr_line' id='line_1_73' title="bbox 2079 2828 3783 2900; baseline -0.002 -16"><span class='ocrx_word' id='word_1_503' title='bbox 2079 2832 2348 2884; x_wconf 91' lang='lat' dir='ltr'>terrimos</span> <span class='ocrx_word' id='word_1_504' title='bbox 2377 2829 2633 2900; x_wconf 89' lang='lat' dir='ltr'>spiritus,</span> <span class='ocrx_word' id='word_1_505' title='bbox 2679 2828 2778 2898; x_wconf 85' lang='lat' dir='ltr'>qui</span> <span class='ocrx_word' id='word_1_506' title='bbox 2808 2829 3066 2898; x_wconf 86' lang='lat' dir='ltr'>ejusdem</span> <span class='ocrx_word' id='word_1_507' title='bbox 3100 2828 3382 2882; x_wconf 89' lang='lat' dir='ltr'>Valentini</span> <span class='ocrx_word' id='word_1_508' title='bbox 3428 2828 3603 2898; x_wconf 89' lang='lat' dir='ltr'>pedes</span> <span class='ocrx_word' id='word_1_509' title='bbox 3635 2845 3783 2898; x_wconf 91' lang='lat' dir='ltr'>qua-</span> 
     </span>
    </p>
   </div>
   <div class='ocr_carea' id='block_1_74' title="bbox 2081 2917 3784 2989">
    <p class='ocr_par' dir='ltr' id='par_1_74' title="bbox 2081 2917 3784 2989">
     <span class='ocr_line' id='line_1_74' title="bbox 2081 2917 3784 2989; baseline -0.002 -16"><span class='ocrx_word' id='word_1_510' title='bbox 2081 2920 2213 2974; x_wconf 91' lang='lat' dir='ltr'>dam</span> <span class='ocrx_word' id='word_1_511' title='bbox 2269 2919 2516 2989; x_wconf 90' lang='lat' dir='ltr'>ligatura</span> <span class='ocrx_word' id='word_1_512' title='bbox 2563 2917 2930 2984; x_wconf 88' lang='lat' dir='ltr'>strinxerant,</span> <span class='ocrx_word' id='word_1_513' title='bbox 2979 2921 3036 2970; x_wconf 90' lang='lat' dir='ltr'>et</span> <span class='ocrx_word' id='word_1_514' title='bbox 3075 2933 3206 2970; x_wconf 91' lang='lat' dir='ltr'>eum</span> <span class='ocrx_word' id='word_1_515' title='bbox 3247 2917 3316 2970; x_wconf 89' lang='lat' dir='ltr'>ab</span> <span class='ocrx_word' id='word_1_516' title='bbox 3385 2917 3620 2970; x_wconf 90' lang='lat' dir='ltr'>ecclesia</span> <span class='ocrx_word' id='word_1_517' title='bbox 3670 2917 3784 2970; x_wconf 89' lang='lat' dir='ltr'>cla-</span> 
     </span>
    </p>
   </div>
   <div class='ocr_carea' id='block_1_75' title="bbox 2081 3005 3781 3062">
    <p class='ocr_par' dir='ltr' id='par_1_75' title="bbox 2081 3005 3781 3062">
     <span class='ocr_line' id='line_1_75' title="bbox 2081 3005 3781 3062; baseline -0.002 -1"><span class='ocrx_word' id='word_1_518' title='bbox 2081 3013 2332 3062; x_wconf 89' lang='lat' dir='ltr'>mantem</span> <span class='ocrx_word' id='word_1_519' title='bbox 2371 3024 2433 3060; x_wconf 90' lang='lat' dir='ltr'>ac</span> <span class='ocrx_word' id='word_1_520' title='bbox 2490 3007 2735 3060; x_wconf 89' lang='lat' dir='ltr'>nimium</span> <span class='ocrx_word' id='word_1_521' title='bbox 2795 3005 3205 3060; x_wconf 87' lang='lat' dir='ltr'>vociferantem</span> <span class='ocrx_word' id='word_1_522' title='bbox 3243 3007 3395 3060; x_wconf 90' lang='lat' dir='ltr'>foras</span> <span class='ocrx_word' id='word_1_523' title='bbox 3449 3006 3781 3060; x_wconf 87' lang='lat' dir='ltr'>trahebant.</span> 
     </span>
    </p>
   </div>
   <div class='ocr_carea' id='block_1_76' title="bbox 2087 3094 3779 3161">
    <p class='ocr_par' dir='ltr' id='par_1_76' title="bbox 2087 3094 3779 3161">
     <span class='ocr_line' id='line_1_76' title="bbox 2087 3094 3779 3161; baseline -0.002 -12"><span class='ocrx_word' id='word_1_524' title='bbox 2087 3097 2196 3161; x_wconf 85' lang='lat' dir='ltr'>Qui</span> <span class='ocrx_word' id='word_1_525' title='bbox 2252 3096 2516 3150; x_wconf 89' lang='lat' dir='ltr'>videlicet</span> <span class='ocrx_word' id='word_1_526' title='bbox 2584 3094 2798 3161; x_wconf 86' lang='lat' dir='ltr'>territi,</span> <span class='ocrx_word' id='word_1_527' title='bbox 2846 3095 2915 3148; x_wconf 89' lang='lat' dir='ltr'>ad</span> <span class='ocrx_word' id='word_1_528' title='bbox 2978 3111 3080 3147; x_wconf 93' lang='lat' dir='ltr'>sua</span> <span class='ocrx_word' id='word_1_529' title='bbox 3137 3098 3312 3147; x_wconf 87' lang='lat' dir='ltr'>strata</span> <span class='ocrx_word' id='word_1_530' title='bbox 3364 3094 3577 3148; x_wconf 90' lang='lat' dir='ltr'>reversi</span> <span class='ocrx_word' id='word_1_531' title='bbox 3624 3098 3779 3148; x_wconf 91' lang='lat' dir='ltr'>sunt.</span> 
     </span>
    </p>
   </div>
   <div class='ocr_carea' id='block_1_77' title="bbox 2086 3183 3778 3253">
    <p class='ocr_par' dir='ltr' id='par_1_77' title="bbox 2086 3183 3778 3253">
     <span class='ocr_line' id='line_1_77' title="bbox 2086 3183 3778 3253; baseline -0.001 -14"><span class='ocrx_word' id='word_1_532' title='bbox 2086 3187 2245 3239; x_wconf 88' lang='lat' dir='ltr'>Mane</span> <span class='ocrx_word' id='word_1_533' title='bbox 2299 3190 2488 3238; x_wconf 89' lang='lat' dir='ltr'>autem</span> <span class='ocrx_word' id='word_1_534' title='bbox 2535 3185 2702 3249; x_wconf 84' lang='lat' dir='ltr'>facto,</span> <span class='ocrx_word' id='word_1_535' title='bbox 2755 3187 3106 3252; x_wconf 90' lang='lat' dir='ltr'>aperuerunt</span> <span class='ocrx_word' id='word_1_536' title='bbox 3154 3183 3480 3252; x_wconf 89' lang='lat' dir='ltr'>sepulcrum</span> <span class='ocrx_word' id='word_1_537' title='bbox 3538 3183 3600 3237; x_wconf 92' lang='lat' dir='ltr'>in</span> <span class='ocrx_word' id='word_1_538' title='bbox 3659 3199 3778 3253; x_wconf 91' lang='lat' dir='ltr'>quo</span> 
     </span>
    </p>
   </div>
   <div class='ocr_carea' id='block_1_78' title="bbox 2082 3271 3784 3342">
    <p class='ocr_par' dir='ltr' id='par_1_78' title="bbox 2082 3271 3784 3342">
     <span class='ocr_line' id='line_1_78' title="bbox 2082 3271 3784 3342; baseline -0.001 -16"><span class='ocrx_word' id='word_1_539' title='bbox 2082 3273 2236 3327; x_wconf 88' lang='lat' dir='ltr'>idem</span> <span class='ocrx_word' id='word_1_540' title='bbox 2288 3272 2620 3326; x_wconf 89' lang='lat' dir='ltr'>Valentinus</span> <span class='ocrx_word' id='word_1_541' title='bbox 2691 3271 2910 3342; x_wconf 88' lang='lat' dir='ltr'>positus</span> <span class='ocrx_word' id='word_1_542' title='bbox 2959 3277 3097 3339; x_wconf 88' lang='lat' dir='ltr'>erat,</span> <span class='ocrx_word' id='word_1_543' title='bbox 3143 3272 3378 3342; x_wconf 88' lang='lat' dir='ltr'>ejusque</span> <span class='ocrx_word' id='word_1_544' title='bbox 3424 3287 3631 3341; x_wconf 90' lang='lat' dir='ltr'>corpus</span> <span class='ocrx_word' id='word_1_545' title='bbox 3664 3288 3784 3325; x_wconf 92' lang='lat' dir='ltr'>non</span> 
     </span>
    </p>
   </div>
   <div class='ocr_carea' id='block_1_79' title="bbox 2079 3355 3785 3431">
    <p class='ocr_par' dir='ltr' id='par_1_79' title="bbox 2079 3355 3785 3431">
     <span class='ocr_line' id='line_1_79' title="bbox 2079 3355 3785 3431; baseline -0.001 -16"><span class='ocrx_word' id='word_1_546' title='bbox 2079 3361 2441 3416; x_wconf 86' lang='lat' dir='ltr'>invenerunt.</span> <span class='ocrx_word' id='word_1_547' title='bbox 2498 3361 2756 3431; x_wconf 89' lang='lat' dir='ltr'>Cumque</span> <span class='ocrx_word' id='word_1_548' title='bbox 2803 3370 2959 3415; x_wconf 82' lang='lat' dir='ltr'>extra</span> <span class='ocrx_word' id='word_1_549' title='bbox 3007 3361 3270 3413; x_wconf 88' lang='lat' dir='ltr'>ecclesias</span> <span class='ocrx_word' id='word_1_550' title='bbox 3309 3355 3633 3430; x_wconf 81' lang='lat' dir='ltr'>quarerent</span> <span class='ocrx_word' id='word_1_551' title='bbox 3685 3361 3785 3414; x_wconf 92' lang='lat' dir='ltr'>ubi</span> 
     </span>
    </p>
   </div>
   <div class='ocr_carea' id='block_1_80' title="bbox 2081 3449 3785 3522">
    <p class='ocr_par' dir='ltr' id='par_1_80' title="bbox 2081 3449 3785 3522">
     <span class='ocr_line' id='line_1_80' title="bbox 2081 3449 3785 3522; baseline -0.002 -17"><span class='ocrx_word' id='word_1_552' title='bbox 2081 3451 2396 3522; x_wconf 87' lang='lat' dir='ltr'>projectum</span> <span class='ocrx_word' id='word_1_553' title='bbox 2459 3454 2624 3514; x_wconf 88' lang='lat' dir='ltr'>esset,</span> <span class='ocrx_word' id='word_1_554' title='bbox 2675 3450 3021 3503; x_wconf 88' lang='lat' dir='ltr'>invenerunt</span> <span class='ocrx_word' id='word_1_555' title='bbox 3069 3449 3173 3502; x_wconf 89' lang='lat' dir='ltr'>hoc</span> <span class='ocrx_word' id='word_1_556' title='bbox 3230 3449 3287 3501; x_wconf 91' lang='lat' dir='ltr'>in</span> <span class='ocrx_word' id='word_1_557' title='bbox 3337 3450 3596 3518; x_wconf 88' lang='lat' dir='ltr'>sepulcro</span> <span class='ocrx_word' id='word_1_558' title='bbox 3670 3450 3785 3502; x_wconf 91' lang='lat' dir='ltr'>alio</span> 
     </span>
    </p>
   </div>
   <div class='ocr_carea' id='block_1_81' title="bbox 2080 3537 3778 3612">
    <p class='ocr_par' dir='ltr' id='par_1_81' title="bbox 2080 3537 3778 3612">
     <span class='ocr_line' id='line_1_81' title="bbox 2080 3537 3778 3612; baseline -0.001 -19"><span class='ocrx_word' id='word_1_559' title='bbox 2080 3540 2348 3612; x_wconf 90' lang='lat' dir='ltr'>positum,</span> <span class='ocrx_word' id='word_1_560' title='bbox 2383 3538 2569 3609; x_wconf 88' lang='lat' dir='ltr'>ligatis</span> <span class='ocrx_word' id='word_1_561' title='bbox 2595 3539 2779 3592; x_wconf 91' lang='lat' dir='ltr'>adhuc</span> <span class='ocrx_word' id='word_1_562' title='bbox 2811 3537 3047 3608; x_wconf 88' lang='lat' dir='ltr'>pedibus</span> <span class='ocrx_word' id='word_1_563' title='bbox 3091 3538 3237 3590; x_wconf 89' lang='lat' dir='ltr'>sicut</span> <span class='ocrx_word' id='word_1_564' title='bbox 3283 3538 3351 3591; x_wconf 92' lang='lat' dir='ltr'>de</span> <span class='ocrx_word' id='word_1_565' title='bbox 3382 3537 3618 3590; x_wconf 90' lang='lat' dir='ltr'>ecclesia</span> <span class='ocrx_word' id='word_1_566' title='bbox 3668 3538 3778 3591; x_wconf 89' lang='lat' dir='ltr'>fuit</span> 
     </span>
    </p>
   </div>
   <div class='ocr_carea' id='block_1_82' title="bbox 2081 3626 3787 3697">
    <p class='ocr_par' dir='ltr' id='par_1_82' title="bbox 2081 3626 3787 3697">
     <span class='ocr_line' id='line_1_82' title="bbox 2081 3626 3787 3697; baseline -0.001 -15"><span class='ocrx_word' id='word_1_567' title='bbox 2081 3629 2446 3682; x_wconf 88' lang='lat' dir='ltr'>abstractum.</span> <span class='ocrx_word' id='word_1_568' title='bbox 2486 3627 2560 3680; x_wconf 89' lang='lat' dir='ltr'>Ex</span> <span class='ocrx_word' id='word_1_569' title='bbox 2589 3644 2702 3697; x_wconf 92' lang='lat' dir='ltr'>qua</span> <span class='ocrx_word' id='word_1_570' title='bbox 2731 3643 2809 3692; x_wconf 87' lang='lat' dir='ltr'>re,</span> <span class='ocrx_word' id='word_1_571' title='bbox 2861 3629 3041 3690; x_wconf 87' lang='lat' dir='ltr'>Petre,</span> <span class='ocrx_word' id='word_1_572' title='bbox 3091 3626 3313 3695; x_wconf 89' lang='lat' dir='ltr'>collige,</span> <span class='ocrx_word' id='word_1_573' title='bbox 3361 3627 3495 3696; x_wconf 86' lang='lat' dir='ltr'>quia</span> <span class='ocrx_word' id='word_1_574' title='bbox 3538 3627 3596 3679; x_wconf 92' lang='lat' dir='ltr'>bi</span> <span class='ocrx_word' id='word_1_575' title='bbox 3639 3643 3787 3697; x_wconf 92' lang='lat' dir='ltr'>quos</span> 
     </span>
    </p>
   </div>
   <div class='ocr_carea' id='block_1_83' title="bbox 2078 3713 3785 3786">
    <p class='ocr_par' dir='ltr' id='par_1_83' title="bbox 2078 3713 3785 3786">
     <span class='ocr_line' id='line_1_83' title="bbox 2078 3713 3785 3786; baseline -0.001 -18"><span class='ocrx_word' id='word_1_576' title='bbox 2078 3719 2309 3786; x_wconf 87' lang='lat' dir='ltr'>peccata</span> <span class='ocrx_word' id='word_1_577' title='bbox 2346 3714 2541 3784; x_wconf 88' lang='lat' dir='ltr'>gravia</span> <span class='ocrx_word' id='word_1_578' title='bbox 2587 3713 2939 3782; x_wconf 88' lang='lat' dir='ltr'>deprimunt,</span> <span class='ocrx_word' id='word_1_579' title='bbox 2985 3714 3032 3766; x_wconf 89' lang='lat' dir='ltr'>si</span> <span class='ocrx_word' id='word_1_580' title='bbox 3081 3714 3140 3766; x_wconf 91' lang='lat' dir='ltr'>in</span> <span class='ocrx_word' id='word_1_581' title='bbox 3173 3729 3331 3766; x_wconf 87' lang='lat' dir='ltr'>sacro</span> <span class='ocrx_word' id='word_1_582' title='bbox 3374 3715 3491 3766; x_wconf 90' lang='lat' dir='ltr'>loco</span> <span class='ocrx_word' id='word_1_583' title='bbox 3539 3715 3785 3784; x_wconf 90' lang='lat' dir='ltr'>sepelire</span> 
     </span>
    </p>
   </div>
   <div class='ocr_carea' id='block_1_84' title="bbox 2081 3801 3784 3871">
    <p class='ocr_par' dir='ltr' id='par_1_84' title="bbox 2081 3801 3784 3871">
     <span class='ocr_line' id='line_1_84' title="bbox 2081 3801 3784 3871; baseline -0.001 -13"><span class='ocrx_word' id='word_1_584' title='bbox 2081 3819 2140 3858; x_wconf 87' lang='lat' dir='ltr'>se</span> <span class='ocrx_word' id='word_1_585' title='bbox 2198 3803 2424 3868; x_wconf 82' lang='lat' dir='ltr'>faciant,</span> <span class='ocrx_word' id='word_1_586' title='bbox 2472 3807 2648 3855; x_wconf 89' lang='lat' dir='ltr'>restat</span> <span class='ocrx_word' id='word_1_587' title='bbox 2702 3807 2762 3854; x_wconf 91' lang='lat' dir='ltr'>ut</span> <span class='ocrx_word' id='word_1_588' title='bbox 2833 3801 3004 3854; x_wconf 91' lang='lat' dir='ltr'>etiam</span> <span class='ocrx_word' id='word_1_589' title='bbox 3057 3802 3126 3854; x_wconf 92' lang='lat' dir='ltr'>de</span> <span class='ocrx_word' id='word_1_590' title='bbox 3182 3818 3282 3854; x_wconf 87' lang='lat' dir='ltr'>sua</span> <span class='ocrx_word' id='word_1_591' title='bbox 3328 3803 3784 3871; x_wconf 65' lang='lat' dir='ltr'>praesumptione</span> 
     </span>
    </p>
   </div>
   <div class='ocr_carea' id='block_1_85' title="bbox 2075 3891 3777 3963">
    <p class='ocr_par' dir='ltr' id='par_1_85' title="bbox 2075 3891 3777 3963">
     <span class='ocr_line' id='line_1_85' title="bbox 2075 3891 3777 3963; baseline 0 -19"><span class='ocrx_word' id='word_1_592' title='bbox 2075 3892 2426 3963; x_wconf 90' lang='lat' dir='ltr'>judicentur,</span> <span class='ocrx_word' id='word_1_593' title='bbox 2460 3897 2744 3961; x_wconf 82' lang='lat' dir='ltr'>quatenus</span> <span class='ocrx_word' id='word_1_594' title='bbox 2775 3907 2873 3943; x_wconf 83' lang='lat' dir='ltr'>eos</span> <span class='ocrx_word' id='word_1_595' title='bbox 2905 3907 3062 3943; x_wconf 89' lang='lat' dir='ltr'>sacra</span> <span class='ocrx_word' id='word_1_596' title='bbox 3095 3891 3213 3943; x_wconf 91' lang='lat' dir='ltr'>loca</span> <span class='ocrx_word' id='word_1_597' title='bbox 3245 3907 3357 3943; x_wconf 92' lang='lat' dir='ltr'>nou</span> <span class='ocrx_word' id='word_1_598' title='bbox 3386 3891 3647 3954; x_wconf 91' lang='lat' dir='ltr'>liberent,</span> <span class='ocrx_word' id='word_1_599' title='bbox 3677 3891 3777 3944; x_wconf 92' lang='lat' dir='ltr'>sed</span> 
     </span>
    </p>
   </div>
   <div class='ocr_carea' id='block_1_86' title="bbox 2082 3979 3083 4050">
    <p class='ocr_par' dir='ltr' id='par_1_86' title="bbox 2082 3979 3083 4050">
     <span class='ocr_line' id='line_1_86' title="bbox 2082 3979 3083 4050; baseline -0.002 -16"><span class='ocrx_word' id='word_1_600' title='bbox 2082 3981 2253 4035; x_wconf 89' lang='lat' dir='ltr'>etiam</span> <span class='ocrx_word' id='word_1_601' title='bbox 2285 3981 2453 4050; x_wconf 80' lang='lat' dir='ltr'>culpa</span> <span class='ocrx_word' id='word_1_602' title='bbox 2474 3979 2812 4033; x_wconf 91' lang='lat' dir='ltr'>temeritatis</span> <span class='ocrx_word' id='word_1_603' title='bbox 2844 3984 3083 4032; x_wconf 88' lang='lat' dir='ltr'>accuset.</span> 
     </span>
    </p>
   </div>
   <div class='ocr_carea' id='block_1_87' title="bbox 2497 4101 3349 4157">
    <p class='ocr_par' dir='ltr' id='par_1_87' title="bbox 2497 4101 3349 4157">
     <span class='ocr_line' id='line_1_87' title="bbox 2497 4101 3349 4157; baseline -0.004 0"><span class='ocrx_word' id='word_1_604' title='bbox 2497 4103 2624 4157; x_wconf 80' lang='lat' dir='ltr'>CAP.</span> <span class='ocrx_word' id='word_1_605' title='bbox 2659 4103 2830 4156; x_wconf 88' lang='lat' dir='ltr'>CLVI.</span> <span class='ocrx_word' id='word_1_606' title='bbox 2864 4131 2935 4142; x_wconf 96' lang='lat'><strong>—</strong></span> <span class='ocrx_word' id='word_1_607' title='bbox 2963 4106 3032 4156; x_wconf 85' lang='lat' dir='ltr'>De</span> <span class='ocrx_word' id='word_1_608' title='bbox 3065 4101 3248 4155; x_wconf 80' lang='lat' dir='ltr'>eadem</span> <span class='ocrx_word' id='word_1_609' title='bbox 3277 4118 3349 4154; x_wconf 81' lang='lat' dir='ltr'>re.</span> 
     </span>
    </p>
   </div>
   <div class='ocr_carea' id='block_1_88' title="bbox 2155 4207 3782 4278">
    <p class='ocr_par' dir='ltr' id='par_1_88' title="bbox 2155 4207 3782 4278">
     <span class='ocr_line' id='line_1_88' title="bbox 2155 4207 3782 4278; baseline -0.002 -15"><span class='ocrx_word' id='word_1_610' title='bbox 2155 4209 2308 4278; x_wconf 82' lang='lat' dir='ltr'>(Item</span> <span class='ocrx_word' id='word_1_611' title='bbox 2343 4211 2531 4274; x_wconf 84' lang='lat' dir='ltr'>Greg.)</span> <span class='ocrx_word' id='word_1_612' title='bbox 2567 4210 2704 4262; x_wconf 76' lang='lat' dir='ltr'>Nam</span> <span class='ocrx_word' id='word_1_613' title='bbox 2748 4208 2888 4278; x_wconf 91' lang='lat' dir='ltr'>quid</span> <span class='ocrx_word' id='word_1_614' title='bbox 2921 4225 3150 4278; x_wconf 90' lang='lat' dir='ltr'>quoque</span> <span class='ocrx_word' id='word_1_615' title='bbox 3182 4208 3239 4260; x_wconf 92' lang='lat' dir='ltr'>in</span> <span class='ocrx_word' id='word_1_616' title='bbox 3292 4208 3394 4261; x_wconf 87' lang='lat' dir='ltr'>hac</span> <span class='ocrx_word' id='word_1_617' title='bbox 3431 4207 3568 4261; x_wconf 92' lang='lat' dir='ltr'>urbe</span> <span class='ocrx_word' id='word_1_618' title='bbox 3603 4207 3782 4261; x_wconf 89' lang='lat' dir='ltr'>conti-</span> 
     </span>
    </p>
   </div>
   <div class='ocr_carea' id='block_1_89' title="bbox 277 4289 3782 4381">
    <p class='ocr_par' dir='ltr' id='par_1_89' title="bbox 277 4289 3782 4381">
     <span class='ocr_line' id='line_1_89' title="bbox 277 4289 3782 4381; baseline 0.003 -41"><span class='ocrx_word' id='word_1_619' title='bbox 277 4289 654 4358; x_wconf 90' lang='lat' dir='ltr'>cremabatur,</span> <span class='ocrx_word' id='word_1_620' title='bbox 682 4307 814 4360; x_wconf 85' lang='lat' dir='ltr'>pars</span> <span class='ocrx_word' id='word_1_621' title='bbox 837 4297 1028 4345; x_wconf 90' lang='lat' dir='ltr'>autem</span> <span class='ocrx_word' id='word_1_622' title='bbox 1051 4293 1449 4348; x_wconf 85' lang='lat' dir='ltr'>alteraintacta</span> <span class='ocrx_word' id='word_1_623' title='bbox 1472 4299 1764 4352; x_wconf 92' lang='lat' dir='ltr'>remansit.</span> <span class='ocrx_word' id='word_1_624' title='bbox 1797 4299 1968 4354; x_wconf 90' lang='lat' dir='ltr'>Cum-</span> <span class='ocrx_word' id='word_1_625' title='bbox 2001 4329 2042 4381; x_wconf 81' lang='lat' dir='ltr'><strong>D</strong></span> <span class='ocrx_word' id='word_1_626' title='bbox 2083 4298 2251 4368; x_wconf 89' lang='lat' dir='ltr'>gerit,</span> <span class='ocrx_word' id='word_1_627' title='bbox 2302 4297 2614 4350; x_wconf 89' lang='lat' dir='ltr'>tinctorum</span> <span class='ocrx_word' id='word_1_628' title='bbox 2660 4297 2759 4367; x_wconf 90' lang='lat' dir='ltr'>qui</span> <span class='ocrx_word' id='word_1_629' title='bbox 2808 4296 2898 4349; x_wconf 91' lang='lat' dir='ltr'>hic</span> <span class='ocrx_word' id='word_1_630' title='bbox 2945 4297 3207 4350; x_wconf 86' lang='lat' dir='ltr'>habitant</span> <span class='ocrx_word' id='word_1_631' title='bbox 3251 4297 3555 4349; x_wconf 91' lang='lat' dir='ltr'>multitudo</span> <span class='ocrx_word' id='word_1_632' title='bbox 3607 4302 3782 4350; x_wconf 89' lang='lat' dir='ltr'>testa-</span> 
     </span>
    </p>
   </div>
   <div class='ocr_carea' id='block_1_90' title="bbox 277 4378 1970 4452">
    <p class='ocr_par' dir='ltr' id='par_1_90' title="bbox 277 4378 1970 4452">
     <span class='ocr_line' id='line_1_90' title="bbox 277 4378 1970 4452; baseline 0.008 -23"><span class='ocrx_word' id='word_1_633' title='bbox 277 4393 387 4446; x_wconf 87' lang='lat' dir='ltr'>que</span> <span class='ocrx_word' id='word_1_634' title='bbox 419 4378 524 4430; x_wconf 89' lang='lat' dir='ltr'>boc</span> <span class='ocrx_word' id='word_1_635' title='bbox 553 4395 790 4448; x_wconf 86' lang='lat' dir='ltr'>surgens</span> <span class='ocrx_word' id='word_1_636' title='bbox 840 4396 1007 4433; x_wconf 90' lang='lat' dir='ltr'>mane</span> <span class='ocrx_word' id='word_1_637' title='bbox 1055 4381 1326 4436; x_wconf 86' lang='lat' dir='ltr'>fratribus</span> <span class='ocrx_word' id='word_1_638' title='bbox 1385 4391 1666 4452; x_wconf 89' lang='lat' dir='ltr'>narraret,</span> <span class='ocrx_word' id='word_1_639' title='bbox 1699 4391 1753 4439; x_wconf 91' lang='lat' dir='ltr'>et</span> <span class='ocrx_word' id='word_1_640' title='bbox 1783 4388 1970 4442; x_wconf 89' lang='lat' dir='ltr'>locum</span> 
     </span>
    </p>
   </div>
   <div class='ocr_carea' id='block_1_91' title="bbox 277 4465 1974 4546">
    <p class='ocr_par' dir='ltr' id='par_1_91' title="bbox 277 4465 1974 4546">
     <span class='ocr_line' id='line_1_91' title="bbox 277 4465 1974 4546; baseline 0.008 -30"><span class='ocrx_word' id='word_1_641' title='bbox 277 4465 447 4518; x_wconf 91' lang='lat' dir='ltr'>vellet</span> <span class='ocrx_word' id='word_1_642' title='bbox 477 4467 769 4521; x_wconf 89' lang='lat' dir='ltr'>ostendere</span> <span class='ocrx_word' id='word_1_643' title='bbox 796 4467 856 4521; x_wconf 91' lang='lat' dir='ltr'>in</span> <span class='ocrx_word' id='word_1_644' title='bbox 896 4485 1008 4539; x_wconf 91' lang='lat' dir='ltr'>quo</span> <span class='ocrx_word' id='word_1_645' title='bbox 1041 4470 1225 4522; x_wconf 88' lang='lat' dir='ltr'>fuerat</span> <span class='ocrx_word' id='word_1_646' title='bbox 1272 4471 1406 4540; x_wconf 90' lang='lat' dir='ltr'>igne</span> <span class='ocrx_word' id='word_1_647' title='bbox 1445 4481 1800 4544; x_wconf 88' lang='lat' dir='ltr'>consumpta,</span> <span class='ocrx_word' id='word_1_648' title='bbox 1853 4477 1974 4546; x_wconf 86' lang='lat' dir='ltr'>ipsa</span> 
     </span>
    </p>
   </div>
   <div class='ocr_carea' id='block_1_92' title="bbox 277 4552 1971 4628">
    <p class='ocr_par' dir='ltr' id='par_1_92' title="bbox 277 4552 1971 4628">
     <span class='ocr_line' id='line_1_92' title="bbox 277 4552 1971 4628; baseline 0.008 -23"><span class='ocrx_word' id='word_1_649' title='bbox 277 4552 525 4607; x_wconf 87' lang='lat' dir='ltr'>ﬂamma</span> <span class='ocrx_word' id='word_1_650' title='bbox 555 4555 872 4609; x_wconf 89' lang='lat' dir='ltr'>combustio</span> <span class='ocrx_word' id='word_1_651' title='bbox 902 4557 981 4609; x_wconf 91' lang='lat' dir='ltr'>ita</span> <span class='ocrx_word' id='word_1_652' title='bbox 1011 4562 1140 4611; x_wconf 89' lang='lat' dir='ltr'>ante</span> <span class='ocrx_word' id='word_1_653' title='bbox 1162 4559 1337 4612; x_wconf 90' lang='lat' dir='ltr'>altare</span> <span class='ocrx_word' id='word_1_654' title='bbox 1360 4561 1702 4628; x_wconf 90' lang='lat' dir='ltr'>apparuitin</span> <span class='ocrx_word' id='word_1_655' title='bbox 1721 4579 1971 4617; x_wconf 90' lang='lat' dir='ltr'>marmo-</span> 
     </span>
    </p>
   </div>
   <div class='ocr_carea' id='block_1_93' title="bbox 278 4643 1972 4722">
    <p class='ocr_par' dir='ltr' id='par_1_93' title="bbox 278 4643 1972 4722">
     <span class='ocr_line' id='line_1_93' title="bbox 278 4643 1972 4722; baseline 0.006 -29"><span class='ocrx_word' id='word_1_656' title='bbox 278 4643 457 4706; x_wconf 88' lang='lat' dir='ltr'>ribus,</span> <span class='ocrx_word' id='word_1_657' title='bbox 490 4659 553 4696; x_wconf 90' lang='lat' dir='ltr'>ac</span> <span class='ocrx_word' id='word_1_658' title='bbox 582 4644 629 4696; x_wconf 91' lang='lat' dir='ltr'>si</span> <span class='ocrx_word' id='word_1_659' title='bbox 659 4644 775 4698; x_wconf 90' lang='lat' dir='ltr'>illic</span> <span class='ocrx_word' id='word_1_660' title='bbox 817 4645 1017 4699; x_wconf 91' lang='lat' dir='ltr'>eadem</span> <span class='ocrx_word' id='word_1_661' title='bbox 1050 4647 1264 4701; x_wconf 88' lang='lat' dir='ltr'>femina</span> <span class='ocrx_word' id='word_1_662' title='bbox 1294 4664 1569 4718; x_wconf 89' lang='lat' dir='ltr'>corporeo</span> <span class='ocrx_word' id='word_1_663' title='bbox 1611 4649 1811 4704; x_wconf 87' lang='lat' dir='ltr'>fuisset</span> <span class='ocrx_word' id='word_1_664' title='bbox 1841 4653 1972 4722; x_wconf 88' lang='lat' dir='ltr'>igne</span> 
     </span>
    </p>
   </div>
   <div class='ocr_carea' id='block_1_94' title="bbox 277 4735 1972 4807">
    <p class='ocr_par' dir='ltr' id='par_1_94' title="bbox 277 4735 1972 4807">
     <span class='ocr_line' id='line_1_94' title="bbox 277 4735 1972 4807; baseline 0.006 -24"><span class='ocrx_word' id='word_1_665' title='bbox 277 4737 654 4786; x_wconf 78' lang='lat' dir='ltr'>concremata.</span> <span class='ocrx_word' id='word_1_666' title='bbox 689 4735 766 4787; x_wconf 88' lang='lat' dir='ltr'>Ex</span> <span class='ocrx_word' id='word_1_667' title='bbox 790 4751 904 4804; x_wconf 92' lang='lat' dir='ltr'>qua</span> <span class='ocrx_word' id='word_1_668' title='bbox 934 4751 991 4787; x_wconf 91' lang='lat' dir='ltr'>re</span> <span class='ocrx_word' id='word_1_669' title='bbox 1025 4741 1221 4806; x_wconf 88' lang='lat' dir='ltr'>aperte</span> <span class='ocrx_word' id='word_1_670' title='bbox 1251 4737 1417 4790; x_wconf 74' lang='lat' dir='ltr'>datur</span> <span class='ocrx_word' id='word_1_671' title='bbox 1449 4736 1717 4807; x_wconf 90' lang='lat' dir='ltr'>intelligi,</span> <span class='ocrx_word' id='word_1_672' title='bbox 1752 4740 1886 4807; x_wconf 91' lang='lat' dir='ltr'>quia</span> <span class='ocrx_word' id='word_1_673' title='bbox 1913 4741 1972 4794; x_wconf 91' lang='lat' dir='ltr'>hi</span> 
     </span>
    </p>
   </div>
   <div class='ocr_carea' id='block_1_95' title="bbox 278 4819 1972 4898">
    <p class='ocr_par' dir='ltr' id='par_1_95' title="bbox 278 4819 1972 4898">
     <span class='ocr_line' id='line_1_95' title="bbox 278 4819 1972 4898; baseline 0.005 -26"><span class='ocrx_word' id='word_1_674' title='bbox 278 4819 488 4890; x_wconf 89' lang='lat' dir='ltr'>quibus</span> <span class='ocrx_word' id='word_1_675' title='bbox 518 4827 743 4890; x_wconf 90' lang='lat' dir='ltr'>peccata</span> <span class='ocrx_word' id='word_1_676' title='bbox 775 4823 1009 4877; x_wconf 91' lang='lat' dir='ltr'>dimissa</span> <span class='ocrx_word' id='word_1_677' title='bbox 1038 4843 1152 4878; x_wconf 90' lang='lat' dir='ltr'>non</span> <span class='ocrx_word' id='word_1_678' title='bbox 1177 4825 1410 4890; x_wconf 86' lang='lat' dir='ltr'>fuerint,</span> <span class='ocrx_word' id='word_1_679' title='bbox 1438 4826 1506 4878; x_wconf 95' lang='lat' dir='ltr'>ad</span> <span class='ocrx_word' id='word_1_680' title='bbox 1538 4825 1972 4898; x_wconf 90' lang='lat' dir='ltr'>evitandumju-</span> 
     </span>
    </p>
   </div>
   <div class='ocr_carea' id='block_1_96' title="bbox 275 4908 1968 4985">
    <p class='ocr_par' dir='ltr' id='par_1_96' title="bbox 275 4908 1968 4985">
     <span class='ocr_line' id='line_1_96' title="bbox 275 4908 1968 4985; baseline 0.005 -24"><span class='ocrx_word' id='word_1_681' title='bbox 275 4908 490 4962; x_wconf 89' lang='lat' dir='ltr'>dicium</span> <span class='ocrx_word' id='word_1_682' title='bbox 522 4910 693 4964; x_wconf 92' lang='lat' dir='ltr'>sacris</span> <span class='ocrx_word' id='word_1_683' title='bbox 725 4912 861 4965; x_wconf 91' lang='lat' dir='ltr'>locis</span> <span class='ocrx_word' id='word_1_684' title='bbox 893 4918 1016 4982; x_wconf 87' lang='lat' dir='ltr'>post</span> <span class='ocrx_word' id='word_1_685' title='bbox 1039 4920 1278 4966; x_wconf 88' lang='lat' dir='ltr'>mortem</span> <span class='ocrx_word' id='word_1_686' title='bbox 1313 4931 1423 4966; x_wconf 89' lang='lat' dir='ltr'>non</span> <span class='ocrx_word' id='word_1_687' title='bbox 1460 4913 1644 4967; x_wconf 78' lang='lat' dir='ltr'>valent</span> <span class='ocrx_word' id='word_1_688' title='bbox 1694 4916 1968 4985; x_wconf 86' lang='lat' dir='ltr'>adjuvari.</span> 
     </span>
    </p>
   </div>
   <div class='ocr_carea' id='block_1_97' title="bbox 683 4999 1556 5055">
    <p class='ocr_par' dir='ltr' id='par_1_97' title="bbox 683 4999 1556 5055">
     <span class='ocr_line' id='line_1_97' title="bbox 683 4999 1556 5055; baseline 0.001 -2"><span class='ocrx_word' id='word_1_689' title='bbox 683 4999 811 5055; x_wconf 78' lang='lat' dir='ltr'>CAP.</span> <span class='ocrx_word' id='word_1_690' title='bbox 847 5001 1022 5055; x_wconf 89' lang='lat' dir='ltr'>CLIV.</span> <span class='ocrx_word' id='word_1_691' title='bbox 1061 5005 1221 5054; x_wconf 78' lang='lat' dir='ltr'>-—Dc</span> <span class='ocrx_word' id='word_1_692' title='bbox 1259 5002 1442 5054; x_wconf 83' lang='lat' dir='ltr'>eadem</span> <span class='ocrx_word' id='word_1_693' title='bbox 1481 5017 1556 5054; x_wconf 83' lang='lat' dir='ltr'>re.</span> 
     </span>
    </p>
   </div>
   <div class='ocr_carea' id='block_1_98' title="bbox 344 5085 1973 5159">
    <p class='ocr_par' dir='ltr' id='par_1_98' title="bbox 344 5085 1973 5159">
     <span class='ocr_line' id='line_1_98' title="bbox 344 5085 1973 5159; baseline 0.004 -19"><span class='ocrx_word' id='word_1_694' title='bbox 344 5085 512 5155; x_wconf 87' lang='lat' dir='ltr'>(Item</span> <span class='ocrx_word' id='word_1_695' title='bbox 541 5087 724 5159; x_wconf 81' lang='lat' dir='ltr'>Greg.)</span> <span class='ocrx_word' id='word_1_696' title='bbox 767 5091 1016 5142; x_wconf 88' lang='lat' dir='ltr'>Joannes</span> <span class='ocrx_word' id='word_1_697' title='bbox 1061 5105 1289 5159; x_wconf 88' lang='lat' dir='ltr'>quoque</span> <span class='ocrx_word' id='word_1_698' title='bbox 1341 5089 1681 5157; x_wconf 78' lang='lat' dir='ltr'>magnificus</span> <span class='ocrx_word' id='word_1_699' title='bbox 1731 5090 1790 5143; x_wconf 90' lang='lat' dir='ltr'>in</span> <span class='ocrx_word' id='word_1_700' title='bbox 1868 5093 1973 5146; x_wconf 89' lang='lat' dir='ltr'>hac</span> 
     </span>
    </p>
   </div>
   <div class='ocr_carea' id='block_1_99' title="bbox 272 5173 1973 5247">
    <p class='ocr_par' dir='ltr' id='par_1_99' title="bbox 272 5173 1973 5247">
     <span class='ocr_line' id='line_1_99' title="bbox 272 5173 1973 5247; baseline 0.004 -21"><span class='ocrx_word' id='word_1_701' title='bbox 272 5173 412 5227; x_wconf 85' lang='lat' dir='ltr'>urbe</span> <span class='ocrx_word' id='word_1_702' title='bbox 476 5175 658 5228; x_wconf 91' lang='lat' dir='ltr'>locum</span> <span class='ocrx_word' id='word_1_703' title='bbox 716 5177 1102 5245; x_wconf 85' lang='lat' dir='ltr'>perfecturum</span> <span class='ocrx_word' id='word_1_704' title='bbox 1164 5191 1413 5242; x_wconf 88' lang='lat' dir='ltr'>servans,</span> <span class='ocrx_word' id='word_1_705' title='bbox 1496 5177 1658 5247; x_wconf 92' lang='lat' dir='ltr'>cujus</span> <span class='ocrx_word' id='word_1_706' title='bbox 1717 5178 1973 5234; x_wconf 89' lang='lat' dir='ltr'>veritatis</span> 
     </span>
    </p>
   </div>
   <div class='ocr_carea' id='block_1_100' title="bbox 276 5263 1968 5335">
    <p class='ocr_par' dir='ltr' id='par_1_100' title="bbox 276 5263 1968 5335">
     <span class='ocr_line' id='line_1_100' title="bbox 276 5263 1968 5335; baseline 0.005 -22"><span class='ocrx_word' id='word_1_707' title='bbox 276 5267 445 5331; x_wconf 89' lang='lat' dir='ltr'>atque</span> <span class='ocrx_word' id='word_1_708' title='bbox 475 5263 767 5332; x_wconf 88' lang='lat' dir='ltr'>gravitatis</span> <span class='ocrx_word' id='word_1_709' title='bbox 798 5264 871 5317; x_wconf 92' lang='lat' dir='ltr'>sit</span> <span class='ocrx_word' id='word_1_710' title='bbox 923 5264 1206 5326; x_wconf 88' lang='lat' dir='ltr'>novimus,</span> <span class='ocrx_word' id='word_1_711' title='bbox 1259 5264 1358 5334; x_wconf 91' lang='lat' dir='ltr'>qui</span> <span class='ocrx_word' id='word_1_712' title='bbox 1409 5264 1548 5318; x_wconf 91' lang='lat' dir='ltr'>mihi</span> <span class='ocrx_word' id='word_1_713' title='bbox 1581 5270 1816 5319; x_wconf 91' lang='lat' dir='ltr'>testatus</span> <span class='ocrx_word' id='word_1_714' title='bbox 1865 5274 1968 5335; x_wconf 87' lang='lat' dir='ltr'>est,</span> 
     </span>
    </p>
   </div>
   <div class='ocr_carea' id='block_1_101' title="bbox 277 5351 1973 5424">
    <p class='ocr_par' dir='ltr' id='par_1_101' title="bbox 277 5351 1973 5424">
     <span class='ocr_line' id='line_1_101' title="bbox 277 5351 1973 5424; baseline 0.006 -24"><span class='ocrx_word' id='word_1_715' title='bbox 277 5351 640 5405; x_wconf 81' lang='lat' dir='ltr'>Valerianum</span> <span class='ocrx_word' id='word_1_716' title='bbox 665 5353 967 5421; x_wconf 90' lang='lat' dir='ltr'>patricium</span> <span class='ocrx_word' id='word_1_717' title='bbox 998 5353 1052 5404; x_wconf 92' lang='lat' dir='ltr'>in</span> <span class='ocrx_word' id='word_1_718' title='bbox 1105 5352 1331 5406; x_wconf 83' lang='lat' dir='ltr'>civitate</span> <span class='ocrx_word' id='word_1_719' title='bbox 1380 5370 1508 5424; x_wconf 86' lang='lat' dir='ltr'>qua</span> <span class='ocrx_word' id='word_1_720' title='bbox 1543 5354 1705 5408; x_wconf 85' lang='lat' dir='ltr'>Brixa</span> <span class='ocrx_word' id='word_1_721' title='bbox 1763 5355 1973 5410; x_wconf 88' lang='lat' dir='ltr'>dicitur</span> 
     </span>
    </p>
   </div>
   <div class='ocr_carea' id='block_1_102' title="bbox 276 5438 1972 5514">
    <p class='ocr_par' dir='ltr' id='par_1_102' title="bbox 276 5438 1972 5514">
     <span class='ocr_line' id='line_1_102' title="bbox 276 5438 1972 5514; baseline 0.004 -24"><span class='ocrx_word' id='word_1_722' title='bbox 276 5438 451 5492; x_wconf 88' lang='lat' dir='ltr'>fuisse</span> <span class='ocrx_word' id='word_1_723' title='bbox 493 5440 843 5494; x_wconf 87' lang='lat' dir='ltr'>defunctum.</span> <span class='ocrx_word' id='word_1_724' title='bbox 910 5441 1013 5494; x_wconf 92' lang='lat' dir='ltr'>Cui</span> <span class='ocrx_word' id='word_1_725' title='bbox 1061 5442 1317 5510; x_wconf 87' lang='lat' dir='ltr'>ejusdem</span> <span class='ocrx_word' id='word_1_726' title='bbox 1367 5442 1616 5495; x_wconf 90' lang='lat' dir='ltr'>civitatis</span> <span class='ocrx_word' id='word_1_727' title='bbox 1669 5443 1972 5514; x_wconf 86' lang='lat' dir='ltr'>episcopus</span> 
     </span>
    </p>
   </div>
   <div class='ocr_carea' id='block_1_103' title="bbox 277 5530 1971 5600">
    <p class='ocr_par' dir='ltr' id='par_1_103' title="bbox 277 5530 1971 5600">
     <span class='ocr_line' id='line_1_103' title="bbox 277 5530 1971 5600; baseline 0.004 -21"><span class='ocrx_word' id='word_1_728' title='bbox 277 5533 509 5595; x_wconf 88' lang='lat' dir='ltr'>accepto</span> <span class='ocrx_word' id='word_1_729' title='bbox 556 5530 736 5599; x_wconf 89' lang='lat' dir='ltr'>pretio</span> <span class='ocrx_word' id='word_1_730' title='bbox 791 5531 977 5582; x_wconf 90' lang='lat' dir='ltr'>locum</span> <span class='ocrx_word' id='word_1_731' title='bbox 1030 5531 1088 5583; x_wconf 88' lang='lat' dir='ltr'>in</span> <span class='ocrx_word' id='word_1_732' title='bbox 1149 5530 1388 5583; x_wconf 84' lang='lat' dir='ltr'>Ecclesia</span> <span class='ocrx_word' id='word_1_733' title='bbox 1436 5531 1700 5600; x_wconf 85' lang='lat' dir='ltr'>prabuit,</span> <span class='ocrx_word' id='word_1_734' title='bbox 1754 5533 1813 5585; x_wconf 91' lang='lat' dir='ltr'>in</span> <span class='ocrx_word' id='word_1_735' title='bbox 1859 5549 1971 5598; x_wconf 87' lang='lat' dir='ltr'>quo</span> 
     </span>
    </p>
   </div>
   <div class='ocr_carea' id='block_1_104' title="bbox 277 5615 1971 5692">
    <p class='ocr_par' dir='ltr' id='par_1_104' title="bbox 277 5615 1971 5692">
     <span class='ocr_line' id='line_1_104' title="bbox 277 5615 1971 5692; baseline 0.005 -24"><span class='ocrx_word' id='word_1_736' title='bbox 277 5615 507 5685; x_wconf 89' lang='lat' dir='ltr'>sepeliri</span> <span class='ocrx_word' id='word_1_737' title='bbox 537 5617 842 5671; x_wconf 85' lang='lat' dir='ltr'>debuisset.</span> <span class='ocrx_word' id='word_1_738' title='bbox 876 5618 984 5681; x_wconf 89' lang='lat' dir='ltr'>Qui</span> <span class='ocrx_word' id='word_1_739' title='bbox 1013 5618 1278 5672; x_wconf 89' lang='lat' dir='ltr'>videlicet</span> <span class='ocrx_word' id='word_1_740' title='bbox 1328 5619 1660 5674; x_wconf 89' lang='lat' dir='ltr'>Valerianus</span> <span class='ocrx_word' id='word_1_741' title='bbox 1689 5637 1871 5692; x_wconf 89' lang='lat' dir='ltr'>usque</span> <span class='ocrx_word' id='word_1_742' title='bbox 1899 5623 1971 5676; x_wconf 88' lang='lat' dir='ltr'>ad</span> 
     </span>
    </p>
   </div>
   <div class='ocr_carea' id='block_1_105' title="bbox 2080 4384 3782 4456">
    <p class='ocr_par' dir='ltr' id='par_1_105' title="bbox 2080 4384 3782 4456">
     <span class='ocr_line' id='line_1_105' title="bbox 2080 4384 3782 4456; baseline -0.002 -15"><span class='ocrx_word' id='word_1_743' title='bbox 2080 4392 2174 4441; x_wconf 86' lang='lat' dir='ltr'>tur</span> <span class='ocrx_word' id='word_1_744' title='bbox 2207 4403 2219 4440; x_wconf 89' lang='lat'>:</span> <span class='ocrx_word' id='word_1_745' title='bbox 2255 4386 2403 4456; x_wconf 90' lang='lat' dir='ltr'>quod</span> <span class='ocrx_word' id='word_1_746' title='bbox 2439 4386 2671 4456; x_wconf 85' lang='lat' dir='ltr'>quidam</span> <span class='ocrx_word' id='word_1_747' title='bbox 2725 4385 2860 4438; x_wconf 84' lang='lat' dir='ltr'>artis</span> <span class='ocrx_word' id='word_1_748' title='bbox 2891 4400 3089 4438; x_wconf 89' lang='lat' dir='ltr'>eorum</span> <span class='ocrx_word' id='word_1_749' title='bbox 3134 4384 3354 4454; x_wconf 86' lang='lat' dir='ltr'>primus</span> <span class='ocrx_word' id='word_1_750' title='bbox 3403 4400 3529 4437; x_wconf 89' lang='lat' dir='ltr'>cum</span> <span class='ocrx_word' id='word_1_751' title='bbox 3579 4384 3782 4438; x_wconf 90' lang='lat' dir='ltr'>defun-</span> 
     </span>
    </p>
   </div>
   <div class='ocr_carea' id='block_1_106' title="bbox 2084 4472 3779 4543">
    <p class='ocr_par' dir='ltr' id='par_1_106' title="bbox 2084 4472 3779 4543">
     <span class='ocr_line' id='line_1_106' title="bbox 2084 4472 3779 4543; baseline -0.002 -15"><span class='ocrx_word' id='word_1_752' title='bbox 2084 4481 2206 4529; x_wconf 89' lang='lat' dir='ltr'>ctus</span> <span class='ocrx_word' id='word_1_753' title='bbox 2237 4474 2452 4541; x_wconf 87' lang='lat' dir='ltr'>fuisset,</span> <span class='ocrx_word' id='word_1_754' title='bbox 2477 4475 2640 4543; x_wconf 85' lang='lat' dir='ltr'>juxta</span> <span class='ocrx_word' id='word_1_755' title='bbox 2668 4473 2962 4526; x_wconf 86' lang='lat' dir='ltr'>ecclesiam</span> <span class='ocrx_word' id='word_1_756' title='bbox 2994 4473 3144 4526; x_wconf 91' lang='lat' dir='ltr'>beati</span> <span class='ocrx_word' id='word_1_757' title='bbox 3174 4472 3428 4526; x_wconf 83' lang='lat' dir='ltr'>Januarii</span> <span class='ocrx_word' id='word_1_758' title='bbox 3491 4474 3779 4542; x_wconf 76' lang='lat' dir='ltr'>martyris,</span> 
     </span>
    </p>
   </div>
   <div class='ocr_carea' id='block_1_107' title="bbox 2077 4561 3783 4633">
    <p class='ocr_par' dir='ltr' id='par_1_107' title="bbox 2077 4561 3783 4633">
     <span class='ocr_line' id='line_1_107' title="bbox 2077 4561 3783 4633; baseline 0 -18"><span class='ocrx_word' id='word_1_759' title='bbox 2077 4565 2240 4633; x_wconf 80' lang='lat' dir='ltr'>juxta</span> <span class='ocrx_word' id='word_1_760' title='bbox 2264 4568 2488 4632; x_wconf 91' lang='lat' dir='ltr'>portam</span> <span class='ocrx_word' id='word_1_761' title='bbox 2519 4561 2700 4616; x_wconf 91' lang='lat' dir='ltr'>sancti</span> <span class='ocrx_word' id='word_1_762' title='bbox 2754 4562 3044 4615; x_wconf 87' lang='lat' dir='ltr'>Laurentii</span> <span class='ocrx_word' id='word_1_763' title='bbox 3075 4578 3107 4614; x_wconf 90' lang='lat' dir='ltr'>a</span> <span class='ocrx_word' id='word_1_764' title='bbox 3160 4561 3404 4631; x_wconf 88' lang='lat' dir='ltr'>conjuge</span> <span class='ocrx_word' id='word_1_765' title='bbox 3437 4577 3538 4614; x_wconf 90' lang='lat' dir='ltr'>sua</span> <span class='ocrx_word' id='word_1_766' title='bbox 3595 4563 3783 4631; x_wconf 86' lang='lat' dir='ltr'>sepul-</span> 
     </span>
    </p>
   </div>
   <div class='ocr_carea' id='block_1_108' title="bbox 2081 4650 3779 4720">
    <p class='ocr_par' dir='ltr' id='par_1_108' title="bbox 2081 4650 3779 4720">
     <span class='ocr_line' id='line_1_108' title="bbox 2081 4650 3779 4720; baseline -0.001 -16"><span class='ocrx_word' id='word_1_767' title='bbox 2081 4657 2172 4705; x_wconf 90' lang='lat' dir='ltr'>tus</span> <span class='ocrx_word' id='word_1_768' title='bbox 2203 4656 2306 4704; x_wconf 89' lang='lat' dir='ltr'>est.</span> <span class='ocrx_word' id='word_1_769' title='bbox 2365 4651 2638 4720; x_wconf 83' lang='lat' dir='ltr'>Sequenti</span> <span class='ocrx_word' id='word_1_770' title='bbox 2671 4656 2860 4703; x_wconf 84' lang='lat' dir='ltr'>autem</span> <span class='ocrx_word' id='word_1_771' title='bbox 2908 4655 3070 4703; x_wconf 86' lang='lat' dir='ltr'>nocte</span> <span class='ocrx_word' id='word_1_772' title='bbox 3123 4666 3186 4702; x_wconf 84' lang='lat' dir='ltr'>ex</span> <span class='ocrx_word' id='word_1_773' title='bbox 3232 4650 3527 4718; x_wconf 85' lang='lat' dir='ltr'>sepultura</span> <span class='ocrx_word' id='word_1_774' title='bbox 3554 4650 3779 4714; x_wconf 85' lang='lat' dir='ltr'>eadem,</span> 
     </span>
    </p>
   </div>
   <div class='ocr_carea' id='block_1_109' title="bbox 2082 4737 3784 4809">
    <p class='ocr_par' dir='ltr' id='par_1_109' title="bbox 2082 4737 3784 4809">
     <span class='ocr_line' id='line_1_109' title="bbox 2082 4737 3784 4809; baseline -0.001 -16"><span class='ocrx_word' id='word_1_775' title='bbox 2082 4740 2353 4794; x_wconf 87' lang='lat' dir='ltr'>audiente</span> <span class='ocrx_word' id='word_1_776' title='bbox 2388 4739 2638 4802; x_wconf 88' lang='lat' dir='ltr'>custode,</span> <span class='ocrx_word' id='word_1_777' title='bbox 2703 4739 2826 4808; x_wconf 89' lang='lat' dir='ltr'>ejus</span> <span class='ocrx_word' id='word_1_778' title='bbox 2878 4739 3114 4809; x_wconf 86' lang='lat' dir='ltr'>spiritus</span> <span class='ocrx_word' id='word_1_779' title='bbox 3160 4737 3329 4807; x_wconf 77' lang='lat' dir='ltr'>capit</span> <span class='ocrx_word' id='word_1_780' title='bbox 3353 4738 3644 4791; x_wconf 89' lang='lat' dir='ltr'>clamare:</span> <span class='ocrx_word' id='word_1_781' title='bbox 3683 4743 3784 4791; x_wconf 81' lang='lat' dir='ltr'>Ar-</span> 
     </span>
    </p>
   </div>
   <div class='ocr_carea' id='block_1_110' title="bbox 2081 4825 3784 4893">
    <p class='ocr_par' dir='ltr' id='par_1_110' title="bbox 2081 4825 3784 4893">
     <span class='ocr_line' id='line_1_110' title="bbox 2081 4825 3784 4893; baseline -0.002 -12"><span class='ocrx_word' id='word_1_782' title='bbox 2081 4829 2209 4893; x_wconf 92' lang='lat' dir='ltr'>deo,</span> <span class='ocrx_word' id='word_1_783' title='bbox 2244 4827 2435 4880; x_wconf 91' lang='lat' dir='ltr'>ardeo.</span> <span class='ocrx_word' id='word_1_784' title='bbox 2460 4827 2598 4880; x_wconf 92' lang='lat' dir='ltr'>Cum</span> <span class='ocrx_word' id='word_1_785' title='bbox 2625 4843 2755 4880; x_wconf 91' lang='lat' dir='ltr'>vero</span> <span class='ocrx_word' id='word_1_786' title='bbox 2789 4827 2890 4878; x_wconf 91' lang='lat' dir='ltr'>has</span> <span class='ocrx_word' id='word_1_787' title='bbox 2939 4826 3034 4878; x_wconf 91' lang='lat' dir='ltr'>diu</span> <span class='ocrx_word' id='word_1_788' title='bbox 3069 4842 3230 4879; x_wconf 87' lang='lat' dir='ltr'>voces</span> <span class='ocrx_word' id='word_1_789' title='bbox 3261 4825 3565 4892; x_wconf 85' lang='lat' dir='ltr'>emitteret,</span> <span class='ocrx_word' id='word_1_790' title='bbox 3591 4831 3784 4878; x_wconf 90' lang='lat' dir='ltr'>custos</span> 
     </span>
    </p>
   </div>
   <div class='ocr_carea' id='block_1_111' title="bbox 2080 4913 3781 4985">
    <p class='ocr_par' dir='ltr' id='par_1_111' title="bbox 2080 4913 3781 4985">
     <span class='ocr_line' id='line_1_111' title="bbox 2080 4913 3781 4985; baseline -0.001 -16"><span class='ocrx_word' id='word_1_791' title='bbox 2080 4916 2189 4970; x_wconf 92' lang='lat' dir='ltr'>hoc</span> <span class='ocrx_word' id='word_1_792' title='bbox 2219 4915 2342 4985; x_wconf 90' lang='lat' dir='ltr'>ejus</span> <span class='ocrx_word' id='word_1_793' title='bbox 2391 4915 2677 4968; x_wconf 88' lang='lat' dir='ltr'>nuntiavit</span> <span class='ocrx_word' id='word_1_794' title='bbox 2718 4915 2897 4968; x_wconf 84' lang='lat' dir='ltr'>uxori.</span> <span class='ocrx_word' id='word_1_795' title='bbox 2949 4915 3097 4968; x_wconf 87' lang='lat' dir='ltr'>Uxor</span> <span class='ocrx_word' id='word_1_796' title='bbox 3147 4931 3282 4967; x_wconf 83' lang='lat' dir='ltr'>vero</span> <span class='ocrx_word' id='word_1_797' title='bbox 3335 4913 3490 4966; x_wconf 90' lang='lat' dir='ltr'>illius</span> <span class='ocrx_word' id='word_1_798' title='bbox 3539 4930 3633 4966; x_wconf 90' lang='lat' dir='ltr'>eos</span> <span class='ocrx_word' id='word_1_799' title='bbox 3680 4914 3781 4984; x_wconf 89' lang='lat' dir='ltr'>qui</span> 
     </span>
    </p>
   </div>
   <div class='ocr_carea' id='block_1_112' title="bbox 2081 5002 3786 5074">
    <p class='ocr_par' dir='ltr' id='par_1_112' title="bbox 2081 5002 3786 5074">
     <span class='ocr_line' id='line_1_112' title="bbox 2081 5002 3786 5074; baseline -0.001 -16"><span class='ocrx_word' id='word_1_800' title='bbox 2081 5005 2388 5073; x_wconf 89' lang='lat' dir='ltr'>diligenter</span> <span class='ocrx_word' id='word_1_801' title='bbox 2434 5005 2780 5074; x_wconf 88' lang='lat' dir='ltr'>inspicerent</span> <span class='ocrx_word' id='word_1_802' title='bbox 2810 5003 3064 5072; x_wconf 88' lang='lat' dir='ltr'>ejusdem</span> <span class='ocrx_word' id='word_1_803' title='bbox 3096 5003 3234 5056; x_wconf 89' lang='lat' dir='ltr'>artis</span> <span class='ocrx_word' id='word_1_804' title='bbox 3265 5003 3416 5054; x_wconf 83' lang='lat' dir='ltr'>viros</span> <span class='ocrx_word' id='word_1_805' title='bbox 3462 5002 3786 5056; x_wconf 86' lang='lat' dir='ltr'>transmisit</span> 
     </span>
    </p>
   </div>
   <div class='ocr_carea' id='block_1_113' title="bbox 2080 5091 3779 5162">
    <p class='ocr_par' dir='ltr' id='par_1_113' title="bbox 2080 5091 3779 5162">
     <span class='ocr_line' id='line_1_113' title="bbox 2080 5091 3779 5162; baseline -0.001 -16"><span class='ocrx_word' id='word_1_806' title='bbox 2080 5093 2152 5146; x_wconf 91' lang='lat' dir='ltr'>ad</span> <span class='ocrx_word' id='word_1_807' title='bbox 2174 5093 2488 5158; x_wconf 88' lang='lat' dir='ltr'>ecclesiam,</span> <span class='ocrx_word' id='word_1_808' title='bbox 2521 5093 2716 5145; x_wconf 89' lang='lat' dir='ltr'>volens</span> <span class='ocrx_word' id='word_1_809' title='bbox 2758 5107 3102 5162; x_wconf 90' lang='lat' dir='ltr'>cognoscere</span> <span class='ocrx_word' id='word_1_810' title='bbox 3135 5092 3381 5161; x_wconf 85' lang='lat' dir='ltr'>qualiter</span> <span class='ocrx_word' id='word_1_811' title='bbox 3412 5107 3618 5160; x_wconf 87' lang='lat' dir='ltr'>corpus</span> <span class='ocrx_word' id='word_1_812' title='bbox 3653 5091 3779 5161; x_wconf 89' lang='lat' dir='ltr'>ejus</span> 
     </span>
    </p>
   </div>
   <div class='ocr_carea' id='block_1_114' title="bbox 2081 5179 3781 5250">
    <p class='ocr_par' dir='ltr' id='par_1_114' title="bbox 2081 5179 3781 5250">
     <span class='ocr_line' id='line_1_114' title="bbox 2081 5179 3781 5250; baseline -0.001 -16"><span class='ocrx_word' id='word_1_813' title='bbox 2081 5187 2229 5235; x_wconf 89' lang='lat' dir='ltr'>esset</span> <span class='ocrx_word' id='word_1_814' title='bbox 2264 5182 2321 5234; x_wconf 92' lang='lat' dir='ltr'>in</span> <span class='ocrx_word' id='word_1_815' title='bbox 2371 5183 2629 5250; x_wconf 91' lang='lat' dir='ltr'>sepulcro</span> <span class='ocrx_word' id='word_1_816' title='bbox 2678 5182 2748 5235; x_wconf 94' lang='lat' dir='ltr'>de</span> <span class='ocrx_word' id='word_1_817' title='bbox 2797 5198 2910 5250; x_wconf 90' lang='lat' dir='ltr'>quo</span> <span class='ocrx_word' id='word_1_818' title='bbox 2956 5181 3093 5233; x_wconf 84' lang='lat' dir='ltr'>talia</span> <span class='ocrx_word' id='word_1_819' title='bbox 3139 5181 3429 5234; x_wconf 86' lang='lat' dir='ltr'>clamaret.</span> <span class='ocrx_word' id='word_1_820' title='bbox 3485 5179 3591 5242; x_wconf 89' lang='lat' dir='ltr'>Qui</span> <span class='ocrx_word' id='word_1_821' title='bbox 3647 5196 3781 5249; x_wconf 91' lang='lat' dir='ltr'>ape-</span> 
     </span>
    </p>
   </div>
   <div class='ocr_carea' id='block_1_115' title="bbox 2080 5268 3782 5339">
    <p class='ocr_par' dir='ltr' id='par_1_115' title="bbox 2080 5268 3782 5339">
     <span class='ocr_line' id='line_1_115' title="bbox 2080 5268 3782 5339; baseline -0.001 -16"><span class='ocrx_word' id='word_1_822' title='bbox 2080 5270 2289 5324; x_wconf 87' lang='lat' dir='ltr'>rientes</span> <span class='ocrx_word' id='word_1_823' title='bbox 2332 5271 2682 5339; x_wconf 88' lang='lat' dir='ltr'>sepulcrum,</span> <span class='ocrx_word' id='word_1_824' title='bbox 2713 5271 3048 5323; x_wconf 85' lang='lat' dir='ltr'>vestimenta</span> <span class='ocrx_word' id='word_1_825' title='bbox 3091 5285 3320 5339; x_wconf 88' lang='lat' dir='ltr'>quoque</span> <span class='ocrx_word' id='word_1_826' title='bbox 3361 5268 3572 5321; x_wconf 87' lang='lat' dir='ltr'>intacta</span> <span class='ocrx_word' id='word_1_827' title='bbox 3614 5285 3782 5338; x_wconf 79' lang='lat' dir='ltr'>repe-</span> 
     </span>
    </p>
   </div>
   <div class='ocr_carea' id='block_1_116' title="bbox 2079 5357 3774 5429">
    <p class='ocr_par' dir='ltr' id='par_1_116' title="bbox 2079 5357 3774 5429">
     <span class='ocr_line' id='line_1_116' title="bbox 2079 5357 3774 5429; baseline -0.002 -17"><span class='ocrx_word' id='word_1_828' title='bbox 2079 5364 2300 5424; x_wconf 89' lang='lat' dir='ltr'>rerunt,</span> <span class='ocrx_word' id='word_1_829' title='bbox 2334 5375 2462 5428; x_wconf 88' lang='lat' dir='ltr'>qua</span> <span class='ocrx_word' id='word_1_830' title='bbox 2490 5375 2643 5412; x_wconf 91' lang='lat' dir='ltr'>nunc</span> <span class='ocrx_word' id='word_1_831' title='bbox 2675 5375 2855 5429; x_wconf 82' lang='lat' dir='ltr'>usque</span> <span class='ocrx_word' id='word_1_832' title='bbox 2883 5359 2943 5411; x_wconf 90' lang='lat' dir='ltr'>in</span> <span class='ocrx_word' id='word_1_833' title='bbox 2965 5359 3164 5411; x_wconf 87' lang='lat' dir='ltr'>eadem</span> <span class='ocrx_word' id='word_1_834' title='bbox 3189 5357 3448 5421; x_wconf 79' lang='lat' dir='ltr'>ecclesia,</span> <span class='ocrx_word' id='word_1_835' title='bbox 3483 5372 3588 5425; x_wconf 88' lang='lat' dir='ltr'>pro</span> <span class='ocrx_word' id='word_1_836' title='bbox 3615 5357 3774 5426; x_wconf 87' lang='lat' dir='ltr'>ejus-</span> 
     </span>
    </p>
   </div>
   <div class='ocr_carea' id='block_1_117' title="bbox 2081 5445 3784 5514">
    <p class='ocr_par' dir='ltr' id='par_1_117' title="bbox 2081 5445 3784 5514">
     <span class='ocr_line' id='line_1_117' title="bbox 2081 5445 3784 5514; baseline -0.001 -15"><span class='ocrx_word' id='word_1_837' title='bbox 2081 5446 2212 5499; x_wconf 88' lang='lat' dir='ltr'>dem</span> <span class='ocrx_word' id='word_1_838' title='bbox 2244 5463 2423 5499; x_wconf 78' lang='lat' dir='ltr'>causa</span> <span class='ocrx_word' id='word_1_839' title='bbox 2455 5447 2782 5500; x_wconf 88' lang='lat' dir='ltr'>testimonio</span> <span class='ocrx_word' id='word_1_840' title='bbox 2824 5453 3150 5510; x_wconf 86' lang='lat' dir='ltr'>serVantur;</span> <span class='ocrx_word' id='word_1_841' title='bbox 3197 5462 3406 5514; x_wconf 88' lang='lat' dir='ltr'>corpus</span> <span class='ocrx_word' id='word_1_842' title='bbox 3439 5461 3569 5496; x_wconf 87' lang='lat' dir='ltr'>vero</span> <span class='ocrx_word' id='word_1_843' title='bbox 3628 5445 3784 5498; x_wconf 89' lang='lat' dir='ltr'>illius</span> 
     </span>
    </p>
   </div>
   <div class='ocr_carea' id='block_1_118' title="bbox 2081 5533 3783 5604">
    <p class='ocr_par' dir='ltr' id='par_1_118' title="bbox 2081 5533 3783 5604">
     <span class='ocr_line' id='line_1_118' title="bbox 2081 5533 3783 5604; baseline -0.001 -16"><span class='ocrx_word' id='word_1_844' title='bbox 2081 5535 2317 5588; x_wconf 88' lang='lat' dir='ltr'>omnino</span> <span class='ocrx_word' id='word_1_845' title='bbox 2373 5552 2486 5588; x_wconf 89' lang='lat' dir='ltr'>non</span> <span class='ocrx_word' id='word_1_846' title='bbox 2535 5536 2895 5602; x_wconf 89' lang='lat' dir='ltr'>invenerunt,</span> <span class='ocrx_word' id='word_1_847' title='bbox 2944 5551 3007 5587; x_wconf 92' lang='lat' dir='ltr'>ac</span> <span class='ocrx_word' id='word_1_848' title='bbox 3061 5535 3107 5587; x_wconf 91' lang='lat' dir='ltr'>si</span> <span class='ocrx_word' id='word_1_849' title='bbox 3160 5535 3220 5587; x_wconf 92' lang='lat' dir='ltr'>in</span> <span class='ocrx_word' id='word_1_850' title='bbox 3260 5533 3462 5586; x_wconf 90' lang='lat' dir='ltr'>eodem</span> <span class='ocrx_word' id='word_1_851' title='bbox 3522 5533 3783 5604; x_wconf 91' lang='lat' dir='ltr'>sepulcro</span> 
     </span>
    </p>
   </div>
   <div class='ocr_carea' id='block_1_119' title="bbox 2081 5622 3785 5694">
    <p class='ocr_par' dir='ltr' id='par_1_119' title="bbox 2081 5622 3785 5694">
     <span class='ocr_line' id='line_1_119' title="bbox 2081 5622 3785 5694; baseline -0.002 -16"><span class='ocrx_word' id='word_1_852' title='bbox 2081 5623 2334 5693; x_wconf 88' lang='lat' dir='ltr'>positum</span> <span class='ocrx_word' id='word_1_853' title='bbox 2364 5639 2482 5677; x_wconf 90' lang='lat' dir='ltr'>non</span> <span class='ocrx_word' id='word_1_854' title='bbox 2510 5624 2728 5678; x_wconf 86' lang='lat' dir='ltr'>fuisset.</span> <span class='ocrx_word' id='word_1_855' title='bbox 2763 5624 2843 5677; x_wconf 86' lang='lat' dir='ltr'>Ex</span> <span class='ocrx_word' id='word_1_856' title='bbox 2875 5639 2990 5694; x_wconf 88' lang='lat' dir='ltr'>qua</span> <span class='ocrx_word' id='word_1_857' title='bbox 3015 5639 3076 5678; x_wconf 88' lang='lat' dir='ltr'>re</span> <span class='ocrx_word' id='word_1_858' title='bbox 3106 5622 3490 5692; x_wconf 86' lang='lat' dir='ltr'>colligendum</span> <span class='ocrx_word' id='word_1_859' title='bbox 3536 5627 3621 5675; x_wconf 88' lang='lat' dir='ltr'>est</span> <span class='ocrx_word' id='word_1_860' title='bbox 3670 5639 3785 5693; x_wconf 86' lang='lat' dir='ltr'>qua</span> 
     </span>
    </p>
   </div>
  </div>
