3956 6316
271 313 372 364 707

1351 306 1756 362 BURCHARDI
1799 303 2329 361 WORMACIENSIS
2369 303 2696 360 EPISCOPI.
3679 306 3778 359 708

270 431 640 485 commutatio
693 430 774 482 rei
819 429 1234 498 ecclesiastica,
1283 429 1495 500 absque
1537 427 1953 482 collaudatione
1993 430 2039 481 A
2073 426 2426 496 mancipium
2454 427 2600 496 juris
2641 425 2922 494 Ecclesia,
2974 442 3089 480 non
3121 429 3344 482 retento
3397 426 3779 481 ecclesiastico

270 525 325 573 et
355 517 774 588 subscriptione
803 517 1159 571 clericorum.

272 628 381 682 CAP
433 625 654 680 CLXXI.
754 653 823 662 —
888 627 963 678 De
1022 622 1521 677 commutationibus
1566 637 1748 676 rerum
1805 623 1967 675 eccle-

944 697 1305 748 siasticarum.

344 785 464 854 (Ea:
490 785 676 838 concil.
707 782 859 851 apud
915 784 1215 836 Belvacum.
1274 797 1394 850 cap.
1449 782 1528 850 5.)
1579 781 1650 834 Ut
1702 795 1964 833 commu-

273 873 518 927 tationes
561 887 749 924 rerum
805 869 1308 923 ecclesiasticarum
1352 870 1511 922 valde
1554 873 1882 933 caveantur,
1914 872 1972 921 et

274 959 642 1013 subtilissime
669 959 715 1011 si
745 958 938 1028 aliquo
963 957 1132 1009 modo
1153 957 1278 1010 ﬁeri
1311 957 1540 1022 debent,
1566 956 1966 1026 inspiciantnr.

273 1048 412 1111 Qua
438 1053 627 1102 autem
654 1046 991 1099 inconsulta
1037 1045 1200 1098 facta
1258 1049 1410 1110 sunt,
1468 1045 1632 1115 juxta
1677 1045 1970 1098 decretum

253 1137 612 1190 «canonicum
642 1135 833 1187 Hilarii
875 1150 1060 1203 papa,
1104 1150 1245 1203 quas
1293 1134 1490 1188 illicite
1543 1135 1804 1187 decessor
1856 1132 1972 1202 epi-

274 1242 479 1296 scopus
512 1223 822 1290 admiserit,
855 1223 941 1276 vel
975 1223 1044 1276 ab
1076 1223 1199 1275 aliis
1240 1222 1434 1276 illicite
1463 1222 1782 1276 commissa
1815 1226 1967 1286 sunt,

273 1317 345 1370 ab
377 1331 443 1368 eo
477 1313 576 1383 qui
605 1327 892 1364 successor
921 1314 1006 1363 est
1037 1311 1433 1363 emendentur.

649 1400 774 1453 CAP.
812 1399 1053 1453 CLXXII.
1090 1427 1159 1438 —
1202 1401 1273 1452 De
1304 1399 1486 1451 eadem
1513 1413 1589 1451 re.

341 1492 458 1562 (Ea:
501 1490 690 1543 concil.
723 1489 1025 1551 Matisccn.,
1085 1502 1204 1556 cap.
1263 1488 1340 1551 4.)
1397 1489 1442 1539 Α
1495 1491 1688 1538 sancta
1749 1485 1966 1556 synodo

269 1581 556 1634 decretum
600 1581 703 1642 est,
747 1581 802 1628 et
847 1575 1161 1645 imperialis
1193 1575 1502 1628 auctoritas
1542 1574 1862 1639 denuntiat,
1895 1591 1967 1628 ne

269 1666 746 1721 commutationes
778 1679 991 1725 rerum,
1043 1664 1128 1715 vel
1161 1663 1583 1732 mancipiorum
1620 1662 1964 1716 ecclesiasti-

269 1772 468 1810 corum
518 1753 792 1823 quaelibet
838 1767 1084 1821 persona
1136 1751 1257 1804 sine
1308 1751 1536 1804 licentia
1593 1755 1647 1804 et
1687 1766 1968 1804 consensu

267 1844 426 1914 regio
452 1847 768 1912 prasumat
797 1840 1002 1892 facere.

433 1933 561 1985 CAP.
599 1929 866 1984 CLXXIII.
896 1959 964 1968 —
997 1929 1075 1981 De
1099 1929 1472 1982 ecclesiasticis
1502 1929 1812 1996 mancipiis.

341 2020 459 2090 (Em
543 2019 728 2072 concil.
802 2017 954 2085 apud
1007 2017 1376 2081 Carisiacum,
1451 2032 1584 2084 cap.
1646 2019 1722 2081 2.)
1770 2015 1966 2084 Neque

270 2107 558 2176 mancipia
605 2105 976 2158 ecclesiastica
1024 2103 1350 2173 quisquam,
1397 2103 1505 2156 nisi
1543 2103 1610 2155 ad
1644 2102 1963 2156 libertatem

270 2198 602 2260 commutet,
661 2193 924 2246 videlicet
984 2197 1044 2244 ut
1091 2192 1377 2261 mancipia
1435 2207 1562 2261 qua
1615 2207 1719 2260 pro
1785 2191 1968 2244 eccle-

271 2284 494 2336 siastico
541 2280 775 2334 homine
853 2280 1162 2345 dabuntur,
1225 2280 1284 2332 in
1364 2279 1614 2332 ecclesia
1697 2278 1967 2332 servitute

272 2374 666 2442 permaneant,
717 2374 772 2422 et
813 2367 1222 2421 ecclesiasticus
1267 2368 1443 2420 homo
1496 2367 1597 2437 qui
1647 2373 1966 2421 commuta-

272 2467 388 2526 tur,
435 2463 709 2528 perpetua
753 2457 1015 2509 libertate
1061 2456 1298 2509 fruatur.
1348 2455 1508 2519 Quod
1576 2455 1729 2508 enim
1792 2455 1968 2508 semel

278 2548 518 2603 Domino
577 2551 967 2599 consecratum
1028 2549 1131 2609 est,
1202 2545 1268 2597 ad
1333 2545 1616 2597 humanos
1663 2561 1796 2597 usus
1845 2544 1967 2613 jam

271 2635 565 2690 transferri
601 2650 716 2687 non
749 2638 952 2703 potest.
1009 2633 1100 2685 Ait
1131 2633 1280 2684 enim
1340 2633 1462 2685 lex:
1497 2631 1555 2686 Si
1601 2632 1731 2702 quis
1780 2636 1966 2686 muta-

269 2724 435 2790 verit,
468 2723 700 2792 etquod
733 2725 938 2786 mutat,
979 2725 1032 2773 et
1065 2721 1221 2790 quod
1273 2723 1556 2774 mutatum
1614 2725 1714 2788 est,
1759 2722 1965 2774 sancti-

272 2812 537 2866 ticabitur
564 2810 827 2865 Domino.

653 2900 780 2954 CAP.
817 2898 1080 2952 CLXXIV.
1114 2927 1182 2936 —
1209 2900 1282 2951 De
1303 2897 1486 2950 eadem
1514 2913 1590 2950 re.

347 2989 462 3058 (Ea:
492 2987 670 3041 eodem
718 3002 836 3053 cap.
898 2988 975 3054 3.)
1009 2987 1286 3054 Injustum
1337 2986 1565 3038 videtur
1613 2989 1670 3038 et
1699 2985 1966 3054 impium,
2001 2990 2040 3045 C

276 3083 338 3132 ut
378 3075 662 3144 mancipia
691 3090 820 3144 qua
855 3074 1053 3127 ﬁdeles
1084 3073 1190 3126 viri
1237 3090 1334 3126 seu
1379 3073 1609 3127 femina
1640 3090 1745 3143 pro
1776 3090 1969 3128 reme-

274 3167 370 3222 dio
418 3164 623 3218 anima
662 3179 780 3216 sua
841 3163 953 3215 Deo
1011 3167 1067 3216 et
1114 3163 1322 3215 sanctis
1369 3163 1490 3230 ejus
1546 3167 1964 3216 consecrarunt.

274 3256 664 3326 cujuscunque
698 3253 951 3306 muneris
980 3251 1167 3320 pretio
1196 3252 1283 3304 vel
1314 3250 1777 3304 commutationis
1815 3267 1967 3305 com-

277 3343 505 3408 mercio,
538 3342 742 3395 iterum
780 3339 837 3392 in
871 3341 1184 3394 secularem
1233 3340 1565 3393 servitutem
1612 3339 1965 3408 redigantur,

273 3449 403 3488 cum
457 3430 728 3485 canonica
780 3429 1088 3482 auctoritas
1144 3444 1335 3482 servos
1392 3427 1661 3497 fugitivos
1714 3432 1968 3480 tantum-

275 3521 446 3574 modo
508 3516 746 3572 distrahi
801 3517 1118 3587 permittat,
1174 3529 1230 3569 et
1271 3515 1401 3570 ideo
1469 3531 1668 3570 omnes
1722 3519 1971 3569 rectores

276 3607 652 3661 Ecclesiarum
702 3620 1064 3674 summopere
1112 3608 1362 3670 caveant,
1408 3619 1480 3656 ne
1528 3604 1700 3657 unius
1732 3604 1974 3656 eleemo-

277 3711 416 3765 syna
467 3693 702 3748 alterius
755 3680 1077 3763 peccatum»
1126 3693 1244 3746 ﬁat.
1304 3694 1373 3745 Et
1420 3697 1505 3745 est
1545 3693 1855 3746 absurdum
1911 3696 1973 3746 ut

277 3783 665 3838 Ecclesiastica
740 3781 1020 3851 dignitate
1081 3797 1275 3834 servus
1340 3780 1636 3843 decedens,
1704 3780 1971 3834 humana

275 3871 559 3927 obnoxius
588 3871 662 3924 sit
691 3870 979 3926 servituti.

279 3981 406 4035 CAP.
449 3979 686 4035 CLXXV.
747 4007 815 4018 —
867 3980 944 4033 De
990 3976 1264 4042 regalibus
1309 3977 1594 4046 praeceptis
1645 3991 1808 4046 super
1842 3990 1969 4045 pre-

1049 4049 1241 4102 staria.

348 4139 468 4210 (Ea:
519 4139 706 4193 concil.
739 4137 814 4191 ad
843 4137 900 4192 S.
953 4135 1294 4204 Medardum,
1346 4152 1462 4204 cap.
1521 4137 1630 4202 ll.)
1683 4136 1974 4203 Praecpta

276 4228 494 4298 regalia
543 4243 716 4297 super
755 4225 1030 4296 precariis
1079 4225 1479 4279 Ecclesiasticis
1518 4224 1643 4278 ﬁeri
1676 4240 1780 4278 nec
1824 4224 1969 4277 ratio

274 4317 432 4386 sinit,
468 4333 573 4370 nec
611 4316 921 4370 auctoritas
971 4313 1227 4384 quolibet
1285 4314 1457 4368 modo
1489 4313 1786 4384 permittit.
1818 4312 1969 4376 Quo-

274 4406 432 4458 niam
495 4408 782 4473 pracepta
830 4403 892 4456 in
933 4403 1064 4472 jure
1103 4399 1478 4455 ecclesiastico
1536 4402 1766 4454 ﬁrmare
1822 4401 1972 4454 indi-

276 4509 455 4563 gnum
497 4492 806 4563 judicatur,
839 4507 1069 4544 necesse
1126 4495 1210 4544 est
1251 4495 1316 4544 ut
1354 4490 1622 4560 majestas
1661 4489 1818 4559 regia
1860 4505 1974 4542 non

276 4582 390 4635 nisi
438 4581 508 4635 ab
569 4580 948 4634 ecclesiastico
1001 4584 1218 4633 rectore
1265 4583 1512 4648 petatur.
1571 4578 1728 4632 Idem
1781 4581 1974 4631 autem

276 4674 464 4723 custos
518 4668 782 4721 Ecclesia
837 4667 1206 4720 solertissime
1265 4671 1480 4732 caveat,
1515 4681 1588 4718 ne
1637 4664 1727 4718 sui
1757 4665 1974 4718 ordinis

277 4765 333 4813 et
362 4756 764 4812 Ecclesiastica
786 4756 1206 4810 communionis
1246 4756 1390 4809 forte
1421 4755 1746 4819 immemor,
1776 4758 1975 4808 contra

278 4848 671 4902 auctoritatem
719 4851 1074 4915 praceptum
1105 4845 1328 4915 regium
1359 4860 1462 4913 pro
1502 4857 1845 4912 quacunque
1886 4859 1970 4896 as-

277 4935 597 4992 sentatione
635 4934 760 4988 ﬁeri
797 4937 972 5003 petat.
1007 4932 1116 4996 Qui
1147 4931 1252 4986 etsi
1283 4930 1498 4997 fecerit,
1527 4946 1639 4984 non
1682 4929 1973 4985 audiatur-

277 5027 330 5082 Si
391 5030 579 5079 autem
639 5028 694 5076 et
751 5021 1086 5087 obtinuerit,
1149 5020 1306 5090 regia
1361 5019 1725 5085 discretione,
1778 5023 1835 5072 et
1859 5018 1975 5089 epi-

277 5113 491 5185 scopali
536 5111 754 5182 judicio
805 5110 960 5164 idem
1018 5108 1390 5170 rescindatur,
1443 5111 1498 5162 et
1557 5106 1767 5177 petitor
1820 5105 1972 5175 inju-

276 5208 394 5258 stus
422 5220 524 5273 pro
573 5200 853 5273 principis
909 5198 1124 5268 injusta
1175 5198 1540 5268 suggestione
1589 5197 1764 5267 digne
1802 5195 1973 5250 corri-

274 5293 486 5363 piatur.

277 5399 405 5454 CAP.
442 5397 703 5453 CLXXVI.
755 5425 824 5436 -—-
872 5397 946 5449 De
984 5395 1227 5463 episcOpo
1272 5394 1370 5462 qui
1416 5393 1750 5460 mancipium
1787 5391 1970 5446 Eccle-

747 5470 842 5523 sia
863 5467 1177 5520 manumitti
1211 5463 1507 5518 desiderat.

349 5555 464 5625 (Ea:
518 5556 706 5611 concil.
760 5555 1000 5609 Toletan.
1059 5568 1113 5620 ν,
1175 5567 1294 5622 cap.
1353 5550 1469 5621 68.)
1531 5549 1844 5622 Episcopus
1871 5550 1972 5622 qui

2076 517 2418 586 patrocinio,
2466 515 2794 570 manumitti
2854 515 3158 582 desiderat,
3207 516 3350 568 duos
3394 516 3592 570 meriti
3639 517 3782 586 ejus-

2079 604 2207 658 dem
2240 609 2296 658 et
2335 605 2544 674 peculii
2575 621 2765 658 coram
2810 604 3051 658 concilio
3094 605 3351 658 Ecclesia
3381 604 3474 657 cui
3514 604 3783 674 praemi-

2076 699 2193 757 net,
2246 709 2351 764 per
2404 693 2914 747 commutationem
2961 693 3451 747 subscribentibus
3512 694 3781 746 sacerdo-

2078 781 2227 834 tibus
2265 781 2486 847 offerat,
2547 786 2608 834 ut
2655 785 2778 834 rata
2825 786 2881 834 et
2931 781 3087 852 justa
3134 780 3461 835 inveniatur
3516 781 3781 835 deﬁnitio

2077 870 2558 922 commutationis.
2605 870 2760 922 Tunc
2790 870 2945 923 enim
2987 869 3229 923 liberam
3261 869 3779 923 manumissionem

2078 957 2199 1011 sine
2264 957 2580 1028 patrocinio
2654 957 2910 1011 Ecclesia
2988 959 3298 1011 concedere
3346 958 3582 1028 poterit,
3643 959 3782 1029 quia

2078 1061 2209 1099 eum
2250 1062 2423 1115 quem
2459 1045 2706 1100 libertati
2763 1047 2988 1100 tradere
3035 1047 3309 1116 disponit,
3334 1048 3454 1116 jam
3497 1048 3782 1118 juripro-

2077 1135 2204 1203 prio
2253 1134 2570 1204 acquisivit.
2607 1133 2946 1202 Hujusmodi
2995 1140 3188 1188 autem
3247 1136 3450 1188 liberto
3501 1131 3778 1190 adversus

2079 1222 2404 1288 Ecclesiam,
2430 1222 2590 1292 cujus
2611 1223 2760 1293 juris
2810 1222 3050 1282 exstitit,
3101 1223 3407 1276 accusandi
3448 1224 3534 1275 vel
3566 1221 3780 1276 testiﬁ-

2078 1309 2242 1363 candi
2298 1310 2613 1379 denegetur
2660 1310 2910 1364 licentia.
2990 1311 3153 1374 Quod
3206 1310 3253 1363 si
3318 1310 3778 1381 prasumpserit,

2077 1399 2264 1468 placet
2301 1404 2385 1466 ut,
2419 1404 2602 1452 stante
2631 1399 3099 1464 commutatione,
3152 1399 3214 1452 in
3259 1399 3592 1453 servitutem
3641 1414 3782 1468 pro-

2075 1487 2263 1557 priam
2297 1488 2554 1541 Ecclesia
2581 1493 2898 1542 revocetur.

2077 1593 2204 1646 CAP.
2238 1593 2530 1649 CLXXVII.
2567 1623 2630 1632 —
2677 1592 2756 1647 De
2803 1591 3192 1657 sacerdotibus,
3241 1593 3339 1660 qui
3367 1607 3451 1647 res
3481 1607 3612 1647 suas
3663 1593 3779 1647 Ec-

2661 1665 2833 1717 clesia
2859 1665 3192 1731 relinquunt.

2151 1770 2287 1834 (Ea).
2331 1768 2510 1822 eodem
2558 1770 2747 1823 concil.
2806 1785 2859 1833 v,
2917 1784 3037 1836 cap.
3069 1767 3182 1837 69.)
3227 1768 3553 1822 Consensus
3602 1768 3781 1822 totius

2078 1856 2305 1910 concilii
2355 1855 2615 1909 deﬁnivit
2682 1860 2744 1908 ut
2793 1855 3134 1920 sacerdotes,
3190 1856 3288 1924 qui
3342 1859 3441 1908 aut
3499 1871 3589 1909 res
3648 1871 3782 1908 suas

2078 1945 2341 1998 Ecclesia
2367 1944 2722 2014 relinquunt,
2774 1949 2873 1997 ant
2920 1943 3061 1996 nihil
3107 1943 3405 2010 habentes,
3459 1944 3651 2014 aliqua
3692 1949 3779 1997 ta-

2077 2049 2211 2087 men
2260 2031 2495 2102 pradia,
2543 2036 2642 2086 aut
2696 2031 2941 2085 familias
2992 2031 3252 2085 Ecclesiis
3285 2031 3402 2083 suis
3429 2032 3785 2102 conquirunt

2079 2121 2244 2175 liceat
2290 2120 2402 2173 illis
2431 2120 2656 2189 aliquos
2685 2119 2753 2173 de
2802 2118 3033 2172 familiis
3063 2119 3320 2188 ejusdem
3370 2120 3630 2172 Ecclesia
3664 2136 3783 2173 ma-

2077 2208 2409 2276 numittere,
2445 2209 2607 2278 juxta
2636 2207 2720 2261 rei
2767 2208 2987 2261 collata
3031 2207 3285 2272 modum,
3339 2224 3512 2277 quem
3555 2208 3784 2278 antiqui

2079 2313 2325 2350 canones
2366 2297 2759 2359 decreverunt,
2803 2295 2884 2349 ita
2931 2299 2995 2349 ut
3041 2311 3172 2348 cum
3221 2296 3447 2364 peculio
3493 2301 3548 2348 et
3578 2301 3781 2364 poste—

2079 2385 2245 2439 ritate
2272 2401 2392 2452 sua,
2435 2385 2483 2437 si
2527 2383 2767 2454 ingenui
2820 2388 2970 2449 sunt,
3023 2382 3126 2436 sub
3167 2382 3486 2452 patrocinio
3521 2384 3783 2437 Ecclesia

2081 2478 2369 2538 maneant,
2405 2472 2681 2526 utilitates
2710 2471 2995 2542 injunctas
3038 2471 3145 2524 sibi
3180 2473 3347 2541 juxta
3380 2473 3535 2542 quod
3565 2477 3783 2542 potue-

2080 2562 2198 2616 rint
2224 2565 2654 2632 prosequentes.

2081 2667 2211 2725 CAP.
2247 2667 2561 2722 CLXXVIII.
2597 2696 2667 2705 —
2702 2667 2768 2719 Ut
2796 2665 3099 2734 presbyteri
3128 2680 3240 2719 rem
3279 2666 3524 2720 Ecclesia
3551 2666 3785 2721 vendere

2679 2752 2786 2790 non
2811 2741 3168 2805 praesumant.

2152 2826 2272 2895 (Em
2334 2826 2521 2879 concil.
2574 2825 2857 2890 Carthag.,
2902 2839 3021 2893 cap.
3081 2824 3193 2893 33.)
3250 2825 3389 2878 Item
3455 2823 3671 2895 placuit
3715 2830 3786 2879 ut

2081 2914 2397 2986 presbyteri
2426 2929 2545 2967 non
2572 2912 2823 2967 vendant
2863 2927 2982 2965 rem
3018 2913 3297 2978 Ecclesia,
3341 2912 3438 2966 ubi
3471 2918 3604 2966 sunt
3643 2930 3784 2966 con-

2079 3003 2285 3070 stituti,
2353 3001 2739 3056 nescientibus
2814 3000 3096 3070 episcopis
3153 3001 3310 3053 suis:
3369 3001 3662 3070 quomodo
3725 3006 3786 3055 et

2079 3091 2357 3163 episcopis
2387 3107 2502 3144 non
2541 3091 2709 3144 liceat
2753 3091 2994 3144 vendere
3031 3089 3249 3159 pradia
3293 3090 3575 3156 Ecclesia,
3625 3091 3788 3160 igno-

2079 3186 2241 3235 rante
2288 3179 2528 3234 concilio
2598 3180 2684 3232 vel
2759 3179 3107 3249 presbyteris
3174 3178 3310 3231 suis.
3371 3180 3494 3233 Non
3545 3179 3786 3234 habenti

2080 3286 2215 3340 ergo
2255 3268 2669 3335 necessitatem,
2715 3283 2817 3321 nec
2865 3267 3130 3338 episc0po
3182 3266 3348 3320 liceat
3385 3268 3638 3322 matricis
3687 3269 3786 3323 Ec-

2079 3358 2282 3424 clesia,
2317 3373 2420 3411 nec
2448 3356 2782 3427 presbytero
2813 3372 2932 3410 rem
2967 3356 3121 3410 tituli
3150 3355 3239 3409 sui
3277 3372 3577 3427 usurpare.

2080 3465 2208 3520 CAP.
2245 3465 2506 3519 CLXXIX.
2550 3492 2618 3501 ——
2674 3465 2740 3516 Ut
2795 3463 2977 3516 nullus
3029 3462 3314 3516 ordinatus
3353 3461 3419 3516 de
3463 3464 3783 3517 ministeriis

2392 3536 2651 3588 Ecclesia
2675 3534 2894 3601 aliquid
2921 3533 3147 3586 vendere
3175 3538 3492 3602 prasumat.

2151 3644 2260 3707 (Ea:
2290 3641 2473 3695 concil.
2519 3643 2818 3706 Braggar.,
2877 3654 2998 3707 cap.
3050 3641 3155 3706 30.)
3201 3638 3258 3693 Si
3308 3638 3436 3709 quis
3483 3638 3785 3710 presbyter

2081 3734 2178 3782 aut
2210 3729 2482 3782 diaconus
2509 3728 2774 3781 inventus
2822 3727 2998 3780 fuerit
3054 3728 3122 3781 de
3174 3727 3553 3797 eleemosynis
3594 3728 3786 3781 Eccle-

2082 3819 2181 3871 sia
2223 3817 2440 3886 aliquid
2488 3816 2863 3881 venundasse,
2897 3815 3032 3886 quia
3067 3815 3430 3887 sacrilegium
3470 3816 3780 3880 commisit,

2081 3907 2299 3978 placuit
2336 3923 2468 3959 eum
2499 3906 2558 3958 in
2601 3905 2963 3958 ordinatione
3001 3905 3258 3959 Ecclesia
3297 3921 3414 3958 non
3446 3905 3667 3959 haberi.
3717 3908 3782 3960 In

2079 3995 2295 4068 judicio
2320 3999 2510 4048 tamen
2543 3993 2796 4064 episcopi
2824 3993 3254 4060 dimittendum,
3296 3994 3411 4047 sive
3431 3993 3646 4064 dignus
3687 3994 3778 4061 sit,

2083 4085 2199 4138 sive
2223 4085 2496 4154 indignus
2527 4083 2588 4136 in
2615 4100 2717 4136 suo
2747 4082 2920 4152 recipi
2953 4083 3156 4152 gradu.

2085 4193 2212 4246 CAP.
2264 4191 2499 4246 CLXXX.
2532 4220 2601 4229 —
2639 4193 2713 4244 De
2753 4189 3081 4258 presbyteris
3127 4191 3224 4259 qui
3252 4189 3318 4243 de
3349 4188 3477 4258 jure
3517 4189 3666 4244 tituli
3695 4191 3784 4243 sui

2637 4261 2854 4329 aliquid
2881 4261 3216 4314 distrahunt.

2156 4371 2273 4436 (Ea:
2319 4368 2518 4434 eodem,
2563 4383 2682 4436 cap.
2714 4370 2827 4434 3t.)
2854 4367 3192 4438 Quicunque
3243 4366 3543 4437 presbyter
3561 4367 3632 4421 de
3649 4369 3781 4438 jure

2083 4456 2235 4510 tituli
2261 4457 2351 4510 sui
2381 4455 2640 4526 quolibet
2679 4455 2850 4509 modo
2881 4471 3108 4522 aurum,
3143 4458 3467 4526 argentum,
3499 4455 3587 4509 vel
3618 4471 3780 4526 gem-

2081 4561 2226 4612 mas,
2272 4549 2455 4598 vestes
2489 4559 2738 4615 quoque,
2774 4543 2820 4596 si
2849 4549 3001 4610 sunt,
3029 4544 3117 4598 vel
3144 4543 3192 4596 si
3225 4543 3559 4597 accesserint
3588 4545 3784 4615 aliqua

2083 4634 2317 4688 mobilia
2345 4635 2414 4688 ad
2449 4637 2787 4687 ornamenta
2827 4633 3040 4700 divina,
3093 4633 3308 4704 aliquid
3339 4633 3401 4686 in
3431 4639 3782 4703 perpetuum

2084 4723 2331 4777 alienare
2383 4722 2706 4789 tentaverit,
2753 4722 3019 4791 donator,
3065 4723 3347 4777 alienator
3376 4737 3440 4776 ac
3493 4723 3778 4788 venditor,

2081 4809 2317 4864 honoris
2347 4811 2436 4864 sui
2465 4810 2767 4864 amissione
2794 4811 3116 4864 mulctetur.

2458 4916 2587 4970 CAP.
2624 4915 2886 4970 CLXXXI.
2919 4947 2988 4955 —
3016 4918 3091 4970 De
3113 4915 3300 4970 eadem
3325 4930 3402 4969 re.

2153 5025 2259 5092 (Ea:
2287 5023 2485 5090 eodem,
2537 5038 2657 5092 cap.
2719 5022 2832 5093 32.)
2865 5021 2924 5077 Si
2973 5023 3100 5094 quis
3151 5022 3452 5093 episcopus
3508 5022 3670 5076 nulla
3696 5041 3783 5078 ec-

2082 5112 2410 5167 clesiastica
2467 5112 2708 5165 rationis
2760 5111 3096 5166 necessitate
3151 5111 3497 5181 compulsus,
3560 5111 3620 5164 in
3675 5129 3779 5167 suo

2081 5202 2254 5267 clero,
2289 5206 2388 5254 aut
2414 5200 2514 5254 ubi
2561 5201 2706 5254 forte
2737 5216 2855 5253 non
2904 5205 2987 5254 est
3024 5200 3338 5270 presbyter,
3372 5198 3441 5252 de
3488 5200 3662 5254 rebus
3689 5217 3780 5255 ec-

2081 5284 2408 5338 clesiasticis
2456 5284 2675 5355 aliquid
2707 5285 3138 5354 prasumpserit
3171 5285 3431 5346 vendere,
3472 5299 3563 5337 res
3604 5284 3780 5354 ipsas,

2083 5371 2342 5426 Ecclesia
2397 5371 2647 5443 propria
2702 5377 3022 5426 restaurare
3082 5376 3339 5442 cogatur,
3371 5375 3430 5426 et
3477 5371 3538 5425 in
3558 5372 3779 5442 judicio

2081 5463 2479 5531 episcoporum
2518 5459 2820 5531 dejiciatur
2849 5462 3101 5532 auditus,
3123 5465 3180 5517 et
3198 5465 3475 5533 tanquam
3513 5460 3656 5516 furti
3681 5465 3781 5516 aut

2079 5549 2364 5604 latrocinii
2385 5565 2516 5604 reus
2541 5565 2644 5605 suo
2673 5549 2934 5620 privetur
2961 5551 3202 5608 honore.
