3956 6304
127 316 230 366 709

1101 310 1576 369 DECRETORUM
1622 312 1809 369 LIBRI
1849 314 1954 369 XX.
1997 342 2065 351 —-
2104 315 2312 369 LIBER
2353 316 2673 371 TERTIUS.
3551 322 3652 374 710

125 435 255 513 CAP.
296 432 782 513 CLXXX_II._Quod
828 438 1091 513 quantum
1134 435 1429 513 remedium
1474 437 1640 513 venia
1690 436 1835 513 obla-
1862 446 1908 496 Α
1946 436 2073 491 CAP.
2142 436 2461 513 CLXXXVI.
2516 441 2599 513 _De
2663 440 2903 503 libertis,
2972 444 3068 509 qui
3142 459 3174 494 a
3240 400 3649 513 quibuscunque

201 509 277 558 tio
345 506 708 557 ecclesiastica
767 506 956 555 tribuit
1022 508 1336 572 conferenti,
1407 511 1620 559 tantum
1686 506 1835 559 dam-

196 591 329 629 num
358 580 639 644 praparat
666 575 974 640 fundatori.

203 666 319 731 (Ea:
368 664 559 717 concil.
620 665 881 726 Toletum,
925 679 1044 731 cap.
1101 662 1212 732 33.)
1263 664 1462 717 Omnis
1514 664 1709 734 itaque
1756 664 1837 717 rei

132 753 532 807 ecclesiastica
560 753 871 822 quantitas,
906 753 1051 804 sicut.
1076 753 1393 805 remedium
1426 753 1605 806 venia
1641 753 1839 806 tribuit

131 841 489 907 conferendi,
536 840 615 894 ita
662 841 938 894 damnum
998 840 1104 894 rite
1161 846 1450 910 praparat
1504 841 1834 894 fraudatori.

130 931 198 983 Et
257 930 388 983 ideo
451 930 644 982 nullus
702 929 1085 995 sacerdotum,
1153 930 1242 982 vel
1310 929 1704 983 ministrorum
1772 947 1839 984 ex

127 1020 306 1072 rebus
352 1018 631 1079 Ecclesia,
684 1034 813 1088 qua
868 1018 926 1071 in
968 1018 1404 1089 quibuscunque
1446 1018 1582 1071 locis
1622 1036 1653 1071 a
1692 1018 1839 1071 tide-

129 1108 284 1161 libus
337 1109 682 1177 largiuntur,
736 1107 953 1177 aliquid
1005 1108 1246 1172 auferat,
1301 1113 1357 1160 et
1403 1107 1521 1176 juri
1571 1124 1693 1172 suo,
1742 1112 1840 1160 aut

129 1197 419 1251 cathedra
469 1197 714 1266 propria
750 1196 958 1249 unitati
1007 1200 1326 1251 connectat.
1363 1197 1589 1261 Verum,
1633 1200 1696 1248 ut
1725 1196 1840 1247 hu-

123 1286 223 1355 jus
268 1284 351 1337 rei
406 1285 659 1337 soliditas
708 1285 899 1353 potior
956 1285 1252 1352 habeatur,
1304 1285 1642 1355 propinquis
1695 1284 1838 1353 ejus,

131 1374 234 1444 qui
271 1379 719 1426 construxerunt
765 1374 849 1425 vel
881 1373 1206 1426 ditaverunt
1236 1373 1565 1436 Ecclesiam,
1618 1372 1840 1425 licitum

131 1462 207 1514 sit
255 1462 404 1514 hanc
451 1462 615 1514 bona
646 1462 981 1514 intentionis
1041 1461 1249 1514 habere
1295 1462 1605 1524 solertiam,
1659 1466 1744 1529 ut,
1795 1460 1840 1512 si

132 1551 494 1603 sacerdotem
578 1566 672 1602 seu
763 1550 1088 1602 ministrum
1177 1551 1393 1620 aliquid
1480 1568 1545 1603 ex
1622 1549 1841 1602 collatis

132 1640 312 1692 rebus
366 1638 734 1708 praviderint
788 1638 1151 1701 defraudare,
1221 1642 1317 1691 aut
1373 1638 1842 1692 commonitionis

132 1728 387 1781 honesta
417 1728 791 1780 conventione
841 1732 1224 1797 compescant,
1259 1731 1354 1779 aut
1383 1726 1517 1779 talia
1549 1725 1840 1795 episcopo,
1880 1728 1915 1780 Β

132 1822 235 1869 aut
262 1815 447 1885 judici
498 1816 836 1884 corrigenda
892 1815 1251 1868 denuntient.
1293 1814 1449 1877 Quod
1482 1813 1529 1865 si
1555 1814 1689 1866 talia
1724 1814 1843 1883 epi-

137 1921 349 1974 scopus
395 1920 565 1975 agere
619 1909 819 1967 tentat,
878 1904 1321 1971 metropolitano
1361 1902 1483 1971 ejus
1535 1904 1655 1955 hac
1701 1902 1847 1954 insi—

139 2009 325 2046 nuare
393 1998 718 2063 procurent.
779 1992 835 2045 Si
908 1998 1097 2045 autem
1168 1991 1645 2060 metropolitanus
1711 1991 1848 2043 talia

140 2083 317 2151 gerit,
373 2082 521 2151 regis
578 2082 698 2134 hac
753 2081 988 2134 auribus
1040 2081 1330 2133 insinuare
1381 2096 1496 2132 non
1557 2078 1842 2132 differant.

142 2172 292 2241 Ipsis
336 2175 528 2223 tamen
572 2170 896 2223 haredibus
928 2171 983 2221 in
1018 2170 1229 2223 eisdem
1283 2169 1452 2221 rebus
1493 2184 1609 2220 non
1662 2168 1844 2233 liceat,

142 2259 314 2330 quasi
348 2259 495 2327 juris
542 2258 758 2329 proprii
800 2263 1139 2328 potestatem
1186 2258 1473 2327 praeferre,
1527 2272 1641 2309 non
1690 2256 1848 2324 rapi-

142 2364 305 2408 nam.
341 2364 457 2400 non
510 2347 770 2400 fraudem
817 2347 1099 2415 ingerere,
1136 2362 1252 2398 non
1284 2345 1614 2398 violentiam
1646 2360 1849 2415 quam-

141 2453 376 2506 cunque
425 2452 795 2505 prasumere.
846 2436 901 2489 Si
952 2436 1079 2505 quis
1127 2435 1249 2488 hac
1301 2434 1518 2487 monita
1569 2438 1849 2486 temerare

142 2526 601 2595 prasumpserit,
653 2529 707 2577 et
740 2526 887 2578 male
933 2529 1095 2593 rapta
1126 2540 1254 2576 cum
1301 2523 1633 2576 confusione
1683 2522 1846 2575 resti-

143 2620 293 2680 tuet,
327 2620 383 2666 et
417 2612 1025 2667 excommunicationis
1058 2628 1265 2665 annua
1305 2610 1644 2664 sententiam
1677 2610 1848 2663 susti-

148 2701 336 2755 nebit.

150 2809 282 2863 CAP.
341 2807 665 2863 CLXXXIII.
736 2809 808 2860 De
875 2808 1083 2859 clericis
1138 2809 1234 2874 qui
1279 2806 1614 2871 documenta,
1656 2804 1850 2873 quibus

405 2882 637 2933 ecclesia
666 2880 925 2947 possessio
954 2880 1228 2945 ﬁrmatur,
1265 2878 1599 2931 distrahunt.

223 2970 345 3037 (Ea:
374 2969 562 3021 concil.
609 2969 903 3034 Agat/tem,
949 2982 1066 3035 cap.
1091 2964 1169 3035 5.)
1204 2965 1257 3019 Si
1291 2966 1418 3036 quis
1451 2982 1583 3018 vero
1633 2966 1701 3019 de
1732 2965 1846 3018 cle-

151 3058 287 3111 ricis
337 3057 703 3121 documenta,
755 3056 962 3125 quibus
1014 3054 1269 3109 Ecclesia
1318 3055 1601 3124 possessio
1656 3054 1848 3107 ﬁrma-

157 3150 257 3199 tur
313 3150 411 3199 aut
474 3145 853 3216 supprimere,
905 3150 1004 3198 aut
1069 3161 1299 3215 negare,
1368 3149 1465 3197 aut
1519 3142 1853 3197 adversariis

156 3236 398 3289 fortasse
450 3235 694 3299 tradere,
755 3233 1067 3288 damnabili
1125 3238 1180 3286 et
1244 3233 1534 3303 punienda
1599 3232 1852 3286 obstina-

156 3324 317 3377 tione
364 3323 812 3393 prasumpserit,
861 3321 1143 3392 quidquid
1177 3338 1279 3390 per
1327 3321 1641 3374 absentiam
1673 3321 1854 3373 docu-

156 3416 487 3465 mentorum
519 3410 712 3464 damni
744 3409 1005 3462 Ecclesia
1040 3410 1263 3462 illatum
1294 3414 1395 3473 est,
1424 3414 1479 3461 et
1508 3409 1575 3461 de
1607 3407 1855 3477 propriis

156 3498 523 3553 facultatibus
543 3500 759 3565 reddat,
786 3503 839 3551 et
859 3498 1263 3551 communione
1278 3498 1549 3567 privetur.
1576 3498 1640 3549 lli
1661 3502 1851 3549 autem

157 3587 257 3657 qui
325 3587 381 3640 in
432 3587 705 3639 damnum
761 3585 1024 3639 Ecclesia
1084 3590 1370 3654 pracepta
1416 3590 1472 3637 et
1528 3583 1855 3637 testimonia

159 3679 367 3728 sancta
398 3676 651 3728 Ecclesia
678 3674 855 3744 impie
886 3674 1174 3727 sollicitati
1204 3690 1236 3726 a
1267 3673 1640 3726 traditoribus
1672 3688 1853 3725 susce-

158 3769 393 3832 perunt,
427 3763 548 3834 pari
580 3762 858 3817 sententia
888 3763 1183 3816 feriantur.

158 3869 289 3923 CAP.
342 3869 664 3923 CLXXXIV.
710 3871 781 3922 De
832 3868 1058 3934 libertis,
1115 3871 1212 3936 qui
1254 3884 1287 3919 α
1324 3869 1626 3936 patrocinio
1685 3867 1853 3920 Eccle-

756 3942 851 3993 sia
879 3940 1259 3993 discesserunt.

230 4031 340 4093 (Ea:
388 4029 573 4081 concil.
638 4028 797 4083 Tolet.
864 4045 916 4093 v,
976 4044 1094 4096 cap.
1153 4029 1263 4094 71.)
1320 4026 1530 4080 Liberti
1570 4025 1854 4093 Ecclesia,

159 4117 261 4187 qui
307 4134 340 4171 a
379 4117 697 4187 patrocinio
746 4118 869 4187 ejus
908 4116 1288 4186 discedentes,
1338 4116 1687 4185 quibuslibet
1731 4131 1858 4185 per-

159 4206 315 4259 sonis
397 4206 776 4270 adhaserunt,
860 4206 906 4258 si
975 4205 1253 4259 admoniti
1333 4205 1519 4259 redire
1597 4209 1855 4258 contem—

159 4294 401 4365 pserint,
448 4294 822 4348 manumissio
853 4310 1050 4347 eorum
1092 4295 1254 4346 irrita
1283 4293 1376 4361 sit,
1422 4292 1555 4363 quia
1584 4309 1688 4362 per
1718 4292 1851 4346 obe-
1887 4286 1929 4338 Ι)

160 4382 395 4437 dientia
429 4388 821 4453 contemptum
846 4383 1057 4453 ingrati
1094 4382 1313 4436 actione
1340 4387 1626 4436 tenentur.

446 4490 573 4544 CAP.
617 4489 900 4543 CLXXXV.
950 4490 1029 4543 De
1059 4490 1272 4543 libertis
1302 4490 1570 4544 Ecclesia.

233 4596 346 4662 (Ex
391 4596 569 4650 eodem
627 4597 817 4650 concil.
867 4612 920 4661 v,
967 4612 1087 4665 cap.
1149 4595 1267 4665 70.)
1317 4595 1524 4649 Liberti
1574 4594 1855 4664 Ecclesia,

160 4685 299 4754 quia
339 4701 635 4755 nunquam
684 4684 926 4738 moritur
955 4700 1157 4738 eorum
1209 4689 1447 4754 patrona
1480 4702 1509 4735 τι
1538 4682 1856 4753 patrocinio

161 4775 416 4845 ejusdem
463 4791 759 4845 nunquam
794 4774 1107 4840 discedant,
1159 4789 1261 4826 nec
1291 4773 1591 4844 posteritas
1624 4771 1857 4843 quidem

160 4880 385 4928 eorum,
446 4863 591 4937 sicut
643 4864 862 4933 priores
920 4879 1166 4916 canones
1217 4867 1607 4916 decreverunt.
1672 4863 1735 4914 Et
1788 4877 1859 4914 ne

162 4952 311 5005 forte
373 4952 605 5005 libertas
667 4968 866 5005 eorum
912 4952 970 5005 in
1019 4951 1208 5005 futura
1268 4950 1427 5021 prole
1493 4966 1607 5003 non
1645 4954 1855 5019 pateat,

161 5041 405 5111 ipsaque
471 5040 775 5111 posteritas
840 5040 1085 5094 naturali
1156 5038 1515 5109 ingenuitate
1577 5038 1859 5107 obtinens,

161 5144 283 5182 sese
315 5128 387 5181 ab
436 5128 695 5181 Ecclesia
742 5128 1065 5197 patrocinio
1118 5144 1231 5180 non
1284 5125 1595 5191 subtrahat,
1631 5142 1859 5178 necesse

162 5217 246 5265 est
276 5216 393 5265 tam
448 5212 621 5265 iidem
667 5213 873 5277 liberti,
935 5228 1107 5282 quam
1149 5212 1219 5265 ab
1254 5211 1333 5264 eis
1389 5210 1678 5281 progeniti
1726 5225 1858 5279 pro-

161 5301 469 5355 fessionem
522 5302 787 5372 episcopo
821 5319 923 5355 suo
954 5301 1185 5369 faciant,
1237 5317 1339 5371 per
1386 5316 1556 5369 quam
1591 5315 1648 5352 se
1680 5315 1744 5352 ex
1776 5300 1858 5351 fa-

163 5390 321 5443 milia
370 5390 631 5443 Ecclesia
684 5391 890 5445 liberos
936 5390 1163 5444 effectos
1211 5406 1331 5443 esse
1364 5390 1666 5451 fateantur,
1704 5387 1859 5457 ejus-

165 5496 275 5551 que
308 5479 692 5550 patrocinium
736 5497 853 5534 non
885 5480 1237 5551 relinquant,
1276 5480 1370 5534 sed
1398 5480 1561 5550 juxta
1592 5478 1858 5531 virtutem

165 5586 328 5623 suam
359 5567 700 5641 obsequium
726 5569 794 5636 ei,
832 5570 917 5624 vel
950 5569 1335 5625 obedientiam
1364 5567 1679 5641 prabeant.

2052 512 2376 561 manumissi
2403 510 2648 563 Ecclesia
2675 513 2979 579 patrocinio
3010 510 3365 567 commendati
3388 522 3535 568 sunt.

2021 596 2130 662 (Ea:
2161 597 2339 649 eodem
2386 614 2440 662 v,
2491 614 2610 667 cap.
2648 599 2764 668 72.)
2810 600 3039 663 Liberti,
3088 602 3183 670 qui
3234 619 3266 655 a
3297 603 3646 672 quibuscun-

1950 698 2059 751 que
2130 684 2466 737 manumissi
2533 690 2709 751 sunt,
2769 692 2938 756 atque
3006 688 3267 741 Ecclesia
3326 691 3643 758 patrocinio

1950 771 2332 824 commendati
2378 772 2648 837 existunt,
2700 774 2847 827 sicut
2876 777 3087 843 regula
3139 777 3509 847 antiquorum
3543 781 3648 833 Pa-

1915 863 2102 912 'trum
2147 860 2586 929 constituerunt,
2639 863 2974 915 sacerdotali
3029 864 3361 918 defensione
3390 883 3423 919 a
3470 868 3653 937 cujus-

1951 947 2091 1000 libet
2122 948 2424 1001 insolentia
2464 955 2858 1020 protegantur,
2912 951 3028 1005 sive
3079 953 3137 1005 in
3168 959 3318 1008 statu
3368 956 3649 1011 libertatis

1949 1052 2166 1102 eorum,
2200 1053 2299 1090 seu
2332 1038 2389 1090 in
2423 1038 2645 1107 peculio
2680 1040 2830 1109 quod
2864 1040 3072 1094 habere
3107 1050 3443 1098 noscuntur.

2116 1127 2242 1181 CAP.
2280 1126 2615 1180 CLXXXVII.
2656 1129 2733 1180 De
2763 1132 3108 1183 manumissis
3134 1133 3191 1183 in
3223 1134 3482 1186 Ecclesia.

2022 1215 2129 1283 (Ecc
2176 1216 2362 1268 concil.
2415 1218 2694 1276 Arausic.,
2749 1232 2870 1285 cap.
2923 1219 2999 1284 6.)
3034 1219 3095 1270 In
3152 1219 3397 1273 Ecclesia
3436 1237 3647 1274 manu-

1951 1302 2173 1366 missos,
2212 1305 2295 1355 vel
2327 1318 2427 1373 per
2454 1310 2868 1358 testamentum
2900 1306 3161 1359 Ecclesia
3193 1310 3642 1377 commendatos,

1953 1391 1999 1444 si
2031 1392 2159 1461 quis
2191 1392 2250 1445 in
2287 1392 2640 1459 servitutem,
2677 1394 2760 1446 vel
2790 1396 2848 1446 in
2881 1395 3242 1464 obsequium,
3275 1397 3361 1449 vel
3394 1398 3460 1451 ad
3495 1400 3648 1451 colo-

1953 1480 2172 1531 nariam
2215 1480 2598 1533 conditionem
2650 1481 2983 1550 imprimere
3017 1485 3335 1551 tentaverit,
3384 1485 3651 1539 animad-

1951 1568 2211 1621 versione
2243 1570 2618 1623 ecclesiastica
2648 1572 3020 1624 coercebitur.

2024 1656 2153 1707 CAP.
2185 1656 2545 1711 CLXXXVIII.
2582 1660 2649 1711 De
2684 1660 2939 1724 fugitivis
2971 1660 3347 1714 ecclesiasticis
3384 1664 3575 1716 servis.

2026 1741 2141 1808 (Ea:
2223 1741 2403 1794 eodem
2486 1745 2760 1811 Toletan.)
2846 1745 3135 1815 Fugitivos
3216 1746 3387 1799 etiam
3460 1763 3650 1800 servos

1953 1828 2360 1882 ecclesiasticos
2409 1830 2611 1884 domos
2661 1848 2811 1897 suas,
2860 1839 2960 1886 aut
3005 1834 3251 1886 familias
3303 1835 3647 1903 deserentes,

1954 1918 2053 1986 qui
2108 1917 2281 1971 etiam
2321 1918 2367 1970 si
2412 1919 2659 1972 revocati
2703 1920 2934 1986 fuerint,
2985 1922 3171 1974 teneri
3230 1939 3345 1976 non
3386 1929 3651 1993 possunt,

1954 2005 2128 2058 simili
2178 2006 2397 2060 ratione
2456 2008 2526 2060 ab
2576 2009 2864 2077 episcopo,
2920 2010 2966 2062 si
3017 2011 3282 2077 voluerit,
3335 2017 3434 2066 aut
3485 2014 3531 2066 si
3573 2014 3653 2068 ita

1954 2090 2037 2142 illi
2069 2092 2403 2157 meruerint,
2437 2093 2845 2149 distrahantur.

1954 2178 2082 2232 CAP.
2142 2179 2442 2233 CLXXXIX.
2496 2184 2568 2234 De
2618 2186 2906 2251 episcopis,
2964 2187 3061 2251 qui
3117 2186 3259 2238 nihil
3300 2188 3416 2240 suis
3464 2187 3652 2241 Eccle-

2024 2252 2123 2302 siis
2181 2254 2485 2374 contegunt,
2544 2257 2593 2305 et
2639 2260 2816 2307 tamen
2853 2270 2917 2308 ea:
2959 2257 3179 2320 familia
3227 2258 3421 2311 liberos
3472 2260 3652 2324 facere

2026 2337 2332 2374 nrasumun
2364 2363 2375 2374 .

2020 2337 2375 2388 prasumunt.

2026 2410 2139 2475 (Ea:
2186 2409 2418 2479 eodem.)
2470 2410 2755 2480 Episcopi,
2814 2412 2913 2482 qui
2968 2412 3111 2467 nihil
3162 2430 3229 2467 ex
3272 2414 3505 2484 proprio
3550 2432 3653 2469 suo

1957 2495 2211 2548 Ecclesia
2262 2496 2466 2549 Christi
2501 2498 2825 2566 conferunt,
2863 2499 3071 2553 liberos
3103 2517 3169 2553 ex
3201 2502 3431 2554 familiis
3463 2503 3653 2554 Eccle-

1957 2584 2058 2637 sia
2108 2584 2177 2637 ad
2230 2586 2769 2639 condemnationem
2816 2603 2977 2639 suam
3030 2589 3215 2641 facere
3262 2605 3379 2641 non
3433 2604 3651 2651 prasu-

1958 2679 2134 2727 mant.
2180 2674 2425 2744 Impium
2470 2681 2554 2728 est
2600 2676 2755 2728 enim
2806 2681 2867 2728 ut
2916 2676 3015 2743 qui
3072 2693 3161 2730 res
3208 2694 3336 2729 suas
3398 2677 3653 2730 Ecclesia

1958 2761 2166 2816 Christi
2217 2779 2335 2815 non
2391 2764 2713 2829 contulerit,
2773 2764 3049 2817 damnum
3105 2766 3362 2819 Ecclesia
3420 2765 3653 2823 inferat.

1957 2851 2119 2904 Tales
2182 2850 2357 2920 igitur
2410 2850 2645 2905 libertos
2706 2868 2993 2905 successor
3056 2853 3373 2924 episcopus,
3438 2854 3653 2924 absque

1961 2938 2150 3008 aliqua
2183 2938 2541 3009 oppositione
2570 2940 2637 2993 ad
2658 2940 2754 3009 jus
2787 2940 3046 2993 Ecclesia
3083 2942 3384 2994 revocabit.

1885 3003 1924 3058 Ο
1962 3003 2093 3082 CAP.
2129 3003 2277 3082 CXC:
2311 3058 2369 3068 —
2400 3030 2478 3083 De
2515 3003 2780 3096 illis,'qui
2809 3045 2907 3097 pro
2936 3031 3121 3097 aliquo
3148 3036 3304 3084 reatu
3330 3032 3557 3098 fugiunt
3583 3029 3657 3084 ad

2651 3101 2966 3153 Ecclesium.

2036 3188 2144 3256 (Ea:
2174 3189 2361 3242 concil.
2401 3189 2714 3253 Aureliam,
2748 3204 2867 3257 cap.
2910 3188 3015 3257 l0.)
3055 3189 3116 3241 ln
3143 3190 3359 3259 synodo
3391 3189 3657 3243 Aurelia-

1962 3277 2125 3329 nensi
2174 3278 2362 3345 prima
2417 3277 2520 3329 sub
2571 3276 2852 3330 Clodoveo
2903 3294 3054 3346 rege,
3109 3278 3168 3330 in
3216 3295 3327 3348 qua
3384 3280 3659 3331 sederunt

1964 3364 2216 3434 episcopi
2247 3365 2447 3434 viginti
2478 3372 2732 3435 quatuor,
2769 3366 2837 3418 de
2869 3365 2956 3418 bis
2992 3366 3090 3435 qui
3125 3367 3190 3419 ad
3218 3367 3519 3419 Ecclesiam
3552 3382 3656 3435 pro

1964 3454 2216 3507 reatibus
2264 3453 2380 3506 suis
2426 3453 2677 3523 fugiunt,
2725 3454 2781 3508 id
2813 3454 3185 3507 constitutum
3219 3460 3303 3507 est
3349 3455 3656 3507 observan-

1963 3541 2121 3606 dum,
2155 3542 2306 3611 quod
2350 3542 2571 3612 antiqui
2623 3558 2868 3595 canones
2896 3542 3286 3609 decreverunt,
3322 3547 3376 3595 et
3407 3542 3493 3594 lex
3541 3543 3659 3595 Ro-

1965 3645 2133 3682 mana
2199 3630 2516 3697 constituit,
2576 3635 2638 3685 ut
2687 3626 2755 3683 ab
2810 3630 3072 3693 Ecclesia,
3133 3630 3219 3683 vel
3277 3629 3344 3683 ab
3399 3629 3659 3683 Ecclesia

1964 3719 2144 3785 atriis,
2180 3720 2265 3772 vel
2298 3736 2330 3772 a
2360 3720 2529 3773 domo
2569 3719 2826 3789 episcopi
2872 3720 2958 3772 vel
2992 3737 3024 3773 a
3054 3720 3321 3778 claustro,
3373 3720 3509 3789 quia
3538 3718 3661 3771 hac

1964 3824 2069 3877 pro
2118 3808 2431 3862 emunitate
2464 3808 2768 3872 habentur,
2822 3824 2919 3862 eos
2968 3808 3219 3862 abstrahi
3266 3808 3501 3862 omnino
3547 3823 3663 3861 non

1967 3896 2148 3963 liceat,
2185 3895 2281 3949 sed
2334 3912 2438 3949 nec
2467 3895 2632 3949 alteri
2680 3896 3025 3966 consignari,
3066 3895 3176 3950 nisi
3225 3895 3296 3949 ad
3356 3893 3664 3965 Evangelia

1967 3985 2109 4037 datis
2155 3985 2542 4050 sacramentis,
2593 3985 2662 4038 de
2706 3990 2909 4053 morte,
2958 3990 3013 4038 et
3052 3984 3367 4053 debilitate,
3400 3990 3457 4037 et
3502 3984 3663 4037 omni

1965 4090 2265 4142 panarum
2314 4090 2525 4143 genere
2574 4074 2688 4126 sint
2743 4074 2947 4139 securi,
3002 4073 3098 4137 ita,
3160 4077 3222 4125 ut
3270 4073 3321 4125 ei
3385 4072 3478 4125 cui
3531 4088 3662 4125 reus

1966 4161 2140 4214 fuerit
2189 4160 2550 4230 criminosus,
2598 4163 2667 4214 de
2700 4161 3079 4214 satisfactione
3129 4160 3449 4214 conveniat.
3502 4159 3665 4223 Quod

1968 4250 2014 4303 si
2081 4253 2432 4302 sacramenta
2493 4265 2595 4301 sua
2659 4249 2948 4302 convictus
3002 4249 3179 4302 fuerit
3225 4248 3484 4313 violasse,
3531 4264 3663 4301 reus

1968 4338 2207 4409 perjurii
2235 4354 2352 4390 non
2383 4338 2568 4390 solum
2606 4354 2636 4389 a
2665 4338 3069 4391 communione
3104 4336 3382 4403 Ecclesia,
3417 4338 3503 4390 vel
3538 4354 3664 4390 om-

1970 4428 2131 4482 nium
2179 4425 2539 4491 clericorum,
2591 4441 2791 4478 verum
2846 4424 3040 4486 etiam,
3078 4429 3134 4477 et
3171 4441 3204 4477 a
3250 4423 3664 4478 catholicorum

1967 4514 2222 4570 convivio
2282 4518 2596 4583 separetur.
2646 4513 2805 4577 Quod
2859 4512 2904 4565 si
2936 4513 3027 4566 cui
3083 4529 3215 4566 reus
3258 4518 3365 4578 est,
3417 4513 3667 4567 noluerit

1968 4604 2073 4657 sibi
2128 4602 2447 4657 intentione
2508 4602 2747 4656 faciente
2800 4602 3090 4672 componi,
3148 4606 3203 4655 et
3248 4602 3367 4673 ipse
3414 4618 3545 4656 reus
3595 4602 3665 4657 de

1969 4693 2211 4747 Ecclesia
2266 4697 2425 4746 actus
2477 4691 2685 4745 timore
2730 4691 3072 4757 discesserit,
3125 4691 3195 4745 ab
3248 4690 3505 4745 Ecclesia
3553 4691 3663 4744 cle-

1968 4783 2097 4836 ricis
2127 4799 2240 4835 non
2271 4781 2619 4851 requiratur.

1969 4873 2093 4927 CAP.
2149 4871 2319 4926 CXCI.
2349 4899 2422 4911 —
2453 4870 2534 4923 De
2564 4874 2802 5005 raptor?
2835 4871 2885 4922 si
2914 4884 3033 4994 opm
3063 4874 3227 4939 rapta
3257 4870 3331 4923 ad
3370 4870 3665 4924 Ecclesiam

2080 4989 2085 4993 .
2654 4956 2746 4993 con
2782 4956 2937 5005 ugcrz
2969 4982 2980 4993 .

2080 4989 2085 4993 .
2654 4956 2980 5007 confugerit.

2042 5033 2144 5101 (Ea:
2192 5030 2391 5095 eodem,
2441 5045 2562 5098 cap.
2620 5028 2698 5099 2.)
2750 5029 2825 5081 De
2880 5027 3207 5097 raptoribus
3264 5032 3455 5082 autem
3499 5027 3665 5081 femi-

1970 5138 2172 5174 narum
2226 5122 2282 5175 id
2335 5118 2799 5174 constituendum
2832 5134 2954 5171 esse
3002 5117 3351 5184 censuimus,
3404 5122 3465 5171 ut
3519 5116 3564 5169 si
3595 5117 3666 5171 ad

1972 5210 2266 5263 ecclesiam
2298 5214 2490 5279 raptor
2539 5223 2667 5261 cum
2708 5210 2871 5277 rapta
2913 5206 3254 5289 confugerit,
3304 5213 3359 5258 et
3391 5204 3667 5258 feminam

1971 5297 2155 5366 ipsam
2198 5298 2528 5351 violentiam
2574 5297 2874 5366 pertulisse
2924 5294 3257 5357 constiterit,
3304 5294 3493 5346 statim
3530 5292 3669 5346 libe-

1970 5392 2127 5439 retur
2153 5386 2220 5439 de
2269 5392 2542 5456 potestate
2597 5384 2865 5454 raptoris,
2912 5389 2968 5437 et
3012 5382 3347 5453 parentibus
3376 5381 3667 5448 reddatur,

1972 5480 2027 5528 et
2057 5480 2250 5545 raptor
2278 5476 2500 5540 mortis,
2544 5474 2629 5527 vel
2659 5489 2964 5544 panarum
3013 5470 3354 5543 impunitate
3385 5486 3669 5537 concessa,

1969 5562 2211 5620 liberam
2261 5564 2469 5619 habeat
2510 5563 2683 5618 eundi
2734 5563 3081 5618 facultatem.
3137 5560 3196 5615 Si
3238 5576 3373 5616 vero
3405 5565 3675 5632 parentes
