3956 6324
310 359 404 410 ’711

1386 351 1660 407 BUBCHA
1675 350 1791 403 RDI
1831 347 2360 403 WORMACIENSIS
2399 345 2732 402 EPISCOPI.

3718 355 3816 407 71'2

313 477 564 532 mulieris
617 476 1008 531 ecclesiasticis
1063 475 1200 529 viris
1259 473 1488 528 obedire
1545 473 1850 537 noluerint,
1911 487 2003 523 ex-
2034 473 2080 524 Α
2120 486 2346 523 servum
2397 486 2583 535 suum,
2620 470 2707 522 vel
2739 485 2911 540 quem
2965 469 3086 540 ipse
3123 475 3454 540 persecutus
3497 472 3695 539 fuerit,
3750 473 3816 526 de

309 567 827 622 communicentur.

311 674 440 728 CAP.
475 672 670 726 CXCII.
713 702 780 709 —
835 672 912 724 De
945 686 1113 736 servo,
1147 672 1198 723 si
1222 684 1324 738 pro
1357 667 1595 735 qualibet
1624 667 1785 735 culpa
1832 667 2004 719 domi-

651 758 779 794 num
801 758 956 794 suum
987 741 1059 794 ad
1090 742 1380 794 Ecclesium
1404 741 1631 805 fugerit.

383 832 493 902 (Ea:
524 831 719 890 eodem.
756 846 876 898 cap.
913 832 988 893 3.)
1030 829 1234 882 Servus
1281 827 1380 896 qui
1413 827 1478 879 ad
1534 826 1836 879 Ecclesiam
1872 843 2004 879 con-

307 920 519 990 fugerit
548 937 652 989 pro
674 919 927 988 qualibet
960 919 1147 988 culpa,
1179 916 1226 968 si
1257 933 1290 968 a
1319 915 1552 968 domino
1573 931 1675 985 pro
1706 914 2007 968 commissa

307 1010 474 1079 culta
519 1007 882 1062 ecclesiastici
925 1009 1344 1058 sacramentum
1396 1003 1768 1072 susceperint,
1811 1002 2005 1056 statim

307 1095 376 1149 ad
421 1095 713 1148 servitium
740 1093 959 1146 domini
991 1093 1075 1145 sui
1106 1093 1292 1146 redire
1324 1097 1578 1159 cogatur.
1609 1091 1671 1142 Et
1701 1093 2005 1157 postquam

305 1183 434 1237 dato
481 1187 834 1237 sacramento
886 1181 1120 1234 domino
1169 1197 1271 1232 suo
1304 1178 1474 1231 fuerit
1521 1177 1911 1246 consignatus,
1959 1176 2004 1228 si

308 1272 524 1343 aliquid
560 1288 741 1341 poenae
786 1287 889 1340 pro
943 1271 1142 1324 eadem
1176 1271 1342 1338 culpa
1373 1284 1486 1338 qua
1530 1274 1827 1335 accusatur
1871 1282 2002 1336 pro-

310 1362 476 1415 batus
528 1360 698 1414 fuerit
746 1360 1066 1429 pertulisse,
1120 1375 1224 1428 pro
1266 1362 1597 1427 contemptu
1637 1356 1914 1422 Ecclesiae,
1949 1359 2004 1407 et

305 1448 772 1518 praevaricatione
819 1447 951 1500 ﬁdei
983 1465 1015 1499 a
1045 1445 1450 1499 communione
1501 1448 1558 1496 et
1603 1441 1859 1496 convivio
1906 1457 2001 1494 ca-

304 1537 669 1596 tholicorum,
701 1537 844 1588 sicut
876 1536 1137 1605 superius
1165 1533 1646 1602 comprehensum
1683 1535 1785 1594 est,
1815 1534 2000 1582 extra-

307 1644 450 1681 neus
496 1628 794 1681 habeatur.
846 1627 900 1680 Si
956 1642 1090 1678 vero
1150 1641 1344 1677 servus
1394 1639 1498 1692 pro
1550 1622 1718 1690 culpa
1767 1636 1869 1673 sua
1931 1619 2000 1672 ab

2117 559 2261 611 atrio
2310 559 2590 627 Ecclesiae,
2623 559 2712 612 vel
2747 558 2816 612 de
2871 559 3189 628 porticibus
3232 562 3672 631 quomodolibet
3722 563 3815 615 Ec-

2117 647 2303 700 clesiae
2347 646 2772 700 adhaerentibus
2823 664 2926 716 per
2971 648 3084 701 vim
3117 648 3476 714 abstraxerit,
3527 654 3585 703 et
3633 651 3810 703 Deum

2117 735 2571 805 omnipotentem
2624 736 2684 788 in
2721 735 2828 789 hoc
2874 738 3307 807 contempserit,
3342 755 3447 808 pro
3499 739 3817 793 emunitate

2119 825 2182 878 D.
2219 824 2410 886 CCCC,
2450 824 2662 877 solidos
2692 824 2959 894 episcopo
2991 831 3316 895 componat,
3353 832 3408 880 et
3428 827 3550 896 ipse
3585 829 3816 897 publica

2113 911 2451 980 poenitentia
2491 913 2652 981 juxta
2695 913 2979 982 judicium
3031 915 3282 985 episcopi
3310 916 3607 983 multetur,
3656 925 3717 971 ut
3747 917 3818 970 sit

2113 1000 2298 1053 honor
2352 1001 2448 1054 Dei
2501 1005 2557 1054 et
2603 1003 2921 1055 reverentia
2955 1009 3306 1069 sanctorum,
3357 1008 3414 1058 et
3453 1008 3515 1058 ut
3565 1005 3812 1059 Ecclesia

2115 1089 2215 1142 Dei
2249 1105 2474 1158 semper
2503 1090 2709 1144 invicta
2745 1097 3097 1160 permaneat.

2187 1177 2311 1230 CAP.
2348 1178 2613 1232 CXCVIII.
2648 1209 2715 1218 —
2747 1181 2892 1245 Quid
2920 1183 2975 1233 in
2998 1182 3238 1235 Ecclesia
3270 1184 3367 1236 Dei
3395 1182 3500 1249 legi
3528 1181 3740 1236 debeat.

2184 1269 2291 1331 (Ea:
2357 1266 2546 1320 concil.
2610 1268 2927 1334 Aureliano,
2996 1285 3118 1337 cap.
3180 1270 3251 1336 3.)
3317 1269 3469 1323 Nihil
3538 1270 3693 1323 aliud
3754 1270 3812 1322 in

2114 1355 2356 1407 Ecclesia
2389 1356 2611 1425 legatur
2629 1361 2727 1409 aut
2755 1361 3036 1424 cantetur,
3067 1357 3178 1411 nisi
3207 1374 3274 1412 ea
3295 1375 3423 1428 quae
3453 1359 3815 1412 auctoritatis

2111 1443 2317 1497 divinae
2348 1449 2499 1511 sunt,
2555 1449 2610 1498 et
2642 1446 2874 1499 Patrum
2907 1447 3352 1501 orthodoxorum
3397 1448 3585 1500 sanxit
3615 1452 3813 1501 aucto-

2110 1532 2268 1598 ritas,
2321 1549 2425 1584 nec
2473 1533 2612 1586 falsa
2658 1535 2996 1603 angelorum
3054 1535 3290 1588 nomina
3338 1536 3547 1600 colant,
3597 1537 3699 1590 sed
3748 1552 3813 1589 ea

2112 1625 2335 1674 tantum
2369 1638 2498 1690 quae
2529 1622 2864 1692 prophetica
2896 1627 2952 1676 et
2992 1624 3330 1694 Evangelica
3361 1625 3525 1679 docet
3552 1625 3812 1695 Scriptu-

305 1715 552 1768 Ecclesia
641 1716 986 1779 defensatus,
1063 1717 1418 1767 sacramenta
1489 1711 1709 1764 domini
1784 1708 1999 1762 clericis
2031 1749 2070 1802 Β
2109 1727 2195 1776 ra,
2222 1711 2279 1764 id
2311 1719 2397 1764 est
2422 1711 2678 1776 Michael,
2715 1711 2962 1778 Gabriel,
2996 1713 3272 1782 Raphael.

305 1803 669 1873 exigentibus
699 1805 767 1856 de
798 1802 1138 1872 impunitate
1166 1798 1502 1872 perceperit,
1532 1799 1685 1853 exire
1711 1799 2000 1850 nolentem
2031 1798 2063 1802 ⁷
2109 1817 2236 1871 CAP.
2286 1817 2499 1871 CXCIx_
2551 1848 2619 1858 _
2671 1819 2738 1870 Ut
2783 1819 3287 1872 θωοονηηωηίοαηάί
3338 1821 3449 1873 sint
3496 1821 3594 1889 qui
3641 1820 3810 1873 libros

300 1909 333 1946 a
365 1893 592 1946 domino
625 1893 790 1946 liceat
820 1891 1105 1959 occupari.

705 1981 831 2035 CAP.
859 1979 1084 2034 CXCIII.
1118 2009 1185 2017 —
1207 1981 1279 2031 De
1304 1977 1492 2031 eadem
1521 1992 1597 2030 re.

375 2069 483 2138 (Ea:
521 2069 724 2130 eodem,
759 2084 878 2137 cap.
927 2069 1004 2136 5.)
1041 2066 1317 2120 Similiter
1347 2066 1403 2118 in
1439 2063 1752 2118 Matiscensi
1782 2062 1997 2133 synodo

304 2159 594 2212 decretum
649 2161 728 2210 est
759 2162 822 2210 ut
864 2157 925 2209 hi
980 2155 1079 2226 qui
1127 2155 1356 2223 fugiunt
1387 2171 1519 2207 suos
1565 2152 1847 2219 inimicos,
1899 2155 1999 2204 aut

304 2247 364 2300 in
393 2246 720 2311 Ecclesiam,
756 2249 856 2297 aut
885 2245 942 2297 in
982 2243 1190 2297 atrium
1225 2243 1507 2310 Ecclesiae,
1539 2246 1638 2295 aut
1668 2242 1726 2294 in
1758 2241 1993 2295 domum

304 2334 578 2404 episcopi,
639 2338 736 2386 aut
790 2333 848 2386 in
905 2334 1216 2386 claustrum
1287 2330 1644 2401 regularium
1697 2345 1812 2382 non
1862 2327 1995 2380 inde

301 2424 723 2490 abstrahantur,
775 2423 885 2476 nisi
929 2423 1090 2492 prius
1134 2438 1307 2492 super
1356 2437 1512 2475 sacra
1559 2423 1786 2489 accepta
1840 2435 1996 2472 secu-

299 2512 468 2567 ritate
517 2529 548 2566 a
578 2512 1040 2582 persecutoribus
1086 2511 1155 2565 de
1206 2514 1408 2576 morte,
1461 2510 1530 2564 de
1575 2509 1888 2574 debilitate,
1939 2513 1994 2561 et

300 2601 459 2655 omni
493 2617 793 2672 pcenarum
848 2617 1078 2670 genere,
1121 2600 1231 2653 sint
1279 2598 1462 2652 securi
1496 2615 1508 2653 :
1545 2599 1719 2652 etiam
1770 2597 1814 2650 si
1846 2598 1994 2650 servi

299 2689 415 2743 sint
462 2690 717 2752 illorum,
753 2688 852 2758 qui
899 2705 996 2741 eos
1041 2688 1440 2758 insequuntur,
1492 2685 1571 2739 ita
1602 2691 1665 2744 ut
1694 2685 1746 2738 ei
1789 2685 1881 2739 cui
1910 2685 1992 2738 rei

297 2779 586 2832 criminosi
629 2777 842 2831 fuerint
876 2777 946 2830 de
987 2776 1364 2830 satisfactione
1409 2774 1769 2828 conveniant.
1828 2775 1990 2838 Quod

300 2867 346 2920 si
375 2867 423 2920 is
467 2867 568 2937 qui
600 2883 770 2936 super
800 2881 952 2918 sacra
1003 2865 1162 2934 prius
1205 2865 1514 2934 juraverat,
1547 2867 1678 2934 post
1703 2863 1993 2917 convictus

296 2956 470 3009 fuerit
519 2955 910 3024 juramentum
961 2953 1220 3018 violasse,
1272 2969 1404 3006 reus
1451 2951 1690 3022 perjurii
1728 2967 1988 3005 commu-

299 3043 470 3096 nione
503 3041 779 3112 privetur,
808 3057 1108 3111 quousque
1140 3041 1463 3094 satisfaciat.

687 3130 815 3183 CAP.
850 3129 1067 3183 CXCIV.
1105 3157 1174 3168 —
1202 3129 1281 3181 De
1309 3129 1492 3181 eadem
1521 3143 1598 3182 re.

370 3218 477 3287 (Ea:
504 3219 688 3271 concil.
732 3217 882 3285 apud
917 3216 1214 3270 Theodonis
1256 3215 1472 3282 villam,
1504 3232 1624 3285 cap.
1665 3219 1774 3285 ll.)
1807 3217 1990 3271 Reum

295 3305 726 3376 confugientem
773 3305 839 3358 ad
874 3303 1196 3370 Ecclesiam,
1232 3321 1331 3357 seu
1359 3304 1419 3357 in
1468 3304 1677 3358 atrium
1707 3305 1987 3372 Ecclesiae,

295 3399 394 3448 aut
446 3395 505 3446 in
537 3393 792 3447 ofﬁcinas
833 3392 1183 3462 regularium
1228 3393 1491 3461 fratrum,
1529 3394 1615 3446 vel
1654 3394 1715 3446 in
1771 3394 1988 3448 curiam

292 3488 392 3537 aut
423 3483 480 3536 in
519 3483 754 3536 domum
799 3481 1071 3552 episcopi,
1108 3482 1244 3551 quia
1275 3482 1397 3536 haec
1428 3482 1488 3536 in
1537 3468 1787 3554 antiquis
1817 3500 1986 3536 cano-

291 3572 463 3625 nibus
491 3587 595 3641 pro
627 3569 943 3624 emunitate
974 3573 1262 3636 tenentur,
1312 3586 1480 3624 nemo
1519 3571 1846 3624 abstrahere
1889 3587 1987 3623 au-

291 3659 440 3726 deat,
475 3675 662 3728 neque
692 3657 826 3711 inde
872 3658 1085 3711 donare
1129 3659 1196 3711 ad
1231 3674 1458 3728 poenam
1485 3660 1574 3712 vel
1619 3659 1688 3712 ad
1718 3663 1985 3726 mortem,

291 3752 357 3802 ut
401 3749 588 3801 honor
629 3747 727 3800 Dei
760 3750 818 3800 et
862 3750 1186 3800 sanctorum
1239 3748 1361 3816 ejus
1391 3763 1510 3817 prae
1545 3748 1813 3801 omnibus
1860 3765 1989 3802 con-

292 3840 568 3895 servetur,
611 3836 706 3888 sed
758 3840 1004 3889 rectores
1035 3835 1398 3889 ecclesiarum
1449 3853 1648 3906 pacem
1681 3841 1738 3890 et
1787 3837 1984 3903 vitam,

291 3941 357 3978 ac
395 3923 654 3978 membra
703 3925 753 3976 ei
810 3940 939 3978 cum
987 3924 1316 3994 juramento
1364 3926 1623 3979 obtinere
1675 3927 1984 3979 studeant:

288 4013 387 4067 sed
417 4017 610 4067 tamen
642 4013 898 4082 legitime
948 4019 1273 4084 componat,
1324 4014 1608 4085 quidquid
1650 4013 1849 4084 inique
1898 4014 1981 4068 fe-

288 4107 444 4157 cerat
477 4119 490 4156 :
526 4107 579 4157 et
629 4102 676 4155 si
724 4102 1066 4174 insequutor
1119 4103 1406 4173 magistris
1453 4104 1704 4157 ecclesiae
1752 4102 1984 4157 obedire

287 4190 556 4253 noluerit,
590 4190 860 4244 canonice
891 4191 1334 4262 constringatur.

707 4281 835 4335 CAP.
868 4281 1056 4335 CXCV.
1091 4312 1158 4320 —
1190 4285 1265 4335 De
1284 4281 1467 4335 eadem
1496 4297 1572 4335 re.

358 4368 466 4439 (Em
497 4371 684 4422 concil.
719 4369 1008 4434 Arausico,
1047 4384 1166 4438 cap.
1201 4368 1277 4438 5.)
1310 4371 1414 4422 Eos
1447 4369 1546 4440 qui
1577 4369 1648 4423 ad
1679 4368 1983 4422 Ecclesiam

287 4457 669 4527 confugerint,
729 4457 878 4511 tradi
927 4473 1039 4511 non
1087 4458 1314 4521 debere,
1367 4458 1464 4512 sed
1510 4457 1620 4511 loci
1665 4459 1986 4514 reverentia

288 4549 344 4598 et
404 4545 809 4598 intercessione
858 4546 1106 4600 defendi.
1167 4546 1223 4600 Si
1273 4547 1400 4616 quis
1455 4550 1646 4599 autem
1696 4547 1985 4617 mancipia

286 4634 622 4687 clericorum
665 4650 771 4704 pro
821 4635 938 4689 suis
982 4634 1284 4705 mancipiis
1323 4635 1393 4688 ad
1434 4634 1757 4702 Ecclesiam,
1793 4638 1981 4692 confu-

288 4723 576 4794 gientibus
620 4724 926 4778 crediderit
957 4724 1306 4794 occupanda,
1338 4741 1440 4793 per
1469 4741 1666 4779 omnes
1711 4727 1984 4782 Ecclesias

287 4812 704 4867 districtissima
735 4812 1104 4866 damnatione
1133 4813 1394 4866 feriatur.

544 4901 668 4956 CAP.
707 4901 920 4955 CXCVI.
957 4930 1026 4942 —
1048 4904 1120 4954 De
1147 4903 1438 4954 emunitate
1458 4902 1723 4957 Ecclesia.

359 4990 464 5059 (Ea:
520 4991 703 5044 concil.
756 4991 1023 5055 Triburi.,
1092 5004 1210 5057 cap.
1283 4989 1389 5057 30.)
1440 4989 1497 5043 Si
1545 4990 1674 5059 quis
1732 4991 1791 5044 in
1839 4987 1982 5045 atrio

287 5079 548 5134 Ecclesiae
598 5095 854 5150 pugnam
904 5077 1232 5144 committit,
1271 5084 1370 5130 aut
1400 5078 1776 5145 homicidium
1829 5080 1978 5142 facit,

284 5168 565 5239 quidquid
616 5184 719 5237 pro
773 5166 1090 5220 emunitate
1143 5166 1353 5220 violata
1403 5168 1830 5220 emendandum
1879 5173 1984 5236 est,

284 5256 488 5310 altario
523 5256 792 5320 solvatur,
821 5254 1213 5324 cujuscunque
1243 5253 1418 5307 fuerit
1447 5254 1694 5307 Ecclesia
1723 5255 1840 5308 illa.

427 5346 556 5398 CAP.
586 5343 825 5398 CXCVII.
858 5373 927 5382 —-
963 5345 1029 5396 De
1057 5343 1396 5411 fugientibus
1430 5343 1502 5396 ad
1528 5343 1840 5396 Ecclesiam.

357 5431 477 5498 (Ea:
519 5434 707 5486 concil.
761 5432 1207 5497 Mediomatricis,
1267 5447 1386 5500 cap.
1441 5431 1518 5502 2.)
1570 5431 1628 5485 Si
1673 5433 1800 5501 quis
1843 5448 1986 5485 con-

282 5522 481 5573 tumax
522 5521 611 5573 vel
653 5520 934 5591 superbus
976 5521 1244 5574 timorem
1300 5519 1422 5581 Dei,
1472 5521 1558 5574 vel
1608 5521 1984 5574 reverentiam

286 5607 662 5663 Ecclesiarum
711 5613 1036 5662 sanctarum
1085 5625 1202 5665 non
1234 5609 1520 5674 habuerit,
1572 5614 1629 5664 et
1664 5609 1981 5679 fugientem

2701 1891 2936 1953 famosos
2967 1890 3213 1957 legerint.

2181 1979 2287 2042 (Ea:
2315 1977 2456 2030 decr.
2507 1976 2751 2029 Adriani
2800 1993 2974 2046 papa,
3033 1994 3154 2047 cap.
3201 1979 3281 2048 2.)
3332 1977 3398 2031 Ili
3431 1979 3528 2049 qui
3585 1978 3810 2033 inventi

2106 2065 2320 2118 fuerint
2352 2065 2527 2117 libros
2556 2065 2808 2136 famosos
2847 2071 2902 2119 et
2941 2065 3169 2135 ignotos
3207 2067 3265 2120 in
3298 2067 3548 2121 Ecclesia
3588 2069 3806 2138 legere,

2106 2154 2193 2207 vel
2219 2159 2469 2220 cantare,
2502 2154 3088 2208 excommunicentur.

2309 2243 2436 2296 CAP.
2469 2242 2571 2296 CC.
2605 2273 2676 2282 —
2703 2246 2779 2298 De
2806 2245 2920 2297 illis
2953 2260 3070 2312 qua
3099 2245 3236 2298 clam
3267 2247 3594 2315 concipiunt.

2176 2327 2282 2396 (Ea:
2312 2330 2499 2382 concil.
2542 2332 2849 2396 Matiscen.,
2898 2347 3017 2399 cap.
3053 2332 3126 2400 6.)
3157 2333 3220 2385 In
3263 2332 3371 2386 hoc
3416 2339 3610 2387 sancto
3662 2349 3810 2387 con-

2104 2415 2232 2468 cilio
2266 2416 2561 2470 decretum
2606 2423 2689 2472 est
2720 2424 2784 2472 ut
2824 2419 3219 2490 unusquisque
3269 2421 3564 2491 presbyter
3593 2421 3656 2475 in
3700 2439 3807 2476 sua

2102 2504 2266 2573 plebe
2315 2506 2545 2574 publice
2589 2506 2914 2575 annuntiat,
2966 2512 3028 2561 ut
3058 2507 3102 2560 si
3137 2507 3326 2578 aliqua
3375 2510 3592 2563 femina
3637 2511 3807 2564 clan—

2103 2593 2231 2646 culo
2263 2599 2530 2664 corrupta
2573 2597 2922 2664 conceperit,
2973 2601 3029 2650 et
3067 2598 3379 2666 pepererit,
3437 2615 3809 2668 nequaquam

2103 2680 2328 2735 diabolo
2361 2687 2648 2736 coactante
2691 2684 2898 2750 ﬁlium,
2937 2688 3035 2737 aut
3062 2685 3240 2738 ﬁliam
3279 2702 3439 2739 suam
3472 2687 3806 2752 interﬁciat,

2103 2770 2199 2823 sed
2230 2786 2579 2842 quocunque
2611 2773 2883 2841 prawalet
2909 2773 3163 2840 ingenio,
3199 2779 3329 2827 ante
3367 2775 3576 2843 januas
3616 2777 3805 2830 Eccle-

2104 2857 2200 2911 siae
2242 2864 2474 2928 partum
2511 2860 2822 2930 deportari,
2869 2861 3066 2931 ibique
3100 2862 3236 2932 poni
3264 2862 3453 2930 faciat,
3502 2869 3567 2916 ut
3606 2880 3806 2918 coram

2103 2948 2398 3002 sacerdote
2456 2948 2516 3002 in
2573 2950 2885 3004 crastinum
2946 2951 3187 3017 delatus,
3256 2952 3326 3005 ab
3380 2952 3574 3022 aliquo
3641 2953 3803 3007 ﬁdeli

2025 3029 2065 3083 C
2103 3035 2446 3106 suscipiatur
2491 3042 2547 3090 et
2597 3036 2906 3101 nutriatur,
2942 3042 2994 3091 et
3049 3039 3150 3093 tali
3177 3055 3241 3093 ex
3290 3056 3458 3092 causa
3502 3041 3806 3095 homicidii

2101 3131 2327 3178 reatum
2387 3129 2461 3192 et,
2531 3127 2684 3196 quod
2739 3126 2925 3196 majus
2992 3131 3078 3181 est
3132 3127 3503 3196 parricidium
3572 3129 3800 3183 evadat.

2100 3214 2240 3266 Nam
2272 3213 2370 3283 qui
2401 3214 2605 3280 ﬁlium,
2635 3218 2737 3269 aut
2765 3214 2942 3269 filiam
2973 3215 3260 3280 interﬁcit,
3294 3216 3582 3286 parricida
3611 3217 3802 3270 omni-

2101 3302 2288 3355 modis
2320 3307 2567 3357 tenetur.

2101 3408 2229 3462 CAP.
2281 3408 2411 3464 CCI.
2445 3441 2514 3449 —
2565 3413 2634 3464 De
2663 3410 2972 3476 infantibus
3018 3413 3076 3464 in
3109 3411 3377 3465 adulterio
3422 3414 3594 3480 natis,
3646 3418 3698 3467 et
3727 3413 3804 3466 ad

2640 3481 2941 3536 Ecclesium
2967 3484 3250 3550 expositis.

2174 3569 2284 3638 (Ea:
2329 3570 2513 3624 concil.
2560 3570 2858 3632 Arelatem,
2911 3586 3030 3640 cap.
3094 3572 3169 3640 5.)
3217 3570 3273 3624 Si
3321 3572 3612 3641 expositus
3667 3578 3798 3628 ante

2100 3657 2406 3711 Ecclesiam
2435 3658 2846 3730 cujuscumque
2886 3659 3061 3713 fuerit
3091 3659 3456 3714 miseratione
3499 3662 3794 3728 collectus,

2099 3745 2525 3798 contestationis
2557 3756 2734 3816 ponat
2777 3747 3101 3817 epistolam,
3145 3753 3209 3801 ut
3237 3748 3284 3801 si
3319 3747 3364 3801 is
3395 3748 3496 3818 qui
3525 3749 3797 3804 collectus

2099 3837 2185 3886 est
2233 3833 2381 3886 intra
2411 3834 2462 3887 Χ
2512 3835 2630 3888 dies
2685 3835 2976 3906 quaesitus,
3029 3836 3371 3907 agnitusque
3421 3853 3540 3891 non
3599 3839 3793 3903 fuerit,

2099 3937 2330 3974 securus
2376 3922 2584 3977 habeat
2631 3925 2731 3994 qui
2778 3926 3026 3995 collegit.
3086 3925 3254 3991 Sane,
3311 3927 3411 3996 qui
3461 3932 3590 3996 post
3639 3943 3794 3997 prae-

2098 4008 2314 4063 dictum
2359 4015 2586 4081 tempus
2635 4014 3010 4068 calumniator
3052 4013 3350 4082 exstiterit,
3403 4019 3467 4068 ut
3504 4015 3795 4070 homicida

2097 4098 2472 4153 ecclesiastica
2519 4100 2871 4156 districtione
2921 4103 3308 4169 damnabitur,
3367 4103 3513 4158 sicut
3555 4107 3802 4160 Patrum“

2096 4187 2280 4240 sanxit
2310 4189 2632 4244 auctoritas.

2522 4279 2649 4333 CAP.
2685 4278 2838 4333 CCII.
2875 4311 2940 4320 —
2973 4281 3056 4335 De
3078 4280 3262 4334 eadem
3290 4296 3364 4334 re.

2164 4367 2272 4432 (Ea:
2302 4367 2489 4420 concil.
2555 4370 2801 4434 Vasensi,
2855 4384 2975 4437 cap.
3033 4372 3110 4436 9.)
3163 4370 3240 4422 De
3300 4368 3591 4440 expositis,
3657 4368 3794 4440 quia

2093 4455 2297 4508 collata
2346 4456 2416 4510 ab
2466 4456 2732 4511 omnibus
2786 4459 3019 4528 querela
3073 4458 3369 4528 processit,
3410 4475 3508 4512 eos
3555 4474 3674 4512 non
3724 4457 3794 4512 ad

2093 4543 2548 4598 misericordiam
2591 4546 2734 4616 jam,
2769 4546 2866 4600 sed
2897 4546 3132 4600 canibus
3184 4547 3413 4618 exponi,
3446 4563 3593 4618 quos
3639 4547 3794 4601 colli-

2094 4647 2229 4702 gere
2257 4633 2678 4688 calumniarum
2716 4641 2897 4702 metu,
2920 4636 3181 4706 qdamvis
3212 4636 3408 4690 infelix
3431 4653 3464 4689 a
3495 4637 3795 4707 praeceptis

2093 4721 2503 4776 misericordiae
2552 4739 2713 4776 mens
2756 4724 3011 4777 humana
3059 4724 3352 4788 detractat,
3403 4725 3459 4778 id
3491 4712 3797 4778 observan-

2094 4811 2232 4864 dum
2279 4817 2362 4865 est
2414 4817 2480 4866 ut
2542 4813 2854 4867 secundum
2904 4818 3116 4868 statuta
3168 4813 3635 4868 ﬁdelissimorum
3687 4817 3798 4869 Au-

2093 4904 2389 4968 gustorum
2425 4941 2439 4968 ,
2515 4901 3026 4973 piissimorumque
3100 4901 3453 4973 principum,
3532 4903 3796 4974 quisquis

2093 4988 2410 5058 expositum
2458 4991 2709 5060 colliget,
2761 4990 3064 5044 Ecclesiam
3098 4995 3466 5059 contestetur,
3507 4998 3793 5046 contesta-

2092 5077 2307 5130 tionem
2340 5079 2597 5149 collegat.
2638 5079 3026 5132 Nihilominus
3066 5080 3134 5133 de
3167 5080 3332 5134 altari
3371 5080 3665 5134 Dominico
3703 5081 3794 5135 die

2093 5165 2354 5219 minister
2399 5167 2697 5221 annuntiat
2749 5169 2818 5221 ab
2867 5169 3248 5222 ecclesiastico
3298 5169 3620 5239 expositum
3672 5187 3794 5224 esse

2093 5254 2414 5322 collectum,
2466 5261 2532 5309 ut
2567 5256 2721 5309 intra
2780 5257 2898 5311 dies
2936 5258 3128 5310 decem
3164 5257 3232 5311 ab
3277 5257 3651 5327 expositionis
3701 5259 3794 5311 die

2094 5345 2414 5413 expositum
2463 5345 2720 5416 recipiat,
2757 5346 2804 5400 si
2843 5345 2969 5416 quis
3001 5363 3059 5400 se
3111 5347 3440 5417 probaverit
3471 5347 3790 5416 agnovisse,

2093 5431 2404 5485 collectiori
2471 5449 2573 5502 pro
2639 5433 2898 5503 ipsorum
2960 5433 3011 5486 X
3072 5434 3294 5488 dierum
3361 5433 3789 5502 misericordia,

2094 5525 2262 5591 prout
2289 5522 2552 5589 valuerit,
2587 5521 2656 5575 ad
2703 5539 2949 5592 praesens
2993 5523 3294 5590 retribuat,
3331 5528 3429 5578 aut
3481 5522 3542 5577 in
3583 5541 3792 5595 perpe-

2094 5615 2259 5665 tuum
2291 5627 2421 5665 cum
2467 5611 2566 5666 Dei
2596 5611 2797 5682 gratia,
2831 5611 2880 5667 si
2919 5613 3182 5680 voluerit,
3216 5612 3524 5683 possideat.
3576 5613 3634 5668 Si
3666 5617 3792 5685 quis
