3956 6298
143 321 253 373 713

1112 327 1589 387 DECRETORUM
1629 335 1819 390 LIBRI
1856 336 1961 391 XX.
2006 368 2071 377 —-
2113 339 2321 397 LIBER
2358 343 2675 401 TERTIUS.

3544 366 3646 418 714

142 445 536 513 expositorum
588 446 697 501 hoc
740 448 940 503 ordine
988 451 1362 509 collectorum
1410 459 1709 527 repetitor,
1754 461 1915 515 velA
1948 462 2269 533 cpiscopus,
2329 468 2649 538 presbyteri
2699 473 3090 545 vendiderunt,
3150 481 3364 549 placuit
3411 486 3643 543 rescisso

151 533 541 588 calumniator
568 536 867 600 exstiterit,
907 544 971 593 ut
996 540 1283 596 homicida
1308 544 1601 600 habendus
1630 554 1734 601 est.

396 622 523 677 CAP.
558 624 738 679 CCIII.
769 656 838 665 —
860 629 934 680 De
960 632 1203 683 avaritia
1230 633 1590 689 sacerdotum.

213 706 323 777 (Ea:
396 711 586 765 concit.
669 714 937 781 Toletum,
984 732 1104 785 cap.
1173 721 1287 788 33.)
1363 721 1608 775 Avaritia
1678 723 1841 778 radix

137 804 479 850 cunctorum
532 800 840 864 malorum,
890 804 1054 871 cujus
1105 805 1224 857 sitis
1275 807 1449 860 etiam
1484 810 1836 864 sacerdotum

136 888 367 936 mentes
395 885 631 940 obtinet.
671 889 827 942 Multi
860 891 1013 944 enim
1051 892 1313 946 fidelium
1347 894 1407 947 in
1448 912 1643 951 amore
1678 898 1841 952 Chri-

136 968 211 1021 sti
241 974 301 1024 et
346 978 685 1043 martyrum,
727 976 786 1029 in
825 978 1111 1047 parocbiis
1140 981 1540 1051 episcoporum
1580 985 1839 1040 basilicas

137 1064 504 1125 construunt,
614 1064 931 1118 oblationes
1026 1069 1415 1135 conscribunt,
1522 1074 1839 1127 sacerdotes

136 1145 264 1199 hac
312 1148 599 1216 auferunt,
650 1156 819 1222 atque
868 1154 929 1208 in
961 1172 1097 1207 usus
1136 1173 1267 1209 suos
1300 1165 1654 1214 convertunt.
1701 1163 1838 1215 Inde

135 1238 224 1286 est
250 1235 406 1304 quod
440 1238 684 1292 cultores
714 1257 1007 1296 sacrorum
1052 1244 1346 1311 deficiunt,
1380 1247 1515 1301 dum
1553 1249 1839 1319 stipendia

134 1337 242 1374 sua
264 1323 533 1391 perdunt.
573 1326 710 1380 Inde
747 1327 1065 1383 labentium
1095 1331 1461 1389 basilicarum
1510 1336 1693 1392 ruinas
1724 1355 1837 1392 non

132 1414 504 1478 reparantur,
561 1413 695 1482 quia
746 1416 984 1470 avaritia
1039 1419 1374 1473 sacerdotali
1438 1422 1630 1476 omnia
1677 1424 1833 1478 aufe-

130 1502 365 1550 runtur.
418 1500 525 1552 Pro
558 1517 672 1570 qua
699 1518 760 1556 re
802 1504 1173 1559 constitutum
1203 1512 1287 1560 est
1317 1525 1345 1560 a
1390 1511 1659 1578 prmsenti
1698 1529 1833 1574 con-

129 1584 288 1649 cilio,
320 1586 619 1657 episcopos
650 1590 726 1643 ita
768 1590 1039 1646 dioeceses
1079 1610 1208 1647 suas
1246 1612 1467 1665 regere,
1499 1604 1563 1652 ut
1591 1600 1731 1653 nihil
1767 1617 1834 1654 ex

129 1689 335 1726 earum
378 1675 509 1744 jure
552 1684 907 1746 praesumant
948 1681 1173 1734 auferre
1210 1699 1221 1736 :
1256 1684 1354 1737 sed
1376 1685 1536 1753 juxta
1574 1686 1832 1755 priorum

130 1763 532 1818 auctoritatem
610 1767 1005 1833 conciliorum,
1091 1776 1205 1823 tam
1278 1773 1347 1824 de
1427 1773 1832 1845 oblationibus,

131 1864 314 1918 quam
361 1851 430 1904 de
459 1852 713 1919 decimis,
757 1859 814 1908 et
851 1856 919 1909 de
953 1856 1181 1911 tributis
1214 1875 1276 1912 ac
1310 1860 1574 1928 frugibus
1608 1863 1833 1918 tertiam

129 1943 576 2008 consequantur.
637 1941 801 2005 Quod
865 1943 912 1997 si
982 1946 1225 2016 amplius
1279 1948 1577 2018 quippiam
1629 1952 1699 2005 ab
1753 1953 1832 2005 eis

130 2033 555 2096 praesumptum
609 2032 905 2099 exstiterit,
950 2050 1052 2102 per
1110 2035 1414 2089 concilium
1458 2043 1830 2109 restauretur,

132 2115 565 2183 appellantibus
609 2118 750 2187 ipsis
779 2121 1194 2189 conditoribus,
1245 2129 1341 2177 aut
1382 2130 1533 2178 certe
1588 2128 1831 2196 propin-

132 2201 267 2270 quis
308 2218 532 2270 eorum,
567 2204 616 2257 si
638 2206 756 2275 jam
789 2207 873 2260 illi
900 2225 932 2261 a
957 2212 1164 2263 sieculo
1195 2211 1597 2267 discesserunt.
1642 2216 1831 2270 Nove-

129 2289 251 2342 rint
298 2296 491 2345 autem
540 2294 861 2349 conditores
924 2296 1291 2353 basilicarum
1342 2300 1401 2353 in
1457 2302 1626 2356 rebus
1688 2320 1830 2373 quas

134 2377 353 2432 eisdem
384 2381 635 2435 ecclesiis
692 2383 1015 2454 conferunt,
1064 2388 1281 2441 nullam
1328 2394 1671 2459 potestatem
1721 2393 1829 2445 ha-

130 2463 289 2531 bere,
325 2466 420 2519 sed
448 2467 613 2535 juxta
655 2484 940 2523 canonum
994 2471 1277 2538 instituta,
1330 2474 1479 2527 sicut
1508 2476 1826 2544 ecclesiam,

128 2552 210 2606 ita
241 2558 302 2607 et
364 2555 555 2610 dotem
599 2557 722 2625 ejus
762 2559 831 2611 ad
888 2559 1309 2615 ordinationem
1359 2564 1610 2634 episcopi
1650 2567 1826 2635 perti-

126 2657 291 2695 nere.

236 2728 349 2783 CAP
408 2730 577 2785 CCIV.
604 2761 676 2773 —
700 2737 773 2787 De
788 2736 901 2790 illis
941 2739 1036 2804 qui
1071 2739 1320 2793 ecclesias
1357 2740 1715 2794 incenderint.

197 2820 311 2884 (Ea:
387 2818 528 2874 decr.
590 2823 729 2875 Julii
788 2825 989 2892 papae.)
1048 2824 1105 2878 Si
1154 2827 1281 2895 quis
1336 2828 1632 2882 ecclesiam
1691 2828 1825 2899 igne

125 2905 435 2974 comburit,
466 2908 555 2961 XV
583 2924 762 2963 annos
784 2911 1078 2981 poeniteat,
1106 2919 1163 2967 et
1184 2930 1309 2969 eam
1330 2916 1523 2970 sedule
1546 2917 1820 2986 restituat,

126 3000 185 3047 et
214 2994 469 3064 pretium
498 3012 666 3050 suum
697 2997 999 3054 distribuat
1028 3003 1394 3071 pauperibus.

128 3082 261 3134 CAP.
308 3082 456 3136 CCV.
507 3113 575 3122 —-
624 3087 699 3138 De
746 3086 982 3154 quodam
1029 3090 1217 3143 clerico
1263 3106 1298 3144 a
1345 3091 1561 3147 diabolo
1608 3098 1821 3151 vexato.

198 3170 313 3237 (Eat
341 3170 555 3238 dialogo
608 3173 771 3241 Greg.
813 3178 1017 3247 papae.)
1067 3177 1142 3230 Ex
1187 3178 1388 3232 eodem
1418 3195 1649 3250 quoque
1680 3187 1823 3235 tem-

126 3273 267 3326 pore
319 3257 553 3328 quidam
600 3262 945 3331 Aquinensis
976 3264 1232 3318 Ecclesiae
1274 3266 1511 3319 clericus
1542 3268 1824 3323 daemonio

125 3345 456 3412 vexabatur,
489 3348 588 3418 qui
619 3365 653 3402 a
689 3351 1001 3405 venerabili
1044 3352 1164 3405 viro
1195 3353 1524 3409 Constantio
1566 3356 1822 3411 Ecclesim

126 3434 252 3503 ejus
280 3433 559 3489 anstistite
584 3438 885 3505 permulta
906 3438 1015 3493 fuit
1043 3445 1355 3510 martyrum
1381 3442 1505 3495 loca
1533 3446 1825 3498 transmis-

126 3538 243 3589 sus,
286 3527 350 3575 ut
402 3524 591 3577 sanari
637 3530 846 3594 posset.
902 3527 1007 3580 Sed
1034 3527 1215 3581 sancti
1255 3528 1355 3583 Dei
1397 3536 1670 3601 martyres
1721 3548 1822 3585 no-

127 3609 368 3664 luerunt
412 3611 465 3664 ei
494 3612 751 3667 sanitatis
782 3615 999 3669 donum
1038 3615 1314 3683 tribuere,
1342 3621 1407 3671 ut
1436 3625 1653 3688 quanta
1678 3626 1824 3695 esset

124 3698 184 3751 in
250 3699 552 3753 Benedicto
609 3702 794 3771 gratia
850 3703 1328 3759 demonstrarent.
1393 3704 1600 3760 Ductus
1628 3709 1821 3779 itaque

124 3792 207 3841 est
240 3787 312 3840 ad
358 3788 765 3858 omnipotentis
793 3790 893 3844 Dei
944 3792 1225 3846 famulum
1277 3794 1667 3857 Benedictum,
1722 3797 1821 3867 qui

120 3877 255 3929 Jesu
320 3876 541 3931 Christo
600 3878 841 3932 Domino
913 3895 1109 3949 preces
1174 3881 1442 3948 fundens,
1515 3885 1817 3955 antiquum

120 3964 349 4017 hostem
406 3964 475 4019 de
526 3965 753 4020 obsesso
804 3967 1039 4022 homine
1099 3968 1359 4037 protinus
1414 3972 1653 4040 expulit.
1717 3975 1819 4027 Cui

120 4057 321 4105 sanato
352 4053 623 4124 praecepit
673 4054 864 4108 dicens
898 4071 910 4108 :
954 4056 1123 4121 Vade,
1164 4062 1221 4110 et
1247 4063 1377 4126 post
1417 4059 1541 4112 haec
1588 4075 1817 4115 carnem

119 4156 232 4193 non
265 4140 551 4208 comedas,
586 4146 641 4196 et
689 4143 760 4197 ad
805 4159 1029 4197 sacrum
1074 4145 1334 4200 ordinem
1378 4163 1675 4218 nunquam
1722 4165 1815 4204 ac-

117 4229 322 4283 cedere
376 4245 708 4298 pracsumas.
771 4231 1120 4303 Quacuuque
1189 4238 1379 4288 autem
1437 4234 1530 4288 die
1590 4252 1815 4291 sacrum

116 4315 381 4370 ordinem
401 4322 680 4371 temerare
710 4320 1160 4390 praesumpseris,
1196 4320 1386 4375 statim
1430 4321 1549 4392 juri
1601 4324 1816 4378 diaboli

117 4405 331 4459 iterum
380 4406 742 4477 manciparis.
799 4406 1061 4461 Discessit
1118 4408 1313 4479 itaque
1361 4410 1598 4464 clericus
1646 4429 1816 4466 sanus

120 4511 184 4548 ac
209 4494 357 4549 sicut
398 4499 613 4549 terrere
658 4495 803 4549 solet
849 4495 1105 4550 animum
1135 4512 1306 4566 paena
1349 4514 1567 4565 recens,
1596 4515 1663 4553 ea
1688 4516 1817 4570 quas

118 4583 207 4637 vir
237 4583 340 4637 Dei
387 4582 658 4653 praecepit
702 4583 936 4637 interim
966 4584 1286 4638 custodivit.
1339 4585 1481 4640 Cum
1522 4602 1658 4658 ergo
1690 4595 1818 4659 post

119 4686 301 4725 annos
330 4670 544 4724 multos
588 4686 785 4724 omnes
826 4669 1050 4741 priores
1095 4671 1249 4725 illius
1280 4672 1348 4726 de
1398 4673 1505 4727 hac
1534 4675 1658 4728 luce
1712 4675 1817 4730 mi-

118 4764 397 4831 grassent,
425 4764 483 4813 et
502 4758 755 4813 minores
783 4776 916 4812 suos
941 4759 1171 4814 sibimet
1199 4763 1509 4833 superponi
1539 4763 1599 4818 in
1644 4766 1817 4819 sacris

119 4847 423 4902 ordinibus
475 4850 753 4912 cerneret,
810 4847 985 4901 verba
1040 4848 1147 4901 viri
1192 4849 1295 4903 Dei
1342 4850 1506 4920 quasi
1536 4867 1603 4905 ex
1649 4852 1815 4923 longo

118 4938 382 5001 tempore
417 4930 628 4984 oblitus
655 4934 998 5003 postposuit,
1053 4939 1226 5007 atque
1256 4936 1329 4990 ad
1380 4954 1603 4993 sacrum
1660 4940 1815 4995 ordi-

118 5035 255 5073 nem
312 5018 564 5071 accessit.
622 5018 804 5081 Quem
859 5035 992 5073 mox
1048 5021 1095 5074 is
1134 5022 1235 5092 qui
1288 5023 1521 5094 reliquit
1556 5025 1817 5081 diabolus

114 5106 322 5171 tenuit,
355 5121 601 5176 eumque
632 5123 832 5161 vexare
863 5124 1163 5180 quousque
1207 5110 1462 5166 animam
1493 5112 1616 5180 ejus
1651 5130 1815 5169 excu-

116 5200 284 5262 teret,
316 5210 434 5248 non
459 5195 714 5249 cessavit.

118 5302 249 5357 CAP.
288 5299 462 5356 CCVI.
486 5330 555 5339 —-
586 5303 658 5355 De
682 5301 841 5378 rebus
861 5304 1120 5378 Ecclesia
1148 5320 1287 5373 quae,
1313 5310 1521 5362 mortuo
1548 5310 1813 5378 episcopo,

504 5387 540 5425 a
557 5373 898 5443 presbyteris
934 5376 1166 5429 vendita:
1202 5379 1432 5443 fuerint.

189 5463 277 5516 Ea:
321 5461 508 5515 concil.
570 5463 866 5531 Ancirano,
911 5478 1033 5533 cap.
1087 5467 1188 5530 14.)
1247 5466 1325 5520 De
1380 5465 1469 5520 his
1526 5483 1655 5538 qua:
1684 5484 1815 5539 per-

121 5550 315 5606 tinent
367 5548 443 5604 ad
502 5548 828 5619 Ecclesiam,
884 5567 1264 5625 quaecunque,
1314 5570 1444 5611 cum
1495 5571 1610 5610 non
1668 5562 1818 5612 esset

479 5655 761 5726 PATROL.
811 5657 983 5726 CXL.

1952 556 2244 605 contractu
2276 555 2347 607 ad
2388 555 2521 624 jura
2567 559 2945 616 ecclesiastica
2993 569 3269 623 revocari.
3326 572 3388 624 In
3427 574 3642 643 judicio

1952 642 2142 692 autem
2174 641 2281 694 erit
2324 644 2597 713 episcopi,
2642 647 2689 699 si
2735 650 2986 719 pretium
3045 654 3247 709 debeat
3302 641 3477 730 recipi
3520 680 3646 719 nec-

1950 743 2021 779 ne
2054 743 2067 779 :
2100 728 2235 797 quia
2273 730 2610 802 plerumque
2641 751 2837 798 rerum
2870 739 3252 797 districtarum
3286 728 3501 803 reditus
3523 768 3640 806 am-

1949 814 2189 883 pliorem
2220 832 2506 872 summam
2538 837 2641 891 pro
2666 825 2849 892 pretio
2873 826 3005 881 dato
3023 831 3358 887 reddiderit.

1950 902 2074 957 CAP.
2111 904 2311 959 CCVII.
2342 911 2526 997 —‘De.
2545 926 2601 963 eo
2652 916 2750 995 qui
2787 920 2997 997 spernit
3034 920 3374 997 ablutionem
3416 929 3643 997 presby-

2424 982 2544 1043 teri,
2578 986 2673 1048 qui
2700 999 2921 1038 uworem
2954 987 3159 1044 habuit.

2020 1062 2130 1130 (Ea:
2176 1066 2362 1118 concil.
2420 1067 2712 1136 Gangren.,
2763 1087 2880 1140 cap.
2928 1075 3012 1139 4.)
3061 1079 3400 1152 Quicunque
3430 1085 3641 1141 discer-

1946 1147 2033 1201 nit
2062 1166 2093 1202 a
2126 1151 2457 1221 presbytero
2488 1156 2589 1224 qui
2618 1173 2854 1213 uxorem
2879 1160 3101 1232 habuit,
3146 1147 3446 1236 quod-non
3480 1191 3645 1245 opor-

1945 1238 2082 1301 teat,
2116 1252 2182 1289 eo
2213 1238 2593 1309 ministrante,
2623 1246 2691 1298 de
2736 1247 3019 1303 oblatione
3050 1255 3363 1325 percipere,
3402 1238 3640 1316 anathe-

1946 1337 2041 1375 ma
2070 1323 2161 1377 sit.

1947 1409 2073 1464 CAP.
2109 1412 2330 1493 CCVIII.
2374 1444 2447 1456 —
2506 1419 2813 1493 Quodinon
2856 1429 3248 1491 permittuntur
3292 1436 3641 1493 ecclesiastici

2236 1486 2309 1537 ad
2337 1493 2634 1542 caemeteria
2672 1486 3040 1550 hereticorum
3078 1486 3342 1557 accedere.

2014 1571 2123 1638 (Ea:
2169 1576 2716 1662 conciI.,Laodicen.,
2776 1597 2895 1650 cap.
2941 1585 3016 1653 8.)
3050 1586 3212 1650 Quod
3244 1606 3361 1644 non
3398 1598 3637 1662 permit-

1943 1659 2137 1711 tantur
2193 1661 2554 1717 ecclesiastici
2586 1667 2655 1719 ad
2706 1667 3104 1727 haereticorum
3164 1659 3501 1748 caemeteria,
3552 1689 3640 1740 vel

1866 1739 1905 1793 Β
1942 1744 2013 1797 ad
2045 1760 2112 1798 ea
2169 1763 2299 1817 qua:
2353 1750 2423 1804 ab
2472 1752 2550 1805 eis
2595 1757 2958 1824 appellantur
3006 1765 3298 1833 martyrio,
3367 1739 3639 1827 orationis

1942 1847 2109 1886 causa
2140 1835 2225 1888 vel
2286 1838 2542 1893 sanitatis
2596 1844 2881 1899 accedere.
2943 1848 3053 1901 Sed
3110 1851 3441 1921 bujusmodi
3489 1862 3535 1912 si
3571 1861 3639 1914 ﬁ-

1940 1919 2095 1973 deles
2148 1923 2382 1992 fuerint,
2414 1934 2567 1981 certo
2626 1936 2886 2000 tempore
2919 1919 3325 1996 communione
3370 1947 3585 2013 privari
3620 1965 3633 2002 :

1936 2010 2280 2076 poenitentes
2326 2020 2516 2069 autem
2549 2022 2605 2070 et
2643 2021 2978 2075 conﬁtentes
3009 2041 3067 2077 se
3133 2010 3458 2101 deliquisse,
3491 2051 3635 2089 con-

1938 2098 2089 2152 venit
2135 2101 2365 2170 suscipi.

1938 2186 2065 2240 CAP.
2132 2187 2297 2242 CCIX.
2338 2218 2410 2229 —
2450 2192 2603 2257 Quod
2646 2210 2754 2247 non
2810 2204 3050 2264 oporteat
3099 2203 3167 2255 ab
3217 2205 3480 2263 haereticis
3536 2227 3628 2265 eu-

2550 2265 2719 2329 logias
2769 2271 3025 2336 accipere.

2008 2345 2125 2409 (Ea:
2154 2346 2350 2412 eodem,
2386 2364 2504 2417 cap.
2540 2352 2653 2419 32.)
2687 2352 2843 2415 Quod
2893 2372 3008 2411 non
3055 2367 3317 2430 oporteat
3347 2366 3415 2419 ab
3445 2366 3630 2422 haere-

1934 2430 2058 2484 ticis
2132 2434 2387 2503 eulogias
2443 2437 2722 2506 accipere,
2792 2459 2921 2512 quae
2996 2453 3132 2501 sunt
3187 2453 3632 2519 ;malcdictiones

1935 2519 2123 2588 potius
2154 2538 2330 2591 quam
2368 2523 2812 2582 benedictiones.

2004 2623 2131 2677 CAP.
2177 2625 2327 2679 CCX.
2386 2628 2542 2692 Quod
2596 2633 2803 2714 Inullus
2864 2636 3209 2714 Christianus
3266 2644 3340 2697 ad
3388 2650 3623 2714 pseudo-

2465 2706 2734 2770 martyres
2765 2706 2843 2757 ire
2876 2706 3081 2762 debeat.

2005 2782 2116 2845 (ΕΒ
2149 2782 2346 2849 eodem,
2408 2801 2527 2855 cap.
2586 2788 2697 2858 34.)
2752 2790 2914 2853 Quod
2968 2811 3199 2853 omnem
3230 2800 3624 2863 Christianum

1933 2884 2047 2922 non
2080 2877 2343 2939 oporteat
2389 2873 2648 2929 deserere
2700 2886 2978 2951 martyres
3028 2885 3258 2955 Christi,
3317 2897 3374 2944 et
3432 2894 3513 2948 ire
3556 2898 3628 2951 ad

1932 2958 2451 3029 pseudomartyres,
2488 2963 2542 3016 id
2573 2969 2678 3033 est,
2730 2966 3148 3037 hazreticorum,
3199 2982 3256 3029 et
3305 2995 3446 3048 quos
3475 2982 3629 3052 ipsos

1937 3051 2155 3100 constat
2197 3047 2495 3102 hmreticos
2579 3055 2875 3110 exstitisse.
2940 3059 3007 3113 Hi
3074 3047 3335 3134 namque,
3401 3047 3628 3126 alienati

1936 3141 2072 3188 sunt
2101 3151 2134 3187 a
2171 3137 2305 3190 Deo.
2355 3137 2479 3192 Sint
2534 3139 2711 3210 igitur
2753 3145 3056 3201 anathema
3104 3152 3204 3219 qui
3248 3154 3317 3207 ad
3350 3158 3488 3211 tales
3534 3176 3626 3214 ac-

1934 3223 2226 3279 cesserint.

1935 3310 2060 3364 CAP.
2115 3310 2287 3366 CCXI.
2334 3344 2402 3351 ——
2454 3315 2607 3400 Quod
2660 3333 2766 3400 non
2829 3327 3071 3400 oporteat
3095 3327 3330 3393 plebeios
3383 3335 3630 3400 psalmos

2460 3389 2515 3438 in
2560 3389 2797 3442 Ecclesia
2844 3395 3089 3447 recitare.

2004 3468 2125 3535 (Ea:
2150 3469 2330 3522 eodem
2379 3475 2616 3538 concilio,
2660 3492 2780 3545 cap.
2825 3478 2936 3549 59.)
2985 3481 3147 3544 Quod
3195 3500 3309 3540 non
3361 3497 3625 3559 oporteat

1930 3554 2185 3624 plebeios
2269 3560 2519 3627 psalmos
2570 3561 2630 3614 in
2688 3564 2932 3620 Ecclesia
2993 3572 3231 3641 cantari,
3291 3554 3417 3629 nec-
3449 3578 3624 3635 libros

1929 3647 2141 3712 praeter
2182 3660 2462 3700 canonem
2514 3649 2642 3719 legi,
2673 3652 2771 3705 sed
2798 3653 2919 3707 sola
2945 3670 3104 3710 sacra
3160 3661 3455 3718 volumina
3484 3666 3623 3723 Novi

1927 3731 2270 3785 Testamenti
2299 3734 2386 3786 vel
2422 3735 2655 3792 Veteris.

1998 3995 2108 4065 (Ea:
2163 3999 2349 4051 concil.
2407 4000 2683 4066 Antioch.,
2719 4019 2838 4073 cap.
2885 4008 2992 4076 20.)
3051 4009 3106 4063 Si
3153 4012 3279 4081 quis
3337 4019 3621 4086 superbia:

1928 4098 2064 4136 usus
2101 4084 2324 4151 affectu,
2374 4093 2687 4142 conventus
2716 4092 3082 4148 abominetur
3135 4100 3235 4168 qui
3281 4102 3353 4155 ad
3400 4084 3620 4162 confes-

1927 4170 2113 4224 siones
2139 4176 2455 4242 martyrum
2505 4176 2884 4244 celebrantur,
2946 4187 3002 4235 et
3030 4184 3344 4242 ministeria
3389 4208 3518 4261 quae
3558 4196 3618 4250 in

1930 4258 2010 4311 eis
2059 4257 2206 4312 fiunt
2251 4258 2423 4313 simul
2479 4277 2608 4316 cum
2663 4281 2862 4320 eorum
2918 4272 3211 4325 memoriis
3271 4257 3616 4349 exsecratur,

1927 4345 2232 4400 anathema
2273 4347 2361 4400 sit.

1927 4434 2053 4488 CAP.
2096 4434 2320 4523 CCXIII;
2346 4466 2431 4523 77—,-
2463 4440 2554 4523 “Ut
2598 4441 2886 4523 victus-ub
2929 4449 3204 4523 eagorcistis
3249 4462 3617 4523 energumenis

2188 4508 2245 4559 in
2271 4506 2424 4561 domo
2460 4510 2554 4562 Dei
2578 4511 2883 4567 sedentibus
2921 4516 3352 4577 administretur.

1996 4591 2103 4663 (Ea:
2148 4595 2335 4648 concil.
2403 4596 2686 4664 Carthag.,
2743 4615 2862 4669 cap.
2922 4604 3033 4674 91.)
3097 4607 3509 4680 Energumenis
3556 4618 3618 4673 in

1926 4680 2098 4734 domo
2157 4680 2259 4734 Dei
2283 4682 2614 4738 sedentibus
2658 4686 2842 4742 victus
2893 4694 3260 4761 quotidianus
3308 4716 3412 4771 per
3455 4720 3616 4760 exor-

1925 4767 2091 4822 cistas
2120 4775 2447 4839 opportuno
2479 4776 2738 4844 tempore
2761 4777 3137 4837 ministretur.

1926 4874 2062 4929 CAP.
2113 4875 2776 4966 CCXIV.‘:LUt's.aclra
2803 4900 2938 4966 vasa
2983 4904 3097 4966 pen
3133 4891 3201 4944 ab
3233 4895 3361 4950 aliis
3390 4914 3553 4966 quam
3583 4920 3618 4957 a

2330 4954 2503 5002 sacris
2540 4954 2677 5005 viris
2701 4958 2933 5010 tractari
2958 4958 3203 5016 debeant.

1996 5036 2104 5101 (Ea:
2132 5034 2275 5089 decr.
2337 5037 2510 5106 Sywti
2566 5054 2747 5107 papa,
2802 5058 2927 5113 cap.
2984 5047 3098 5114 49.)
3149 5050 3468 5122 Cognoscat
3522 5076 3611 5113 sa-

1923 5122 2143 5193 pientia
2172 5127 2379 5192 vestra,
2408 5125 2612 5179 fratres
2651 5128 2991 5198 charissimi,
3025 5135 3159 5204 quia
3190 5137 3250 5191 in
3289 5141 3395 5195 hac
3423 5152 3617 5203 sancta

1924 5210 2239 5281 apostolica
2267 5211 2400 5266 sede
2449 5229 2482 5267 a
2537 5213 2699 5268 nobis
2730 5221 2787 5270 et
2805 5219 3042 5288 reliquis
3093 5224 3396 5297 episcopis,
3448 5239 3616 5289 caete-

1926 5299 2116 5369 risque
2160 5300 2390 5354 Domini
2440 5304 2848 5373 sacerdotibus,
2902 5313 3182 5366 statutum
3214 5321 3299 5369 est
3350 5324 3413 5373 ut
3458 5338 3619 5379 sacra

1924 5402 2058 5440 vasa
2101 5403 2219 5441 non
2270 5389 2341 5442 ab
2389 5389 2514 5443 aliis
2561 5407 2735 5462 quam
2779 5411 2810 5447 a
2849 5398 3081 5452 sacratis
3129 5402 3485 5478 Dominoque
3525 5412 3620 5466 di-

1926 5472 2065 5527 catis
2094 5480 2521 5531 contrectentur
2551 5478 2903 5537 hominibus.
2933 5485 3238 5555 Indignum
3270 5472 3424 5551 enim
3456 5500 3620 5557 valde

1926 5564 2015 5613 est
2042 5564 2107 5613 ut
2134 5577 2293 5616 sacra
2326 5563 2552 5619 Domini
2584 5582 2731 5635 vasa,
2776 5587 3135 5645 quaecunque
3167 5586 3320 5650 sunt,
3351 5583 3621 5646 humanis

3226 5693 3310 5756 23
