3956 6310
275 327 380 378 715

1340 320 1745 376 BURCHARDI
1783 317 2314 378 WORMACIENSIS
2352 320 2693 376 EPISCOPI.

3683 320 3786 372 716

280 448 477 501 usibus
506 444 777 509 serviant,
813 449 910 499 aut
942 445 1012 499 ab
1052 443 1178 498 aliis
1206 459 1378 516 quam
1410 460 1443 498 a
1493 443 1738 497 Domino
1785 443 1969 497 famu-
1999 448 2045 498 A
2153 430 2343 498 Tobiae
2374 443 2520 497 liber
2558 458 2729 496 unus.

279 535 530 589 lantibus
559 533 725 604 eique
750 533 948 586 dicatis
977 536 1292 586 tractentur
1321 532 1474 598 viris,
1517 547 1587 584 ne
1634 547 1737 602 pro
1768 531 1972 585 talibus

279 621 826 694 praesumptionibus
873 621 1050 674 iratus
1110 621 1383 674 Dominus
1427 621 1657 689 plagam
1709 619 1974 688 imponat

278 711 490 782 populo
517 726 640 777 suo,
673 714 732 763 et
755 710 816 762 hi
855 709 953 779 qui
1003 709 1174 762 etiam
1211 725 1328 762 non
1382 713 1784 778 peccaverunt,
1823 707 1974 761 mala

279 799 595 871 patiantur,
647 801 746 851 aut
789 802 1027 866 pereant
1063 812 1076 848 :
1109 797 1245 866 quia
1277 797 1636 866 peritjustus
1661 795 1976 865 sepissime

280 903 386 958 pro
415 886 613 955 impio.
643 885 950 951 Attendite,
979 885 1196 948 fratres,
1231 900 1300 937 ne
1320 884 1458 937 talia
1471 885 1669 937 vestris
1699 883 1760 936 in
1792 883 1978 936 Eccle-

283 975 380 1028 siis
394 972 736 1044 permittatis
749 973 1016 1042 deinceps
1029 972 1175 1039 ﬁeri,
1189 987 1260 1025 ne
1279 987 1415 1042 grex
1433 971 1684 1042 pretioso
1697 971 1977 1041 sanguine

283 1061 493 1118 Christi
515 1060 862 1130 redemptus,
895 1059 954 1112 in
984 1059 1388 1129 praecipitium,
1415 1059 1570 1130 quod
1598 1058 1745 1113 absit
1768 1057 1778 1111 l
1825 1062 1972 1113 ruat.

285 1167 411 1222 CAP.
451 1166 642 1221 CCXV.
681 1195 751 1206 -—
803 1167 882 1220 De
928 1169 1160 1220 sacratis
1185 1169 1425 1231 fwminis
1474 1181 1593 1234 qua:
1630 1180 1792 1219 sacra
1844 1179 1978 1218 vasa

511 1241 562 1290 et
584 1238 770 1305 pallas
803 1238 997 1290 altaris
1029 1242 1264 1290 tractare
1277 1239 1744 1306 praesumpserint.

355 1323 472 1395 (Ea:
521 1324 663 1378 decr.
716 1324 957 1379 Sotheris
1006 1340 1187 1393 papa,
1255 1339 1374 1393 cap.
1437 1323 1552 1394 46.)
1584 1324 1838 1377 Sacratas
1861 1323 1975 1376 Deo

281 1412 545 1468 fmminas
601 1412 689 1465 vel
710 1413 1018 1465 monachas
1049 1428 1207 1466 sacra
1253 1427 1405 1478 vasa,
1437 1412 1524 1465 vel
1574 1427 1760 1465 sacras
1799 1411 1978 1481 pallas

281 1516 460 1571 penes
515 1515 614 1553 vos
675 1499 1027 1570 contingere,
1079 1504 1135 1553 et
1171 1500 1469 1554 incensum
1517 1500 1732 1554 circum
1781 1498 1979 1553 altaria

285 1588 507 1644 deferre
555 1587 840 1658 perlatum
892 1593 977 1641 est
1026 1588 1096 1642 ad
1149 1589 1516 1658 apostolicam
1572 1589 1787 1642 sedem.
1840 1587 1976 1651 Quae

284 1676 482 1731 Omnia
534 1675 983 1745 reprehensione
1037 1680 1094 1730 et
1149 1676 1567 1745 vituperatione
1628 1677 1803 1746 plena
1857 1690 1978 1728 esse

283 1763 431 1818 nulli
477 1766 628 1816 recte
675 1761 1022 1832 sapientium
1077 1761 1318 1816 dubium
1351 1766 1452 1816 est.
1485 1763 1844 1832 Quapropter
1880 1762 1983 1815 bu-

243 1907 249 1912 _
279 1853 373 1922 jus
405 1854 613 1904 sancta;
636 1849 783 1903 sedis
809 1849 1148 1904 auctoritate
1170 1851 1292 1904 haac
1316 1851 1510 1904 omnia
1540 1850 1700 1904 vobis
1727 1864 1981 1904 resecare

285 1938 562 2004 funditus,
630 1937 972 2008 quantocius
1037 1937 1319 2007 poteritis,
1385 1953 1732 1992 censemus:
1792 1941 1850 1991 et
1909 1953 1981 1991 ne

285 2026 463 2098 pestis
507 2025 630 2079 haec
674 2025 845 2079 latius
886 2025 1230 2095 divulgetur,
1276 2041 1382 2096 per
1418 2041 1619 2080 omnes
1660 2024 1980 2096 provincias

288 2112 537 2182 abstergi
565 2111 887 2166 diutissime
920 2113 1278 2165 mandamus.

288 2219 398 2274 CAP
447 2217 662 2272 CXXVI.
693 2246 762 2256 —
794 2219 870 2270 De
922 2218 1070 2271 vasis
1123 2219 1314 2284 sacris,
1369 2217 1434 2271 de
1461 2219 1628 2286 pallis
1683 2218 1878 2271 altaris
1931 2220 1983 2270 et

355 2289 489 2342 velis
527 2288 775 2354 ecclesiae,
818 2289 868 2340 si
914 2292 1181 2343 vetustate
1225 2293 1540 2357 consumpta
1583 2289 1812 2354 fuerint,
1846 2286 1982 2357 quid

360 2357 489 2412 inde
519 2357 832 2420 faciendum
859 2359 952 2412 sit.

356 2445 464 2516 (Ea:
521 2447 678 2514 epist.
722 2445 1005 2500 Clementis
1047 2461 1227 2515 papa,
1257 2461 1377 2515 cap.
1408 2445 1526 2516 56.)
1557 2446 1634 2500 De
1666 2444 1813 2498 vasis
1845 2461 1981 2500 sane

285 2533 456 2588 sacris
508 2532 588 2586 ita
637 2533 957 2602 gerendum
1006 2538 1140 2587 est:
1194 2533 1402 2587 Altaris
1460 2535 1632 2604 palla,
1690 2533 1977 2600 cathedra,

284 2620 713 2689 candelabrum,
773 2625 828 2675 et
872 2622 1086 2688 velum,
1147 2621 1194 2674 si
1249 2621 1464 2676 fuerint
1511 2625 1790 2676 vetustate
1841 2637 1982 2675 con-

283 2714 532 2780 sumpta,
567 2709 829 2763 incendio
860 2709 1070 2763 dentur
1103 2726 1116 2764 :
1149 2711 1425 2780 quoniam
1459 2725 1576 2764 non
1605 2709 1736 2763 licet
1755 2725 1822 2763 ea
1849 2726 1977 2780 qua:

283 2797 344 2851 in
373 2797 619 2852 sacrario
665 2797 919 2867 fuerunt,
951 2799 1100 2852 male
1133 2799 1386 2864 tractari,
1428 2799 1527 2853 sed
1550 2797 1815 2852 incendio
1846 2798 1980 2852 uni-

281 2901 444 2940 versa
488 2886 810 2940 tradentur.
849 2887 1081 2941 Cineres
1111 2903 1340 2958 quoque
1371 2902 1570 2941 eorum
1614 2886 1675 2939 in
1706 2886 1978 2957 baptiste-

285 2973 438 3027 rium
479 2973 821 3038 inferantur,
881 2974 978 3027 ubi
1035 2975 1230 3027 nullus
1259 2975 1531 3028 transitus
1582 2975 1879 3040 habeatur,
1919 2975 1980 3028 in
2013 2991 2053 3046 ο

285 3059 524 3130 pariete,
580 3063 680 3113 aut
738 3059 800 3112 in
845 3059 1012 3114 fossis
1059 3060 1524 3129 pavimentorum
1564 3061 1870 3131 jactentur,
1910 3078 1983 3116 ne

285 3147 704 3201 introeuntium
758 3147 1000 3217 pedibus
1047 3149 1444 3218 inquinentur.
1509 3150 1690 3204 Pallas
1742 3166 1874 3204 vero
1928 3154 1986 3204 et

285 3237 408 3290 vela
435 3235 652 3306 quaain
699 3236 1006 3290 sanctuarii
1056 3237 1341 3292 sordidata
1384 3238 1597 3292 fuerint
1644 3237 1980 3304 ministerio,

284 3323 508 3378 diaconi
574 3340 705 3377 cum
760 3324 1073 3379 humilibus
1127 3325 1404 3380 ministris
1473 3326 1624 3380 intra
1670 3326 1982 3381 sacrarium

285 3411 493 3479 lavent,
562 3429 677 3466 non
723 3412 1012 3482 ejicientes
1059 3413 1210 3467 foras
1269 3431 1303 3468 a
1381 3415 1627 3468 sacrario
1699 3415 1984 3470 velamina

287 3500 592 3554 Dominicaa
625 3517 860 3564 mensas,
897 3518 968 3556 ne
1000 3502 1144 3556 forte
1179 3502 1365 3572 pulvis
1408 3503 1688 3558 Dominici
1728 3505 1982 3574 corporis

285 3590 433 3642 male
463 3588 706 3654 decidat,
756 3588 1014 3658 syndone
1053 3590 1191 3644 foris
1221 3591 1427 3657 delata,
1453 3596 1509 3645 et
1553 3591 1662 3646 erit
1700 3593 1811 3645 hoc
1839 3608 1982 3662 ope-

285 3677 438 3730 ranti
481 3682 798 3746 peccatum,
842 3677 1056 3730 Idcirco
1088 3678 1147 3732 in
1177 3679 1424 3732 sacrario
1474 3679 1754 3732 ministris
1777 3680 1980 3749 praci-

284 3763 477 3833 pimus
523 3780 654 3818 cum
710 3765 1007 3835 diligentia
1051 3767 1353 3822 custodire.
1398 3767 1570 3822 Pallae
1609 3766 1673 3820 in
1703 3767 1810 3821 alia
1830 3768 1981 3838 pelvi

286 3850 568 3920 laventur,
619 3851 680 3904 in
709 3852 820 3906 alia
849 3853 993 3908 vela.

286 3971 566 4011 INCIPIUNT
639 3972 875 4012 DECRETA
949 3974 1017 4012 DE
1091 3974 1446 4024 RECIPIENDIS,
1503 3976 1608 4015 νει
1664 3978 1775 4017 NON
1829 3979 1979 4019 RECI-

357 4043 567 4081 PIENDIS
607 4044 796 4092 LIBRIS,
838 4045 1048 4082 SCRIPTA
1087 4046 1121 4083 Α
1161 4045 1384 4084 GELASIO
1422 4046 1574 4093 PAPA,
1617 4049 1723 4087 CUM
1764 4051 1980 4090 SEPTUA-

356 4114 523 4152 GINTA
579 4113 961 4152 ERUDITISSIMIS
1021 4116 1288 4154 EPISCOPIS
1344 4117 1401 4154 IN
1467 4119 1596 4156 SEDE
1649 4120 1978 4162 APOSTOLICA

355 4184 520 4292 gignis
537 4168 866 4308 )aou£.(Ea:
901 4170 1046 4227 decr.
1096 4172 1300 4226 Gelasii
1335 4188 1496 4242 papae
1539 4173 1604 4228 de
1648 4178 1976 4245 recipiendis

377 4257 394 4293 ι
432 4255 530 4292 ris.

377 4255 510 4293 ιονιε
518 4279 530 4292 .

424 4327 552 4382 CAP.
580 4327 735 4381 XVII.
772 4358 842 4367 —
867 4330 943 4382 De
969 4329 1159 4384 ordine
1191 4331 1452 4388 librorum
1483 4335 1690 4388 Veteris

958 4401 1300 4456 Testamenti.

351 4482 583 4538 Genesis
599 4483 745 4538 liber
776 4499 941 4540 unus.

350 4571 525 4626 Exodi
552 4571 699 4625 liber
736 4589 904 4626 unus.

350 4658 584 4713 Levitici
612 4659 757 4714 liber
783 4677 954 4715 unus.

353 4747 588 4802 Numeri
616 4747 762 4802 liber
791 4765 958 4804 unus.

345 4835 772 4890 Deuteronomii
798 4836 944 4892 liber
973 4855 1138 4894 unus.

341 4926 475 4980 Jesu
506 4925 654 4979 Nave
679 4925 822 4981 liber
849 4943 1018 4982 unus.

339 5012 602 5067 Iudicum
629 5012 778 5067 liber
806 5030 976 5069 unus.

337 5102 560 5172 Regum
598 5102 732 5156 libri
779 5107 1042 5174 quatuor.

337 5191 493 5245 Ruth
520 5191 666 5245 liber
694 5207 871 5246 unus.

335 5270 816 5350 Paralipomenon
847 5278 975 5334 libri
1015 5279 1129 5334 duo

330 5368 688 5422 Psalmorum
723 5369 870 5423 liber
899 5385 1073 5423 unus.

332 5456 650 5512 Salomonis
676 5456 811 5512 libri
839 5457 1118 5529 quinque.

330 5544 359 5599 Ι
364 5543 436 5599 01)
473 5544 618 5600 liber
645 5561 816 5601 unus.

2011 1719 2052 1772 Β

2003 4263 2044 4316 D

2156 533 2385 586 Hesdrae
2417 532 2560 586 liber
2588 547 2756 584 unus.

2157 621 2356 672 Hester
2386 619 2531 673 liber
2562 635 2728 674 unus.

2153 707 2348 762 Judith
2373 708 2516 760 liber
2549 723 2716 761 unus.

2161 795 2621 849 Machabaeorum
2660 795 2793 848 libri
2817 795 2955 850 duo.

2227 884 2358 938 CAP.
2385 883 2654 938 CCXVIII.
2687 913 2756 922 —
2777 887 2850 937 De
2876 883 3065 938 ordine
3089 885 3500 953 prophetarum.

2159 970 2350 1024 Esaiar
2365 971 2508 1025 liber
2538 987 2710 1026 unus.

2157 1057 2479 1123 Hieremiae,
2528 1075 2658 1114 cum
2701 1059 2930 1129 Cinoth,
2991 1059 3054 1114 id
3094 1061 3200 1130 :est
3261 1059 3795 1115 Lamentationibus

2087 1145 2224 1211 suis,
2256 1147 2400 1200 liber
2432 1164 2598 1202 unus.

2161 1234 2466 1288 Ezechielis
2495 1236 2641 1289 liber
2673 1251 2843 1289 unus.

2160 1321 2411 1375 Danielis
2443 1321 2590 1376 liber
2614 1339 2784 1376 unus.

2157 1408 2314 1462 Oseaa
2344 1409 2486 1462 liber
2515 1425 2684 1464 unus.
2720 1429 2722 1432 ν

2157 1499 2332 1551 Amos
2361 1498 2509 1551 liber
2538 1515 2705 1552 unus.

2160 1585 2391 1640 Micheae
2420 1587 2564 1640 liber
2593 1602 2762 1640 unus.

2155 1675 2278 1728 Joel
2307 1674 2454 1728 liber
2483 1690 2650 1728 unus.

2162 1762 2361 1816 Abdiae
2391 1763 2538 1816 liber
2569 1779 2738 1816 unus.

2162 1851 2316 1904 Ionas
2352 1850 2495 1904 liber
2517 1866 2684 1904 unus.

2162 1938 2345 1992 Naum
2377 1939 2523 1992 liber
2553 1955 2722 1996 unus.

2160 2025 2388 2079 Abacuc
2416 2026 2561 2080 liber
2592 2042 2738 2080 unus
2750 2069 2764 2082 .

2161 2113 2464 2184 SOphODitB
2494 2115 2639 2169 liber
2663 2131 2829 2169 unus.

2160 2203 2360 2273 Aggaai
2380 2203 2526 2256 liber
2552 2219 2719 2258 unus.

2159 2291 2440 2345 Zachariae
2467 2291 2616 2346 liber
2645 2308 2813 2347 unus.

2162 2379 2452 2434 Malachiae
2473 2380 2616 2434 liber
2643 2397 2816 2436 unus.

2091 2485 2218 2540 CAP.
2270 2486 2486 2540 CCXIX.
2558 2489 2630 2541 De
2698 2487 2887 2540 ordine
2925 2487 3187 2541 librorum
3244 2489 3384 2544 Novi
3443 2490 3795 2552 Testamenti,

2161 2572 2293 2625 quos
2318 2562 2509 2610 sancta
2540 2559 2779 2611 Romana
2814 2559 3063 2612 Ecclesia
3102 2563 3259 2624 tenet,
3309 2564 3359 2612 et
3405 2574 3537 2627 quos
3565 2562 3800 2613 univer-

2159 2628 2295 2681 salis
2325 2628 2566 2682 Ecclesia
2595 2630 2860 2682 observat.

2160 2732 2597 2802 Evangeliorum
2629 2733 2762 2787 libri
2789 2738 3053 2804 quatuor.

2160 2819 2486 2874 Secundum
2509 2821 2834 2875 Matthaaum
2867 2821 3013 2875 liber
3045 2837 3212 2876 unus.

2161 2907 2488 2962 Secundum
2518 2910 2766 2963 Marcum
2803 2909 2949 2963 liber
2976 2925 3146 2964 unus.

2164 2995 2488 3050 Secundum
2520 2997 2725 3051 Lucam
2756 2998 2902 3051 liber
2925 3014 3090 3051 unus.

2163 3083 2484 3138 Secundum
2515 3087 2792 3139 Joannem
2823 3086 2969 3140 liber
3009 3087 3172 3140 u'nus.

2163 3174 2336 3226 Actus
2368 3174 2741 3242 apostolorun
2771 3173 2916 3226 liber
2951 3190 3120 3228 unus.

2507 3264 2763 3330 Epistolz
2788 3263 2947 3316 Pauli
2971 3277 3192 3317 numero
3221 3265 3364 3320 XIV.

2161 3349 2245 3404 Ad
2277 3351 2564 3404 Romanos
2597 3350 2842 3420 epistola
2871 3366 3005 3404 una.

2158 3438 2243 3492 Ad
2273 3439 2597 3493 Corinthios
2625 3439 2882 3508 epistola;
2909 3438 3058 3493 duae.

2158 3526 2242 3580 Ad
2278 3527 2501 3581 Galatas
2528 3525 2770 3596 epistola
2800 3542 2937 3580 una.

2158 3615 2244 3668 Ad
2271 3614 2543 3684 Ephesios
2591 3615 2833 3685 epistola
2872 3631 3007 3668 una.

2158 3702 2244 3756 Ad
2275 3703 2669 3773 Philippenses
2699 3703 2939 3773 epistola
2976 3719 3112 3757 una.

2157 3789 2244 3844 Ad
2270 3790 2628 3845 Colossenses
2659 3791 2902 3860 epistola
2941 3807 3076 3846 una.

2155 3878 2243 3932 Ad
2273 3879 2799 3933 Thessalonicenses
2824 3879 3066 3948 epistola
3096 3896 3231 3934 una.

2156 3966 2236 4020 Ad
2264 3967 2629 4021 Timotheum
2663 3967 2918 4036 epistolas
2951 3968 3098 4023 duae.

2156 4053 2239 4107 Ad
2260 4055 2448 4108 Titum
2479 4056 2735 4125 epistolae
2763 4055 2912 4109 duas.

2153 4142 2240 4196 Ad
2272 4143 2663 4197 Philemonem
2698 4144 2941 4214 epistola
2968 4160 3103 4199 una.

2153 4231 2239 4286 Ad
2269 4233 2535 4287 Hebraeos
2556 4233 2796 4303 epistola
2826 4249 2957 4288 una.

2149 4321 2519 4391 Apocalypsis
2547 4321 2784 4375 Joannis
2813 4321 2959 4375 liber
2987 4338 3155 4376 unus.

2259 4409 2386 4463 CAP.
2419 4409 2607 4463 CCXX.
2641 4409 2783 4464 Ordo
2819 4410 2941 4464 VII
2975 4411 3327 4479 epistolarum
3355 4412 3597 4466 canonic.

2151 4497 2302 4551 Petri
2331 4498 2571 4566 apostoli
2600 4497 2858 4569 epistolae
2891 4499 3038 4553 duae.

2147 4586 2340 4641 Jacobi
2369 4588 2614 4658 apostoli
2643 4589 2884 4657 epistola
2917 4607 3051 4645 una.

2148 4673 2384 4728 Joannis
2417 4676 2658 4745 apostoli
2679 4676 2935 4747 epistola
2965 4682 3101 4733 tres.

2147 4761 2306 4816 Judaa
2334 4763 2536 4817 Zelotis
2567 4769 2744 4835 apost.
2775 4765 3020 4832 epistola
3053 4783 3188 4821 una.

2147 4848 2267 4921 (Ea:
2296 4851 2438 4904 decr.
2471 4853 2754 4921 ejusdem.)
2776 4854 2911 4907 Post
2940 4853 3304 4924 propheticas
3334 4857 3391 4908 et
3419 4857 3784 4927 evangelicas

2077 4941 2250 5008 atque
2279 4939 2620 5008 apostolicas
2666 4941 3008 5010 Scripturas,
3055 4942 3266 5012 quibus
3299 4943 3545 4997 Ecclesia
3574 4946 3779 4999 catho-

2076 5025 2185 5079 lica
2199 5042 2304 5096 per
2327 5027 2573 5097 gratiam
2605 5028 2704 5084 Dei
2730 5030 2966 5084 fundata
2997 5035 3102 5099 est,
3134 5032 3308 5084 etiam
3336 5031 3478 5086 illud
3505 5032 3784 5087 intiman-

2075 5113 2214 5168 dum
2252 5117 2597 5184 putavimus,
2631 5119 2783 5188 quod
2829 5119 3087 5189 quamvis
3120 5119 3401 5173 universae
3432 5135 3538 5190 per
3575 5121 3779 5176 orbem

2074 5201 2295 5256 diffusae
2313 5204 2606 5259 catholicae
2645 5207 2905 5261 Ecclesiae
2927 5223 3078 5262 unus
3117 5209 3406 5262 thalamus
3439 5208 3647 5263 Christi
3679 5211 3775 5278 sit,

2074 5295 2267 5345 sancta
2296 5297 2490 5347 tamen
2522 5295 2779 5348 Romana
2808 5295 3088 5349 catholica
3134 5299 3191 5349 et
3235 5295 3546 5366 apostolica
3595 5298 3780 5354 Eccle-

2074 5378 2158 5433 sia
2217 5380 2392 5434 nullis
2467 5382 2754 5452 synodicis
2831 5384 3156 5438 constitutis
3230 5385 3450 5439 caeteris
3511 5387 3777 5441 Ecclesiis

2071 5468 2310 5537 prmlata
2357 5473 2458 5538 est,
2510 5471 2606 5524 sed
2651 5471 2986 5542 Evangelica
3024 5488 3162 5528 voce
3217 5473 3772 5530 DominiSalvatoris

2072 5555 2252 5610 nostri
2299 5556 2616 5627 primatum
2660 5558 2910 5616 obtinuit
2942 5577 2958 5616 :
2989 5561 3076 5616 Tu
3104 5576 3164 5617 es
3215 5562 3435 5632 Petrus,
3468 5561 3761 5634 inquiens,
