3956 6302
151 352 259 403 717

1127 352 1601 409 DECRETORUM
1644 354 1833 411 LIBRI
1869 357 1979 411 XX.

2020 384 2092 397 —
2130 357 2335 411 LIBER
2374 357 2693 412 TERTIUS.
3548 367 3651 419 ’718

152 478 211 527 et
240 490 415 545 super
444 475 593 529 hanc
622 480 847 545 petram
882 474 1174 529 mdiﬁcabo
1221 477 1527 530 Ecclesiam
1560 494 1766 542 meam,
1801 482 1858 531 et
1889 480 1932 531 A
1974 478 2305 547 giosissimi.
2342 480 2483 532 Item
2532 479 2771 549 epistola
2802 480 2860 532 Β.
2898 480 3095 533 Leonis
3135 498 3298 553 papae
3343 484 3412 537 ad
3443 486 3659 539 Flavia-

153 570 344 633 portaa
378 564 547 617 inferi
577 580 692 617 non
736 565 1130 634 praevalebunt
1175 567 1443 618 adversus
1472 582 1620 628 eam,
1653 571 1707 619 et
1754 566 1857 619 tibi

154 651 307 704 dabo
342 653 525 705 claves
574 652 738 721 regni
777 653 1072 706 caelorum.
1109 655 1173 706 Et
1203 669 1558 723 quaecunque
1591 654 1856 723 ligaveris

154 754 332 808 super
362 743 597 804 terram,
630 745 801 792 erunt
830 740 1003 809 ligata
1038 745 1093 792 et
1124 740 1185 793 in
1212 742 1374 794 caelo.
1406 742 1468 794 Et
1499 758 1857 812 quacunque

155 828 399 880 solveris
449 843 622 897 super
652 831 886 895 terram,
921 833 1090 881 erunt
1135 829 1320 881 soluta
1351 834 1405 883 et
1450 830 1509 883 in
1542 831 1699 884 coelo.
1755 832 1857 885 Cui

156 916 293 969 data
321 921 405 968 est
435 917 606 969 etiam
638 916 875 969 societas
909 916 1223 970 beatissimi
1259 918 1416 970 Pauli
1443 920 1685 987 apostoli
1713 920 1856 974 vasis

156 1002 479 1070 electionis,
515 1004 614 1074 qui
660 1020 777 1056 non
808 1004 1047 1069 diverso,
1082 1004 1227 1057 sicut
1272 1005 1527 1059 haaretici
1572 1007 1855 1077 garriunt,

153 1092 255 1146 sed
290 1108 407 1145 uno
454 1099 733 1162 tempore,
778 1108 893 1146 uno
924 1094 1242 1163 eodemque
1276 1094 1365 1147 die
1396 1094 1642 1163 gloriosa
1672 1102 1856 1151 morte

152 1196 287 1234 cum
322 1182 487 1234 Petro
532 1181 592 1234 in
622 1182 763 1234 urbe
796 1181 979 1234 Roma
1017 1181 1120 1234 sub
1155 1184 1374 1235 Caesare
1401 1182 1623 1235 Nerone
1654 1183 1856 1253 agoni-

156 1284 295 1322 zans
344 1275 650 1323 coronatus
682 1275 786 1335 est,
820 1274 876 1323 et
917 1270 1136 1339 pariter
1176 1270 1558 1339 supradictam
1604 1277 1854 1325 sanctam

158 1357 483 1411 Romanam
539 1356 843 1411 Ecclesiam
888 1358 1110 1412 Christo
1144 1358 1386 1412 Domino
1434 1366 1853 1427 consecrarunt,

160 1445 429 1515 hancque
478 1446 744 1499 omnibus
792 1446 1027 1499 urbibus
1073 1448 1131 1500 in
1178 1448 1442 1500 universo
1492 1449 1703 1501 mundo
1756 1466 1858 1503 sua

160 1532 495 1603 praesentia,
537 1539 707 1603 atque
753 1534 1079 1587 venerando
1126 1535 1418 1604 triumpho
1456 1537 1853 1604 praztulerunt.

162 1621 261 1674 Est
292 1636 429 1688 ergo
464 1620 651 1689 prima
680 1620 833 1673 Petri
868 1620 1110 1689 apostoli
1138 1621 1298 1673 sedes
1330 1622 1585 1675 Romana
1615 1624 1858 1676 Ecclesia

158 1724 281 1761 non
330 1707 545 1762 habens
582 1708 883 1775 maculam,
936 1724 1041 1761 nec
1088 1725 1315 1777 rugam,
1351 1725 1451 1761 nec
1483 1709 1696 1779 aliquid
1742 1710 1856 1763 hu-

149 1795 429 1866 jusmodi.
470 1796 725 1851 Secunda
778 1802 965 1849 autem
1023 1798 1181 1851 sedes
1234 1797 1385 1867 apud
1429 1799 1851 1865 Alexandriam,

150 1883 310 1937 beati
340 1885 493 1938 Petri
543 1884 778 1938 nomine
810 1901 842 1937 a
872 1886 1054 1938 Marco
1103 1886 1227 1955 ejus
1271 1885 1550 1955 discipulo
1599 1892 1655 1939 et
1682 1903 1850 1939 evan-

154 1972 363 2042 gelista
405 1977 729 2026 consecrata
770 1977 871 2038 est,
928 1972 1163 2042 ipseque
1212 1990 1243 2026 a
1278 1976 1441 2027 Petro
1489 1976 1743 2044 apostolo
1792 1976 1853 2029 in

151 2057 462 2126 Egyptum
510 2056 775 2123 directus,
822 2057 1062 2109 verbum
1111 2058 1367 2110 veritatis
1414 2058 1761 2128 praedicavit,
1799 2065 1854 2113 et

152 2143 467 2212 gloriosum
528 2143 949 2198 consummavit
1030 2146 1386 2214 martyrium.
1462 2146 1647 2199 Tertia
1721 2163 1851 2201 vero

152 2231 319 2285 sedes
389 2233 540 2302 apud
596 2231 954 2286 Antiochiam
1012 2232 1266 2301 ejusdem
1328 2232 1642 2287 beatissimi
1702 2236 1850 2289 Petri

152 2319 391 2374 nomine
420 2320 662 2373 habetur
682 2319 1053 2386 honorabilis,
1084 2336 1150 2372 eo
1183 2321 1335 2391 quod
1358 2321 1493 2385 illic,
1518 2322 1850 2392 priusquam

156 2410 403 2462 Romam
434 2407 698 2473 venisset,
748 2408 1043 2473 habitavit,
1077 2413 1132 2461 et
1178 2409 1295 2462 illic
1342 2410 1592 2479 primum
1641 2426 1850 2465 nomen

155 2495 616 2550 Christianorum
647 2496 889 2549 novellze
921 2496 1105 2565 gentis
1138 2502 1397 2550 exortum
1425 2502 1525 2551 est.
1562 2500 1625 2551 Et
1654 2516 1851 2569 quam-

154 2584 240 2637 vis
272 2585 426 2638 aliud
475 2585 911 2638 fundamentum
962 2601 1130 2639 nemo
1160 2585 1341 2654 possit
1382 2602 1609 2655 ponere,
1643 2592 1851 2656 praeter

153 2672 213 2727 id
242 2673 400 2743 quod
429 2672 679 2743 positum
728 2678 832 2738 est,
866 2673 1017 2743 quod
1049 2679 1133 2727 est
1164 2673 1418 2727 Christus
1446 2668 1627 2740 Iesus,
1657 2678 1847 2728 tamen

152 2760 225 2814 ad
286 2761 723 2815 aediﬁcationem
778 2768 1033 2815 nostram
1092 2762 1293 2816 eadem
1346 2768 1538 2816 sancta
1593 2764 1850 2817 Romana

151 2849 426 2918 Ecclesia,
495 2855 623 2921 post
676 2850 801 2903 illas
855 2849 1072 2903 Veteris
1130 2852 1214 2903 vel
1283 2851 1425 2904 Novi
1480 2852 1844 2918 Testamenti,

152 2954 298 3007 quas
328 2938 670 3008 regulariter
719 2937 1093 3007 suscepimus,
1140 2939 1312 2992 etiam
1346 2938 1446 2992 has
1488 2939 1695 3009 suscipi
1734 2956 1847 2993 non

1965 583 2104 619 num
2192 566 2890 636 Constantinopolitanum
2962 568 3289 640 episcopum
3357 573 3655 629 destinata.

1967 655 2138 724 Cujus
2168 659 2388 709 textum
2425 655 2709 725 quispiam
2742 657 2786 708 si
2812 673 2991 727 usque
3017 657 3088 711 ad
3118 674 3297 712 unum
3322 660 3435 713 iota
3465 662 3657 732 dispu-

1966 744 2187 807 taverit,
2242 749 2440 795 etnon
2474 759 2598 796 eam
2648 744 2706 796 in
2742 745 3008 798 omnibus
3058 748 3459 801 venerabiliter
3507 767 3657 805 rece-

1965 831 2131 900 perit,
2185 832 2489 884 anathema
2539 832 2629 884 sit.
2676 833 2818 885 Item
2852 834 3125 902 opuscula
3163 840 3334 905 atque
3388 843 3659 893 tractatus

1964 919 2224 972 omnium
2274 921 2505 973 Patrum
2539 920 2986 974 orthodoxorum
3019 922 3120 991 qui
3166 924 3225 976 in
3272 925 3429 977 nullo
3465 943 3498 978 a
3529 943 3657 981 san-

1964 1011 2067 1058 ctae
2118 1006 2378 1060 Ecclesia:
2420 1007 2694 1061 Romana:
2736 1008 3023 1061 consortio
3071 1010 3393 1078 deviarunt,
3439 1028 3542 1067 nec
3589 1015 3658 1068 ab

1963 1094 2085 1164 ejus
2116 1095 2243 1159 ﬁde,
2278 1096 2364 1149 vel
2415 1095 2815 1165 praedicatione
2864 1097 3107 1165 sejuncti
3144 1104 3297 1166 sunt,
3332 1100 3431 1153 sed
3478 1102 3657 1172 ipsius

1963 1183 2383 1237 communionis
2398 1200 2503 1253 per
2523 1184 2766 1253 gratiam
2794 1184 2894 1238 Dei
2913 1202 3092 1255 usque
3121 1187 3177 1238 in
3214 1187 3479 1242 ultimum
3504 1190 3657 1246 diem

1961 1270 2093 1324 vitae
2149 1288 2265 1324 suae.
2331 1272 2489 1325 fuere
2546 1272 2872 1343 participes,
2938 1274 3207 1343 legendos
3272 1276 3651 1335 decernimus.

1962 1359 2102 1411 Item
2134 1359 2445 1413 decretales
2492 1360 2783 1429 epistolas,
2831 1377 2971 1431 quas
3013 1363 3327 1416 beatissimi
3361 1381 3525 1435 papae
3570 1369 3653 1421 di-

1962 1447 2137 1499 versis
2191 1447 2548 1516 temporibus
2606 1449 2675 1501 ab
2726 1449 2862 1502 urbe
2914 1450 3094 1503 Roma
3145 1467 3248 1519 pro
3297 1452 3654 1510 diversorum

1963 1540 2197 1604 patrum
2240 1536 2628 1589 consolatione
2673 1537 2971 1599 dederunt,
3031 1539 3433 1592 venerabiliter
3477 1544 3653 1596 susci-

1962 1621 2218 1690 piendas.
2248 1622 2386 1674 Item
2434 1628 2590 1691 gesta
2619 1628 2942 1676 sanctorum
2975 1630 3310 1693 martyrum,
3345 1642 3473 1696 quin
3504 1630 3653 1681 mul-

1964 1710 2255 1779 tiplicibus
2315 1716 2729 1764 tormentorum
2792 1712 3136 1765 cruciatibus
3187 1720 3244 1767 et
3296 1716 3655 1770 mirabilibus

1964 1798 2384 1851 confessionum
2435 1799 2743 1869 triumphis
2794 1800 3092 1869 irradiant,
3144 1802 3271 1871 quis
3303 1803 3410 1855 ista
3458 1806 3654 1858 catho-

1962 1885 2202 1938 licorum
2252 1886 2495 1955 dubitet,
2543 1892 2599 1939 et
2645 1887 2864 1955 majora
2902 1904 2999 1940 eos
3053 1890 3112 1941 in
3166 1890 3448 1958 agonibus
3480 1892 3654 1946 fuisse

1960 1988 2283 2043 perpessos,
2314 1989 2419 2026 nec
2464 1974 2578 2026 suis
2611 1974 2843 2041 vilibus,
2895 1976 2991 2028 sed
3027 1976 3122 2027 Dei
3173 1977 3357 2046 gratia
3406 1984 3461 2032 et
3492 1980 3652 2050 adju-

1962 2062 2111 2113 torio
2155 2060 2420 2114 universa
2473 2062 2792 2114 tolerasse?
2822 2063 2929 2115 Sed
2978 2063 3107 2115 ideo
3156 2065 3471 2119 secundum
3504 2067 3651 2119 anti-

1963 2164 2135 2217 quam
2167 2148 2637 2201 consuetudinem
2668 2149 2946 2217 singulari
2979 2151 3200 2205 cautela
3230 2150 3286 2203 in
3316 2159 3508 2205 sancta
3538 2155 3652 2207 Ro-

1961 2250 2132 2288 mana
2161 2236 2406 2289 Ecclesia
2434 2252 2547 2288 non
2580 2238 2868 2305 leguntur,
2905 2237 3040 2306 quia
3072 2243 3128 2290 et
3157 2254 3356 2291 eorum
3386 2241 3485 2310 qui
3516 2241 3652 2293 scri-

1960 2340 2124 2393 psere
2154 2324 2391 2376 nomina
2442 2324 2671 2393 penitus
2714 2324 3071 2393 ignorantur,
3122 2332 3178 2379 et
3206 2328 3276 2380 ab
3324 2328 3654 2383 inﬁdelibus

1960 2416 2059 2463 aut
2087 2411 2249 2463 dictis
2290 2412 2599 2480 superflua,
2634 2417 2732 2463 aut
2772 2412 2962 2465 minus
2993 2418 3141 2483 apta,
3176 2431 3347 2484 quam
3401 2417 3485 2469 rei
3515 2418 3653 2471 ordo

1959 2498 2150 2564 fuerit,
2186 2499 2393 2567 scripta
2424 2515 2543 2551 esse
2575 2503 2849 2569 putantur
2878 2516 2890 2552 :
2921 2500 3065 2554 sicut
3105 2502 3401 2572 cujusdam
3448 2506 3651 2575 Cyrici,

1960 2592 2016 2639 et
2081 2587 2314 2651 Julittaa,
2384 2586 2529 2639 sicut
2591 2588 2834 2655 Georgii,
2902 2588 3263 2660 aliorumque
3322 2592 3653 2661 hujusmodi

1959 2674 2270 2742 passiones,
2300 2690 2428 2741 quas
2461 2674 2528 2726 ab
2560 2675 2844 2727 haereticis
2871 2676 3247 2745 perhibentur
3292 2682 3649 2748 conscriptas.

1960 2762 2197 2830 Propter
2247 2762 2419 2830 quod,
2454 2766 2516 2814 ut
2569 2762 2784 2815 dictum
2833 2769 2937 2830 est,
2988 2780 3059 2817 ne
3088 2766 3178 2819 vel
3232 2767 3370 2819 levis
3414 2769 3651 2823 subsan-

1959 2849 2135 2903 nandi
2185 2850 2432 2902 oriretur
2484 2849 2723 2917 occasio,
2756 2850 2817 2902 in
2864 2856 3055 2905 sancta
3109 2854 3366 2907 Romana
3409 2857 3654 2912 Ecclesia

1959 2953 2075 2991 non
2132 2938 2422 3007 leguntur.
2482 2939 2592 2990 Nos
2641 2943 2834 2992 tamen
2888 2955 3019 2992 cum
3067 2942 3335 3009 praedicta
3386 2944 3650 3011 Ecclesia,

147 3025 420 3094 prohibet
473 3026 791 3095 Scripturas
839 3042 852 3079 :
898 3026 1160 3080 Sanctam
1220 3028 1503 3097 synodum
1559 3028 1847 3081 Nicaanam
1880 3029 1920 3084 C
1959 3041 2159 3079 omnes
2188 3030 2464 3094 martyres
2498 3030 2554 3078 et
2585 3042 2783 3078 eorum
2829 3026 3109 3095 gloriosos
3140 3045 3376 3099 agones,
3411 3030 3509 3101 qui
3541 3033 3652 3086 Deo

148 3118 545 3168 trecentorum
569 3114 766 3168 decem
790 3118 845 3167 et
866 3120 991 3168 octo
1017 3117 1271 3179 Patrum,
1295 3116 1583 3169 mediante
1606 3117 1844 3170 Maximo

147 3202 524 3256 Constantino
549 3205 825 3273 Augusto,
850 3202 910 3256 in
933 3219 1046 3273 qua
1067 3204 1235 3257 Arius
1258 3205 1561 3258 haereticus
1583 3206 1847 3258 condem-

147 3295 316 3343 natus
347 3293 449 3343 est.
490 3289 754 3343 Sanctam
799 3292 1079 3361 synodum
1127 3292 1841 3362 Constantinopolitanam,

148 3376 443 3430 mediante
483 3377 800 3431 Theodosio
833 3378 1057 3433 seniore
1106 3381 1381 3449 Augusto,
1414 3379 1475 3431 in
1509 3396 1622 3450 qua
1668 3381 1844 3432 Mace-

150 3464 359 3517 donius
422 3464 726 3518 haereticus
790 3465 1044 3519 debitam
1102 3466 1530 3520 damnationem
1603 3468 1842 3536 excepit.

150 3552 415 3606 Sanctam
483 3552 765 3622 synodum
830 3553 1169 3623 Ephesinam
1201 3597 1215 3621 ,
1269 3554 1327 3607 in
1386 3571 1500 3625 qua
1558 3555 1844 3607 Nestorius

151 3641 456 3694 damnatus
483 3645 585 3707 est,
619 3657 749 3695 cum
781 3658 1061 3695 consensu
1090 3641 1401 3695 beatissimi
1428 3642 1713 3697 Coelestini
1744 3660 1845 3713 pa-

146 3744 259 3798 pae,
298 3728 584 3782 mediante
626 3729 837 3799 Cyrillo
870 3730 1269 3784 Alexandrinae
1301 3730 1447 3783 sedis
1481 3730 1750 3795 antistite,
1791 3736 1847 3783 et

147 3816 428 3869 Arcbadio
505 3817 772 3887 episcopo
859 3818 927 3871 ab
992 3818 1152 3872 Italia
1216 3816 1514 3871 destinato.
1584 3819 1842 3872 Sanctam

148 3905 429 3975 synodum
461 3906 1007 3974 Chalcedonensem,
1030 3906 1316 3959 mediante
1342 3907 1617 3960 Martiano
1651 3909 1849 3976 Augu-

146 3998 255 4054 sto,
292 3996 349 4046 et
368 3994 669 4048 Anatholio
691 3994 1317 4064 Constantinopolitano
1349 3993 1636 4064 episcopo,
1657 3996 1715 4047 in
1734 4012 1847 4065 qua

148 4082 489 4136 Nestoriana
535 4086 591 4136 et
622 4082 974 4152 Eutychiana
1021 4082 1256 4135 haeresis
1306 4083 1473 4135 simul
1528 4098 1656 4136 cum
1710 4083 1846 4136 Dio-

147 4185 313 4223 scoro
344 4169 581 4240 ejusque
629 4170 1005 4239 complicibus
1050 4170 1336 4224 damnatae
1367 4175 1519 4224 sunt.
1566 4170 1673 4224 Sed
1706 4175 1762 4223 et
1800 4170 1846 4223 si

148 4272 279 4326 quae
312 4260 443 4309 sunt
486 4257 726 4311 concilia
755 4275 789 4311 a
822 4258 1029 4313 sanctis
1068 4258 1328 4311 Patribus
1376 4258 1650 4312 hactenus
1682 4258 1843 4311 insti-

145 4349 274 4399 tuta
305 4350 517 4414 praeter
546 4346 787 4399 istorum
832 4351 1081 4416 quatuor
1110 4346 1523 4407 auctoritatem,
1559 4350 1615 4399 et
1652 4350 1844 4399 custo-

152 4432 366 4487 dienda
392 4436 449 4486 et
470 4432 800 4502 recipienda
822 4433 1195 4487 decrevimus.
1218 4435 1245 4487 ,Ι
1252 4450 1341 4487 am
1364 4450 1517 4487 nunc
1538 4433 1845 4503 subjicien-

150 4522 292 4575 dum
323 4520 392 4574 de
422 4522 708 4590 opusculis
730 4526 1055 4576 sanctorum
1076 4524 1333 4587 Patrum,
1367 4538 1495 4593 quae
1518 4521 1579 4574 in
1606 4520 1850 4575 Ecclesia

152 4608 436 4665 catholica
479 4610 833 4680 recipiantur
865 4626 877 4665 :
913 4611 1196 4681 Opuscula
1226 4611 1286 4664 B.
1333 4610 1598 4682 Cypriani
1630 4615 1848 4680 marty-

150 4699 231 4753 ris
291 4702 347 4752 et
399 4698 861 4768 Carthaginensis
901 4699 1173 4770 episcopi.
1242 4701 1383 4753 Item
1448 4700 1722 4770 opuscula
1785 4700 1844 4751 Β.

152 4786 417 4857 Gregorii
461 4786 795 4841 Nazianzeni
841 4788 1113 4858 episcopi.
1160 4789 1303 4842 Item
1352 4789 1624 4859 opuscula
1660 4786 1850 4841 Basilii

155 4873 557 4945 Cappadoceni
614 4875 886 4945 episcopi.
934 4877 1078 4929 Item
1128 4877 1405 4946 opuscula
1453 4878 1507 4931 Β.
1550 4876 1849 4930 Athanasii

153 4962 528 5018 Alexandrini
558 4962 830 5033 episcopi.
863 4965 1006 5018 Item
1037 4965 1311 5034 opuscula
1338 4966 1399 5017 B.
1431 4965 1664 5018 Joannis
1700 4966 1850 5020 Con-

155 5050 650 5120 stantinopolitani
695 5051 971 5121 episcopi.
1029 5053 1169 5106 Item
1217 5052 1489 5123 opuscula
1541 5054 1599 5106 Β.
1661 5054 1851 5106 Theo-

153 5139 300 5210 phili
337 5138 706 5192 Alexandrini
755 5138 1026 5210 episcopi.
1074 5141 1215 5194 Item
1248 5141 1518 5210 opuscula
1550 5142 1608 5194 Β.
1658 5141 1853 5211 Cyrilli

153 5226 527 5281 Alexandrini
578 5226 851 5297 episcopi.
902 5229 1043 5281 Item
1087 5228 1360 5298 opuscula
1393 5229 1449 5281 Β.
1504 5228 1716 5297 Hylarii
1761 5230 1852 5282 Pi-

156 5315 459 5370 ctaviensis
488 5314 760 5385 episcopi.
792 5316 936 5369 Item
982 5318 1257 5385 opuscula
1287 5317 1347 5370 Β.
1407 5316 1692 5369 Ambrosii
1741 5317 1853 5371 Me-

158 5402 507 5459 diolanensis
561 5402 833 5473 episcopi.
894 5403 1037 5457 Item
1102 5404 1379 5474 opuscula
1428 5404 1487 5457 Β.
1548 5404 1854 5473 Augustini

159 5490 726 5564 Hypponeregiensis
767 5491 1038 5563 episcopi.
1072 5493 1216 5547 Item
1245 5493 1519 5564 Opuscula
1548 5494 1604 5548 Β.
1643 5492 1855 5547 Hiero-

161 5580 325 5653 nymi
372 5578 714 5653 presbyteri.
756 5580 903 5634 Item
948 5580 1224 5649 opuscula
1268 5577 1534 5649 Prosperi
1580 5578 1686 5634 viri
1715 5578 1857 5634 reli-

1955 3113 2137 3183 magis
2166 3129 2340 3183 quam
2388 3112 2718 3166 hominibus
2772 3113 2893 3167 noti
2942 3120 3092 3182 sunt,
3147 3117 3305 3170 omni
3356 3119 3652 3174 devotione

1953 3218 2314 3255 veneramur.
2370 3204 2513 3255 Item
2558 3202 2708 3255 Vitas
2738 3207 2969 3271 patrum
3019 3204 3197 3271 Pauli,
3249 3207 3504 3273 Antonii,
3541 3210 3652 3278 Hy-

1954 3290 2208 3355 larionis,
2262 3293 2317 3342 et
2365 3289 2625 3342 omnium
2671 3290 3065 3354 eremitarum,
3119 3309 3259 3362 quas
3310 3298 3534 3348 tantum
3565 3296 3653 3349 vir

1954 3376 2319 3430 beatissimus
2366 3377 2591 3445 scripsit
2639 3378 3045 3447 Hieronymus,
3089 3395 3220 3433 cum
3269 3382 3426 3434 omni
3480 3399 3649 3437 vene-

1954 3465 2175 3517 ratione
2220 3464 2582 3533 suscipimus.
2635 3465 2774 3517 Item
2815 3471 2973 3518 actus
3018 3466 3169 3520 beati
3200 3469 3470 3538 Sylvestri
3513 3487 3650 3540 apo-

1954 3552 2167 3605 stolicae
2229 3552 2379 3605 sedis
2437 3552 2720 3621 prmsulis,
2773 3552 2903 3607 licet
2968 3554 3092 3623 ejus
3151 3556 3250 3625 qui
3316 3558 3652 3629 conscripsit

1952 3656 2166 3693 nomen
2201 3639 2519 3710 ignoretur,
2553 3657 2583 3692 a
2614 3641 2809 3694 multis
2852 3646 3047 3695 tamen
3079 3642 3136 3696 in
3165 3644 3307 3698 urbe
3341 3646 3521 3700 Roma
3550 3664 3650 3701 ca-

1957 3729 2184 3782 tholicis
2231 3728 2343 3797 legi
2382 3728 2777 3799 cognovimus,
2811 3732 2867 3782 et
2895 3746 3000 3799 pro
3028 3732 3265 3802 antiquo
3316 3750 3421 3787 usu
3453 3736 3651 3789 multa;

1954 3817 2077 3870 haec
2125 3816 2428 3870 imitantur
2478 3817 2755 3870 Ecclesiae.
2814 3819 2954 3871 Item
3007 3820 3289 3889 scriptura
3336 3822 3404 3876 de
3450 3821 3655 3877 inven-

1955 3903 2109 3956 tione
2160 3903 2469 3956 Domiuicae
2518 3903 2718 3969 crucis,
2755 3908 2812 3957 et
2857 3905 2969 3957 alia
3017 3906 3295 3975 scriptura
3352 3909 3421 3961 de
3452 3910 3653 3964 inven-

1952 3991 2104 4044 tione
2135 3991 2334 4061 capitis
2376 3991 2528 4045 beati
2557 3992 2791 4045 Joannis
2824 3994 3112 4062 Baptistaz,
3146 3997 3386 4049 novella:
3415 3998 3650 4067 quidem

1954 4078 2262 4132 relationes
2304 4084 2455 4144 sunt,
2488 4086 2545 4132 et
2576 4080 2841 4132 nonnulli
2874 4096 2968 4132 eas
2998 4082 3258 4134 catholici
3289 4084 3507 4152 legunt.
3544 4086 3653 4139 Sed

1953 4183 2083 4221 cum
2117 4169 2239 4221 haec
2286 4168 2357 4220 ad
2407 4168 2816 4221 catholicorum
2862 4185 3064 4221 manus
3113 4170 3459 4236 advenerint,
3498 4172 3654 4227 beati

1960 4254 2120 4307 Pauli
2160 4255 2407 4323 apostoli
2454 4256 2737 4325 praecedat
2783 4256 3066 4309 sententia
3100 4274 3112 4309 :
3145 4258 3350 4312 Omnia
3394 4260 3650 4328 probate,

1961 4342 2113 4413 quod
2144 4343 2362 4395 bonum
2400 4347 2482 4395 est
2521 4347 2729 4396 tenete.
2768 4345 2932 4409 Item,
2973 4344 3208 4398 Ruﬁnus
3238 4346 3324 4398 vir
3352 4348 3654 4417 religiosus

1954 4430 2234 4500 plurimos
2278 4430 2670 4484 ecclesiasticas
2702 4431 2889 4501 operis
2937 4432 3117 4485 edidit
3165 4433 3359 4501 libros,
3401 4438 3655 4491 nonnul-

1955 4520 2039 4571 las
2072 4517 2244 4571 etiam
2276 4518 2583 4587 scripturas
2629 4518 3034 4588 interpretatus
3082 4524 3186 4572 est.
3222 4520 3327 4574 Sed
3378 4524 3653 4593 quoniam

1958 4606 2319 4661 beatissimus
2351 4607 2731 4676 Hieronymus
2768 4607 2828 4659 in
2851 4606 3141 4677 aliquibus
3179 4624 3311 4663 eum
3341 4616 3410 4665 de
3431 4614 3654 4668 arbitrii

1956 4695 2217 4749 libertate
2285 4694 2522 4760 notavit,
2583 4694 2681 4748 illa
2746 4696 3044 4761 sentimus,
3118 4714 3247 4767 qua:
3313 4701 3654 4770 praadictum

1958 4784 2192 4838 beatum
2244 4783 2653 4853 Hieronymum
2704 4784 2914 4836 sentire
2961 4786 3375 4854 cognoscimus.
3436 4790 3500 4842 Et
3540 4805 3655 4844 non

1960 4871 2147 4925 solum
2176 4871 2244 4925 de
2294 4870 2525 4937 Ruﬁno,
2558 4870 2656 4924 sed
2710 4871 2882 4924 etiam
2915 4872 2985 4926 de
3034 4873 3335 4941 universis,
3390 4892 3531 4946 quos
3571 4878 3657 4931 vir

1961 4960 2171 5031 saepius
2204 4963 2555 5013 memoratus
2604 4960 2724 5012 zelo
2758 4960 2858 5013 Dei
2899 4965 2955 5013 et
2980 4960 3118 5014 ﬁdei
3148 4962 3427 5031 religione
3458 4981 3654 5035 repre-

1962 5048 2177 5102 hendit.
2229 5049 2371 5102 Item
2419 5046 2680 5117 Origenis
2738 5048 3017 5101 nonnulla
3061 5051 3355 5118 opuscula,
3400 5068 3528 5122 quae
3574 5055 3658 5108 vir

1962 5137 2325 5192 beatissimus
2357 5137 2738 5207 Hieronymus
2769 5153 2885 5190 non
2932 5139 3217 5207 repudiat,
3251 5140 3491 5209 legenda
3532 5159 3654 5197 sus-

1963 5227 2229 5297 cipimus.
2276 5226 2517 5296 Reliqua
2550 5230 2742 5279 autem
2773 5225 2967 5279 omnia
2994 5242 3123 5279 cum
3175 5243 3276 5280 suo
3308 5234 3538 5283 auctore
3569 5232 3652 5285 di-

1963 5315 2144 5368 cimus
2188 5330 2308 5367 esse
2340 5314 2653 5368 renuenda.
2707 5315 2849 5368 Item
2881 5314 3157 5368 Chronica
3202 5316 3430 5370 Eusebii
3474 5319 3656 5373 Caesa-

1963 5402 2190 5469 riensis,
2222 5407 2394 5473 atque
2442 5402 2697 5473 ejusdem
2731 5402 2991 5456 Historiae
3032 5404 3427 5461 ecclesiasticae
3457 5408 3654 5477 libros,

1966 5491 2225 5562 quamvis
2258 5491 2320 5545 in
2364 5492 2549 5563 primo
2579 5491 2922 5547 narrationis
2952 5508 3069 5546 sum
3116 5492 3263 5548 libro
3304 5498 3571 5568 tepuerit,
3603 5503 3659 5554 et

1963 5584 2097 5650 post
2123 5580 2183 5634 in
2211 5579 2476 5635 laudibus
2507 5584 2681 5652 atque
2712 5581 3072 5637 excusatione
3098 5582 3361 5654 Origenis
3391 5586 3660 5643 schisma-
