3956 6306
285 317 393 368 719

287 437 385 490 tici
444 451 623 490 unum
682 433 1079 504 conscripserit
1141 432 1352 486 librum
1412 449 1424 485 :

285 531 481 579 tamen
534 525 886 593 singularem
937 521 1223 588 notitiam,
1253 536 1381 590 quae
1427 520 1496 573 ad
1542 518 1977 572 instructionem

287 613 557 684 pertinet,
591 626 1004 682 usquequaque
1035 626 1150 662 non
1186 608 1426 662 dicimus
1461 608 1799 663 renuendos.
1835 608 1980 660 Item

289 701 557 756 Orosium
612 701 798 753 virum
868 697 1311 752 eruditissimum
1372 696 1783 761 collaudamus,
1847 693 1983 763 quia

287 789 452 842 valde
501 788 666 842 nobis
723 786 1099 840 necessariam
1155 784 1424 838 adversus
1479 798 1838 852 paganorum
1896 797 1983 834 ca-

288 876 541 929 lumnias
571 875 856 928 ordinavit
886 872 1202 938 historiam,
1247 871 1510 940 miraque
1538 870 1815 923 brevitate
1843 885 1983 922 con-

291 964 486 1017 texuit.
532 964 672 1015 Item
721 960 1063 1014 venerabilis
1108 959 1215 1011 viri
1247 958 1465 1013 Sedulii
1507 958 1774 1011 Paschale
1817 973 1980 1027 opus,

290 1051 440 1122 quod
474 1049 720 1104 Heroicis
764 1047 1062 1116 descripsit
1104 1047 1360 1100 versibus
1390 1045 1602 1114 insigni
1638 1045 1803 1098 laude
1829 1061 1981 1116 prae-

287 1139 545 1192 ferimus.
586 1139 726 1190 Item
773 1135 1006 1189 Iuvenci
1051 1135 1430 1188 nihilominus
1460 1133 1811 1187 laboriosum
1841 1150 1984 1202 opus

287 1243 405 1280 non
436 1225 779 1297 spernimus,
821 1225 916 1277 sed
949 1223 1255 1276 miramur.
1299 1224 1513 1276 Caetera
1543 1238 1670 1291 quae
1702 1222 1772 1274 ab
1803 1222 1984 1274 haere-

286 1315 415 1367 ticis
447 1317 501 1367 et
519 1313 889 1366 schismaticis
911 1311 1253 1380 conscripta,
1279 1311 1366 1362 vel
1387 1310 1662 1378 praedicta
1683 1314 1832 1374 sunt,
1855 1310 1985 1363 nul-

289 1404 512 1455 latenus
541 1401 745 1470 recipit
774 1399 1053 1452 catholica
1084 1403 1138 1451 et
1164 1398 1471 1467 apostolica
1505 1397 1763 1451 Romana
1789 1398 1985 1450 Eccle—

289 1490 392 1542 sia.
443 1491 482 1542 E
525 1489 735 1558 quibus
789 1504 972 1556 pauca
1021 1503 1149 1555 quae
1193 1486 1260 1539 ad
1310 1485 1650 1538 memoriam
1701 1485 1982 1550 venerint,

289 1583 347 1630 et
376 1595 409 1629 a
440 1575 732 1629 catholicis
755 1575 984 1627 vitanda
1015 1579 1167 1637 sunt,
1200 1573 1485 1626 credimus
1514 1589 1635 1625 esse
1666 1572 1982 1626 subdenda.

293 1682 422 1733 CAP.
495 1678 712 1732 CCXXI.
743 1707 811 1716 —
845 1680 914 1730 De
973 1679 1171 1730 notitia
1227 1676 1488 1728 librorum
1531 1675 1980 1743 apocryphorum,

364 1751 460 1816 qui
491 1765 525 1801 a
555 1751 759 1801 sanctis
809 1747 1068 1800 Patrt’bus
1097 1752 1297 1800 aeterna
1343 1746 1688 1799 damnatione
1735 1745 1984 1797 damnati

365 1824 512 1872 sunt.
597 1864 599 1867 .

364 1923 517 1993 (Item
547 1920 833 1990 ejusdem.)
873 1921 936 1972 In
980 1919 1182 1988 primis
1230 1919 1652 1972 Ariminensem
1703 1918 1982 1989 synodum

293 2029 324 2064 a
373 2010 740 2064 Constantino
773 2009 990 2062 Caesare
1035 2007 1391 2061 Constantini
1429 2007 1548 2060 ﬁlio
1580 2009 1982 2076 congregatam

293 2099 580 2152 mediante
623 2098 808 2150 Tauro
855 2095 1146 2166 praefecto,
1194 2111 1257 2148 ex
1303 2099 1436 2148 tunc
1482 2098 1536 2147 et
1585 2093 1646 2146 in
1702 2099 1981 2147 mternum

290 2186 632 2240 conﬁtemur
677 2200 797 2237 esse
845 2185 1195 2237 damnatam.
1233 2184 1373 2235 Item
1425 2181 1712 2234 Itinerarii
1749 2179 1983 2234 nomine

289 2273 446 2328 Petri
501 2271 764 2340 apostoli,
823 2271 975 2340 quod
1035 2270 1358 2339 appellatur
1415 2269 1595 2321 sancti
1653 2268 1980 2332 Clementis,

290 2357 423 2412 libri
453 2357 594 2421 VIII,
626 2354 955 2424 apocryphi.
981 2357 1153 2407 Actus
1186 2351 1420 2406 nomine
1449 2353 1692 2405 Andreae
1719 2351 1983 2422 apostoli,

293 2443 670 2514 apocryphus.
731 2445 900 2495 Actus
958 2440 1190 2493 nomine
1249 2441 1482 2493 Thomas
1525 2438 1788 2508 apostoli,
1840 2454 1986 2508 apo—

289 2531 556 2602 cryphus.
590 2532 758 2582 Actus
784 2529 930 2582 alius
975 2527 1206 2581 nomine
1238 2528 1388 2581 Petri
1431 2527 1694 2597 apostoli.
1743 2542 1984 2597 apocry-

289 2621 458 2690 phus.
503 2622 674 2671 Actus
714 2616 948 2670 nomine
996 2614 1246 2684 Philippi
1293 2615 1558 2684 apostoli,
1605 2613 1984 2684 apocryphus.

291 2707 595 2776 Evangelia
649 2704 920 2759 Thaddaai
976 2703 1229 2767 nomine,
1280 2702 1624 2772 apocrypha.
1683 2702 1988 2771 Evangelia

289 2797 522 2849 nomine
560 2793 851 2859 Barnabas,
890 2792 1237 2862 apocrypha.
1281 2791 1587 2860 Evangelia
1617 2789 1854 2843 nomine
1881 2791 1985 2844 Pe-

289 2884 365 2937 tri
412 2883 670 2952 apostoli,
724 2880 1071 2950 apocrypha.
1119 2879 1424 2948 Evangelia
1471 2879 1702 2931 nomine
1732 2877 1983 2944 Thome,

1346 307 1752 366 BURCHARDI
1795 269 2326 362 WORMAC‘IENSIS
2365 303 2702 360 EPISCOPI.

1493 434 1728 501 propter
1784 445 1977 483 rerum
2007 432 2054 482 A
2090 443 2242 492 rum,
2280 425 2610 497 apocryphi.
2637 425 2802 478 Liber
2833 424 3208 496 Physiologus
3234 424 3306 478 ab
3331 424 3623 479 hereticis
3659 440 3798 477 con-

3686 304 3792 356 720

2092 516 2356 585 scriptus,
2391 521 2447 569 et
2476 513 2624 568 beati
2650 513 2935 567 Ambrosii
2963 512 3199 567 nomine
3222 513 3629 583 praesignatus,
3667 528 3798 582 apo-

2090 604 2356 674 cryphus.
2428 601 2675 656 Historia
2751 600 2979 654 Eusebii
3053 600 3360 670 Pamphili,
3438 601 3795 672 apocrypha,

2092 691 2370 761 Opuscula
2401 689 2758 750 Tertulliani,
2793 688 2910 742 sive
2929 688 3200 756 Africani,
3237 690 3588 759 apocrypha.
3617 689 3801 758 Opus-

2091 780 2218 832 cula
2251 778 2607 832 Postumiani
2652 783 2709 831 et
2738 777 2900 842 Galli,
2935 778 3279 848 apocrypha.
3326 777 3613 848 Opuscula
3645 777 3801 830 Mon-

2091 867 2229 932 tani,
2272 871 2328 920 et
2381 866 2670 932 Priscillae,
2704 871 2760 919 et
2810 865 3152 932 Maximillae,
3207 865 3550 935 apocrypha.
3601 864 3801 934 Opus-

2091 955 2219 1008 cula
2263 953 2457 1007 omnia
2505 953 2697 1007 Fausti
2743 952 3059 1019 Manichaei,
3113 953 3453 1023 apocrypha.
3505 953 3800 1020 Opuscula

2091 1043 2326 1096 alterius
2355 1042 2663 1096 Clementis
2700 1041 3091 1108 Alexandrini,
3128 1042 3470 1112 apocrypha.
3504 1042 3801 1111 Opuscula

2092 1131 2342 1184 Cassiani
2390 1129 2708 1200 presbyteri
2738 1129 3071 1194 Galliarum,
3122 1131 3467 1200 apocrypha.
3504 1129 3800 1200 Opuscula

2093 1218 2365 1272 Victorini
2413 1218 2802 1283 Pictaviensis,
2847 1218 3194 1288 apocrypha.
3256 1218 3538 1287 Opuscula
3601 1217 3797 1271 Fausti

2094 1307 2388 1377 Regiensis
2436 1307 2768 1373 Galliarum,
2801 1308 3150 1376 apocrypha.
3204 1307 3488 1376 Opuscula
3519 1307 3799 1359 Frumen-

2092 1395 2180 1460 tii,
2214 1395 2558 1464 apocrypha.
2593 1395 2848 1464 Epistola
2875 1396 3006 1448 Jesu
3039 1395 3112 1448 ad
3157 1394 3506 1464 Abagarum,
3550 1410 3797 1462 apocry-

2092 1483 2226 1552 pha.
2262 1484 2508 1552 Epistola
2553 1482 2799 1552 Abagari
2827 1484 2898 1536 ad
2940 1485 3152 1549 Jesum,
3199 1483 3541 1553 apocrypha.
3594 1483 3795 1536 Passio

2093 1569 2334 1633 Quiricae
2378 1576 2434 1622 et
2481 1571 2690 1635 Julitae,
2739 1571 3082 1640 apocrypha.
3125 1570 3322 1623 Passio
3373 1570 3624 1640 Georgii,
3657 1587 3797 1640 apo-

2093 1659 2326 1728 crypha.
2373 1658 2592 1727 Scripta
2638 1674 2768 1728 quae
2803 1660 3164 1728 appellantur
3211 1659 3532 1712 Salomonis
3568 1665 3796 1712 contra-

2095 1746 2288 1812 dictio,
2315 1749 2656 1815 apocrypha.
2690 1747 3044 1816 Phylacteria
3067 1747 3280 1815 omnia,
3316 1764 3443 1817 quae
3468 1764 3584 1800 non
3611 1764 3793 1817 ange-

2092 1832 2302 1897 lorum,
2339 1838 2401 1886 ut
2447 1833 2532 1885 illi
2563 1834 2919 1903 contingunt,
2960 1835 3054 1887 sed
3088 1835 3420 1888 daemonum
3467 1835 3652 1904 magis
3683 1851 3791 1887 no-

2095 1920 2347 1974 minibus
2409 1920 2728 1989 conscripta
2777 1928 2923 1989 sunt,
2995 1923 3340 1992 apocrypha.
3407 1922 3539 1976 Haec
3593 1927 3651 1974 et
3701 1922 3792 1974 his

2094 2008 2323 2073 similia,
2384 2025 2512 2077 qum
2575 2009 2773 2062 Simon
2833 2011 3046 2080 Magus,
3114 2010 3397 2078 Nicolaus,
3461 2009 3789 2076 Cerinthus,

2093 2095 2362 2161 Marcion,
2425 2096 2715 2162 Basilides,
2776 2095 2977 2163 Ebion,
3023 2097 3234 2149 Paulus
3291 2095 3462 2149 etiam
3519 2095 3790 2149 Samosa-

2092 2188 2281 2252 tenus,
2333 2183 2566 2236 Fotinus
2597 2189 2653 2236 et
2701 2183 2978 2247 Bonosus,
3026 2183 3128 2254 qui
3179 2182 3355 2236 simili
3386 2197 3579 2234 errore
3629 2180 3787 2233 defe-

2093 2277 2314 2335 cerunt,
2369 2272 2670 2324 Montanus
2720 2287 2952 2342 quoque
3000 2287 3130 2324 cum
3182 2271 3298 2323 suis
3350 2268 3794 2324 obscenissimis

2095 2359 2452 2429 sequacibus,
2484 2359 2857 2428 Apollinaris,
2907 2359 3242 2413 Valentinus
3274 2359 3393 2412 sive
3423 2357 3793 2422 Manichaeus,

2095 2445 2351 2510 Faustus,
2410 2444 2710 2511 Sabellius,
2776 2445 2962 2510 Arius,
3014 2445 3396 2512 Macedonius,
3455 2445 3793 2510 Eunomius,

2097 2535 2366 2603 Novatus,
2405 2533 2732 2600 Sabbacius,
2787 2534 3048 2600 Galistus,
3101 2535 3348 2587 Donatus
3395 2537 3451 2586 et
3482 2533 3792 2597 Eustatius,

2095 2620 2456 2688 Nibinianus,
2509 2622 2790 2690 Pelagius,
2845 2621 3107 2675 Julianus
3159 2621 3486 2687 Edanensis,
3541 2620 3794 2675 Coelesti—

2094 2725 2223 2772 nus,
2256 2709 2646 2776 Maximianus,
2699 2710 3085 2763 Priscillianus
3117 2711 3188 2764 ab
3217 2710 3514 2779 Hispania,
3547 2710 3792 2780 Lampe-

2097 2796 2242 2863 dius,
2288 2797 2610 2864 Dioscorus,
2664 2798 2994 2866 Eutychius,
3043 2800 3243 2852 Petrus
3289 2804 3345 2851 et
3375 2798 3518 2852 alius
3564 2799 3788 2865 Petrus,

2096 2900 2126 2937 e
2159 2883 2366 2954 quibus
2415 2901 2562 2937 unus
2594 2885 3019 2952 Alexandriam,
3072 2886 3218 2939 alius
3262 2885 3625 2940 Antiochiam
3666 2902 3790 2939 ma-

291 2971 501 3041 quibus
548 2968 842 3024 Manicliaei
872 2972 1134 3033 utuntur,
1171 2966 1516 3036 apocrypha.
1551 2965 1855 3034 Evangelia
1880 2981 1984 3018 no-
2017 2979 2058 3034 c
2095 2971 2324 3038 culavit,
2385 2973 2658 3026 Achatius
2727 2973 3387 3044 Constantinopolitanus
3451 2989 3580 3027 cum
3649 2990 3787 3028 con-

290 3059 446 3112 mine
508 3056 929 3122 Bartholomaei,
1002 3054 1330 3123 apocrypha
1385 3052 1692 3123 Evangelia
1749 3053 1982 3106 nomine

290 3146 532 3200 Andrea
575 3143 839 3214 apostoli,
874 3141 1214 3212 apocrypha.
1254 3141 1558 3210 Evangelia
1589 3157 1716 3210 quae
1761 3140 1984 3194 falsavit

291 3233 590 3297 Lucianus,
621 3231 964 3302 apocrypha.
1004 3229 1309 3298 Evangelia
1339 3245 1468 3298 quae.
1492 3229 1716 3283 falsavit
1744 3230 1979 3296 Ysicius,

288 3321 631 3392 apocrypha.
669 3319 835 3373 Liber
864 3319 934 3372 de
965 3317 1209 3370 infantia
1248 3316 1568 3384 Salvatoris,
1601 3317 1978 3388 apocryphus.

287 3410 453 3464 Liber
484 3410 554 3462 de
601 3407 900 3462 Nativitate
946 3405 1276 3468 Salvatoris,
1310 3411 1366 3458 et
1405 3404 1474 3458 de
1511 3405 1702 3470 Maria,
1754 3407 1844 3458 vel
1875 3406 1982 3460 ob-

288 3498 533 3564 stetrice,
585 3495 963 3566 apocryphus.
1015 3493 1183 3547 Liber
1213 3492 1312 3562 qui
1360 3493 1681 3562 appellatur
1712 3493 1979 3560 Pastoris,

287 3585 666 3655 apocryphus.
702 3582 858 3637 Libri
890 3596 1092 3634 omnes
1123 3596 1266 3650 quos
1303 3580 1436 3633 fecit
1468 3581 1699 3634 Leutius
1729 3581 1980 3651 discipu-

287 3673 378 3726 lus
408 3672 645 3739 diaboli,
687 3669 1019 3739 apocryphi.
1059 3668 1222 3721 Liber
1262 3667 1360 3739 qui
1398 3669 1722 3738 appellatur
1757 3671 1980 3724 Funda-

288 3765 572 3823 mentum,
623 3758 1006 3827 apocryphus.
1043 3756 1208 3809 Liber
1243 3755 1342 3825 qui
1389 3757 1710 3826 appellatur
1738 3758 1982 3811 Thesau-

287 3864 405 3912 rus,
441 3845 818 3916 apocryphus.
856 3843 1020 3897 Liber
1048 3844 1117 3896 de
1147 3842 1372 3896 ﬁliabus
1400 3844 1786 3914 Adelgenesis,
1834 3862 1980 3916 apo-

287 3935 554 4005 cryphus.
603 3932 1019 3986 Centimetrum
1068 3932 1137 3986 de
1186 3931 1407 3986 Christo
1450 3933 1774 4004 Virgilianis
1817 3950 1977 3988 com-

284 4022 624 4092 paginatum
669 4020 942 4086 versibus,
995 4021 1404 4090 apocryphum.
1459 4021 1622 4074 Liber
1653 4022 1752 4091 qui
1782 4023 1977 4091 appel-

282 4111 438 4165 latur
465 4113 637 4162 Actus
664 4109 842 4161 Tecla:
873 4113 929 4161 et
959 4108 1138 4172 Pauli,
1163 4108 1539 4178 apocryphus.
1570 4110 1735 4163 Liber
1761 4109 1859 4179 qui
1888 4127 1980 4179 ap-

287 4199 535 4270 pellatur
576 4198 825 4266 Nepotis,
885 4197 1264 4267 apocryphus.
1321 4197 1489 4251 Liber
1535 4197 1976 4252 Proverbiorum

285 4288 354 4341 ab
403 4285 681 4340 haereticis
727 4284 1102 4354 conscriptus,
1150 4290 1205 4338 et
1235 4285 1414 4338 sancti
1446 4285 1589 4338 Sixti
1636 4285 1870 4339 nomine
1901 4288 1974 4341 si-

285 4379 513 4444 gnatus,
546 4373 926 4444 apocryphus.
962 4373 1251 4440 Revelatio
1275 4389 1403 4442 quae
1440 4373 1763 4441 appellatur
1792 4375 1973 4443 Pauli,

285 4464 626 4533 apocrypha.
663 4461 952 4515 Revelatio
995 4477 1121 4531 qua:
1175 4461 1498 4529 appellatur
1543 4461 1788 4527 Thomte,
1839 4479 1976 4533 apo-

283 4549 523 4619 crypha.
568 4549 855 4602 Revelatio
897 4564 1025 4617 qua:
1057 4548 1376 4616 appellatur
1401 4545 1694 4616 Stephani,
1737 4564 1977 4620 apocry-

283 4638 417 4708 pha.
461 4636 630 4690 Liber
675 4635 774 4706 qui
821 4636 1141 4705 appellatur
1169 4633 1461 4687 Transitus
1511 4640 1719 4689 sanctae
1763 4637 1974 4704 Mariae,

283 4724 659 4794 apocryphus.
714 4725 878 4778 Liber
907 4724 1006 4793 qui
1039 4722 1362 4792 appellatur
1404 4723 1742 4778 Poenitentia
1769 4725 1972 4793 Adam,

279 4813 658 4883 apocryphus.
721 4811 888 4865 Liber
926 4812 995 4864 de
1034 4809 1191 4879 Ogiaa
1245 4810 1479 4864 nomine
1535 4812 1814 4882 Gigantis,
1874 4815 1974 4884 qui

280 4907 409 4972 post
456 4900 738 4954 diluvium
786 4915 918 4952 cum
965 4899 1212 4952 dracone
1242 4897 1312 4951 ab
1356 4899 1640 4953 haereticis
1685 4917 1973 4970 pugnasse

280 4989 636 5060 perhibetur,
682 4986 1059 5058 apocryphus.
1099 4986 1264 5040 Liber
1293 4986 1394 5056 qui
1422 4989 1748 5057 appellatur
1776 4990 1974 5044 Testa-

278 5082 542 5130 mentum
586 5077 713 5141 Job,
745 5074 1122 5145 apocryphus.
1160 5073 1327 5128 Liber
1366 5075 1468 5144 qui
1497 5076 1821 5145 appellatur
1848 5079 1969 5131 Poe-

277 5165 526 5219 nitentia
568 5164 850 5234 Origenis,
884 5162 1260 5232 apocryphus.
1311 5161 1476 5215 Liber
1507 5163 1608 5233 qui
1648 5165 1973 5234 appellatur

278 5252 619 5306 Poenitentia
657 5251 847 5305 “sancti
897 5249 1185 5320 Cypriani,
1236 5251 1612 5320 apocryphus.
1659 5251 1827 5305 Liber
1872 5253 1972 5323 qui

278 5341 602 5410 appellatur
651 5341 868 5394 Jamnae
917 5344 975 5393 et
1017 5338 1304 5404 Mambrae,
1368 5339 1748 5410 apocryphus.
1805 5340 1970 5396 Liber

276 5429 376 5497 qui
408 5428 730 5499 appellatur
771 5427 900 5482 Sors
931 5428 1346 5496 apostolorum,
1387 5428 1769 5498 apocryphus.
1803 5429 1969 5484 Liber

279 5516 426 5570 Lusa
470 5515 731 5585 apostoli,
778 5515 1159 5585 apocryphus.
1211 5513 1365 5569 Libri
1405 5530 1649 5569 canones
1679 5518 1964 5586 apostolo-

2093 3058 2339 3112 sortibus
2393 3061 2532 3126 suis,
2580 3077 2804 3114 necnon
2836 3067 2894 3115 et
2937 3078 3136 3116 omnes
3188 3063 3435 3116 haereses
3484 3079 3626 3133 quas
3673 3063 3789 3133 ipsi

2092 3163 2406 3217 eorumque
2454 3149 2739 3218 discipuli,
2785 3149 2900 3202 sive
2931 3150 3273 3204 schismatici
3315 3151 3653 3220 docuerunt,
3698 3151 3792 3204 vel

2090 3236 2568 3306 conscripserunt,
2623 3254 2870 3308 quorum
2902 3239 3138 3292 nomina
3178 3239 3414 3292 minime
3444 3239 3789 3307 retinemus,

2090 3340 2207 3378 non
2237 3326 2425 3378 solum
2454 3326 2772 3396 repudiata,
2817 3327 3195 3380 verumetiam
3221 3328 3292 3381 ab
3317 3327 3476 3381 omni
3508 3327 3790 3382 catholica

2091 3412 2347 3466 Romana
2375 3413 2618 3466 Ecclesia
2662 3414 2980 3482 eliminata,
3023 3421 3194 3486 atque
3226 3432 3356 3469 cum
3387 3416 3504 3469 suis
3533 3416 3790 3470 auctori-

2090 3499 2217 3566 bus,
2267 3507 2682 3572 auctorumque
2731 3503 3070 3573 sequacibus
3119 3504 3223 3558 sub
3271 3505 3649 3558 anathematis
3696 3504 3788 3558 in-

2090 3588 2410 3642 dissolubili
2439 3589 2689 3656 vinculo,
2712 3590 2772 3644 in
2803 3596 3086 3646 aeternum
3108 3591 3450 3646 conﬁtemur
3478 3609 3599 3647 esse
3632 3594 3791 3647 dam-

2091 3680 2242 3728 nata.

2091 3780 2222 3835 CAP.
2275 3781 2512 3835 CCXXII.
2549 3811 2610 3821 —
2646 3783 2897 3854 Quando,
2943 3789 2992 3838 et
3031 3800 3134 3852 quo
3165 3789 3398 3854 tempore
3449 3786 3579 3840 libri
3630 3787 3786 3841 Vete-

2400 3854 2479 3905 ris
2505 3857 2554 3905 et
2581 3853 2717 3908 Novi
2752 3853 3080 3908 Testamenti
3109 3853 3320 3923 legendi
3341 3859 3496 3926 sint”

2163 3939 2226 3991 In
2281 3938 2711 4009 Septuagesima
2771 3948 2995 4012 ponunt
3047 3943 3436 4014 Heptaticum,
3489 3960 3671 4016 usque
3723 3944 3786 3998 in

2089 4027 2174 4080 XV
2232 4027 2385 4080 diem
2453 4032 2582 4082 ante
2650 4030 2881 4083 Pascha.
2932 4031 3020 4084 XV
3064 4031 3154 4085 die
3221 4037 3352 4086 ante
3401 4033 3617 4087 Pascha
3680 4049 3784 4104 po-

2089 4118 2235 4166 nunt
2301 4114 2668 4182 Hieremiam,
2736 4133 2917 4187 usque
2990 4118 3053 4172 in
3113 4136 3334 4174 coenam
3402 4120 3651 4174 Domini.
3720 4122 3782 4175 In

2089 4217 2250 4255 coena
2279 4202 2508 4256 Domini
2557 4205 2758 4273 legunt
2787 4210 2898 4259 tres
2929 4206 3204 4262 lectiones
3235 4209 3304 4262 de
3347 4209 3781 4264 Lamentatione

2089 4289 2392 4344 Hieremia
2425 4307 2438 4345 :
2474 4291 2770 4355 Quomodo
2814 4295 2970 4348 sedet
3001 4296 3120 4349 sola
3167 4297 3383 4362 civitas,
3433 4302 3539 4351 etc.
3574 4298 3641 4351 Et
3667 4302 3782 4352 tres

2085 4377 2152 4431 de
2180 4383 2426 4432 tractatu
2457 4379 2637 4433 sancti
2663 4381 2970 4450 Augustini
3001 4383 3061 4436 in
3082 4385 3308 4439 Psalmo
3328 4387 3486 4439 LXIII
3513 4387 3777 4452 :Exaudi,

2085 4467 2254 4534 Deus,
2309 4468 2628 4522 orationem
2677 4485 2863 4524 meam
2912 4487 3044 4524 cum
3089 4472 3382 4544 deprecor.
3432 4475 3501 4528 Et
3548 4479 3662 4528 tres
3709 4475 3780 4529 de

2083 4556 2380 4623 Apostolo,
2433 4557 2532 4609 ubi
2589 4558 2668 4610 ait
2715 4558 2786 4611 ad
2835 4558 3162 4614 Corinthios
3220 4576 3232 4614 :
3297 4561 3781 4616 Convenientibus

2083 4641 2243 4695 vobis
2269 4644 2328 4695 in
2377 4659 2578 4697 unum.
2621 4645 2878 4699 Secunda
2921 4647 3089 4701 lectio
3122 4648 3200 4701 sic
3227 4648 3431 4718 incipit
3461 4665 3474 4703 :
3506 4649 3782 4704 Similiter

2082 4734 2388 4800 postquam
2443 4732 2707 4786 coenavit.
2763 4734 2996 4788 Tertia:
3033 4737 3111 4788 De
3161 4736 3513 4805 spiritalibus
3561 4742 3778 4804 autem,

2083 4819 2350 4872 nolumus
2401 4836 2500 4873 vos
2551 4821 2844 4891 ignorare,
2903 4823 3123 4880 fratres.
3185 4825 3250 4878 In
3296 4826 3600 4879 Parasceve
3667 4832 3780 4879 tres

2079 4905 2352 4961 lectiones
2419 4909 2486 4962 de
2544 4909 2976 4964 Lamentatione
3037 4911 3355 4967 Hieremias.
3413 4915 3480 4967 Et
3530 4918 3644 4967 tres
3709 4914 3779 4968 de

2082 4998 2328 5050 tractatu
2357 4997 2538 5050 sancti
2567 4997 2874 5068 Augustini
2904 4999 2966 5052 in
2997 5001 3221 5054 Psalmo
3258 5001 3435 5055 LXIII.
3472 5003 3538 5055 Et
3561 5006 3680 5055 tres
3710 5003 3778 5056 de

2079 5084 2373 5151 Apostolo,
2418 5085 2518 5139 ubi
2563 5085 2644 5140 ait
2673 5087 2736 5140 in
2783 5087 3022 5157 epistola
3071 5089 3143 5142 ad
3173 5089 3437 5143 Hebraeos
3470 5105 3482 5143 :
3521 5088 3775 5143 Festine-

2079 5183 2206 5221 mus
2263 5170 2491 5240 ingredi
2549 5172 2608 5225 in
2665 5173 2825 5227 illam
2887 5175 3168 5245 requiem.
3237 5177 3497 5231 Secunda
3558 5177 3770 5232 lectio:

2079 5257 2275 5312 Omnis
2331 5275 2581 5331 namque
2638 5261 2916 5330 pontifex.
2967 5264 3154 5317 Tertia
3194 5281 3206 5317 :
3252 5266 3332 5319 De
3383 5281 3496 5336 quo
3544 5266 3774 5336 grandis

2076 5345 2242 5400 nobis
2269 5364 2457 5401 sermo
2487 5354 2590 5404 est.
2641 5351 2706 5404 In
2737 5350 2984 5405 Sabbato
3014 5358 3210 5407 sancto
3239 5359 3355 5406 tres
3402 5354 3674 5408 lectiones
3705 5356 3773 5410 de

2075 5432 2504 5490 Lamentatione
2565 5437 2886 5494 Hieremiae.
2943 5440 3012 5492 Et
3041 5444 3154 5494 tres
3192 5441 3262 5496 de
3292 5447 3539 5497 tractatu
3591 5445 3773 5499 sancti

2072 5522 2378 5592 Augustini
2405 5523 2466 5580 in
2495 5526 2718 5580 Psalmo
2743 5528 2907 5582 LXIII
2935 5544 2948 5583 :
2977 5528 3211 5601 Exaudi,
3244 5531 3412 5600 Deus,
3447 5531 3771 5589 orationem
