3956 6300
171 346 272 394 ’721

1144 343 1618 401 DECRETORUM
1658 347 1844 401 LIBRI
1881 347 1987 401 XX.
2031 377 2102 385 —
2140 348 2352 401 LIBER
2390 346 2712 403 TERTIUS.

3572 352 3678 404 722

161 480 361 519 meam
409 481 541 519 cum
600 466 893 535 deprecor.
946 467 1011 519 Et
1040 470 1154 519 tres
1208 467 1276 520 de
1310 469 1602 536 Apostolo,
1646 468 1745 521 ubi
1785 468 1865 521 ait
1894 469 1940 521 A
1977 484 2093 537 cap.
2129 469 2240 539 32.)
2290 469 2659 539 Quaecunque
2701 469 2937 522 ecclesia
2967 485 3000 521 a
3043 471 3435 540 compluribus
3483 471 3673 526 cohae-

162 553 228 606 in
273 553 519 623 epistola
570 554 643 608 ad
699 553 1010 607 Hebraeos:
1045 554 1301 608 Christus
1357 556 1625 609 assistens
1673 557 1867 626 ponti-

164 642 279 695 fex.
333 642 591 695 Secunda
636 642 848 695 lectio:
887 641 987 696 Ubi
1038 643 1190 695 enim
1240 644 1690 697 Testamentum.
1732 646 1868 697 Ter-

162 730 246 784 tia
292 747 304 783 :
353 730 621 784 Umbram
672 730 826 783 enim
878 730 1117 795 habens,
1167 732 1254 783 lex
1304 730 1587 784 bonorum
1641 732 1867 785 futuro—

162 834 320 872 rum.
357 820 421 872 In
452 818 660 873 Pascha
692 818 941 884 Domini,
994 818 1269 872 Homilias
1299 819 1366 872 de
1398 819 1520 889 ipsa
1551 819 1641 872 die
1684 820 1868 888 perti—

163 911 390 960 nentes.
455 906 605 960 Infra
664 907 1111 972 hebdomadam,
1171 907 1466 962 Homilias.
1528 909 1589 960 In
1644 913 1868 961 octavas

164 996 397 1065 pascha:
463 1000 687 1065 ponunt
758 997 927 1048 Actus
992 996 1402 1065 apostolorum.
1472 998 1538 1050 Et
1601 997 1869 1066 epistolas

166 1084 493 1150 canonicas,
530 1088 588 1137 et
624 1084 1026 1153 Apocalypsin,
1081 1101 1262 1154 usque
1293 1084 1354 1137 in
1386 1090 1611 1138 octavas
1659 1087 1866 1138 Pente-

166 1177 371 1227 costes.
427 1174 492 1226 In
549 1172 757 1225 octavis
827 1173 1181 1225 Pentecostes
1243 1178 1469 1241 ponunt
1531 1175 1754 1242 Regum
1811 1176 1869 1225 et

167 1261 651 1330 Paralipomenon
695 1276 876 1330 usque
922 1260 980 1313 in
1013 1261 1240 1315 Calend.
1278 1261 1536 1330 Augusti.
1572 1262 1634 1313 In
1671 1261 1863 1314 Domi-

166 1349 299 1403 nica
361 1348 547 1420 prima
611 1349 822 1401 mensis
884 1348 1128 1415 Augusti
1184 1353 1411 1417 ponunt
1454 1349 1862 1415 Salomonem,

166 1454 355 1508 usque
384 1437 445 1491 in
492 1436 728 1491 Calend.
789 1436 1158 1505 Septembris.
1214 1438 1274 1489 In
1330 1436 1627 1489 Dominica
1677 1436 1864 1506 prima

167 1525 527 1596 Septembris
572 1530 798 1595 ponunt
852 1524 975 1589 Job,
1018 1524 1276 1589 Tobiam,
1325 1527 1546 1589 Hester,
1602 1529 1657 1577 et
1704 1526 1861 1590 Ezra,

165 1631 353 1685 usque
382 1614 442 1667 in
470 1614 699 1667 Calend.
744 1613 1025 1667 Octobris.
1060 1614 1125 1666 In
1161 1614 1453 1666 Dominica
1482 1612 1671 1683 prima
1702 1628 1861 1666 men-

166 1702 245 1755 sis
302 1701 557 1756 Octobn's
613 1705 836 1769 ponunt
890 1701 1368 1765 Machabaeorum,
1425 1717 1609 1771 usque
1658 1702 1720 1754 in
1767 1704 1865 1756 Ca-

165 1790 373 1844 lendas
425 1789 776 1844 Novembris.
826 1790 888 1841 In
931 1788 1224 1842 Dominica
1278 1790 1462 1859 prima
1498 1790 1708 1842 mensis
1758 1791 1865 1843 No-

165 1878 420 1931 vembris
456 1882 680 1947 ponunt
713 1878 1088 1941 Ezechielem,
1137 1882 1192 1930 et
1224 1877 1541 1943 Danielem,
1585 1883 1642 1930 et
1684 1878 1865 1930 mino-

164 1983 260 2020 res
310 1967 642 2037 Prophetas,
692 1982 870 2036 usque
918 1966 979 2019 in
1030 1966 1262 2022 Calend.
1316 1966 1579 2019 Decemb.
1635 1968 1699 2020 In
1755 1967 1863 2018 Do-

166 2055 385 2108 minica
441 2054 629 2125 prima
687 2053 899 2109 mensis
956 2054 1299 2119 Decembris,
1360 2058 1583 2124 ponunt
1641 2054 1863 2107 Esaiam

165 2143 517 2213 prophetam
569 2158 752 2213 usque
812 2142 873 2195 in
929 2143 1187 2196 Natalem
1249 2142 1492 2195 Domini.
1554 2144 1617 2195 In
1668 2142 1865 2212 vigilia

170 2231 388 2286 Natalis
429 2231 659 2284 Domini
688 2231 888 2301 leguut
917 2231 1166 2299 primum
1212 2230 1281 2283 de
1312 2230 1474 2284 Esaia
1525 2235 1638 2283 tres
1666 2231 1862 2283 lectio-

168 2335 291 2372 nes.
331 2318 520 2372 Prima
550 2318 763 2372 lectio:
801 2318 991 2371 Primo
1018 2322 1277 2387 tempore
1313 2317 1571 2371 alleviata
1603 2322 1685 2371 est
1714 2322 1865 2371 terra

167 2407 444 2460 Zabulon.
488 2406 749 2461 Secunda
778 2423 791 2459 :
827 2404 1234 2459 Consolamini.
1282 2406 1467 2458 Tertia
1502 2423 1514 2459 :
1549 2406 1862 2477 Consurge,

167 2511 470 2564 consurge.
524 2494 737 2548 Deinde
786 2495 1060 2564 leguntur
1106 2494 1406 2547 Sermones
1463 2495 1549 2547 vel
1597 2496 1863 2549 Homilia:

168 2585 241 2637 ad
274 2584 463 2653 ipsum
495 2583 644 2636 diem
675 2582 1043 2651 pertinentes.
1077 2583 1141 2634 In
1169 2582 1354 2635 Natali
1384 2582 1562 2635 sancti
1590 2583 1863 2652 Stephani

166 2672 432 2725 Homiliaa
479 2671 547 2724 de
574 2670 697 2740 ipso
730 2671 837 2723 die.
876 2671 940 2723 In
967 2670 1142 2723 natali
1188 2670 1369 2723 sancti
1396 2670 1629 2724 Joannis
1660 2671 1859 2723 simili-

165 2764 276 2815 ter.
312 2759 582 2813 In'natali
631 2760 1003 2812 Innocentum
1055 2758 1337 2813 similiter.
1372 2760 1437 2812 In
1482 2764 1703 2812 octavas
1754 2761 1860 2813 Do-

166 2847 315 2903 mini
347 2846 607 2901 Homilias
660 2846 730 2899 de.
773 2846 897 2915 ipso
931 2846 1040 2899 die.
1084 2846 1147 2899 In
1196 2846 1489 2900 Dominica
1520 2848 1706 2917 prima
1736 2852 1863 2917 post

166 2937 422 2990 natalem
488 2934 715 2987 Domini
776 2938 1077 3003 ponuntur
1153 2934 1405 3004 epistolas
1459 2936 1620 2998 Pauli
1676 2952 1859 3007 usque

1979 558 2209 612 redibus
2265 558 2338 610 sit
2390 559 2643 621 obsessa,
2702 557 3029 623 concordia,
3087 558 3465 613 unanimitate
3509 560 3677 613 undi-

1977 662 2087 716 que
2138 650 2496 716 procuretur,
2562 662 2634 699 ne
2664 651 2905 716 propter
2956 646 3177 717 aliquas
3235 646 3675 716 disceptationes

1978 734 2274 786 servitium
2325 733 2424 787 Dei
2465 733 2779 799 minuatur,
2835 737 2891 786 et
2933 749 3070 787 cura
3112 733 3313 803 populi
3356 733 3676 803 irreligioso

1977 826 2197 891 agatur.
2252 820 2306 876 Si
2340 837 2468 874 vero
2502 822 2799 890 contingat
2844 838 2949 890 pro
2988 837 3055 874 ea
3100 820 3537 891 comparticipes
3569 822 3678 875 dif-

1975 909 2174 976 ﬁdere,
2208 912 2265 962 et
2308 909 2411 962 sub
2441 926 2557 962 uno
2608 910 2939 980 presbytero
2974 910 3125 963 nolle
3175 925 3302 963 eam
3339 926 3671 979 procurare,

1976 1001 2031 1050 et
2080 1002 2382 1067 propterea
2423 997 2617 1067 jurgia
2647 1003 2704 1051 et
2733 998 3128 1052 contentiones
3176 1004 3295 1050 tam
3343 997 3494 1050 inter
3522 998 3674 1067 ipsos

1976 1101 2150 1155 quam
2205 1086 2357 1137 inter
2410 1085 2648 1139 clericos
2704 1086 2984 1155 incipiant
3038 1086 3402 1156 frequentare
3448 1102 3462 1139 :
3516 1086 3670 1154 quia,

1969 1173 2129 1241 juxta
2173 1173 2532 1242 Apostolum,
2567 1190 2757 1226 servos
2813 1173 2914 1227 Dei
2970 1189 3087 1226 non
3147 1177 3374 1242 oportet
3425 1171 3669 1242 litigare,

1974 1259 2274 1329 episcopus
2321 1259 2483 1313 tollat
2528 1260 2661 1313 inde
2713 1259 3008 1329 reliquias,
3051 1264 3108 1312 et
3146 1260 3249 1312 sub
3294 1274 3504 1328 magna
3536 1275 3672 1312 cura

1971 1347 2285 1401 honorifice
2352 1349 2593 1401 collocet
2664 1364 2777 1413 eas,
2846 1354 3017 1418 atque
3090 1348 3346 1417 ejusdem
3418 1348 3669 1401 ecclesiae

1975 1435 2205 1488 claudat
2235 1435 2399 1502 ostia,
2452 1440 2509 1489 et
2538 1435 2643 1489 sub
2674 1436 2862 1506 sigillo
2910 1436 3097 1506 signet
3127 1452 3211 1489 ea.
3245 1437 3309 1489 Et
3337 1440 3401 1489 ut
3445 1451 3668 1488 sacrum

1973 1523 2308 1593 mysterium
2340 1524 2530 1576 nullus
2568 1524 2815 1577 celebret
2844 1524 2903 1577 in
2947 1540 3013 1576 ea
3043 1529 3354 1593 antequam
3401 1524 3668 1577 concordi

1971 1611 2352 1665 unanimitate
2406 1628 2584 1665 unum
2629 1628 2829 1666 omnes
2861 1612 3079 1681 eligant
3106 1612 3521 1681 presbyterum,
3569 1612 3669 1681 qui

1974 1701 2217 1755 idoneus
2261 1700 2333 1753 sit
2375 1704 2798 1754 sacrosanctum
2850 1700 3040 1752 locum
3082 1714 3413 1769 procurare,
3459 1703 3515 1752 et
3557 1716 3668 1769 po-

1973 1789 2109 1858 pulo
2140 1787 2239 1841 Dei
2269 1786 2490 1841 utiliter
2513 1802 2776 1857 praeesse.

1974 1876 2101 1931 CAP.
2158 1876 2394 1930 CCXXV.
2429 1905 2491 1915 --
2524 1878 2600 1929 De
2642 1874 2930 1937 altaribus,
2973 1876 3030 1926 in
3086 1874 3281 1941 quibus
3324 1888 3490 1927 sacra:
3536 1874 3665 1927 reli-

2482 1948 2621 2013 quie
2648 1961 2754 1999 non
2784 1947 3151 1998 inveniuntur.

2046 2019 2162 2087 (Ea:
2190 2017 2376 2071 concil.
2431 2016 2719 2081 Africano,
2765 2032 2885 2083 cap.
2928 2017 3034 2081 50.)
3084 2012 3298 2067 Altaria
3345 2013 3404 2066 in
3457 2013 3664 2083 quibus

1972 2122 2233 2176 corpora,
2286 2105 2373 2158 vel
2418 2104 2679 2174 reliquiae
2728 2108 3046 2173 martyrum
3089 2118 3202 2154 non
3245 2117 3365 2154 esse
3413 2100 3663 2171 proban-

1971 2198 2084 2260 tur,
2114 2194 2185 2247 ab
2217 2192 2499 2263 episcOpis
2529 2192 2782 2262 ejusdem
2815 2190 2927 2244 loci
2957 2192 3341 2244 destruantur.

1975 2281 2100 2334 CAP.
2136 2279 2400 2334 CCXXV].
2438 2308 2507 2317 —
2546 2281 2610 2332 In
2656 2279 2826 2331 altari
2872 2280 2931 2330 in
2979 2292 3082 2344 quo
3128 2277 3407 2344 episcopus
3444 2277 3667 2328 missam

2044 2350 2294 2415 celebrat,
2337 2366 2393 2404 co
2441 2349 2529 2403 die
2572 2349 2853 2418 presbyter
2909 2349 3078 2401 aliam
3123 2349 3322 2400 iterare
3373 2361 3479 2399 non
3524 2361 3665 2413 prae-

2043 2426 2369 2560 gallica.
2426 2489 2655 2559 Urbica.)
2693 2490 2803 2542 Nec
2837 2488 2896 2540 in
2946 2487 3132 2553 altari,
3174 2487 3234 2539 in
3268 2503 3380 2557 quo
3430 2486 3662 2539 missam

1972 2580 2272 2649 episcopus
2322 2578 2584 2645 cantavit,
2638 2577 2935 2647 presbyter
2980 2591 3047 2629 eo
3098 2576 3188 2628 die
3237 2576 3470 2628 missam
3517 2575 3662 2628 cele-

1972 2668 2135 2721 brare
2165 2671 2495 2736 praesumat.

1973 2756 2097 2810 CAP.
2137 2752 2422 2810 CCXXVII.
2454 2782 2527 2793 —
2578 2755 2644 2805 Ut
2683 2754 2743 2804 in
2772 2752 3037 2805 oblatione
3067 2752 3306 2819 corporis
3353 2756 3403 2805 et
3430 2753 3663 2817 sangui-

2262 2828 2347 2878 nis
2379 2826 2591 2877 Domini
2618 2826 2891 2876 incensum
2928 2824 3133 2890 imponi
3160 2822 3361 2875 debeat.

2043 2916 2150 2985 (Ea:
2175 2930 2319 2967 conc.
2353 2914 2692 2979 Rothomag.,
2726 2928 2844 2981 cap.
2874 2912 2943 2977 1.)
2978 2913 3045 2964 Ut
3068 2916 3326 2978 tempore
3349 2926 3462 2979 quo
3488 2911 3662 2963 Evan-

166 3023 681 3095 Septuagesimam.
749 2998 812 3075 In
874 2998 1206 3091 Epiphania.
1272 3023 1539 3076 lectiones
1605 3029 1720 3077 tres
1764 2998 1862 3080 gde
1896 3013 1936 3067 C
1976 3004 2189 3095 Selium
2220 3002 2446 3095 ιθείρυτ,
2474 2999 3087 3095 θηίῗοίίυθβξθξίῗηρτίρς
3115 2998 3666 3095 διυΡθΓςοῘ).¹³ῖίοΠέῐξ1

171 3113 352 3166 Esaia.
415 3112 607 3165 Prima
664 3110 830 3164 lectio
894 3110 972 3163 sic
1028 3109 1231 3179 incipit
1272 3126 1283 3163 :
1320 3112 1527 3165 Omnes
1586 3112 1859 3168 sitientes.

170 3201 447 3265 Secunda,
500 3200 701 3268 Surge,
754 3199 1100 3253 illuminare.
1152 3198 1362 3265 Tertia,
1417 3201 1678 3253 Gaudens
1717 3218 1863 3271 gau-

169 3290 337 3344 debo.
403 3287 613 3341 Deinde
671 3288 940 3356 leguntur
986 3287 1288 3340 Sermones
1346 3289 1431 3340 vel
1488 3288 1745 3342 Homilias
1793 3290 1859 3343 ad

167 3379 359 3449 ipsum
390 3376 541 3430 diem
574 3376 939 3445 pertinentes.

169 3485 301 3539 CAP.
334 3481 610 3536 CCXXIII.
643 3511 711 3520 —
750 3482 825 3533 De
870 3483 1125 3547 vasculis,
1174 3481 1368 3549 quibus
1415 3486 1676 3549 mysteria
1703 3498 1863 3537 sacra

827 3553 1202 3616 conﬁciuntur.

236 3643 358 3711 (Ea:
405 3642 591 3695 concil.
652 3641 869 3694 Tribur.
923 3643 1012 3694 cui
1062 3643 1318 3707 interfuit
1366 3657 1465 3694 rea:
1524 3642 1857 3710 Arnolphus,

161 3747 288 3799 cap.
327 3731 404 3801 9.)
447 3731 589 3783 Vasa
649 3728 858 3797 quibus
914 3734 1270 3783 sacrosancta
1314 3729 1696 3783 conficiuntur
1738 3747 1858 3801 my-

161 3817 360 3881 steria,
407 3817 606 3871 calices
638 3821 775 3871 sunt
806 3823 862 3871 et
904 3822 1147 3886 patente.
1184 3819 1261 3871 De
1301 3817 1511 3888 quibus
1536 3818 1860 3872 Bonifacius

159 3912 382 3975 martyr
445 3910 501 3959 et
585 3907 887 3976 episcopus
948 3906 1356 3974 interrogatus,
1425 3906 1470 3958 si
1535 3906 1731 3960 liceret
1798 3908 1857 3960 in

158 3995 407 4048 vasculis
469 3994 669 4064 ligneis
732 3999 1089 4048 sacramenta
1141 3995 1443 4055 conﬁcere,
1510 3993 1852 4064 respondit:

158 4082 463 4146 Quondam
497 4082 812 4135 sacerdotes
854 4081 1013 4135 aurei
1060 4081 1264 4151 ligneis
1310 4082 1580 4135 calicibus
1610 4083 1856 4135 uteban—

156 4175 253 4224 tur
287 4187 299 4224 :
337 4186 491 4224 nunc
539 4176 767 4224 econtra
802 4170 979 4240 lignei
1027 4171 1348 4224 sacerdotes
1397 4170 1583 4224 aureis
1616 4176 1858 4224 utuntur

1974 3093 2296 3159 incensum,
2327 3091 2388 3143 in
2437 3095 2682 3143 mortem
2714 3087 2982 3142 videlicet
3031 3086 3431 3157 Redemptoris
3460 3086 3658 3150 nostri,

1973 3186 2237 3251 ponatur,
2275 3178 2647 3232 decrevimus.

1973 3270 2100 3324 CAP.
2162 3267 2477 3322 CCXXVIII.
2536 3296 2604 3304 —
2656 3267 2723 3319 Ut
2774 3267 2982 3332 quoties
3035 3263 3317 3316 basilicam
3373 3262 3447 3314 ad
3501 3278 3665 3329 quam

2042 3343 2156 3392 itur
2196 3340 2490 3407 praesentia
2535 3351 2685 3407 novae
2712 3336 2879 3401 plebis
2929 3334 3234 3401 impleverit
3281 3335 3433 3385 toties
3483 3336 3661 3386 sacri-

2041 3406 2224 3477 ﬁcium
2253 3408 2575 3473 subsequens
2606 3406 2886 3472 offeratur.

2044 3472 2148 3548 (Εω
2187 3481 2343 3547 epist.
2394 3472 2583 3530 Leonis
2622 3491 2783 3543 papae
2828 3474 2900 3526 ad
2931 3474 3245 3528 Dioscorum
3289 3472 3658 3525 Alemandrin.

1970 3571 2273 3636 episcopum
2318 3568 2507 3630 missa,
2553 3579 2672 3632 cap.
2706 3564 2786 3630 2.)
2824 3563 2892 3616 Ut
2921 3565 3114 3614 autem
3146 3561 3206 3613 in
3253 3560 3516 3613 omnibus
3560 3560 3661 3613 ob-

1972 3654 2253 3709 servantia
2304 3658 2499 3706 nostra
2558 3651 2875 3713 concordet,
2924 3649 3061 3702 illud
3123 3664 3353 3719 quoque
3399 3649 3663 3701 volumus

1970 3742 2259 3807 custodiri,
2320 3746 2384 3795 ut
2440 3757 2569 3793 cum
2625 3739 2937 3792 solemnior
2990 3737 3268 3791 festivitas
3317 3742 3662 3790 conventum

1968 3833 2171 3902 populi
2219 3829 2631 3884 numerosioris
2676 3828 2962 3887 indixerit,
3017 3831 3073 3879 et
3101 3826 3171 3880 ad
3217 3826 3476 3879 eamdem
3507 3828 3664 3878 tanta

1969 3921 2229 3975 ﬁdelium
2279 3918 2590 3973 multitudo
2622 3916 2974 3979 convenerit,
3013 3931 3185 3985 quam
3214 3915 3466 3983 recipere
3510 3913 3661 3967 basi-

1968 4010 2074 4063 lica
2113 4026 2230 4062 una
2274 4024 2389 4061 non
2439 4006 2635 4074 possit,
2693 4005 2956 4058 sacriﬁcii
3014 4003 3222 4057 oblatio
3268 4002 3663 4056 indubitanter

1966 4100 2224 4163 iteretur,
2272 4112 2344 4150 ne
2395 4096 2484 4149 his
2535 4098 2757 4147 tantum
2800 4092 3059 4146 admissis
3105 4092 3176 4144 ad
3219 4092 3366 4144 hanc
3407 4090 3658 4143 devotio-

1966 4204 2121 4249 nem,
2156 4185 2255 4255 qui
2306 4184 2462 4255 prius
2494 4182 2848 4244 advenerint,
2902 4181 3206 4234 videantur
3260 4179 3321 4231 hi
3364 4178 3463 4247 qui
3510 4182 3662 4246 post-

157 4259 451 4313 οθῙίείδυδ-
500 4258 848 4329 zepherinus
877 4260 1012 4321 XVI»
1054 4260 1346 4312 Romanus
1391 4259 1711 4328 episcopus»
1745 4274 1852 4327 Pa"
1882 4290 1927 4343 1)
1967 4275 2198 4328 modum
2233 4272 2613 4326 contluxerint
2653 4286 2771 4323 non
2804 4268 3038 4336 recepti,
3085 4283 3214 4321 cum
3259 4267 3494 4335 plenum
3537 4264 3657 4334 pie-

158 4347 312 4401 tenis
344 4347 536 4400 vitreis
571 4347 771 4399 missas
806 4347 1090 4400 celebrare
1119 4347 1426 4400 constituit.
1462 4348 1618 4399 Tunc
1648 4347 1852 4400 deinde

165 4436 433 4490 Urbanus
489 4434 743 4489 decimus
800 4439 1028 4488 octavus
1085 4451 1235 4504 papa
1301 4435 1494 4488 omnia
1541 4434 1858 4488 ministeria

162 4539 323 4577 sacra
369 4524 500 4577 fecit
551 4527 839 4593 argentea.
874 4525 939 4576 In
969 4524 1077 4576 hoc
1120 4523 1299 4589 enim,
1342 4523 1484 4577 sicut
1529 4528 1585 4577 et
1614 4522 1672 4576 in
1719 4522 1857 4576 reli—

162 4612 295 4683 quis
362 4612 606 4666 cultibus
668 4611 852 4681 magis
907 4614 961 4665 et
1026 4612 1211 4681 magis
1270 4628 1376 4680 per
1438 4611 1857 4665 incrementum

160 4704 493 4769 temporum
565 4700 735 4753 decus
820 4700 1098 4752 succrevit
1178 4700 1572 4753 Ecclesiarum.
1644 4699 1858 4753 Nostris

162 4788 319 4842 enim
380 4786 601 4852 diebus,
658 4787 758 4857 qui
819 4787 962 4841 servi
1023 4788 1449 4857 patrisfamilias
1507 4805 1724 4854 sumus,
1786 4803 1858 4840 ne

161 4879 337 4933 decus
385 4876 583 4929 matris
632 4876 895 4929 Ecclesiae
951 4876 1349 4943 imminuatur,
1401 4877 1497 4929 sed
1526 4877 1706 4947 magis
1755 4893 1857 4929 cu-

163 4964 420 5018 muletur
486 4968 541 5017 et
609 4964 1008 5035 ampliﬁcetur,
1084 4963 1389 5017 statuimus
1460 4968 1527 5017 ut
1594 4964 1859 5034 deinceps

162 5054 359 5107 nullus
409 5053 667 5106 sacerdos
699 5069 923 5106 sacrum
970 5052 1303 5123 mysterium
1336 5053 1589 5121 corporis
1638 5058 1693 5106 et
1724 5069 1859 5105 san—

162 5141 360 5212 guinis
386 5143 519 5195 .lesu
557 5141 767 5195 Christi
801 5142 1031 5195 Domini
1060 5141 1241 5195 nostri
1270 5141 1331 5193 in
1369 5141 1575 5210 ligneis
1620 5141 1860 5195 vasculis

162 5232 285 5286 ullo
318 5231 488 5284 modo
536 5229 815 5284 conficere
848 5235 1181 5301 praesumat,
1220 5245 1292 5284 ne
1335 5230 1488 5283 unde
1530 5230 1741 5299 placari
1770 5231 1861 5283 de-

160 5321 280 5385 bet,
311 5319 448 5374 inde
476 5319 755 5374 irascatur
786 5321 954 5374 Deus.
1760 5312 1765 5319 ’

166 5428 295 5482 CAP.
358 5425 619 5480 CCXXIV.
674 5456 736 5465 —
800 5430 875 5481 De
923 5426 1144 5481 ecclesia
1196 5442 1231 5479 a
1291 5425 1652 5493 compluribus
1699 5424 1862 5478 coha-

771 5497 992 5551 redibus
1026 5498 1257 5551 obsessa.

242 5588 355 5652 (Ea:
413 5585 591 5640 eodem
668 5588 855 5641 concil.
914 5590 1002 5641 cui
1060 5586 1315 5655 interfuit
1367 5601 1467 5640 rem
1523 5584 1859 5653 Arnolphus,

1966 4363 2095 4416 tatis
2127 4366 2297 4431 atque
2331 4359 2566 4413 rationis
2602 4359 2692 4423 sit,
2727 4362 2788 4411 ut
2818 4356 3039 4426 quoties
3070 4355 3360 4409 basilicam
3390 4354 3459 4407 ad
3486 4368 3659 4422 quam

1966 4451 2083 4505 itur
2113 4448 2419 4521 praesentia
2467 4464 2630 4501 novas
2677 4446 2860 4516 plebis
2890 4443 3238 4512 impleverit,
3288 4442 3457 4495 toties
3489 4441 3658 4494 sacri-

1966 4540 2160 4593 ficium
2207 4538 2560 4607 subsequens
2616 4536 2906 4589 offeratur.
2961 4534 3199 4586 Necesse
3254 4535 3339 4585 est
3380 4529 3556 4593 enim,
3600 4533 3662 4582 ut

1967 4628 2229 4698 quasdam
2294 4625 2493 4695 populi
2568 4640 2697 4694 pars
2760 4638 2861 4675 sua
2908 4621 3210 4676 devotione
3277 4620 3554 4688 privetur,
3614 4619 3662 4672 si

1965 4717 2137 4770 unius
2200 4718 2426 4767 tantum
2512 4712 2700 4765 missae
2784 4727 2943 4765 more
3009 4712 3248 4769 servato,
3318 4707 3661 4761 sacriﬁcium

1968 4806 2171 4859 offerre
2217 4819 2334 4856 non
2388 4800 2630 4872 possint,
2677 4800 2786 4853 nisi
2843 4799 3031 4869 prima
3076 4797 3191 4853 diei
3243 4801 3406 4866 parte
3456 4812 3660 4849 conve-

1966 4893 2173 4948 nerint.

1969 4984 2094 5038 CAP.
2150 4981 2409 5037 CCXXIX.
2462 5010 2530 5017 —
2565 4980 2633 5032 Ut
2679 4978 2863 5030 nullus
2908 4976 3188 5045 presbyter
3240 4975 3455 5028 titulum
3501 4986 3663 5039 super

2393 5051 2611 5104 titulum
2631 5062 2896 5115 usurpare
2919 5050 3231 5115 prwsumat.

2042 5142 2151 5210 (Ea:
2194 5140 2381 5193 concil.
2441 5133 2763 5204 Nannetmi.)
2812 5135 2882 5187 Ut
2922 5133 2969 5186 si
3011 5132 3254 5202 quilibet
3301 5129 3660 5199 presbytero-

1970 5246 2097 5284 rum
2135 5229 2433 5283 defunctus
2462 5224 2655 5293 fuerit,
2686 5222 2906 5276 vicinus
2956 5220 3253 5291 presbyter
3282 5217 3433 5287 apud
3465 5214 3657 5269 senio-

1970 5335 2093 5371 rem
2141 5317 2470 5371 saecularem
2520 5315 2679 5367 nulla
2722 5310 3072 5381 precatione,
3119 5309 3207 5361 vel
3258 5306 3450 5371 aliquo
3491 5303 3659 5357 xeuio

1970 5406 2267 5460 ecclesiam
2313 5405 2473 5458 illam
2506 5402 2777 5467 obtineat,
2825 5399 2959 5470 quia
3004 5397 3204 5451 titulus
3256 5412 3360 5467 per
3409 5411 3466 5447 se
3496 5409 3659 5447 cons-

1972 5498 2129 5547 stans
2164 5498 2332 5546 antea
2379 5493 2607 5557 exstitit,
2646 5491 2740 5545 sed
2789 5504 2977 5559 neque
3027 5486 3305 5557 capellam
3353 5484 3475 5537 sine
3524 5498 3659 5536 con-

1970 5583 2123 5636 sultu
2152 5582 2426 5652 episcopi.
2459 5581 2619 5646 Quod
2662 5580 2709 5633 si
2737 5578 2951 5646 fecerit,
2985 5575 3280 5632 deﬁnitam
3319 5571 3659 5627 sententiam
