  <div class='ocr_page' id='page_1' title='image "/cluster/home/n/w/nwhite01/storage/ocr_20150623/140/umn.31951002477433x/397.png"; bbox 0 0 3956 6324; ppageno 0'>
   <div class='ocr_carea' id='block_1_1' title="bbox 288 305 394 356">
    <p class='ocr_par' dir='ltr' id='par_1_1' title="bbox 288 305 394 356">
     <span class='ocr_line' id='line_1_1' title="bbox 288 305 394 356; baseline 0 0"><span class='ocrx_word' id='word_1_1' title='bbox 288 305 394 356; x_wconf 81' lang='lat'>723</span> 
     </span>
    </p>
   </div>
   <div class='ocr_carea' id='block_1_2' title="bbox 1359 300 2711 358">
    <p class='ocr_par' dir='ltr' id='par_1_2' title="bbox 1359 300 2711 358">
     <span class='ocr_line' id='line_1_2' title="bbox 1359 300 2711 358; baseline 0 -2"><span class='ocrx_word' id='word_1_2' title='bbox 1359 303 1769 358; x_wconf 80' lang='lat' dir='ltr'>BURCHARDI</span> <span class='ocrx_word' id='word_1_3' title='bbox 1805 301 2332 358; x_wconf 80' lang='lat' dir='ltr'>WORMACIENSIS</span> <span class='ocrx_word' id='word_1_4' title='bbox 2369 300 2711 358; x_wconf 83' lang='lat' dir='ltr'><strong>EPISCOPI.</strong></span> 
     </span>
    </p>
   </div>
   <div class='ocr_carea' id='block_1_3' title="bbox 3701 305 3803 357">
    <p class='ocr_par' dir='ltr' id='par_1_3' title="bbox 3701 305 3803 357">
     <span class='ocr_line' id='line_1_3' title="bbox 3701 305 3803 357; baseline 0.01 -2"><span class='ocrx_word' id='word_1_5' title='bbox 3701 305 3803 357; x_wconf 76' lang='grc'>724</span> 
     </span>
    </p>
   </div>
   <div class='ocr_carea' id='block_1_4' title="bbox 289 424 3802 499">
    <p class='ocr_par' dir='ltr' id='par_1_4' title="bbox 289 424 3802 499">
     <span class='ocr_line' id='line_1_4' title="bbox 289 424 3802 499; baseline -0.001 -17"><span class='ocrx_word' id='word_1_6' title='bbox 289 427 400 483; x_wconf 89' lang='lat' dir='ltr'>sibi</span> <span class='ocrx_word' id='word_1_7' title='bbox 442 427 724 499; x_wconf 81' lang='lat' dir='ltr'>prolatam</span> <span class='ocrx_word' id='word_1_8' title='bbox 755 427 1050 498; x_wconf 84' lang='lat' dir='ltr'>suscipiat,</span> <span class='ocrx_word' id='word_1_9' title='bbox 1095 427 1259 482; x_wconf 83' lang='lat' dir='ltr'>sicuti</span> <span class='ocrx_word' id='word_1_10' title='bbox 1300 427 1368 482; x_wconf 90' lang='lat' dir='ltr'>de</span> <span class='ocrx_word' id='word_1_11' title='bbox 1415 428 1683 498; x_wconf 89' lang='lat' dir='ltr'>episcopo</span> <span class='ocrx_word' id='word_1_12' title='bbox 1715 427 1987 482; x_wconf 90' lang='lat' dir='ltr'>canonica</span> <span class='ocrx_word' id='word_1_13' title='bbox 2017 429 2061 481; x_wconf 84' lang='grc' dir='ltr'><strong>Α</strong></span> <span class='ocrx_word' id='word_1_14' title='bbox 2100 426 2461 498; x_wconf 84' lang='lat' dir='ltr'>profuturam</span> <span class='ocrx_word' id='word_1_15' title='bbox 2517 429 2964 496; x_wconf 88' lang='lat' dir='ltr'>nostrorumque</span> <span class='ocrx_word' id='word_1_16' title='bbox 3015 424 3323 480; x_wconf 86' lang='lat' dir='ltr'>criminum</span> <span class='ocrx_word' id='word_1_17' title='bbox 3381 426 3802 495; x_wconf 78' lang='lat' dir='ltr'>indulgentiam</span> 
     </span>
    </p>
   </div>
   <div class='ocr_carea' id='block_1_5' title="bbox 293 515 1988 586">
    <p class='ocr_par' dir='ltr' id='par_1_5' title="bbox 293 515 1988 586">
     <span class='ocr_line' id='line_1_5' title="bbox 293 515 1988 586; baseline -0.002 -14"><span class='ocrx_word' id='word_1_18' title='bbox 293 517 542 572; x_wconf 82' lang='lat' dir='ltr'>decrevit</span> <span class='ocrx_word' id='word_1_19' title='bbox 569 515 902 578; x_wconf 85' lang='lat' dir='ltr'>auctoritas,</span> <span class='ocrx_word' id='word_1_20' title='bbox 953 522 1016 571; x_wconf 91' lang='lat' dir='ltr'>ut</span> <span class='ocrx_word' id='word_1_21' title='bbox 1067 516 1113 570; x_wconf 90' lang='lat' dir='ltr'>si</span> <span class='ocrx_word' id='word_1_22' title='bbox 1143 533 1246 586; x_wconf 91' lang='lat' dir='ltr'>per</span> <span class='ocrx_word' id='word_1_23' title='bbox 1287 517 1662 570; x_wconf 85' lang='lat' dir='ltr'>ambitionem</span> <span class='ocrx_word' id='word_1_24' title='bbox 1707 518 1988 586; x_wconf 83' lang='lat' dir='ltr'>majorem</span> 
     </span>
    </p>
   </div>
   <div class='ocr_carea' id='block_1_6' title="bbox 293 605 1990 676">
    <p class='ocr_par' dir='ltr' id='par_1_6' title="bbox 293 605 1990 676">
     <span class='ocr_line' id='line_1_6' title="bbox 293 605 1990 676; baseline -0.001 -16"><span class='ocrx_word' id='word_1_25' title='bbox 293 607 578 660; x_wconf 88' lang='lat' dir='ltr'>civitatem</span> <span class='ocrx_word' id='word_1_26' title='bbox 609 605 938 675; x_wconf 90' lang='lat' dir='ltr'>appetierit,</span> <span class='ocrx_word' id='word_1_27' title='bbox 973 610 1028 660; x_wconf 92' lang='lat' dir='ltr'>et</span> <span class='ocrx_word' id='word_1_28' title='bbox 1057 606 1214 659; x_wconf 87' lang='lat' dir='ltr'>illam</span> <span class='ocrx_word' id='word_1_29' title='bbox 1246 607 1448 676; x_wconf 82' lang='lat' dir='ltr'>perdat</span> <span class='ocrx_word' id='word_1_30' title='bbox 1479 622 1650 676; x_wconf 90' lang='lat' dir='ltr'>quam</span> <span class='ocrx_word' id='word_1_31' title='bbox 1695 606 1897 672; x_wconf 87' lang='lat' dir='ltr'>tenuit,</span> <span class='ocrx_word' id='word_1_32' title='bbox 1932 611 1990 658; x_wconf 91' lang='lat' dir='ltr'>et</span> 
     </span>
    </p>
   </div>
   <div class='ocr_carea' id='block_1_7' title="bbox 292 693 1990 764">
    <p class='ocr_par' dir='ltr' id='par_1_7' title="bbox 292 693 1990 764">
     <span class='ocr_line' id='line_1_7' title="bbox 292 693 1990 764; baseline -0.001 -16"><span class='ocrx_word' id='word_1_33' title='bbox 292 695 453 749; x_wconf 89' lang='lat' dir='ltr'>illam</span> <span class='ocrx_word' id='word_1_34' title='bbox 517 709 885 764; x_wconf 86' lang='lat' dir='ltr'>nequaquam</span> <span class='ocrx_word' id='word_1_35' title='bbox 949 693 1220 760; x_wconf 83' lang='lat' dir='ltr'>obtineat,</span> <span class='ocrx_word' id='word_1_36' title='bbox 1277 709 1451 763; x_wconf 91' lang='lat' dir='ltr'>quam</span> <span class='ocrx_word' id='word_1_37' title='bbox 1513 709 1789 763; x_wconf 85' lang='lat' dir='ltr'>usurpare</span> <span class='ocrx_word' id='word_1_38' title='bbox 1857 699 1990 747; x_wconf 89' lang='lat' dir='ltr'>ten-</span> 
     </span>
    </p>
   </div>
   <div class='ocr_carea' id='block_1_8' title="bbox 293 783 455 836">
    <p class='ocr_par' dir='ltr' id='par_1_8' title="bbox 293 783 455 836">
     <span class='ocr_line' id='line_1_8' title="bbox 293 783 455 836; baseline -0.006 0"><span class='ocrx_word' id='word_1_39' title='bbox 293 783 455 836; x_wconf 90' lang='lat' dir='ltr'>tavit.</span> 
     </span>
    </p>
   </div>
   <div class='ocr_carea' id='block_1_9' title="bbox 295 888 1990 957">
    <p class='ocr_par' dir='ltr' id='par_1_9' title="bbox 295 888 1990 957">
     <span class='ocr_line' id='line_1_9' title="bbox 295 888 1990 957; baseline -0.001 -15"><span class='ocrx_word' id='word_1_40' title='bbox 295 889 425 942; x_wconf 79' lang='lat' dir='ltr'>CAP.</span> <span class='ocrx_word' id='word_1_41' title='bbox 479 888 707 943; x_wconf 85' lang='lat' dir='ltr'>CCXXX.</span> <span class='ocrx_word' id='word_1_42' title='bbox 764 917 832 926; x_wconf 89' lang='lat'>——-</span> <span class='ocrx_word' id='word_1_43' title='bbox 895 889 960 941; x_wconf 98' lang='lat' dir='ltr'>Ut</span> <span class='ocrx_word' id='word_1_44' title='bbox 1009 891 1287 956; x_wconf 88' lang='lat' dir='ltr'>episcopus</span> <span class='ocrx_word' id='word_1_45' title='bbox 1333 893 1430 941; x_wconf 90' lang='lat' dir='ltr'>aut</span> <span class='ocrx_word' id='word_1_46' title='bbox 1487 888 1788 956; x_wconf 80' lang='lat' dir='ltr'>presbyter,</span> <span class='ocrx_word' id='word_1_47' title='bbox 1835 893 1990 957; x_wconf 91' lang='lat' dir='ltr'>post-</span> 
     </span>
    </p>
   </div>
   <div class='ocr_carea' id='block_1_10' title="bbox 367 958 1993 1028">
    <p class='ocr_par' dir='ltr' id='par_1_10' title="bbox 367 958 1993 1028">
     <span class='ocr_line' id='line_1_10' title="bbox 367 958 1993 1028; baseline 0 -16"><span class='ocrx_word' id='word_1_48' title='bbox 367 974 531 1028; x_wconf 85' lang='lat' dir='ltr'>quam</span> <span class='ocrx_word' id='word_1_49' title='bbox 569 961 789 1012; x_wconf 82' lang='lat' dir='ltr'>missam</span> <span class='ocrx_word' id='word_1_50' title='bbox 841 960 1116 1026; x_wconf 76' lang='lat' dir='ltr'>inceperit,</span> <span class='ocrx_word' id='word_1_51' title='bbox 1162 965 1213 1012; x_wconf 86' lang='lat' dir='ltr'>et</span> <span class='ocrx_word' id='word_1_52' title='bbox 1265 961 1559 1012; x_wconf 86' lang='lat' dir='ltr'>orationem</span> <span class='ocrx_word' id='word_1_53' title='bbox 1612 958 1839 1025; x_wconf 59' lang='lat' dir='ltr'>disserit,</span> <span class='ocrx_word' id='word_1_54' title='bbox 1882 961 1993 1012; x_wconf 86' lang='lat' dir='ltr'>nisi</span> 
     </span>
    </p>
   </div>
   <div class='ocr_carea' id='block_1_11' title="bbox 360 1030 1990 1099">
    <p class='ocr_par' dir='ltr' id='par_1_11' title="bbox 360 1030 1990 1099">
     <span class='ocr_line' id='line_1_11' title="bbox 360 1030 1990 1099; baseline 0 -17"><span class='ocrx_word' id='word_1_55' title='bbox 360 1031 549 1099; x_wconf 81' lang='lat' dir='ltr'>passio</span> <span class='ocrx_word' id='word_1_56' title='bbox 580 1030 770 1096; x_wconf 88' lang='lat' dir='ltr'>aliqua</span> <span class='ocrx_word' id='word_1_57' title='bbox 816 1031 1178 1094; x_wconf 75' lang='lat' dir='ltr'>intervenerit,</span> <span class='ocrx_word' id='word_1_58' title='bbox 1232 1037 1527 1096; x_wconf 78' lang='lat' dir='ltr'>antequam</span> <span class='ocrx_word' id='word_1_59' title='bbox 1565 1031 1836 1096; x_wconf 87' lang='lat' dir='ltr'>inceptum</span> <span class='ocrx_word' id='word_1_60' title='bbox 1881 1033 1990 1082; x_wconf 89' lang='lat' dir='ltr'>mi-</span> 
     </span>
    </p>
   </div>
   <div class='ocr_carea' id='block_1_12' title="bbox 368 1099 1991 1167">
    <p class='ocr_par' dir='ltr' id='par_1_12' title="bbox 368 1099 1991 1167">
     <span class='ocr_line' id='line_1_12' title="bbox 368 1099 1991 1167; baseline 0.001 -15"><span class='ocrx_word' id='word_1_61' title='bbox 368 1101 652 1153; x_wconf 87' lang='lat' dir='ltr'>nisterium</span> <span class='ocrx_word' id='word_1_62' title='bbox 708 1099 1036 1167; x_wconf 86' lang='lat' dir='ltr'>adimpleat,</span> <span class='ocrx_word' id='word_1_63' title='bbox 1086 1100 1154 1153; x_wconf 89' lang='lat' dir='ltr'>ab</span> <span class='ocrx_word' id='word_1_64' title='bbox 1218 1101 1419 1154; x_wconf 88' lang='lat' dir='ltr'>altario</span> <span class='ocrx_word' id='word_1_65' title='bbox 1471 1101 1569 1152; x_wconf 80' lang='lat' dir='ltr'>Dei</span> <span class='ocrx_word' id='word_1_66' title='bbox 1623 1100 1771 1153; x_wconf 87' lang='lat' dir='ltr'>nullo</span> <span class='ocrx_word' id='word_1_67' title='bbox 1835 1101 1991 1154; x_wconf 89' lang='lat' dir='ltr'>modo</span> 
     </span>
    </p>
   </div>
   <div class='ocr_carea' id='block_1_13' title="bbox 367 1169 883 1224">
    <p class='ocr_par' dir='ltr' id='par_1_13' title="bbox 367 1169 883 1224">
     <span class='ocr_line' id='line_1_13' title="bbox 367 1169 883 1224; baseline 0.002 -2"><span class='ocrx_word' id='word_1_68' title='bbox 367 1170 636 1224; x_wconf 79' lang='lat' dir='ltr'>discedere</span> <span class='ocrx_word' id='word_1_69' title='bbox 663 1169 883 1223; x_wconf 80' lang='lat' dir='ltr'>audeat.</span> 
     </span>
    </p>
   </div>
   <div class='ocr_carea' id='block_1_14' title="bbox 370 1257 1992 1328">
    <p class='ocr_par' dir='ltr' id='par_1_14' title="bbox 370 1257 1992 1328">
     <span class='ocr_line' id='line_1_14' title="bbox 370 1257 1992 1328; baseline -0.001 -16"><span class='ocrx_word' id='word_1_70' title='bbox 370 1257 481 1324; x_wconf 72' lang='lat' dir='ltr'>(Ea:</span> <span class='ocrx_word' id='word_1_71' title='bbox 519 1257 662 1312; x_wconf 91' lang='lat' dir='ltr'>decr.</span> <span class='ocrx_word' id='word_1_72' title='bbox 709 1258 1002 1311; x_wconf 61' lang='lat' dir='ltr'>Zachariw</span> <span class='ocrx_word' id='word_1_73' title='bbox 1030 1273 1210 1326; x_wconf 69' lang='lat' dir='ltr'>papae,</span> <span class='ocrx_word' id='word_1_74' title='bbox 1260 1273 1380 1326; x_wconf 88' lang='lat' dir='ltr'>cap.</span> <span class='ocrx_word' id='word_1_75' title='bbox 1417 1257 1526 1327; x_wconf 82' lang='grc'>14.)</span> <span class='ocrx_word' id='word_1_76' title='bbox 1579 1259 1647 1312; x_wconf 89' lang='lat' dir='ltr'>Ut</span> <span class='ocrx_word' id='word_1_77' title='bbox 1690 1259 1992 1328; x_wconf 92' lang='lat' dir='ltr'>episcopus</span> 
     </span>
    </p>
   </div>
   <div class='ocr_carea' id='block_1_15' title="bbox 297 1345 1992 1416">
    <p class='ocr_par' dir='ltr' id='par_1_15' title="bbox 297 1345 1992 1416">
     <span class='ocr_line' id='line_1_15' title="bbox 297 1345 1992 1416; baseline 0.001 -18"><span class='ocrx_word' id='word_1_78' title='bbox 297 1349 395 1399; x_wconf 89' lang='lat' dir='ltr'>aut</span> <span class='ocrx_word' id='word_1_79' title='bbox 435 1346 752 1416; x_wconf 82' lang='lat' dir='ltr'>presbyter,</span> <span class='ocrx_word' id='word_1_80' title='bbox 805 1346 942 1399; x_wconf 91' lang='lat' dir='ltr'>dum</span> <span class='ocrx_word' id='word_1_81' title='bbox 999 1346 1291 1415; x_wconf 89' lang='lat' dir='ltr'>ingressus</span> <span class='ocrx_word' id='word_1_82' title='bbox 1341 1345 1515 1399; x_wconf 87' lang='lat' dir='ltr'>fuerit</span> <span class='ocrx_word' id='word_1_83' title='bbox 1561 1347 1632 1400; x_wconf 90' lang='lat' dir='ltr'>ad</span> <span class='ocrx_word' id='word_1_84' title='bbox 1687 1346 1992 1400; x_wconf 90' lang='lat' dir='ltr'>missarum</span> 
     </span>
    </p>
   </div>
   <div class='ocr_carea' id='block_1_16' title="bbox 298 1433 1992 1504">
    <p class='ocr_par' dir='ltr' id='par_1_16' title="bbox 298 1433 1992 1504">
     <span class='ocr_line' id='line_1_16' title="bbox 298 1433 1992 1504; baseline 0 -18"><span class='ocrx_word' id='word_1_85' title='bbox 298 1433 573 1486; x_wconf 87' lang='lat' dir='ltr'>solemnia</span> <span class='ocrx_word' id='word_1_86' title='bbox 623 1433 985 1499; x_wconf 88' lang='lat' dir='ltr'>celebranda,</span> <span class='ocrx_word' id='word_1_87' title='bbox 1033 1433 1143 1486; x_wconf 91' lang='lat' dir='ltr'>nisi</span> <span class='ocrx_word' id='word_1_88' title='bbox 1190 1434 1378 1502; x_wconf 87' lang='lat' dir='ltr'>passio</span> <span class='ocrx_word' id='word_1_89' title='bbox 1428 1434 1622 1504; x_wconf 89' lang='lat' dir='ltr'>aliqua</span> <span class='ocrx_word' id='word_1_90' title='bbox 1668 1434 1992 1487; x_wconf 85' lang='lat' dir='ltr'>intervene-</span> 
     </span>
    </p>
   </div>
   <div class='ocr_carea' id='block_1_17' title="bbox 297 1521 1996 1587">
    <p class='ocr_par' dir='ltr' id='par_1_17' title="bbox 297 1521 1996 1587">
     <span class='ocr_line' id='line_1_17' title="bbox 297 1521 1996 1587; baseline 0.001 -13"><span class='ocrx_word' id='word_1_91' title='bbox 297 1521 392 1587; x_wconf 86' lang='lat' dir='ltr'>rit,</span> <span class='ocrx_word' id='word_1_92' title='bbox 429 1521 587 1574; x_wconf 92' lang='lat' dir='ltr'>nullo</span> <span class='ocrx_word' id='word_1_93' title='bbox 631 1522 800 1574; x_wconf 92' lang='lat' dir='ltr'>modo</span> <span class='ocrx_word' id='word_1_94' title='bbox 849 1522 1060 1576; x_wconf 84' lang='lat' dir='ltr'>audeat</span> <span class='ocrx_word' id='word_1_95' title='bbox 1106 1521 1239 1574; x_wconf 90' lang='lat' dir='ltr'>data</span> <span class='ocrx_word' id='word_1_96' title='bbox 1293 1522 1553 1575; x_wconf 89' lang='lat' dir='ltr'>oratione</span> <span class='ocrx_word' id='word_1_97' title='bbox 1601 1523 1890 1587; x_wconf 90' lang='lat' dir='ltr'>recedere,</span> <span class='ocrx_word' id='word_1_98' title='bbox 1931 1525 1996 1575; x_wconf 88' lang='lat' dir='ltr'>ut</span> 
     </span>
    </p>
   </div>
   <div class='ocr_carea' id='block_1_18' title="bbox 301 1609 1995 1679">
    <p class='ocr_par' dir='ltr' id='par_1_18' title="bbox 301 1609 1995 1679">
     <span class='ocr_line' id='line_1_18' title="bbox 301 1609 1995 1679; baseline -0.001 -16"><span class='ocrx_word' id='word_1_99' title='bbox 301 1609 371 1663; x_wconf 88' lang='lat' dir='ltr'>ab</span> <span class='ocrx_word' id='word_1_100' title='bbox 410 1609 520 1662; x_wconf 91' lang='lat' dir='ltr'>alio</span> <span class='ocrx_word' id='word_1_101' title='bbox 549 1609 845 1678; x_wconf 84' lang='lat' dir='ltr'>episcopo,</span> <span class='ocrx_word' id='word_1_102' title='bbox 877 1615 979 1662; x_wconf 89' lang='lat' dir='ltr'>aut</span> <span class='ocrx_word' id='word_1_103' title='bbox 1019 1609 1350 1679; x_wconf 82' lang='lat' dir='ltr'>presbytero</span> <span class='ocrx_word' id='word_1_104' title='bbox 1381 1611 1759 1679; x_wconf 89' lang='lat' dir='ltr'>suppleantur</span> <span class='ocrx_word' id='word_1_105' title='bbox 1788 1610 1995 1662; x_wconf 91' lang='lat' dir='ltr'>missa-</span> 
     </span>
    </p>
   </div>
   <div class='ocr_carea' id='block_1_19' title="bbox 299 1697 2068 1768">
    <p class='ocr_par' dir='ltr' id='par_1_19' title="bbox 299 1697 2068 1768">
     <span class='ocr_line' id='line_1_19' title="bbox 299 1697 2068 1768; baseline 0.002 -18"><span class='ocrx_word' id='word_1_106' title='bbox 299 1713 430 1750; x_wconf 89' lang='lat' dir='ltr'>rum</span> <span class='ocrx_word' id='word_1_107' title='bbox 463 1697 756 1758; x_wconf 86' lang='lat' dir='ltr'>solemnia,</span> <span class='ocrx_word' id='word_1_108' title='bbox 793 1697 887 1750; x_wconf 91' lang='lat' dir='ltr'>sed</span> <span class='ocrx_word' id='word_1_109' title='bbox 915 1697 1014 1766; x_wconf 90' lang='lat' dir='ltr'>qui</span> <span class='ocrx_word' id='word_1_110' title='bbox 1040 1697 1269 1750; x_wconf 92' lang='lat' dir='ltr'>initium</span> <span class='ocrx_word' id='word_1_111' title='bbox 1301 1697 1487 1767; x_wconf 91' lang='lat' dir='ltr'>ponit,</span> <span class='ocrx_word' id='word_1_112' title='bbox 1517 1699 1782 1767; x_wconf 87' lang='lat' dir='ltr'>suppleat</span> <span class='ocrx_word' id='word_1_113' title='bbox 1813 1713 1994 1768; x_wconf 89' lang='lat' dir='ltr'>usque</span> <span class='ocrx_word' id='word_1_114' title='bbox 2025 1699 2068 1754; x_wconf 89' lang='grc' dir='ltr'><strong>Β</strong></span> 
     </span>
    </p>
   </div>
   <div class='ocr_carea' id='block_1_20' title="bbox 303 1784 1994 1855">
    <p class='ocr_par' dir='ltr' id='par_1_20' title="bbox 303 1784 1994 1855">
     <span class='ocr_line' id='line_1_20' title="bbox 303 1784 1994 1855; baseline 0.001 -18"><span class='ocrx_word' id='word_1_115' title='bbox 303 1785 374 1838; x_wconf 92' lang='lat' dir='ltr'>ad</span> <span class='ocrx_word' id='word_1_116' title='bbox 422 1784 619 1838; x_wconf 91' lang='lat' dir='ltr'>ﬁnem.</span> <span class='ocrx_word' id='word_1_117' title='bbox 683 1785 825 1848; x_wconf 87' lang='lat' dir='ltr'>Quia</span> <span class='ocrx_word' id='word_1_118' title='bbox 875 1785 1149 1854; x_wconf 89' lang='lat' dir='ltr'>scriptum</span> <span class='ocrx_word' id='word_1_119' title='bbox 1205 1789 1289 1837; x_wconf 90' lang='lat' dir='ltr'>est</span> <span class='ocrx_word' id='word_1_120' title='bbox 1329 1801 1342 1838; x_wconf 90' lang='lat'><strong>:</strong></span> <span class='ocrx_word' id='word_1_121' title='bbox 1388 1785 1498 1848; x_wconf 87' lang='lat' dir='ltr'>Qui</span> <span class='ocrx_word' id='word_1_122' title='bbox 1550 1786 1994 1855; x_wconf 80' lang='lat' dir='ltr'>perseveraverit</span> 
     </span>
    </p>
   </div>
   <div class='ocr_carea' id='block_1_21' title="bbox 303 1872 1991 1945">
    <p class='ocr_par' dir='ltr' id='par_1_21' title="bbox 303 1872 1991 1945">
     <span class='ocr_line' id='line_1_21' title="bbox 303 1872 1991 1945; baseline 0.001 -19"><span class='ocrx_word' id='word_1_123' title='bbox 303 1889 486 1943; x_wconf 89' lang='lat' dir='ltr'>usque</span> <span class='ocrx_word' id='word_1_124' title='bbox 533 1873 594 1926; x_wconf 93' lang='lat' dir='ltr'>in</span> <span class='ocrx_word' id='word_1_125' title='bbox 624 1872 818 1937; x_wconf 87' lang='lat' dir='ltr'>ﬁnem,</span> <span class='ocrx_word' id='word_1_126' title='bbox 855 1873 947 1926; x_wconf 92' lang='lat' dir='ltr'>hic</span> <span class='ocrx_word' id='word_1_127' title='bbox 985 1872 1170 1926; x_wconf 87' lang='lat' dir='ltr'>salvus</span> <span class='ocrx_word' id='word_1_128' title='bbox 1218 1872 1345 1926; x_wconf 90' lang='lat' dir='ltr'>erit.</span> <span class='ocrx_word' id='word_1_129' title='bbox 1399 1874 1456 1928; x_wconf 89' lang='lat' dir='ltr'>Si</span> <span class='ocrx_word' id='word_1_130' title='bbox 1487 1875 1616 1944; x_wconf 90' lang='lat' dir='ltr'>quis</span> <span class='ocrx_word' id='word_1_131' title='bbox 1665 1890 1797 1928; x_wconf 88' lang='lat' dir='ltr'>vero</span> <span class='ocrx_word' id='word_1_132' title='bbox 1843 1890 1991 1945; x_wconf 63' lang='lat' dir='ltr'>prae-</span> 
     </span>
    </p>
   </div>
   <div class='ocr_carea' id='block_1_22' title="bbox 302 1961 1993 2032">
    <p class='ocr_par' dir='ltr' id='par_1_22' title="bbox 302 1961 1993 2032">
     <span class='ocr_line' id='line_1_22' title="bbox 302 1961 1993 2032; baseline 0.001 -19"><span class='ocrx_word' id='word_1_133' title='bbox 302 1961 610 2030; x_wconf 90' lang='lat' dir='ltr'>sumpserit</span> <span class='ocrx_word' id='word_1_134' title='bbox 676 1967 883 2030; x_wconf 57' lang='lat' dir='ltr'>prater</span> <span class='ocrx_word' id='word_1_135' title='bbox 938 1962 1090 2031; x_wconf 89' lang='lat' dir='ltr'>quod</span> <span class='ocrx_word' id='word_1_136' title='bbox 1148 1961 1446 2030; x_wconf 88' lang='lat' dir='ltr'>posuimus</span> <span class='ocrx_word' id='word_1_137' title='bbox 1502 1978 1692 2032; x_wconf 89' lang='lat' dir='ltr'>agere,</span> <span class='ocrx_word' id='word_1_138' title='bbox 1753 1979 1787 2015; x_wconf 92' lang='lat' dir='ltr'>a</span> <span class='ocrx_word' id='word_1_139' title='bbox 1837 1978 1993 2016; x_wconf 88' lang='lat' dir='ltr'>sacro</span> 
     </span>
    </p>
   </div>
   <div class='ocr_carea' id='block_1_23' title="bbox 303 2047 1996 2117">
    <p class='ocr_par' dir='ltr' id='par_1_23' title="bbox 303 2047 1996 2117">
     <span class='ocr_line' id='line_1_23' title="bbox 303 2047 1996 2117; baseline 0.001 -16"><span class='ocrx_word' id='word_1_140' title='bbox 303 2063 540 2116; x_wconf 91' lang='lat' dir='ltr'>corpore</span> <span class='ocrx_word' id='word_1_141' title='bbox 573 2051 630 2100; x_wconf 91' lang='lat' dir='ltr'>et</span> <span class='ocrx_word' id='word_1_142' title='bbox 677 2047 958 2117; x_wconf 82' lang='lat' dir='ltr'>sanguine</span> <span class='ocrx_word' id='word_1_143' title='bbox 990 2048 1220 2101; x_wconf 90' lang='lat' dir='ltr'>Domini</span> <span class='ocrx_word' id='word_1_144' title='bbox 1266 2048 1443 2102; x_wconf 87' lang='lat' dir='ltr'>nostri</span> <span class='ocrx_word' id='word_1_145' title='bbox 1490 2049 1622 2102; x_wconf 88' lang='lat' dir='ltr'>Jesu</span> <span class='ocrx_word' id='word_1_146' title='bbox 1677 2050 1888 2103; x_wconf 87' lang='lat' dir='ltr'>Christi</span> <span class='ocrx_word' id='word_1_147' title='bbox 1921 2050 1996 2102; x_wconf 87' lang='lat' dir='ltr'>sit</span> 
     </span>
    </p>
   </div>
   <div class='ocr_carea' id='block_1_24' title="bbox 303 2149 627 2202">
    <p class='ocr_par' dir='ltr' id='par_1_24' title="bbox 303 2149 627 2202">
     <span class='ocr_line' id='line_1_24' title="bbox 303 2149 627 2202; baseline 0.003 -16"><span class='ocrx_word' id='word_1_148' title='bbox 303 2149 627 2202; x_wconf 91' lang='lat' dir='ltr'>suspensus.</span> 
     </span>
    </p>
   </div>
   <div class='ocr_carea' id='block_1_25' title="bbox 305 2222 1997 2296">
    <p class='ocr_par' dir='ltr' id='par_1_25' title="bbox 305 2222 1997 2296">
     <span class='ocr_line' id='line_1_25' title="bbox 305 2222 1997 2296; baseline 0.005 -22"><span class='ocrx_word' id='word_1_149' title='bbox 305 2222 449 2296; x_wconf 69' lang='lat' dir='ltr'>(lAP._</span> <span class='ocrx_word' id='word_1_150' title='bbox 485 2223 771 2296; x_wconf 17' lang='lat' dir='ltr'><strong>CCXXXIZ</strong></span> <span class='ocrx_word' id='word_1_151' title='bbox 799 2253 868 2262; x_wconf 83' lang='lat'>——</span> <span class='ocrx_word' id='word_1_152' title='bbox 914 2225 978 2277; x_wconf 89' lang='lat' dir='ltr'>Ut</span> <span class='ocrx_word' id='word_1_153' title='bbox 1036 2226 1216 2279; x_wconf 89' lang='lat' dir='ltr'>nullus</span> <span class='ocrx_word' id='word_1_154' title='bbox 1277 2227 1560 2296; x_wconf 77' lang='lat' dir='ltr'>episcopus</span> <span class='ocrx_word' id='word_1_155' title='bbox 1605 2229 1689 2280; x_wconf 82' lang='lat' dir='ltr'>vel</span> <span class='ocrx_word' id='word_1_156' title='bbox 1715 2228 1997 2295; x_wconf 84' lang='lat' dir='ltr'>presbyter</span> 
     </span>
    </p>
   </div>
   <div class='ocr_carea' id='block_1_26' title="bbox 375 2293 1992 2366">
    <p class='ocr_par' dir='ltr' id='par_1_26' title="bbox 375 2293 1992 2366">
     <span class='ocr_line' id='line_1_26' title="bbox 375 2293 1992 2366; baseline 0.005 -21"><span class='ocrx_word' id='word_1_157' title='bbox 375 2293 449 2345; x_wconf 89' lang='lat' dir='ltr'>ad</span> <span class='ocrx_word' id='word_1_158' title='bbox 491 2294 865 2366; x_wconf 83' lang='lat' dir='ltr'>celebrandum</span> <span class='ocrx_word' id='word_1_159' title='bbox 909 2297 1199 2348; x_wconf 85' lang='lat' dir='ltr'>missarum</span> <span class='ocrx_word' id='word_1_160' title='bbox 1225 2293 1483 2349; x_wconf 78' lang='lat' dir='ltr'>solemnia</span> <span class='ocrx_word' id='word_1_161' title='bbox 1511 2313 1632 2352; x_wconf 88' lang='lat' dir='ltr'>cum</span> <span class='ocrx_word' id='word_1_162' title='bbox 1681 2293 1865 2352; x_wconf 80' lang='lat' dir='ltr'>baculo</span> <span class='ocrx_word' id='word_1_163' title='bbox 1881 2293 1992 2366; x_wconf 76' lang='lat' dir='ltr'>ire,</span> 
     </span>
    </p>
   </div>
   <div class='ocr_carea' id='block_1_27' title="bbox 375 2365 1992 2436">
    <p class='ocr_par' dir='ltr' id='par_1_27' title="bbox 375 2365 1992 2436">
     <span class='ocr_line' id='line_1_27' title="bbox 375 2365 1992 2436; baseline 0.006 -21"><span class='ocrx_word' id='word_1_164' title='bbox 375 2369 473 2416; x_wconf 90' lang='lat' dir='ltr'>aut</span> <span class='ocrx_word' id='word_1_165' title='bbox 519 2365 692 2417; x_wconf 82' lang='lat' dir='ltr'>velato</span> <span class='ocrx_word' id='word_1_166' title='bbox 739 2367 914 2432; x_wconf 81' lang='lat' dir='ltr'>capite</span> <span class='ocrx_word' id='word_1_167' title='bbox 969 2367 1167 2418; x_wconf 87' lang='lat' dir='ltr'>altario</span> <span class='ocrx_word' id='word_1_168' title='bbox 1217 2369 1313 2419; x_wconf 81' lang='lat' dir='ltr'>Dei</span> <span class='ocrx_word' id='word_1_169' title='bbox 1364 2371 1622 2422; x_wconf 83' lang='lat' dir='ltr'>assistere</span> <span class='ocrx_word' id='word_1_170' title='bbox 1678 2375 1992 2436; x_wconf 73' lang='lat' dir='ltr'>praesumat.</span> 
     </span>
    </p>
   </div>
   <div class='ocr_carea' id='block_1_28' title="bbox 377 2451 1989 2526">
    <p class='ocr_par' dir='ltr' id='par_1_28' title="bbox 377 2451 1989 2526">
     <span class='ocr_line' id='line_1_28' title="bbox 377 2451 1989 2526; baseline 0.004 -22"><span class='ocrx_word' id='word_1_171' title='bbox 377 2453 485 2520; x_wconf 76' lang='lat' dir='ltr'>(Ea:</span> <span class='ocrx_word' id='word_1_172' title='bbox 515 2451 657 2505; x_wconf 89' lang='lat' dir='ltr'>decr.</span> <span class='ocrx_word' id='word_1_173' title='bbox 709 2452 967 2519; x_wconf 88' lang='lat' dir='ltr'>ejusdem,</span> <span class='ocrx_word' id='word_1_174' title='bbox 1017 2469 1136 2521; x_wconf 89' lang='lat' dir='ltr'>cap.</span> <span class='ocrx_word' id='word_1_175' title='bbox 1175 2454 1283 2523; x_wconf 82' lang='lat' dir='ltr'>l3.)</span> <span class='ocrx_word' id='word_1_176' title='bbox 1337 2455 1404 2508; x_wconf 91' lang='lat' dir='ltr'>Ut</span> <span class='ocrx_word' id='word_1_177' title='bbox 1447 2455 1640 2509; x_wconf 88' lang='lat' dir='ltr'>nullus</span> <span class='ocrx_word' id='word_1_178' title='bbox 1671 2457 1989 2526; x_wconf 89' lang='lat' dir='ltr'>episcopus,</span> 
     </span>
    </p>
   </div>
   <div class='ocr_carea' id='block_1_29' title="bbox 305 2539 1994 2609">
    <p class='ocr_par' dir='ltr' id='par_1_29' title="bbox 305 2539 1994 2609">
     <span class='ocr_line' id='line_1_29' title="bbox 305 2539 1994 2609; baseline 0.005 -18"><span class='ocrx_word' id='word_1_179' title='bbox 305 2539 622 2609; x_wconf 87' lang='lat' dir='ltr'>presbyter,</span> <span class='ocrx_word' id='word_1_180' title='bbox 677 2545 775 2593; x_wconf 90' lang='lat' dir='ltr'>aut</span> <span class='ocrx_word' id='word_1_181' title='bbox 821 2540 1093 2594; x_wconf 81' lang='lat' dir='ltr'>diaconus</span> <span class='ocrx_word' id='word_1_182' title='bbox 1125 2541 1196 2594; x_wconf 93' lang='lat' dir='ltr'>ad</span> <span class='ocrx_word' id='word_1_183' title='bbox 1246 2543 1652 2596; x_wconf 89' lang='lat' dir='ltr'>celebrandum</span> <span class='ocrx_word' id='word_1_184' title='bbox 1692 2545 1994 2599; x_wconf 92' lang='lat' dir='ltr'>missarum</span> 
     </span>
    </p>
   </div>
   <div class='ocr_carea' id='block_1_30' title="bbox 306 2629 1995 2698">
    <p class='ocr_par' dir='ltr' id='par_1_30' title="bbox 306 2629 1995 2698">
     <span class='ocr_line' id='line_1_30' title="bbox 306 2629 1995 2698; baseline 0.004 -18"><span class='ocrx_word' id='word_1_185' title='bbox 306 2629 585 2680; x_wconf 87' lang='lat' dir='ltr'>solemnia</span> <span class='ocrx_word' id='word_1_186' title='bbox 621 2633 934 2697; x_wconf 70' lang='lat' dir='ltr'>praesumat</span> <span class='ocrx_word' id='word_1_187' title='bbox 977 2645 1106 2683; x_wconf 92' lang='lat' dir='ltr'>cum</span> <span class='ocrx_word' id='word_1_188' title='bbox 1137 2630 1338 2683; x_wconf 88' lang='lat' dir='ltr'>baculo</span> <span class='ocrx_word' id='word_1_189' title='bbox 1386 2631 1644 2698; x_wconf 89' lang='lat' dir='ltr'>introire,</span> <span class='ocrx_word' id='word_1_190' title='bbox 1687 2639 1786 2686; x_wconf 89' lang='lat' dir='ltr'>aut</span> <span class='ocrx_word' id='word_1_191' title='bbox 1813 2635 1995 2688; x_wconf 89' lang='lat' dir='ltr'>velato</span> 
     </span>
    </p>
   </div>
   <div class='ocr_carea' id='block_1_31' title="bbox 307 2717 1995 2791">
    <p class='ocr_par' dir='ltr' id='par_1_31' title="bbox 307 2717 1995 2791">
     <span class='ocr_line' id='line_1_31' title="bbox 307 2717 1995 2791; baseline 0.005 -23"><span class='ocrx_word' id='word_1_192' title='bbox 307 2717 489 2786; x_wconf 86' lang='lat' dir='ltr'>capite</span> <span class='ocrx_word' id='word_1_193' title='bbox 537 2717 739 2769; x_wconf 88' lang='lat' dir='ltr'>altario</span> <span class='ocrx_word' id='word_1_194' title='bbox 789 2717 890 2770; x_wconf 89' lang='lat' dir='ltr'>Dei</span> <span class='ocrx_word' id='word_1_195' title='bbox 937 2718 1221 2782; x_wconf 87' lang='lat' dir='ltr'>assistere,</span> <span class='ocrx_word' id='word_1_196' title='bbox 1276 2719 1550 2788; x_wconf 89' lang='lat' dir='ltr'>quoniam</span> <span class='ocrx_word' id='word_1_197' title='bbox 1599 2725 1655 2774; x_wconf 90' lang='lat' dir='ltr'>et</span> <span class='ocrx_word' id='word_1_198' title='bbox 1700 2723 1995 2791; x_wconf 88' lang='lat' dir='ltr'>apostolus</span> 
     </span>
    </p>
   </div>
   <div class='ocr_carea' id='block_1_32' title="bbox 308 2805 1995 2876">
    <p class='ocr_par' dir='ltr' id='par_1_32' title="bbox 308 2805 1995 2876">
     <span class='ocr_line' id='line_1_32' title="bbox 308 2805 1995 2876; baseline 0.004 -18"><span class='ocrx_word' id='word_1_199' title='bbox 308 2805 516 2858; x_wconf 91' lang='lat' dir='ltr'>Paulus</span> <span class='ocrx_word' id='word_1_200' title='bbox 565 2805 833 2873; x_wconf 87' lang='lat' dir='ltr'>prohibet</span> <span class='ocrx_word' id='word_1_201' title='bbox 878 2805 1030 2858; x_wconf 91' lang='lat' dir='ltr'>viros</span> <span class='ocrx_word' id='word_1_202' title='bbox 1078 2806 1478 2876; x_wconf 90' lang='lat' dir='ltr'>velato.capite</span> <span class='ocrx_word' id='word_1_203' title='bbox 1525 2823 1688 2862; x_wconf 89' lang='lat' dir='ltr'>orare</span> <span class='ocrx_word' id='word_1_204' title='bbox 1718 2809 1778 2862; x_wconf 91' lang='lat' dir='ltr'>in</span> <span class='ocrx_word' id='word_1_205' title='bbox 1810 2810 1995 2863; x_wconf 88' lang='lat' dir='ltr'>Eccle-</span> 
     </span>
    </p>
   </div>
   <div class='ocr_carea' id='block_1_33' title="bbox 307 2891 1993 2968">
    <p class='ocr_par' dir='ltr' id='par_1_33' title="bbox 307 2891 1993 2968">
     <span class='ocr_line' id='line_1_33' title="bbox 307 2891 1993 2968; baseline 0.005 -24"><span class='ocrx_word' id='word_1_206' title='bbox 307 2891 410 2957; x_wconf 88' lang='lat' dir='ltr'>sia,</span> <span class='ocrx_word' id='word_1_207' title='bbox 464 2897 522 2945; x_wconf 87' lang='lat' dir='ltr'>et</span> <span class='ocrx_word' id='word_1_208' title='bbox 563 2892 610 2944; x_wconf 91' lang='lat' dir='ltr'>si</span> <span class='ocrx_word' id='word_1_209' title='bbox 649 2896 865 2946; x_wconf 86' lang='lat' dir='ltr'>temere</span> <span class='ocrx_word' id='word_1_210' title='bbox 915 2894 1365 2962; x_wconf 64' lang='lat' dir='ltr'>prmsumpserit,</span> <span class='ocrx_word' id='word_1_211' title='bbox 1420 2897 1824 2951; x_wconf 90' lang='lat' dir='ltr'>communione</span> <span class='ocrx_word' id='word_1_212' title='bbox 1878 2899 1993 2968; x_wconf 89' lang='lat' dir='ltr'>pri-</span> 
     </span>
    </p>
   </div>
   <div class='ocr_carea' id='block_1_34' title="bbox 305 2983 488 3032">
    <p class='ocr_par' dir='ltr' id='par_1_34' title="bbox 305 2983 488 3032">
     <span class='ocr_line' id='line_1_34' title="bbox 305 2983 488 3032; baseline 0 -1"><span class='ocrx_word' id='word_1_213' title='bbox 305 2983 488 3032; x_wconf 90' lang='lat' dir='ltr'>vetur.</span> 
     </span>
    </p>
   </div>
   <div class='ocr_carea' id='block_1_35' title="bbox 309 3066 2003 3140">
    <p class='ocr_par' dir='ltr' id='par_1_35' title="bbox 309 3066 2003 3140">
     <span class='ocr_line' id='line_1_35' title="bbox 309 3066 2003 3140; baseline 0.004 -20"><span class='ocrx_word' id='word_1_214' title='bbox 309 3067 438 3120; x_wconf 76' lang='lat' dir='ltr'>CAP.</span> <span class='ocrx_word' id='word_1_215' title='bbox 491 3066 772 3121; x_wconf 85' lang='lat' dir='ltr'>CCXXXII.</span> <span class='ocrx_word' id='word_1_216' title='bbox 833 3095 904 3107; x_wconf 94' lang='lat'>--</span> <span class='ocrx_word' id='word_1_217' title='bbox 965 3069 1042 3140; x_wconf 82' lang='lat' dir='ltr'>Ne</span> <span class='ocrx_word' id='word_1_218' title='bbox 1097 3083 1331 3136; x_wconf 86' lang='lat' dir='ltr'>corpora</span> <span class='ocrx_word' id='word_1_219' title='bbox 1393 3076 1702 3126; x_wconf 89' lang='lat' dir='ltr'>sanctorum</span> <span class='ocrx_word' id='word_1_220' title='bbox 1765 3076 2003 3140; x_wconf 83' lang='lat' dir='ltr'>transfe-</span> 
     </span>
    </p>
   </div>
   <div class='ocr_carea' id='block_1_36' title="bbox 783 3139 1526 3194">
    <p class='ocr_par' dir='ltr' id='par_1_36' title="bbox 783 3139 1526 3194">
     <span class='ocr_line' id='line_1_36' title="bbox 783 3139 1526 3194; baseline 0.004 -3"><span class='ocrx_word' id='word_1_221' title='bbox 783 3142 980 3191; x_wconf 85' lang='lat' dir='ltr'>rantur</span> <span class='ocrx_word' id='word_1_222' title='bbox 1009 3139 1074 3192; x_wconf 92' lang='lat' dir='ltr'>de</span> <span class='ocrx_word' id='word_1_223' title='bbox 1107 3140 1213 3193; x_wconf 90' lang='lat' dir='ltr'>loco</span> <span class='ocrx_word' id='word_1_224' title='bbox 1245 3141 1317 3193; x_wconf 90' lang='lat' dir='ltr'>ad</span> <span class='ocrx_word' id='word_1_225' title='bbox 1341 3142 1526 3194; x_wconf 76' lang='lat' dir='ltr'>locum.</span> 
     </span>
    </p>
   </div>
   <div class='ocr_carea' id='block_1_37' title="bbox 381 3223 2001 3299">
    <p class='ocr_par' dir='ltr' id='par_1_37' title="bbox 381 3223 2001 3299">
     <span class='ocr_line' id='line_1_37' title="bbox 381 3223 2001 3299; baseline 0.005 -22"><span class='ocrx_word' id='word_1_226' title='bbox 381 3223 486 3292; x_wconf 79' lang='lat' dir='ltr'>(Ea:</span> <span class='ocrx_word' id='word_1_227' title='bbox 514 3226 700 3279; x_wconf 88' lang='lat' dir='ltr'>concil.</span> <span class='ocrx_word' id='word_1_228' title='bbox 732 3227 1000 3293; x_wconf 84' lang='lat' dir='ltr'>Mogunt.,</span> <span class='ocrx_word' id='word_1_229' title='bbox 1050 3242 1168 3296; x_wconf 89' lang='lat' dir='ltr'>cap.</span> <span class='ocrx_word' id='word_1_230' title='bbox 1223 3231 1333 3294; x_wconf 77' lang='grc'>51.)</span> <span class='ocrx_word' id='word_1_231' title='bbox 1392 3229 1668 3299; x_wconf 88' lang='lat' dir='ltr'>Deinceps</span> <span class='ocrx_word' id='word_1_232' title='bbox 1699 3247 1831 3284; x_wconf 86' lang='lat' dir='ltr'>vero</span> <span class='ocrx_word' id='word_1_233' title='bbox 1875 3248 2001 3285; x_wconf 89' lang='lat' dir='ltr'>cor-</span> 
     </span>
    </p>
   </div>
   <div class='ocr_carea' id='block_1_38' title="bbox 309 3315 2002 3382">
    <p class='ocr_par' dir='ltr' id='par_1_38' title="bbox 309 3315 2002 3382">
     <span class='ocr_line' id='line_1_38' title="bbox 309 3315 2002 3382; baseline 0.006 -18"><span class='ocrx_word' id='word_1_234' title='bbox 309 3328 448 3382; x_wconf 89' lang='lat' dir='ltr'>pora</span> <span class='ocrx_word' id='word_1_235' title='bbox 495 3317 821 3368; x_wconf 91' lang='lat' dir='ltr'>sanctorum</span> <span class='ocrx_word' id='word_1_236' title='bbox 851 3315 919 3368; x_wconf 92' lang='lat' dir='ltr'>de</span> <span class='ocrx_word' id='word_1_237' title='bbox 951 3315 1074 3368; x_wconf 91' lang='lat' dir='ltr'>loco</span> <span class='ocrx_word' id='word_1_238' title='bbox 1119 3316 1189 3368; x_wconf 88' lang='lat' dir='ltr'>ad</span> <span class='ocrx_word' id='word_1_239' title='bbox 1234 3317 1421 3370; x_wconf 89' lang='lat' dir='ltr'>locum</span> <span class='ocrx_word' id='word_1_240' title='bbox 1452 3319 1646 3371; x_wconf 92' lang='lat' dir='ltr'>nullus</span> <span class='ocrx_word' id='word_1_241' title='bbox 1694 3320 2002 3374; x_wconf 86' lang='lat' dir='ltr'>transferre</span> 
     </span>
    </p>
   </div>
   <div class='ocr_carea' id='block_1_39' title="bbox 310 3402 2002 3478">
    <p class='ocr_par' dir='ltr' id='par_1_39' title="bbox 310 3402 2002 3478">
     <span class='ocr_line' id='line_1_39' title="bbox 310 3402 2002 3478; baseline 0.006 -26"><span class='ocrx_word' id='word_1_242' title='bbox 310 3406 641 3469; x_wconf 65' lang='lat' dir='ltr'>prmsumat,</span> <span class='ocrx_word' id='word_1_243' title='bbox 687 3402 810 3456; x_wconf 91' lang='lat' dir='ltr'>sine</span> <span class='ocrx_word' id='word_1_244' title='bbox 847 3404 1084 3456; x_wconf 91' lang='lat' dir='ltr'>consilio</span> <span class='ocrx_word' id='word_1_245' title='bbox 1133 3404 1426 3475; x_wconf 87' lang='lat' dir='ltr'>principis,</span> <span class='ocrx_word' id='word_1_246' title='bbox 1468 3407 1550 3460; x_wconf 86' lang='lat' dir='ltr'>vel</span> <span class='ocrx_word' id='word_1_247' title='bbox 1600 3407 2002 3478; x_wconf 90' lang='lat' dir='ltr'>episcoporum</span> 
     </span>
    </p>
   </div>
   <div class='ocr_carea' id='block_1_40' title="bbox 312 3490 1150 3559">
    <p class='ocr_par' dir='ltr' id='par_1_40' title="bbox 312 3490 1150 3559">
     <span class='ocr_line' id='line_1_40' title="bbox 312 3490 1150 3559; baseline 0.005 -19"><span class='ocrx_word' id='word_1_248' title='bbox 312 3493 634 3559; x_wconf 63' lang='lat' dir='ltr'>sanctasque</span> <span class='ocrx_word' id='word_1_249' title='bbox 665 3490 869 3559; x_wconf 86' lang='lat' dir='ltr'>synodi</span> <span class='ocrx_word' id='word_1_250' title='bbox 900 3491 1150 3545; x_wconf 91' lang='lat' dir='ltr'>licentia.</span> 
     </span>
    </p>
   </div>
   <div class='ocr_carea' id='block_1_41' title="bbox 313 3576 2003 3702">
    <p class='ocr_par' dir='ltr' id='par_1_41' title="bbox 313 3576 2003 3702">
     <span class='ocr_line' id='line_1_41' title="bbox 313 3576 2003 3702; baseline 0.004 -72"><span class='ocrx_word' id='word_1_251' title='bbox 313 3576 438 3630; x_wconf 80' lang='lat' dir='ltr'><strong>CAP.</strong></span> <span class='ocrx_word' id='word_1_252' title='bbox 499 3576 810 3632; x_wconf 86' lang='lat' dir='ltr'><strong>CCXXXIII.</strong></span> <span class='ocrx_word' id='word_1_253' title='bbox 880 3609 946 3617; x_wconf 97' lang='lat'>—</span> <span class='ocrx_word' id='word_1_254' title='bbox 1015 3579 1124 3701; x_wconf 58' lang='lat' dir='ltr'>Qlui</span> <span class='ocrx_word' id='word_1_255' title='bbox 1161 3582 1384 3702; x_wconf 60' lang='lat' dir='ltr'>tmortui</span> <span class='ocrx_word' id='word_1_256' title='bbox 1446 3582 1506 3634; x_wconf 87' lang='lat' dir='ltr'>in</span> <span class='ocrx_word' id='word_1_257' title='bbox 1569 3582 1788 3636; x_wconf 78' lang='lat' dir='ltr'>ecclesia</span> <span class='ocrx_word' id='word_1_258' title='bbox 1852 3598 2003 3652; x_wconf 88' lang='lat' dir='ltr'>sepe-</span> 
     </span>
     <span class='ocr_line' id='line_1_42' title="bbox 1061 3664 1269 3702; baseline 0.005 -1"><span class='ocrx_word' id='word_1_259' title='bbox 1061 3664 1157 3702; x_wconf 81' lang='lat' dir='ltr'>zan</span> <span class='ocrx_word' id='word_1_260' title='bbox 1185 3666 1269 3702; x_wconf 90' lang='lat' dir='ltr'>ur.</span> 
     </span>
    </p>
   </div>
   <div class='ocr_carea' id='block_1_42' title="bbox 1061 3664 1269 3704">
    <p class='ocr_par' dir='ltr' id='par_1_42' title="bbox 1061 3664 1269 3704">
     <span class='ocr_line' id='line_1_43' title="bbox 1061 3664 1269 3704; baseline 0.014 -3"><span class='ocrx_word' id='word_1_261' title='bbox 1061 3664 1269 3704; x_wconf 67' lang='lat' dir='ltr'>tantur.</span> 
     </span>
    </p>
   </div>
   <div class='ocr_carea' id='block_1_43' title="bbox 382 3732 2003 3803">
    <p class='ocr_par' dir='ltr' id='par_1_43' title="bbox 382 3732 2003 3803">
     <span class='ocr_line' id='line_1_44' title="bbox 382 3732 2003 3803; baseline 0.007 -18"><span class='ocrx_word' id='word_1_262' title='bbox 382 3733 490 3802; x_wconf 74' lang='lat' dir='ltr'>(Ea:</span> <span class='ocrx_word' id='word_1_263' title='bbox 517 3732 715 3798; x_wconf 87' lang='lat' dir='ltr'>eodem,</span> <span class='ocrx_word' id='word_1_264' title='bbox 747 3749 864 3802; x_wconf 85' lang='lat' dir='ltr'>cap.</span> <span class='ocrx_word' id='word_1_265' title='bbox 923 3734 1034 3803; x_wconf 82' lang='lat'>52.)</span> <span class='ocrx_word' id='word_1_266' title='bbox 1083 3737 1283 3789; x_wconf 87' lang='lat' dir='ltr'>Nullus</span> <span class='ocrx_word' id='word_1_267' title='bbox 1331 3740 1592 3791; x_wconf 91' lang='lat' dir='ltr'>mortuus</span> <span class='ocrx_word' id='word_1_268' title='bbox 1622 3737 1772 3792; x_wconf 87' lang='lat' dir='ltr'>infra</span> <span class='ocrx_word' id='word_1_269' title='bbox 1819 3742 2003 3796; x_wconf 90' lang='lat' dir='ltr'>eccle-</span> 
     </span>
    </p>
   </div>
   <div class='ocr_carea' id='block_1_44' title="bbox 309 3819 2002 3900">
    <p class='ocr_par' dir='ltr' id='par_1_44' title="bbox 309 3819 2002 3900">
     <span class='ocr_line' id='line_1_45' title="bbox 309 3819 2002 3900; baseline 0.006 -27"><span class='ocrx_word' id='word_1_270' title='bbox 309 3819 455 3873; x_wconf 88' lang='lat' dir='ltr'>siam</span> <span class='ocrx_word' id='word_1_271' title='bbox 485 3821 812 3889; x_wconf 84' lang='lat' dir='ltr'>sepeliatur,</span> <span class='ocrx_word' id='word_1_272' title='bbox 845 3822 956 3875; x_wconf 91' lang='lat' dir='ltr'>nisi</span> <span class='ocrx_word' id='word_1_273' title='bbox 985 3823 1257 3894; x_wconf 89' lang='lat' dir='ltr'>episcopi,</span> <span class='ocrx_word' id='word_1_274' title='bbox 1291 3830 1389 3878; x_wconf 89' lang='lat' dir='ltr'>aut</span> <span class='ocrx_word' id='word_1_275' title='bbox 1418 3825 1669 3893; x_wconf 87' lang='lat' dir='ltr'>abbates,</span> <span class='ocrx_word' id='word_1_276' title='bbox 1715 3833 1816 3881; x_wconf 91' lang='lat' dir='ltr'>aut</span> <span class='ocrx_word' id='word_1_277' title='bbox 1841 3829 2002 3900; x_wconf 80' lang='lat' dir='ltr'>digni</span> 
     </span>
    </p>
   </div>
   <div class='ocr_carea' id='block_1_45' title="bbox 306 3909 1184 3978">
    <p class='ocr_par' dir='ltr' id='par_1_45' title="bbox 306 3909 1184 3978">
     <span class='ocr_line' id='line_1_46' title="bbox 306 3909 1184 3978; baseline 0.003 -17"><span class='ocrx_word' id='word_1_278' title='bbox 306 3909 644 3978; x_wconf 85' lang='lat' dir='ltr'>presbyteri,</span> <span class='ocrx_word' id='word_1_279' title='bbox 680 3910 767 3962; x_wconf 80' lang='lat' dir='ltr'>vel</span> <span class='ocrx_word' id='word_1_280' title='bbox 802 3910 1000 3965; x_wconf 87' lang='lat' dir='ltr'>ﬁdeles</span> <span class='ocrx_word' id='word_1_281' title='bbox 1033 3912 1184 3964; x_wconf 87' lang='lat' dir='ltr'>laici.</span> 
     </span>
    </p>
   </div>
   <div class='ocr_carea' id='block_1_46' title="bbox 308 3997 2001 4070">
    <p class='ocr_par' dir='ltr' id='par_1_46' title="bbox 308 3997 2001 4070">
     <span class='ocr_line' id='line_1_47' title="bbox 308 3997 2001 4070; baseline 0.005 -17"><span class='ocrx_word' id='word_1_282' title='bbox 308 3998 434 4053; x_wconf 80' lang='lat' dir='ltr'><strong>CAP.</strong></span> <span class='ocrx_word' id='word_1_283' title='bbox 478 3997 775 4052; x_wconf 89' lang='lat' dir='ltr'><strong>CCXXXIV.</strong></span> <span class='ocrx_word' id='word_1_284' title='bbox 837 4028 906 4039; x_wconf 90' lang='lat'><strong><em>—</em></strong></span> <span class='ocrx_word' id='word_1_285' title='bbox 969 4000 1125 4064; x_wconf 87' lang='lat' dir='ltr'>Quod</span> <span class='ocrx_word' id='word_1_286' title='bbox 1178 4015 1354 4055; x_wconf 81' lang='lat' dir='ltr'>omnes</span> <span class='ocrx_word' id='word_1_287' title='bbox 1410 4002 1591 4070; x_wconf 81' lang='lat' dir='ltr'>fideles</span> <span class='ocrx_word' id='word_1_288' title='bbox 1656 4007 1715 4059; x_wconf 88' lang='lat' dir='ltr'>in</span> <span class='ocrx_word' id='word_1_289' title='bbox 1781 4008 2001 4061; x_wconf 83' lang='lat' dir='ltr'>ecclesia</span> 
     </span>
    </p>
   </div>
   <div class='ocr_carea' id='block_1_47' title="bbox 675 4071 1624 4139">
    <p class='ocr_par' dir='ltr' id='par_1_47' title="bbox 675 4071 1624 4139">
     <span class='ocr_line' id='line_1_48' title="bbox 675 4071 1624 4139; baseline 0.006 -17"><span class='ocrx_word' id='word_1_290' title='bbox 675 4071 818 4123; x_wconf 84' lang='lat' dir='ltr'>nihil</span> <span class='ocrx_word' id='word_1_291' title='bbox 852 4086 1010 4138; x_wconf 88' lang='lat' dir='ltr'>agere</span> <span class='ocrx_word' id='word_1_292' title='bbox 1041 4071 1286 4139; x_wconf 82' lang='lat' dir='ltr'>debeant,</span> <span class='ocrx_word' id='word_1_293' title='bbox 1313 4075 1422 4126; x_wconf 89' lang='lat' dir='ltr'>nisi</span> <span class='ocrx_word' id='word_1_294' title='bbox 1452 4089 1624 4129; x_wconf 89' lang='lat' dir='ltr'>orare.</span> 
     </span>
    </p>
   </div>
   <div class='ocr_carea' id='block_1_48' title="bbox 377 4158 1999 4230">
    <p class='ocr_par' dir='ltr' id='par_1_48' title="bbox 377 4158 1999 4230">
     <span class='ocr_line' id='line_1_49' title="bbox 377 4158 1999 4230; baseline 0.006 -20"><span class='ocrx_word' id='word_1_295' title='bbox 377 4158 483 4226; x_wconf 79' lang='lat' dir='ltr'>(Ea:</span> <span class='ocrx_word' id='word_1_296' title='bbox 521 4158 708 4210; x_wconf 89' lang='lat' dir='ltr'>concil.</span> <span class='ocrx_word' id='word_1_297' title='bbox 761 4161 1048 4226; x_wconf 69' lang='lat' dir='ltr'>Turonen,</span> <span class='ocrx_word' id='word_1_298' title='bbox 1083 4175 1203 4228; x_wconf 87' lang='lat' dir='ltr'>cap.</span> <span class='ocrx_word' id='word_1_299' title='bbox 1251 4161 1362 4230; x_wconf 92' lang='lat'>38.)</span> <span class='ocrx_word' id='word_1_300' title='bbox 1410 4161 1740 4217; x_wconf 88' lang='lat' dir='ltr'>Sacerdotes</span> <span class='ocrx_word' id='word_1_301' title='bbox 1789 4164 1999 4219; x_wconf 90' lang='lat' dir='ltr'>debent</span> 
     </span>
    </p>
   </div>
   <div class='ocr_carea' id='block_1_49' title="bbox 304 4245 2067 4318">
    <p class='ocr_par' dir='ltr' id='par_1_49' title="bbox 304 4245 2067 4318">
     <span class='ocr_line' id='line_1_50' title="bbox 304 4245 2067 4318; baseline 0.004 -18"><span class='ocrx_word' id='word_1_302' title='bbox 304 4245 502 4300; x_wconf 87' lang='lat' dir='ltr'>ﬁdeles</span> <span class='ocrx_word' id='word_1_303' title='bbox 551 4245 880 4312; x_wconf 89' lang='lat' dir='ltr'>admonere,</span> <span class='ocrx_word' id='word_1_304' title='bbox 937 4251 1000 4300; x_wconf 89' lang='lat' dir='ltr'>ut</span> <span class='ocrx_word' id='word_1_305' title='bbox 1047 4249 1275 4318; x_wconf 89' lang='lat' dir='ltr'>quando</span> <span class='ocrx_word' id='word_1_306' title='bbox 1322 4249 1391 4303; x_wconf 90' lang='lat' dir='ltr'>ad</span> <span class='ocrx_word' id='word_1_307' title='bbox 1441 4251 1736 4305; x_wconf 87' lang='lat' dir='ltr'>ecclesiam</span> <span class='ocrx_word' id='word_1_308' title='bbox 1783 4253 2067 4307; x_wconf 90' lang='lat' dir='ltr'>conve-D</span> 
     </span>
    </p>
   </div>
   <div class='ocr_carea' id='block_1_50' title="bbox 305 4333 1997 4408">
    <p class='ocr_par' dir='ltr' id='par_1_50' title="bbox 305 4333 1997 4408">
     <span class='ocr_line' id='line_1_51' title="bbox 305 4333 1997 4408; baseline 0.005 -22"><span class='ocrx_word' id='word_1_309' title='bbox 305 4333 494 4394; x_wconf 90' lang='lat' dir='ltr'>niunt,</span> <span class='ocrx_word' id='word_1_310' title='bbox 530 4333 651 4388; x_wconf 90' lang='lat' dir='ltr'>sine</span> <span class='ocrx_word' id='word_1_311' title='bbox 681 4335 916 4403; x_wconf 89' lang='lat' dir='ltr'>strepitu</span> <span class='ocrx_word' id='word_1_312' title='bbox 955 4351 1017 4388; x_wconf 91' lang='lat' dir='ltr'>ac</span> <span class='ocrx_word' id='word_1_313' title='bbox 1046 4337 1297 4390; x_wconf 89' lang='lat' dir='ltr'>tumultu</span> <span class='ocrx_word' id='word_1_314' title='bbox 1324 4353 1450 4390; x_wconf 86' lang='lat' dir='ltr'>eam</span> <span class='ocrx_word' id='word_1_315' title='bbox 1483 4338 1903 4408; x_wconf 88' lang='lat' dir='ltr'>ingrediantur,</span> <span class='ocrx_word' id='word_1_316' title='bbox 1936 4341 1997 4395; x_wconf 90' lang='lat' dir='ltr'>in</span> 
     </span>
    </p>
   </div>
   <div class='ocr_carea' id='block_1_51' title="bbox 304 4422 1993 4496">
    <p class='ocr_par' dir='ltr' id='par_1_51' title="bbox 304 4422 1993 4496">
     <span class='ocr_line' id='line_1_52' title="bbox 304 4422 1993 4496; baseline 0.005 -22"><span class='ocrx_word' id='word_1_317' title='bbox 304 4437 418 4491; x_wconf 91' lang='lat' dir='ltr'>qua</span> <span class='ocrx_word' id='word_1_318' title='bbox 475 4422 646 4476; x_wconf 90' lang='lat' dir='ltr'>etiam</span> <span class='ocrx_word' id='word_1_319' title='bbox 700 4423 959 4492; x_wconf 89' lang='lat' dir='ltr'>quandiu</span> <span class='ocrx_word' id='word_1_320' title='bbox 1005 4423 1064 4477; x_wconf 90' lang='lat' dir='ltr'>in</span> <span class='ocrx_word' id='word_1_321' title='bbox 1122 4424 1398 4477; x_wconf 91' lang='lat' dir='ltr'>orationis</span> <span class='ocrx_word' id='word_1_322' title='bbox 1451 4433 1993 4496; x_wconf 68' lang='lat' dir='ltr'>causamorantur,</span> 
     </span>
    </p>
   </div>
   <div class='ocr_carea' id='block_1_52' title="bbox 304 4510 1996 4580">
    <p class='ocr_par' dir='ltr' id='par_1_52' title="bbox 304 4510 1996 4580">
     <span class='ocr_line' id='line_1_53' title="bbox 304 4510 1996 4580; baseline 0.005 -19"><span class='ocrx_word' id='word_1_323' title='bbox 304 4524 670 4579; x_wconf 87' lang='lat' dir='ltr'>nequaquam</span> <span class='ocrx_word' id='word_1_324' title='bbox 719 4510 919 4564; x_wconf 89' lang='lat' dir='ltr'>inanes</span> <span class='ocrx_word' id='word_1_325' title='bbox 953 4511 1104 4565; x_wconf 92' lang='lat' dir='ltr'>inter</span> <span class='ocrx_word' id='word_1_326' title='bbox 1133 4527 1190 4564; x_wconf 88' lang='lat' dir='ltr'>se</span> <span class='ocrx_word' id='word_1_327' title='bbox 1236 4511 1532 4580; x_wconf 86' lang='lat' dir='ltr'>proferant</span> <span class='ocrx_word' id='word_1_328' title='bbox 1579 4515 1996 4570; x_wconf 86' lang='lat' dir='ltr'>confabulatio-</span> 
     </span>
    </p>
   </div>
   <div class='ocr_carea' id='block_1_53' title="bbox 304 4598 1998 4669">
    <p class='ocr_par' dir='ltr' id='par_1_53' title="bbox 304 4598 1998 4669">
     <span class='ocr_line' id='line_1_54' title="bbox 304 4598 1998 4669; baseline 0.006 -21"><span class='ocrx_word' id='word_1_329' title='bbox 304 4613 426 4662; x_wconf 89' lang='lat' dir='ltr'>nes,</span> <span class='ocrx_word' id='word_1_330' title='bbox 461 4598 557 4650; x_wconf 90' lang='lat' dir='ltr'>sed</span> <span class='ocrx_word' id='word_1_331' title='bbox 589 4603 845 4668; x_wconf 91' lang='lat' dir='ltr'>tempore</span> <span class='ocrx_word' id='word_1_332' title='bbox 895 4615 1009 4669; x_wconf 91' lang='lat' dir='ltr'>quo</span> <span class='ocrx_word' id='word_1_333' title='bbox 1041 4600 1349 4653; x_wconf 88' lang='lat' dir='ltr'>missarum</span> <span class='ocrx_word' id='word_1_334' title='bbox 1397 4601 1675 4656; x_wconf 90' lang='lat' dir='ltr'>solemnia</span> <span class='ocrx_word' id='word_1_335' title='bbox 1705 4604 1998 4658; x_wconf 89' lang='lat' dir='ltr'>celebran-</span> 
     </span>
    </p>
   </div>
   <div class='ocr_carea' id='block_1_54' title="bbox 304 4686 1998 4758">
    <p class='ocr_par' dir='ltr' id='par_1_54' title="bbox 304 4686 1998 4758">
     <span class='ocr_line' id='line_1_55' title="bbox 304 4686 1998 4758; baseline 0.006 -20"><span class='ocrx_word' id='word_1_336' title='bbox 304 4689 418 4750; x_wconf 87' lang='lat' dir='ltr'>tur,</span> <span class='ocrx_word' id='word_1_337' title='bbox 453 4700 567 4737; x_wconf 93' lang='lat' dir='ltr'>non</span> <span class='ocrx_word' id='word_1_338' title='bbox 598 4686 782 4740; x_wconf 92' lang='lat' dir='ltr'>solum</span> <span class='ocrx_word' id='word_1_339' title='bbox 807 4687 877 4740; x_wconf 90' lang='lat' dir='ltr'>ab</span> <span class='ocrx_word' id='word_1_340' title='bbox 905 4687 1102 4741; x_wconf 91' lang='lat' dir='ltr'>otiosis</span> <span class='ocrx_word' id='word_1_341' title='bbox 1129 4692 1185 4740; x_wconf 90' lang='lat' dir='ltr'>et</span> <span class='ocrx_word' id='word_1_342' title='bbox 1215 4686 1513 4742; x_wconf 91' lang='lat' dir='ltr'>inutilibus</span> <span class='ocrx_word' id='word_1_343' title='bbox 1540 4691 1741 4758; x_wconf 87' lang='lat' dir='ltr'>verbis,</span> <span class='ocrx_word' id='word_1_344' title='bbox 1777 4709 1998 4747; x_wconf 88' lang='lat' dir='ltr'>verum-</span> 
     </span>
    </p>
   </div>
   <div class='ocr_carea' id='block_1_55' title="bbox 303 4772 1992 4846">
    <p class='ocr_par' dir='ltr' id='par_1_55' title="bbox 303 4772 1992 4846">
     <span class='ocr_line' id='line_1_56' title="bbox 303 4772 1992 4846; baseline 0.005 -18"><span class='ocrx_word' id='word_1_345' title='bbox 303 4772 480 4828; x_wconf 90' lang='lat' dir='ltr'>etiam</span> <span class='ocrx_word' id='word_1_346' title='bbox 523 4777 579 4826; x_wconf 91' lang='lat' dir='ltr'>et</span> <span class='ocrx_word' id='word_1_347' title='bbox 609 4789 642 4826; x_wconf 90' lang='lat' dir='ltr'>a</span> <span class='ocrx_word' id='word_1_348' title='bbox 670 4775 1004 4844; x_wconf 89' lang='lat' dir='ltr'>perniciosis</span> <span class='ocrx_word' id='word_1_349' title='bbox 1052 4775 1498 4846; x_wconf 87' lang='lat' dir='ltr'>cogitationibus</span> <span class='ocrx_word' id='word_1_350' title='bbox 1536 4778 1790 4834; x_wconf 87' lang='lat' dir='ltr'>funditus</span> <span class='ocrx_word' id='word_1_351' title='bbox 1820 4782 1992 4836; x_wconf 90' lang='lat' dir='ltr'>absti-</span> 
     </span>
    </p>
   </div>
   <div class='ocr_carea' id='block_1_56' title="bbox 299 4861 675 4916">
    <p class='ocr_par' dir='ltr' id='par_1_56' title="bbox 299 4861 675 4916">
     <span class='ocr_line' id='line_1_57' title="bbox 299 4861 675 4916; baseline -0.005 0"><span class='ocrx_word' id='word_1_352' title='bbox 299 4861 556 4916; x_wconf 92' lang='lat' dir='ltr'>nendum</span> <span class='ocrx_word' id='word_1_353' title='bbox 583 4861 675 4915; x_wconf 91' lang='lat' dir='ltr'>sit.</span> 
     </span>
    </p>
   </div>
   <div class='ocr_carea' id='block_1_57' title="bbox 299 4951 1994 5024">
    <p class='ocr_par' dir='ltr' id='par_1_57' title="bbox 299 4951 1994 5024">
     <span class='ocr_line' id='line_1_58' title="bbox 299 4951 1994 5024; baseline 0.002 -19"><span class='ocrx_word' id='word_1_354' title='bbox 299 4951 430 5006; x_wconf 80' lang='lat' dir='ltr'><strong>CAP.</strong></span> <span class='ocrx_word' id='word_1_355' title='bbox 491 4951 781 5024; x_wconf 45' lang='lat' dir='ltr'><strong>CCXXXV.</strong></span> <span class='ocrx_word' id='word_1_356' title='bbox 821 4981 889 4991; x_wconf 93' lang='lat'>—</span> <span class='ocrx_word' id='word_1_357' title='bbox 945 4951 1356 5024; x_wconf 83' lang='lat' dir='ltr'>Quod_divina</span> <span class='ocrx_word' id='word_1_358' title='bbox 1413 4954 1693 5008; x_wconf 87' lang='lat' dir='ltr'>clementia</span> <span class='ocrx_word' id='word_1_359' title='bbox 1746 4957 1876 5024; x_wconf 64' lang='lat' dir='ltr'>ﬁscis</span> <span class='ocrx_word' id='word_1_360' title='bbox 1935 4959 1994 5010; x_wconf 88' lang='lat' dir='ltr'>in</span> 
     </span>
    </p>
   </div>
   <div class='ocr_carea' id='block_1_58' title="bbox 370 5021 1994 5094">
    <p class='ocr_par' dir='ltr' id='par_1_58' title="bbox 370 5021 1994 5094">
     <span class='ocr_line' id='line_1_59' title="bbox 370 5021 1994 5094; baseline 0.002 -18"><span class='ocrx_word' id='word_1_361' title='bbox 370 5027 571 5076; x_wconf 88' lang='lat' dir='ltr'>terram</span> <span class='ocrx_word' id='word_1_362' title='bbox 638 5023 860 5094; x_wconf 85' lang='lat' dir='ltr'>genibus</span> <span class='ocrx_word' id='word_1_363' title='bbox 900 5021 1179 5076; x_wconf 69' lang='lat' dir='ltr'>exoranda</span> <span class='ocrx_word' id='word_1_364' title='bbox 1240 5025 1334 5089; x_wconf 89' lang='lat' dir='ltr'>sit,</span> <span class='ocrx_word' id='word_1_365' title='bbox 1400 5025 1513 5077; x_wconf 85' lang='lat' dir='ltr'>nisi</span> <span class='ocrx_word' id='word_1_366' title='bbox 1575 5026 1634 5078; x_wconf 87' lang='lat' dir='ltr'>in</span> <span class='ocrx_word' id='word_1_367' title='bbox 1693 5021 1994 5094; x_wconf 82' lang='lat' dir='ltr'>majoribus</span> 
     </span>
    </p>
   </div>
   <div class='ocr_carea' id='block_1_59' title="bbox 367 5093 820 5148">
    <p class='ocr_par' dir='ltr' id='par_1_59' title="bbox 367 5093 820 5148">
     <span class='ocr_line' id='line_1_60' title="bbox 367 5093 820 5148; baseline -0.004 -1"><span class='ocrx_word' id='word_1_368' title='bbox 367 5093 820 5148; x_wconf 81' lang='lat' dir='ltr'>solemnitatibus.</span> 
     </span>
    </p>
   </div>
   <div class='ocr_carea' id='block_1_60' title="bbox 369 5179 1991 5252">
    <p class='ocr_par' dir='ltr' id='par_1_60' title="bbox 369 5179 1991 5252">
     <span class='ocr_line' id='line_1_61' title="bbox 369 5179 1991 5252; baseline 0.002 -18"><span class='ocrx_word' id='word_1_369' title='bbox 369 5181 488 5246; x_wconf 81' lang='lat' dir='ltr'>(Ea:</span> <span class='ocrx_word' id='word_1_370' title='bbox 518 5181 723 5246; x_wconf 87' lang='lat' dir='ltr'>eodem,</span> <span class='ocrx_word' id='word_1_371' title='bbox 757 5197 875 5250; x_wconf 89' lang='lat' dir='ltr'>cap.</span> <span class='ocrx_word' id='word_1_372' title='bbox 903 5180 1013 5250; x_wconf 87' lang='lat'>37.)</span> <span class='ocrx_word' id='word_1_373' title='bbox 1049 5179 1356 5234; x_wconf 91' lang='lat' dir='ltr'>Sciendum</span> <span class='ocrx_word' id='word_1_374' title='bbox 1407 5187 1490 5235; x_wconf 92' lang='lat' dir='ltr'>est</span> <span class='ocrx_word' id='word_1_375' title='bbox 1536 5182 1689 5251; x_wconf 87' lang='lat' dir='ltr'>quod</span> <span class='ocrx_word' id='word_1_376' title='bbox 1741 5184 1991 5252; x_wconf 85' lang='lat' dir='ltr'>exceptis</span> 
     </span>
    </p>
   </div>
   <div class='ocr_carea' id='block_1_61' title="bbox 297 5267 1991 5340">
    <p class='ocr_par' dir='ltr' id='par_1_61' title="bbox 297 5267 1991 5340">
     <span class='ocr_line' id='line_1_62' title="bbox 297 5267 1991 5340; baseline 0.002 -18"><span class='ocrx_word' id='word_1_377' title='bbox 297 5267 498 5322; x_wconf 88' lang='lat' dir='ltr'>diebus</span> <span class='ocrx_word' id='word_1_378' title='bbox 556 5268 889 5334; x_wconf 90' lang='lat' dir='ltr'>Dominicis,</span> <span class='ocrx_word' id='word_1_379' title='bbox 951 5273 1008 5321; x_wconf 88' lang='lat' dir='ltr'>et</span> <span class='ocrx_word' id='word_1_380' title='bbox 1070 5268 1184 5322; x_wconf 90' lang='lat' dir='ltr'>illis</span> <span class='ocrx_word' id='word_1_381' title='bbox 1252 5269 1708 5323; x_wconf 88' lang='lat' dir='ltr'>solemnitatibus</span> <span class='ocrx_word' id='word_1_382' title='bbox 1782 5271 1991 5340; x_wconf 88' lang='lat' dir='ltr'>quibus</span> 
     </span>
    </p>
   </div>
   <div class='ocr_carea' id='block_1_62' title="bbox 297 5356 1989 5415">
    <p class='ocr_par' dir='ltr' id='par_1_62' title="bbox 297 5356 1989 5415">
     <span class='ocr_line' id='line_1_63' title="bbox 297 5356 1989 5415; baseline 0.002 -5"><span class='ocrx_word' id='word_1_383' title='bbox 297 5362 492 5411; x_wconf 89' lang='lat' dir='ltr'>sancta</span> <span class='ocrx_word' id='word_1_384' title='bbox 552 5361 608 5411; x_wconf 91' lang='lat' dir='ltr'>et</span> <span class='ocrx_word' id='word_1_385' title='bbox 676 5357 1014 5410; x_wconf 82' lang='lat' dir='ltr'>universalis</span> <span class='ocrx_word' id='word_1_386' title='bbox 1098 5356 1338 5410; x_wconf 88' lang='lat' dir='ltr'>Ecclesia</span> <span class='ocrx_word' id='word_1_387' title='bbox 1402 5357 1471 5410; x_wconf 92' lang='lat' dir='ltr'>ob</span> <span class='ocrx_word' id='word_1_388' title='bbox 1532 5359 1989 5415; x_wconf 88' lang='lat' dir='ltr'>recordationem</span> 
     </span>
    </p>
   </div>
   <div class='ocr_carea' id='block_1_63' title="bbox 298 5444 1989 5516">
    <p class='ocr_par' dir='ltr' id='par_1_63' title="bbox 298 5444 1989 5516">
     <span class='ocr_line' id='line_1_64' title="bbox 298 5444 1989 5516; baseline 0.003 -19"><span class='ocrx_word' id='word_1_389' title='bbox 298 5444 606 5499; x_wconf 63' lang='lat' dir='ltr'>Dominicm</span> <span class='ocrx_word' id='word_1_390' title='bbox 662 5445 1093 5498; x_wconf 89' lang='lat' dir='ltr'>resurrectionis</span> <span class='ocrx_word' id='word_1_391' title='bbox 1159 5446 1304 5498; x_wconf 89' lang='lat' dir='ltr'>solet</span> <span class='ocrx_word' id='word_1_392' title='bbox 1361 5447 1562 5500; x_wconf 90' lang='lat' dir='ltr'>stando</span> <span class='ocrx_word' id='word_1_393' title='bbox 1615 5463 1800 5516; x_wconf 89' lang='lat' dir='ltr'>orare,</span> <span class='ocrx_word' id='word_1_394' title='bbox 1861 5449 1989 5504; x_wconf 80' lang='lat' dir='ltr'>ﬁxis</span> 
     </span>
    </p>
   </div>
   <div class='ocr_carea' id='block_1_64' title="bbox 297 5532 1988 5605">
    <p class='ocr_par' dir='ltr' id='par_1_64' title="bbox 297 5532 1988 5605">
     <span class='ocr_line' id='line_1_65' title="bbox 297 5532 1988 5605; baseline 0.004 -19"><span class='ocrx_word' id='word_1_395' title='bbox 297 5532 354 5586; x_wconf 92' lang='lat' dir='ltr'>in</span> <span class='ocrx_word' id='word_1_396' title='bbox 413 5537 622 5588; x_wconf 89' lang='lat' dir='ltr'>terram</span> <span class='ocrx_word' id='word_1_397' title='bbox 692 5533 933 5604; x_wconf 87' lang='lat' dir='ltr'>genibus</span> <span class='ocrx_word' id='word_1_398' title='bbox 1000 5532 1334 5605; x_wconf 88' lang='lat' dir='ltr'>suppliciter</span> <span class='ocrx_word' id='word_1_399' title='bbox 1396 5535 1758 5590; x_wconf 90' lang='lat' dir='ltr'>clementiam</span> <span class='ocrx_word' id='word_1_400' title='bbox 1824 5539 1988 5593; x_wconf 91' lang='lat' dir='ltr'>nobis</span> 
     </span>
    </p>
   </div>
   <div class='ocr_carea' id='block_1_65' title="bbox 2097 513 3801 585">
    <p class='ocr_par' dir='ltr' id='par_1_65' title="bbox 2097 513 3801 585">
     <span class='ocr_line' id='line_1_66' title="bbox 2097 513 3801 585; baseline -0.001 -15"><span class='ocrx_word' id='word_1_401' title='bbox 2097 515 2518 585; x_wconf 89' lang='lat' dir='ltr'>deposcendum</span> <span class='ocrx_word' id='word_1_402' title='bbox 2569 519 2653 567; x_wconf 88' lang='lat' dir='ltr'>est</span> <span class='ocrx_word' id='word_1_403' title='bbox 2686 530 2698 567; x_wconf 93' lang='lat'>:</span> <span class='ocrx_word' id='word_1_404' title='bbox 2733 514 2896 583; x_wconf 80' lang='lat' dir='ltr'>cujus</span> <span class='ocrx_word' id='word_1_405' title='bbox 2939 513 3023 567; x_wconf 88' lang='lat' dir='ltr'>rei</span> <span class='ocrx_word' id='word_1_406' title='bbox 3055 513 3116 567; x_wconf 88' lang='lat' dir='ltr'>in</span> <span class='ocrx_word' id='word_1_407' title='bbox 3159 515 3462 585; x_wconf 86' lang='lat' dir='ltr'>Evangelio</span> <span class='ocrx_word' id='word_1_408' title='bbox 3512 516 3636 584; x_wconf 89' lang='lat' dir='ltr'>ipse</span> <span class='ocrx_word' id='word_1_409' title='bbox 3690 515 3801 568; x_wconf 91' lang='lat' dir='ltr'>Do-</span> 
     </span>
    </p>
   </div>
   <div class='ocr_carea' id='block_1_66' title="bbox 2097 602 3804 674">
    <p class='ocr_par' dir='ltr' id='par_1_66' title="bbox 2097 602 3804 674">
     <span class='ocr_line' id='line_1_67' title="bbox 2097 602 3804 674; baseline -0.001 -17"><span class='ocrx_word' id='word_1_410' title='bbox 2097 605 2290 658; x_wconf 89' lang='lat' dir='ltr'>minus</span> <span class='ocrx_word' id='word_1_411' title='bbox 2360 603 2523 656; x_wconf 89' lang='lat' dir='ltr'>nobis</span> <span class='ocrx_word' id='word_1_412' title='bbox 2584 602 2741 656; x_wconf 91' lang='lat' dir='ltr'>dedit</span> <span class='ocrx_word' id='word_1_413' title='bbox 2797 604 3145 672; x_wconf 85' lang='lat' dir='ltr'>exemplum.</span> <span class='ocrx_word' id='word_1_414' title='bbox 3203 603 3311 657; x_wconf 88' lang='lat' dir='ltr'>Sed</span> <span class='ocrx_word' id='word_1_415' title='bbox 3365 609 3421 657; x_wconf 90' lang='lat' dir='ltr'>et</span> <span class='ocrx_word' id='word_1_416' title='bbox 3478 602 3804 674; x_wconf 88' lang='lat' dir='ltr'>Stephanus</span> 
     </span>
    </p>
   </div>
   <div class='ocr_carea' id='block_1_67' title="bbox 2097 691 3805 762">
    <p class='ocr_par' dir='ltr' id='par_1_67' title="bbox 2097 691 3805 762">
     <span class='ocr_line' id='line_1_68' title="bbox 2097 691 3805 762; baseline -0.001 -16"><span class='ocrx_word' id='word_1_417' title='bbox 2097 699 2336 762; x_wconf 86' lang='lat' dir='ltr'>martyr,</span> <span class='ocrx_word' id='word_1_418' title='bbox 2395 697 2450 745; x_wconf 89' lang='lat' dir='ltr'>et</span> <span class='ocrx_word' id='word_1_419' title='bbox 2501 692 2794 761; x_wconf 91' lang='lat' dir='ltr'>apostolus</span> <span class='ocrx_word' id='word_1_420' title='bbox 2855 691 3060 744; x_wconf 90' lang='lat' dir='ltr'>Paulus</span> <span class='ocrx_word' id='word_1_421' title='bbox 3113 691 3314 745; x_wconf 90' lang='lat' dir='ltr'>eadem</span> <span class='ocrx_word' id='word_1_422' title='bbox 3373 692 3596 759; x_wconf 86' lang='lat' dir='ltr'>fecisse,</span> <span class='ocrx_word' id='word_1_423' title='bbox 3661 692 3805 746; x_wconf 91' lang='lat' dir='ltr'>liber</span> 
     </span>
    </p>
   </div>
   <div class='ocr_carea' id='block_1_68' title="bbox 2097 779 3803 851">
    <p class='ocr_par' dir='ltr' id='par_1_68' title="bbox 2097 779 3803 851">
     <span class='ocr_line' id='line_1_69' title="bbox 2097 779 3803 851; baseline 0 -17"><span class='ocrx_word' id='word_1_424' title='bbox 2097 784 2268 834; x_wconf 85' lang='lat' dir='ltr'>Actus</span> <span class='ocrx_word' id='word_1_425' title='bbox 2321 781 2715 850; x_wconf 87' lang='lat' dir='ltr'>apostolorum</span> <span class='ocrx_word' id='word_1_426' title='bbox 2779 779 2934 833; x_wconf 88' lang='lat' dir='ltr'>testis</span> <span class='ocrx_word' id='word_1_427' title='bbox 2990 784 3097 845; x_wconf 90' lang='lat' dir='ltr'>est,</span> <span class='ocrx_word' id='word_1_428' title='bbox 3155 795 3223 833; x_wconf 83' lang='lat' dir='ltr'>ex</span> <span class='ocrx_word' id='word_1_429' title='bbox 3290 780 3500 850; x_wconf 91' lang='lat' dir='ltr'>quibus</span> <span class='ocrx_word' id='word_1_430' title='bbox 3552 781 3803 851; x_wconf 84' lang='lat' dir='ltr'>intelligi</span> 
     </span>
    </p>
   </div>
   <div class='ocr_carea' id='block_1_69' title="bbox 2098 867 3802 938">
    <p class='ocr_par' dir='ltr' id='par_1_69' title="bbox 2098 867 3802 938">
     <span class='ocr_line' id='line_1_70' title="bbox 2098 867 3802 938; baseline -0.001 -15"><span class='ocrx_word' id='word_1_431' title='bbox 2098 869 2283 934; x_wconf 89' lang='lat' dir='ltr'>datur,</span> <span class='ocrx_word' id='word_1_432' title='bbox 2348 873 2610 938; x_wconf 81' lang='lat' dir='ltr'>oportere</span> <span class='ocrx_word' id='word_1_433' title='bbox 2674 867 3061 920; x_wconf 59' lang='lat' dir='ltr'>Christianum</span> <span class='ocrx_word' id='word_1_434' title='bbox 3123 868 3421 922; x_wconf 90' lang='lat' dir='ltr'>humiliter</span> <span class='ocrx_word' id='word_1_435' title='bbox 3474 869 3533 922; x_wconf 91' lang='lat' dir='ltr'>in</span> <span class='ocrx_word' id='word_1_436' title='bbox 3585 874 3802 922; x_wconf 88' lang='lat' dir='ltr'>terram</span> 
     </span>
    </p>
   </div>
   <div class='ocr_carea' id='block_1_70' title="bbox 2097 955 3804 1026">
    <p class='ocr_par' dir='ltr' id='par_1_70' title="bbox 2097 955 3804 1026">
     <span class='ocr_line' id='line_1_71' title="bbox 2097 955 3804 1026; baseline 0.001 -17"><span class='ocrx_word' id='word_1_437' title='bbox 2097 957 2406 1026; x_wconf 89' lang='lat' dir='ltr'>prosterni,</span> <span class='ocrx_word' id='word_1_438' title='bbox 2460 971 2532 1008; x_wconf 90' lang='lat' dir='ltr'>ne</span> <span class='ocrx_word' id='word_1_439' title='bbox 2575 955 2724 1010; x_wconf 83' lang='lat' dir='ltr'>forte</span> <span class='ocrx_word' id='word_1_440' title='bbox 2754 957 2838 1007; x_wconf 70' lang='lat' dir='ltr'>liti</span> <span class='ocrx_word' id='word_1_441' title='bbox 2872 955 3095 1009; x_wconf 89' lang='lat' dir='ltr'>dicatur</span> <span class='ocrx_word' id='word_1_442' title='bbox 3126 971 3139 1009; x_wconf 89' lang='lat'><strong>:</strong></span> <span class='ocrx_word' id='word_1_443' title='bbox 3171 956 3282 1009; x_wconf 90' lang='lat' dir='ltr'>Cur</span> <span class='ocrx_word' id='word_1_444' title='bbox 3325 957 3623 1026; x_wconf 89' lang='lat' dir='ltr'>superbiat</span> <span class='ocrx_word' id='word_1_445' title='bbox 3650 963 3804 1010; x_wconf 89' lang='lat' dir='ltr'>terra</span> 
     </span>
    </p>
   </div>
   <div class='ocr_carea' id='block_1_71' title="bbox 2099 1044 2365 1097">
    <p class='ocr_par' dir='ltr' id='par_1_71' title="bbox 2099 1044 2365 1097">
     <span class='ocr_line' id='line_1_72' title="bbox 2099 1044 2365 1097; baseline 0 0"><span class='ocrx_word' id='word_1_446' title='bbox 2099 1049 2152 1097; x_wconf 92' lang='lat' dir='ltr'>et</span> <span class='ocrx_word' id='word_1_447' title='bbox 2180 1044 2320 1097; x_wconf 87' lang='lat' dir='ltr'>ciuis</span> <span class='ocrx_word' id='word_1_448' title='bbox 2337 1047 2365 1097; x_wconf 86' lang='lat'><strong><em>?</em></strong></span> 
     </span>
    </p>
   </div>
   <div class='ocr_carea' id='block_1_72' title="bbox 2100 1132 3802 1197">
    <p class='ocr_par' dir='ltr' id='par_1_72' title="bbox 2100 1132 3802 1197">
     <span class='ocr_line' id='line_1_73' title="bbox 2100 1132 3802 1197; baseline -0.001 -10"><span class='ocrx_word' id='word_1_449' title='bbox 2100 1134 2228 1187; x_wconf 79' lang='lat' dir='ltr'><strong>CAP.</strong></span> <span class='ocrx_word' id='word_1_450' title='bbox 2301 1132 2602 1187; x_wconf 89' lang='lat' dir='ltr'><strong>CCXXXVI.</strong></span> <span class='ocrx_word' id='word_1_451' title='bbox 2669 1161 2742 1170; x_wconf 90' lang='lat'>—-</span> <span class='ocrx_word' id='word_1_452' title='bbox 2808 1132 2964 1197; x_wconf 87' lang='lat' dir='ltr'>Quod</span> <span class='ocrx_word' id='word_1_453' title='bbox 3013 1147 3120 1185; x_wconf 89' lang='lat' dir='ltr'>non</span> <span class='ocrx_word' id='word_1_454' title='bbox 3177 1133 3335 1186; x_wconf 88' lang='lat' dir='ltr'>liceat</span> <span class='ocrx_word' id='word_1_455' title='bbox 3380 1135 3608 1187; x_wconf 84' lang='lat' dir='ltr'>mortuis</span> <span class='ocrx_word' id='word_1_456' title='bbox 3647 1148 3802 1187; x_wconf 88' lang='lat' dir='ltr'>oscu-</span> 
     </span>
    </p>
   </div>
   <div class='ocr_carea' id='block_1_73' title="bbox 2811 1221 3101 1275">
    <p class='ocr_par' dir='ltr' id='par_1_73' title="bbox 2811 1221 3101 1275">
     <span class='ocr_line' id='line_1_74' title="bbox 2811 1221 3101 1275; baseline 0 -1"><span class='ocrx_word' id='word_1_457' title='bbox 2811 1222 2919 1274; x_wconf 90' lang='lat' dir='ltr'>lum</span> <span class='ocrx_word' id='word_1_458' title='bbox 2949 1221 3101 1275; x_wconf 87' lang='lat' dir='ltr'>dare.</span> 
     </span>
    </p>
   </div>
   <div class='ocr_carea' id='block_1_74' title="bbox 2173 1309 3805 1379">
    <p class='ocr_par' dir='ltr' id='par_1_74' title="bbox 2173 1309 3805 1379">
     <span class='ocr_line' id='line_1_75' title="bbox 2173 1309 3805 1379; baseline -0.001 -15"><span class='ocrx_word' id='word_1_459' title='bbox 2173 1310 2282 1379; x_wconf 71' lang='lat' dir='ltr'>(Ea:</span> <span class='ocrx_word' id='word_1_460' title='bbox 2333 1311 2521 1363; x_wconf 88' lang='lat' dir='ltr'>concil.</span> <span class='ocrx_word' id='word_1_461' title='bbox 2580 1309 2881 1377; x_wconf 86' lang='lat' dir='ltr'>Agathen.,</span> <span class='ocrx_word' id='word_1_462' title='bbox 2921 1325 3041 1377; x_wconf 87' lang='lat' dir='ltr'>cap.</span> <span class='ocrx_word' id='word_1_463' title='bbox 3081 1309 3152 1377; x_wconf 90' lang='lat'>3.)</span> <span class='ocrx_word' id='word_1_464' title='bbox 3203 1310 3328 1363; x_wconf 89' lang='lat' dir='ltr'>Non</span> <span class='ocrx_word' id='word_1_465' title='bbox 3381 1309 3511 1364; x_wconf 91' lang='lat' dir='ltr'>licet</span> <span class='ocrx_word' id='word_1_466' title='bbox 3557 1309 3805 1363; x_wconf 87' lang='lat' dir='ltr'>mortuis</span> 
     </span>
    </p>
   </div>
   <div class='ocr_carea' id='block_1_75' title="bbox 2102 1396 3804 1467">
    <p class='ocr_par' dir='ltr' id='par_1_75' title="bbox 2102 1396 3804 1467">
     <span class='ocr_line' id='line_1_76' title="bbox 2102 1396 3804 1467; baseline 0 -17"><span class='ocrx_word' id='word_1_467' title='bbox 2102 1399 2364 1451; x_wconf 91' lang='lat' dir='ltr'>osculum</span> <span class='ocrx_word' id='word_1_468' title='bbox 2413 1398 2570 1463; x_wconf 89' lang='lat' dir='ltr'>dare,</span> <span class='ocrx_word' id='word_1_469' title='bbox 2618 1413 2722 1450; x_wconf 90' lang='lat' dir='ltr'>nec</span> <span class='ocrx_word' id='word_1_470' title='bbox 2776 1396 2968 1466; x_wconf 91' lang='lat' dir='ltr'>palliis</span> <span class='ocrx_word' id='word_1_471' title='bbox 3017 1413 3144 1467; x_wconf 64' lang='lat' dir='ltr'>quae</span> <span class='ocrx_word' id='word_1_472' title='bbox 3205 1397 3262 1450; x_wconf 93' lang='lat' dir='ltr'>in</span> <span class='ocrx_word' id='word_1_473' title='bbox 3297 1397 3574 1451; x_wconf 88' lang='lat' dir='ltr'>sacriﬁcio</span> <span class='ocrx_word' id='word_1_474' title='bbox 3631 1413 3804 1467; x_wconf 83' lang='lat' dir='ltr'>super</span> 
     </span>
    </p>
   </div>
   <div class='ocr_carea' id='block_1_76' title="bbox 2102 1484 3804 1554">
    <p class='ocr_par' dir='ltr' id='par_1_76' title="bbox 2102 1484 3804 1554">
     <span class='ocr_line' id='line_1_77' title="bbox 2102 1484 3804 1554; baseline -0.001 -17"><span class='ocrx_word' id='word_1_475' title='bbox 2102 1485 2280 1538; x_wconf 89' lang='lat' dir='ltr'>altare</span> <span class='ocrx_word' id='word_1_476' title='bbox 2311 1488 2624 1554; x_wconf 90' lang='lat' dir='ltr'>ponuntur,</span> <span class='ocrx_word' id='word_1_477' title='bbox 2675 1499 2919 1553; x_wconf 90' lang='lat' dir='ltr'>corpora</span> <span class='ocrx_word' id='word_1_478' title='bbox 2975 1500 3174 1538; x_wconf 88' lang='lat' dir='ltr'>eorum</span> <span class='ocrx_word' id='word_1_479' title='bbox 3207 1484 3516 1551; x_wconf 87' lang='lat' dir='ltr'>involvere,</span> <span class='ocrx_word' id='word_1_480' title='bbox 3574 1485 3662 1538; x_wconf 79' lang='lat' dir='ltr'>vel</span> <span class='ocrx_word' id='word_1_481' title='bbox 3710 1500 3804 1537; x_wconf 91' lang='lat' dir='ltr'>su-</span> 
     </span>
    </p>
   </div>
   <div class='ocr_carea' id='block_1_77' title="bbox 2103 1573 2776 1643">
    <p class='ocr_par' dir='ltr' id='par_1_77' title="bbox 2103 1573 2776 1643">
     <span class='ocr_line' id='line_1_78' title="bbox 2103 1573 2776 1643; baseline 0.001 -18"><span class='ocrx_word' id='word_1_482' title='bbox 2103 1589 2206 1643; x_wconf 90' lang='lat' dir='ltr'>per</span> <span class='ocrx_word' id='word_1_483' title='bbox 2236 1573 2510 1626; x_wconf 90' lang='lat' dir='ltr'>feretrum</span> <span class='ocrx_word' id='word_1_484' title='bbox 2542 1588 2776 1640; x_wconf 91' lang='lat' dir='ltr'>ponere.</span> 
     </span>
    </p>
   </div>
   <div class='ocr_carea' id='block_1_78' title="bbox 2225 1659 3686 1730">
    <p class='ocr_par' dir='ltr' id='par_1_78' title="bbox 2225 1659 3686 1730">
     <span class='ocr_line' id='line_1_79' title="bbox 2225 1659 3686 1730; baseline -0.001 -15"><span class='ocrx_word' id='word_1_485' title='bbox 2225 1662 2352 1716; x_wconf 81' lang='lat' dir='ltr'><strong>CAP.</strong></span> <span class='ocrx_word' id='word_1_486' title='bbox 2383 1661 2711 1715; x_wconf 89' lang='lat' dir='ltr'><strong>CCXXXVII.</strong></span> <span class='ocrx_word' id='word_1_487' title='bbox 2746 1690 2816 1700; x_wconf 93' lang='lat'><strong><em>—</em></strong></span> <span class='ocrx_word' id='word_1_488' title='bbox 2849 1659 2950 1714; x_wconf 87' lang='lat' dir='ltr'>Ubi</span> <span class='ocrx_word' id='word_1_489' title='bbox 2974 1661 3161 1726; x_wconf 80' lang='lat' dir='ltr'>ﬁdeles</span> <span class='ocrx_word' id='word_1_490' title='bbox 3189 1663 3408 1730; x_wconf 86' lang='lat' dir='ltr'>sepeliri</span> <span class='ocrx_word' id='word_1_491' title='bbox 3436 1662 3686 1716; x_wconf 86' lang='lat' dir='ltr'>debeant.</span> 
     </span>
    </p>
   </div>
   <div class='ocr_carea' id='block_1_79' title="bbox 2175 1748 3803 1819">
    <p class='ocr_par' dir='ltr' id='par_1_79' title="bbox 2175 1748 3803 1819">
     <span class='ocr_line' id='line_1_80' title="bbox 2175 1748 3803 1819; baseline 0.002 -18"><span class='ocrx_word' id='word_1_492' title='bbox 2175 1749 2292 1816; x_wconf 70' lang='lat' dir='ltr'>(Em</span> <span class='ocrx_word' id='word_1_493' title='bbox 2324 1750 2510 1802; x_wconf 88' lang='lat' dir='ltr'>concil.</span> <span class='ocrx_word' id='word_1_494' title='bbox 2558 1748 2882 1813; x_wconf 81' lang='lat' dir='ltr'>Triburien.,</span> <span class='ocrx_word' id='word_1_495' title='bbox 2915 1751 3002 1801; x_wconf 88' lang='lat' dir='ltr'>cui</span> <span class='ocrx_word' id='word_1_496' title='bbox 3031 1751 3288 1815; x_wconf 79' lang='lat' dir='ltr'>interfuit</span> <span class='ocrx_word' id='word_1_497' title='bbox 3330 1765 3428 1802; x_wconf 71' lang='lat' dir='ltr'>rex</span> <span class='ocrx_word' id='word_1_498' title='bbox 3457 1750 3803 1819; x_wconf 82' lang='lat' dir='ltr'>Arnolphus,</span> 
     </span>
    </p>
   </div>
   <div class='ocr_carea' id='block_1_80' title="bbox 2101 1836 3808 1908">
    <p class='ocr_par' dir='ltr' id='par_1_80' title="bbox 2101 1836 3808 1908">
     <span class='ocr_line' id='line_1_81' title="bbox 2101 1836 3808 1908; baseline 0.001 -18"><span class='ocrx_word' id='word_1_499' title='bbox 2101 1851 2220 1905; x_wconf 87' lang='lat' dir='ltr'>cap.</span> <span class='ocrx_word' id='word_1_500' title='bbox 2271 1838 2380 1902; x_wconf 84' lang='grc'>15.)</span> <span class='ocrx_word' id='word_1_501' title='bbox 2431 1836 2622 1889; x_wconf 82' lang='lat' dir='ltr'>Restat</span> <span class='ocrx_word' id='word_1_502' title='bbox 2659 1841 2893 1905; x_wconf 90' lang='lat' dir='ltr'>propter</span> <span class='ocrx_word' id='word_1_503' title='bbox 2936 1836 3268 1904; x_wconf 89' lang='lat' dir='ltr'>instantem,</span> <span class='ocrx_word' id='word_1_504' title='bbox 3321 1854 3450 1908; x_wconf 77' lang='lat' dir='ltr'>quae</span> <span class='ocrx_word' id='word_1_505' title='bbox 3496 1844 3635 1892; x_wconf 94' lang='lat' dir='ltr'>tunc</span> <span class='ocrx_word' id='word_1_506' title='bbox 3681 1854 3808 1891; x_wconf 86' lang='lat' dir='ltr'>ma-</span> 
     </span>
    </p>
   </div>
   <div class='ocr_carea' id='block_1_81' title="bbox 2101 1924 3803 1996">
    <p class='ocr_par' dir='ltr' id='par_1_81' title="bbox 2101 1924 3803 1996">
     <span class='ocr_line' id='line_1_82' title="bbox 2101 1924 3803 1996; baseline 0.003 -20"><span class='ocrx_word' id='word_1_507' title='bbox 2101 1925 2256 1977; x_wconf 81' lang='lat' dir='ltr'>xima</span> <span class='ocrx_word' id='word_1_508' title='bbox 2303 1924 2568 1990; x_wconf 88' lang='lat' dir='ltr'>occurrit,</span> <span class='ocrx_word' id='word_1_509' title='bbox 2617 1924 3015 1978; x_wconf 90' lang='lat' dir='ltr'>necessitatem</span> <span class='ocrx_word' id='word_1_510' title='bbox 3059 1925 3389 1996; x_wconf 90' lang='lat' dir='ltr'>ubicunque</span> <span class='ocrx_word' id='word_1_511' title='bbox 3430 1926 3670 1980; x_wconf 85' lang='lat' dir='ltr'>facultas</span> <span class='ocrx_word' id='word_1_512' title='bbox 3717 1944 3803 1981; x_wconf 90' lang='lat' dir='ltr'>re-</span> 
     </span>
    </p>
   </div>
   <div class='ocr_carea' id='block_1_82' title="bbox 2100 2012 3801 2084">
    <p class='ocr_par' dir='ltr' id='par_1_82' title="bbox 2100 2012 3801 2084">
     <span class='ocr_line' id='line_1_83' title="bbox 2100 2012 3801 2084; baseline 0.001 -18"><span class='ocrx_word' id='word_1_513' title='bbox 2100 2028 2230 2066; x_wconf 88' lang='lat' dir='ltr'>rum</span> <span class='ocrx_word' id='word_1_514' title='bbox 2269 2016 2325 2065; x_wconf 93' lang='lat' dir='ltr'>et</span> <span class='ocrx_word' id='word_1_515' title='bbox 2353 2012 2753 2081; x_wconf 88' lang='lat' dir='ltr'>opportunitas</span> <span class='ocrx_word' id='word_1_516' title='bbox 2779 2017 3108 2082; x_wconf 89' lang='lat' dir='ltr'>temporum</span> <span class='ocrx_word' id='word_1_517' title='bbox 3139 2019 3407 2084; x_wconf 86' lang='lat' dir='ltr'>suppetat</span> <span class='ocrx_word' id='word_1_518' title='bbox 3437 2015 3801 2084; x_wconf 85' lang='lat' dir='ltr'>sepulturam</span> 
     </span>
    </p>
   </div>
   <div class='ocr_carea' id='block_1_83' title="bbox 2102 2099 3803 2173">
    <p class='ocr_par' dir='ltr' id='par_1_83' title="bbox 2102 2099 3803 2173">
     <span class='ocr_line' id='line_1_84' title="bbox 2102 2099 3803 2173; baseline 0.001 -19"><span class='ocrx_word' id='word_1_519' title='bbox 2102 2099 2470 2154; x_wconf 90' lang='lat' dir='ltr'>morientium</span> <span class='ocrx_word' id='word_1_520' title='bbox 2519 2101 2672 2170; x_wconf 89' lang='lat' dir='ltr'>apud</span> <span class='ocrx_word' id='word_1_521' title='bbox 2712 2100 3036 2166; x_wconf 91' lang='lat' dir='ltr'>ecclesiam,</span> <span class='ocrx_word' id='word_1_522' title='bbox 3069 2101 3167 2154; x_wconf 88' lang='lat' dir='ltr'>ubi</span> <span class='ocrx_word' id='word_1_523' title='bbox 3217 2103 3378 2155; x_wconf 91' lang='lat' dir='ltr'>sedes</span> <span class='ocrx_word' id='word_1_524' title='bbox 3408 2107 3493 2155; x_wconf 89' lang='lat' dir='ltr'>est</span> <span class='ocrx_word' id='word_1_525' title='bbox 3522 2103 3803 2173; x_wconf 90' lang='lat' dir='ltr'>episcopi,</span> 
     </span>
    </p>
   </div>
   <div class='ocr_carea' id='block_1_84' title="bbox 2101 2187 3804 2261">
    <p class='ocr_par' dir='ltr' id='par_1_84' title="bbox 2101 2187 3804 2261">
     <span class='ocr_line' id='line_1_85' title="bbox 2101 2187 3804 2261; baseline 0.002 -20"><span class='ocrx_word' id='word_1_526' title='bbox 2101 2187 2394 2241; x_wconf 86' lang='lat' dir='ltr'>celebrari.</span> <span class='ocrx_word' id='word_1_527' title='bbox 2450 2187 2508 2242; x_wconf 91' lang='lat' dir='ltr'>Si</span> <span class='ocrx_word' id='word_1_528' title='bbox 2554 2194 2749 2242; x_wconf 90' lang='lat' dir='ltr'>autem</span> <span class='ocrx_word' id='word_1_529' title='bbox 2799 2189 2908 2242; x_wconf 87' lang='lat' dir='ltr'>hoc</span> <span class='ocrx_word' id='word_1_530' title='bbox 2936 2195 3176 2259; x_wconf 88' lang='lat' dir='ltr'>propter</span> <span class='ocrx_word' id='word_1_531' title='bbox 3211 2190 3431 2244; x_wconf 87' lang='lat' dir='ltr'>itineris</span> <span class='ocrx_word' id='word_1_532' title='bbox 3472 2191 3804 2261; x_wconf 87' lang='lat' dir='ltr'>longinqui-</span> 
     </span>
    </p>
   </div>
   <div class='ocr_carea' id='block_1_85' title="bbox 2101 2275 3807 2348">
    <p class='ocr_par' dir='ltr' id='par_1_85' title="bbox 2101 2275 3807 2348">
     <span class='ocr_line' id='line_1_86' title="bbox 2101 2275 3807 2348; baseline 0.002 -20"><span class='ocrx_word' id='word_1_533' title='bbox 2101 2280 2275 2328; x_wconf 90' lang='lat' dir='ltr'>tatem</span> <span class='ocrx_word' id='word_1_534' title='bbox 2313 2279 2410 2328; x_wconf 88' lang='lat' dir='ltr'>aut</span> <span class='ocrx_word' id='word_1_535' title='bbox 2430 2275 2783 2344; x_wconf 85' lang='lat' dir='ltr'>adjacentem</span> <span class='ocrx_word' id='word_1_536' title='bbox 2824 2276 3065 2345; x_wconf 86' lang='lat' dir='ltr'>alicujus</span> <span class='ocrx_word' id='word_1_537' title='bbox 3103 2276 3609 2348; x_wconf 90' lang='lat' dir='ltr'>inopportunitatis</span> <span class='ocrx_word' id='word_1_538' title='bbox 3657 2277 3807 2332; x_wconf 87' lang='lat' dir='ltr'>difﬁ-</span> 
     </span>
    </p>
   </div>
   <div class='ocr_carea' id='block_1_86' title="bbox 2101 2363 3803 2435">
    <p class='ocr_par' dir='ltr' id='par_1_86' title="bbox 2101 2363 3803 2435">
     <span class='ocr_line' id='line_1_87' title="bbox 2101 2363 3803 2435; baseline 0.004 -20"><span class='ocrx_word' id='word_1_539' title='bbox 2101 2363 2371 2416; x_wconf 90' lang='lat' dir='ltr'>cultatem</span> <span class='ocrx_word' id='word_1_540' title='bbox 2423 2363 2780 2432; x_wconf 90' lang='lat' dir='ltr'>impossibile</span> <span class='ocrx_word' id='word_1_541' title='bbox 2824 2364 3109 2430; x_wconf 88' lang='lat' dir='ltr'>videatur,</span> <span class='ocrx_word' id='word_1_542' title='bbox 3147 2371 3441 2435; x_wconf 88' lang='lat' dir='ltr'>exspectet</span> <span class='ocrx_word' id='word_1_543' title='bbox 3469 2383 3601 2420; x_wconf 91' lang='lat' dir='ltr'>eum</span> <span class='ocrx_word' id='word_1_544' title='bbox 3647 2372 3803 2420; x_wconf 90' lang='lat' dir='ltr'>terra</span> 
     </span>
    </p>
   </div>
   <div class='ocr_carea' id='block_1_87' title="bbox 2103 2451 3807 2522">
    <p class='ocr_par' dir='ltr' id='par_1_87' title="bbox 2103 2451 3807 2522">
     <span class='ocr_line' id='line_1_88' title="bbox 2103 2451 3807 2522; baseline 0.004 -19"><span class='ocrx_word' id='word_1_545' title='bbox 2103 2451 2410 2520; x_wconf 76' lang='lat' dir='ltr'>sepulturae</span> <span class='ocrx_word' id='word_1_546' title='bbox 2457 2468 2574 2505; x_wconf 78' lang='lat' dir='ltr'>suae</span> <span class='ocrx_word' id='word_1_547' title='bbox 2623 2468 2738 2522; x_wconf 92' lang='lat' dir='ltr'>quo</span> <span class='ocrx_word' id='word_1_548' title='bbox 2783 2453 3190 2506; x_wconf 89' lang='lat' dir='ltr'>canonicorum</span> <span class='ocrx_word' id='word_1_549' title='bbox 3237 2459 3336 2507; x_wconf 90' lang='lat' dir='ltr'>aut</span> <span class='ocrx_word' id='word_1_550' title='bbox 3386 2456 3807 2509; x_wconf 90' lang='lat' dir='ltr'>monachorum</span> 
     </span>
    </p>
   </div>
   <div class='ocr_carea' id='block_1_88' title="bbox 2105 2539 3809 2611">
    <p class='ocr_par' dir='ltr' id='par_1_88' title="bbox 2105 2539 3809 2611">
     <span class='ocr_line' id='line_1_89' title="bbox 2105 2539 3809 2611; baseline 0.003 -19"><span class='ocrx_word' id='word_1_551' title='bbox 2105 2540 2221 2593; x_wconf 91' lang='lat' dir='ltr'>sive</span> <span class='ocrx_word' id='word_1_552' title='bbox 2266 2539 2792 2594; x_wconf 89' lang='lat' dir='ltr'>sanctimonialium</span> <span class='ocrx_word' id='word_1_553' title='bbox 2837 2547 3209 2611; x_wconf 77' lang='lat' dir='ltr'>congregatio</span> <span class='ocrx_word' id='word_1_554' title='bbox 3241 2549 3436 2597; x_wconf 90' lang='lat' dir='ltr'>sancta</span> <span class='ocrx_word' id='word_1_555' title='bbox 3482 2546 3809 2596; x_wconf 78' lang='lat' dir='ltr'>communi—</span> 
     </span>
    </p>
   </div>
   <div class='ocr_carea' id='block_1_89' title="bbox 2103 2629 3811 2701">
    <p class='ocr_par' dir='ltr' id='par_1_89' title="bbox 2103 2629 3811 2701">
     <span class='ocr_line' id='line_1_90' title="bbox 2103 2629 3811 2701; baseline 0.003 -20"><span class='ocrx_word' id='word_1_556' title='bbox 2103 2633 2192 2681; x_wconf 90' lang='lat' dir='ltr'>ter</span> <span class='ocrx_word' id='word_1_557' title='bbox 2247 2629 2438 2696; x_wconf 90' lang='lat' dir='ltr'>degat,</span> <span class='ocrx_word' id='word_1_558' title='bbox 2498 2634 2563 2682; x_wconf 87' lang='lat' dir='ltr'>ut</span> <span class='ocrx_word' id='word_1_559' title='bbox 2620 2645 2820 2682; x_wconf 90' lang='lat' dir='ltr'>eorum</span> <span class='ocrx_word' id='word_1_560' title='bbox 2875 2630 3230 2684; x_wconf 88' lang='lat' dir='ltr'>orationibus</span> <span class='ocrx_word' id='word_1_561' title='bbox 3282 2632 3463 2701; x_wconf 91' lang='lat' dir='ltr'>judici</span> <span class='ocrx_word' id='word_1_562' title='bbox 3504 2649 3606 2685; x_wconf 91' lang='lat' dir='ltr'>suo</span> <span class='ocrx_word' id='word_1_563' title='bbox 3656 2649 3811 2686; x_wconf 93' lang='lat' dir='ltr'>com-</span> 
     </span>
    </p>
   </div>
   <div class='ocr_carea' id='block_1_90' title="bbox 2107 2717 3809 2781">
    <p class='ocr_par' dir='ltr' id='par_1_90' title="bbox 2107 2717 3809 2781">
     <span class='ocr_line' id='line_1_91' title="bbox 2107 2717 3809 2781; baseline 0.004 -13"><span class='ocrx_word' id='word_1_564' title='bbox 2107 2717 2412 2770; x_wconf 89' lang='lat' dir='ltr'>mendatus</span> <span class='ocrx_word' id='word_1_565' title='bbox 2505 2722 2782 2781; x_wconf 89' lang='lat' dir='ltr'>occurrat,</span> <span class='ocrx_word' id='word_1_566' title='bbox 2858 2723 2911 2771; x_wconf 89' lang='lat' dir='ltr'>et</span> <span class='ocrx_word' id='word_1_567' title='bbox 2990 2719 3388 2773; x_wconf 90' lang='lat' dir='ltr'>remissionem</span> <span class='ocrx_word' id='word_1_568' title='bbox 3467 2720 3809 2774; x_wconf 89' lang='lat' dir='ltr'>delictorum</span> 
     </span>
    </p>
   </div>
   <div class='ocr_carea' id='block_1_91' title="bbox 2107 2806 3806 2874">
    <p class='ocr_par' dir='ltr' id='par_1_91' title="bbox 2107 2806 3806 2874">
     <span class='ocr_line' id='line_1_92' title="bbox 2107 2806 3806 2874; baseline 0.004 -17"><span class='ocrx_word' id='word_1_569' title='bbox 2107 2820 2279 2874; x_wconf 89' lang='lat' dir='ltr'>quam</span> <span class='ocrx_word' id='word_1_570' title='bbox 2319 2806 2539 2859; x_wconf 88' lang='lat' dir='ltr'>meritis</span> <span class='ocrx_word' id='word_1_571' title='bbox 2582 2822 2700 2860; x_wconf 93' lang='lat' dir='ltr'>non</span> <span class='ocrx_word' id='word_1_572' title='bbox 2731 2807 2973 2873; x_wconf 91' lang='lat' dir='ltr'>obtinet,</span> <span class='ocrx_word' id='word_1_573' title='bbox 3017 2808 3250 2862; x_wconf 91' lang='lat' dir='ltr'>illorum</span> <span class='ocrx_word' id='word_1_574' title='bbox 3297 2808 3806 2864; x_wconf 89' lang='lat' dir='ltr'>intercessionibus</span> 
     </span>
    </p>
   </div>
   <div class='ocr_carea' id='block_1_92' title="bbox 2107 2892 3808 2965">
    <p class='ocr_par' dir='ltr' id='par_1_92' title="bbox 2107 2892 3808 2965">
     <span class='ocr_line' id='line_1_93' title="bbox 2107 2892 3808 2965; baseline 0.004 -20"><span class='ocrx_word' id='word_1_575' title='bbox 2107 2892 2406 2962; x_wconf 91' lang='lat' dir='ltr'>percipiat.</span> <span class='ocrx_word' id='word_1_576' title='bbox 2491 2893 2650 2956; x_wconf 87' lang='lat' dir='ltr'>Quod</span> <span class='ocrx_word' id='word_1_577' title='bbox 2709 2894 2757 2946; x_wconf 94' lang='lat' dir='ltr'>si</span> <span class='ocrx_word' id='word_1_578' title='bbox 2831 2899 2888 2947; x_wconf 90' lang='lat' dir='ltr'>et</span> <span class='ocrx_word' id='word_1_579' title='bbox 2944 2895 3054 2948; x_wconf 92' lang='lat' dir='ltr'>hoc</span> <span class='ocrx_word' id='word_1_580' title='bbox 3105 2895 3368 2965; x_wconf 91' lang='lat' dir='ltr'>ineptum</span> <span class='ocrx_word' id='word_1_581' title='bbox 3441 2902 3497 2950; x_wconf 91' lang='lat' dir='ltr'>et</span> <span class='ocrx_word' id='word_1_582' title='bbox 3571 2897 3808 2952; x_wconf 89' lang='lat' dir='ltr'>difﬁcile</span> 
     </span>
    </p>
   </div>
   <div class='ocr_carea' id='block_1_93' title="bbox 2033 2980 3808 3055">
    <p class='ocr_par' dir='ltr' id='par_1_93' title="bbox 2033 2980 3808 3055">
     <span class='ocr_line' id='line_1_94' title="bbox 2033 2980 3808 3055; baseline 0.002 -20"><span class='ocrx_word' id='word_1_583' title='bbox 2033 2981 2074 3035; x_wconf 95' lang='lat' dir='ltr'>C</span> <span class='ocrx_word' id='word_1_584' title='bbox 2111 2980 2444 3044; x_wconf 73' lang='lat' dir='ltr'>aestimetur,</span> <span class='ocrx_word' id='word_1_585' title='bbox 2510 2981 2607 3035; x_wconf 91' lang='lat' dir='ltr'>ubi</span> <span class='ocrx_word' id='word_1_586' title='bbox 2659 2981 2940 3035; x_wconf 88' lang='lat' dir='ltr'>decimam</span> <span class='ocrx_word' id='word_1_587' title='bbox 2987 2983 3346 3052; x_wconf 88' lang='lat' dir='ltr'>persolvebat</span> <span class='ocrx_word' id='word_1_588' title='bbox 3405 2984 3584 3052; x_wconf 88' lang='lat' dir='ltr'>vivus,</span> <span class='ocrx_word' id='word_1_589' title='bbox 3637 3001 3808 3055; x_wconf 89' lang='lat' dir='ltr'>sepe-</span> 
     </span>
    </p>
   </div>
   <div class='ocr_carea' id='block_1_94' title="bbox 2111 3068 2597 3123">
    <p class='ocr_par' dir='ltr' id='par_1_94' title="bbox 2111 3068 2597 3123">
     <span class='ocr_line' id='line_1_95' title="bbox 2111 3068 2597 3123; baseline 0.004 -3"><span class='ocrx_word' id='word_1_590' title='bbox 2111 3068 2283 3120; x_wconf 89' lang='lat' dir='ltr'>liatur</span> <span class='ocrx_word' id='word_1_591' title='bbox 2312 3074 2597 3123; x_wconf 90' lang='lat' dir='ltr'>mortuus.</span> 
     </span>
    </p>
   </div>
   <div class='ocr_carea' id='block_1_95' title="bbox 2111 3157 3807 3231">
    <p class='ocr_par' dir='ltr' id='par_1_95' title="bbox 2111 3157 3807 3231">
     <span class='ocr_line' id='line_1_96' title="bbox 2111 3157 3807 3231; baseline 0.004 -22"><span class='ocrx_word' id='word_1_592' title='bbox 2111 3157 2237 3211; x_wconf 80' lang='lat' dir='ltr'><strong>CAP.</strong></span> <span class='ocrx_word' id='word_1_593' title='bbox 2290 3157 2662 3212; x_wconf 83' lang='lat' dir='ltr'><strong>CCXXXVIII.</strong></span> <span class='ocrx_word' id='word_1_594' title='bbox 2713 3189 2781 3196; x_wconf 93' lang='lat'><strong><em>—</em></strong></span> <span class='ocrx_word' id='word_1_595' title='bbox 2830 3160 2897 3213; x_wconf 89' lang='lat' dir='ltr'>Ut</span> <span class='ocrx_word' id='word_1_596' title='bbox 2951 3159 3250 3214; x_wconf 85' lang='lat' dir='ltr'>sacerdotes</span> <span class='ocrx_word' id='word_1_597' title='bbox 3297 3161 3371 3214; x_wconf 86' lang='lat' dir='ltr'>ad</span> <span class='ocrx_word' id='word_1_598' title='bbox 3427 3166 3634 3231; x_wconf 87' lang='lat' dir='ltr'>tempus</span> <span class='ocrx_word' id='word_1_599' title='bbox 3681 3178 3807 3216; x_wconf 89' lang='lat' dir='ltr'>ora-</span> 
     </span>
    </p>
   </div>
   <div class='ocr_carea' id='block_1_96' title="bbox 2386 3247 3527 3316">
    <p class='ocr_par' dir='ltr' id='par_1_96' title="bbox 2386 3247 3527 3316">
     <span class='ocr_line' id='line_1_97' title="bbox 2386 3247 3527 3316; baseline 0.004 -18"><span class='ocrx_word' id='word_1_600' title='bbox 2386 3247 2620 3299; x_wconf 86' lang='lat' dir='ltr'>tionibus</span> <span class='ocrx_word' id='word_1_601' title='bbox 2650 3251 2856 3312; x_wconf 80' lang='lat' dir='ltr'>vacent,</span> <span class='ocrx_word' id='word_1_602' title='bbox 2886 3253 3175 3316; x_wconf 86' lang='lat' dir='ltr'>antequam</span> <span class='ocrx_word' id='word_1_603' title='bbox 3205 3251 3527 3316; x_wconf 83' lang='lat' dir='ltr'>sacriﬁcent.</span> 
     </span>
    </p>
   </div>
   <div class='ocr_carea' id='block_1_97' title="bbox 2183 3333 3809 3405">
    <p class='ocr_par' dir='ltr' id='par_1_97' title="bbox 2183 3333 3809 3405">
     <span class='ocr_line' id='line_1_98' title="bbox 2183 3333 3809 3405; baseline 0.004 -20"><span class='ocrx_word' id='word_1_604' title='bbox 2183 3335 2291 3398; x_wconf 77' lang='lat' dir='ltr'>(Ea:</span> <span class='ocrx_word' id='word_1_605' title='bbox 2320 3333 2516 3386; x_wconf 82' lang='lat' dir='ltr'>decret.</span> <span class='ocrx_word' id='word_1_606' title='bbox 2577 3335 2873 3388; x_wconf 83' lang='lat' dir='ltr'>Innocentii</span> <span class='ocrx_word' id='word_1_607' title='bbox 2924 3350 3101 3403; x_wconf 69' lang='lat' dir='ltr'>papae,</span> <span class='ocrx_word' id='word_1_608' title='bbox 3134 3349 3254 3403; x_wconf 88' lang='lat' dir='ltr'>cap.</span> <span class='ocrx_word' id='word_1_609' title='bbox 3297 3336 3410 3405; x_wconf 81' lang='lat'>26.)</span> <span class='ocrx_word' id='word_1_610' title='bbox 3463 3337 3606 3390; x_wconf 88' lang='lat' dir='ltr'>Nam</span> <span class='ocrx_word' id='word_1_611' title='bbox 3661 3339 3809 3392; x_wconf 87' lang='lat' dir='ltr'>Pau-</span> 
     </span>
    </p>
   </div>
   <div class='ocr_carea' id='block_1_98' title="bbox 2111 3420 3809 3480">
    <p class='ocr_par' dir='ltr' id='par_1_98' title="bbox 2111 3420 3809 3480">
     <span class='ocr_line' id='line_1_99' title="bbox 2111 3420 3809 3480; baseline 0.004 -7"><span class='ocrx_word' id='word_1_612' title='bbox 2111 3420 2198 3473; x_wconf 90' lang='lat' dir='ltr'>lus</span> <span class='ocrx_word' id='word_1_613' title='bbox 2267 3420 2336 3473; x_wconf 90' lang='lat' dir='ltr'>ad</span> <span class='ocrx_word' id='word_1_614' title='bbox 2394 3421 2718 3475; x_wconf 90' lang='lat' dir='ltr'>Corinthios</span> <span class='ocrx_word' id='word_1_615' title='bbox 2785 3422 2982 3476; x_wconf 89' lang='lat' dir='ltr'>scribit</span> <span class='ocrx_word' id='word_1_616' title='bbox 3054 3423 3285 3477; x_wconf 91' lang='lat' dir='ltr'>dicens:</span> <span class='ocrx_word' id='word_1_617' title='bbox 3339 3424 3632 3480; x_wconf 81' lang='lat' dir='ltr'>Abstinete</span> <span class='ocrx_word' id='word_1_618' title='bbox 3711 3443 3809 3480; x_wconf 81' lang='lat' dir='ltr'>vos</span> 
     </span>
    </p>
   </div>
   <div class='ocr_carea' id='block_1_99' title="bbox 2111 3508 3812 3584">
    <p class='ocr_par' dir='ltr' id='par_1_99' title="bbox 2111 3508 3812 3584">
     <span class='ocr_line' id='line_1_100' title="bbox 2111 3508 3812 3584; baseline 0.005 -23"><span class='ocrx_word' id='word_1_619' title='bbox 2111 3508 2181 3562; x_wconf 90' lang='lat' dir='ltr'>ad</span> <span class='ocrx_word' id='word_1_620' title='bbox 2224 3513 2453 3577; x_wconf 89' lang='lat' dir='ltr'>tempus</span> <span class='ocrx_word' id='word_1_621' title='bbox 2503 3513 2566 3562; x_wconf 89' lang='lat' dir='ltr'>ut</span> <span class='ocrx_word' id='word_1_622' title='bbox 2595 3508 2805 3563; x_wconf 87' lang='lat' dir='ltr'>vacetis</span> <span class='ocrx_word' id='word_1_623' title='bbox 2849 3510 3114 3578; x_wconf 89' lang='lat' dir='ltr'>orationi,</span> <span class='ocrx_word' id='word_1_624' title='bbox 3162 3518 3220 3565; x_wconf 89' lang='lat' dir='ltr'>et</span> <span class='ocrx_word' id='word_1_625' title='bbox 3266 3512 3372 3566; x_wconf 91' lang='lat' dir='ltr'>hoc</span> <span class='ocrx_word' id='word_1_626' title='bbox 3402 3513 3600 3584; x_wconf 89' lang='lat' dir='ltr'>utique</span> <span class='ocrx_word' id='word_1_627' title='bbox 3650 3515 3812 3569; x_wconf 91' lang='lat' dir='ltr'>laicis</span> 
     </span>
    </p>
   </div>
   <div class='ocr_carea' id='block_1_100' title="bbox 2109 3596 3810 3670">
    <p class='ocr_par' dir='ltr' id='par_1_100' title="bbox 2109 3596 3810 3670">
     <span class='ocr_line' id='line_1_101' title="bbox 2109 3596 3810 3670; baseline 0.006 -22"><span class='ocrx_word' id='word_1_628' title='bbox 2109 3596 2405 3666; x_wconf 65' lang='lat' dir='ltr'>praecepit,</span> <span class='ocrx_word' id='word_1_629' title='bbox 2472 3597 2653 3650; x_wconf 90' lang='lat' dir='ltr'>multo</span> <span class='ocrx_word' id='word_1_630' title='bbox 2742 3597 2926 3668; x_wconf 89' lang='lat' dir='ltr'>magis</span> <span class='ocrx_word' id='word_1_631' title='bbox 3001 3599 3412 3667; x_wconf 90' lang='lat' dir='ltr'>sacerdotibus,</span> <span class='ocrx_word' id='word_1_632' title='bbox 3472 3603 3682 3670; x_wconf 87' lang='lat' dir='ltr'>quibus</span> <span class='ocrx_word' id='word_1_633' title='bbox 3753 3609 3810 3658; x_wconf 90' lang='lat' dir='ltr'>et</span> 
     </span>
    </p>
   </div>
   <div class='ocr_carea' id='block_1_101' title="bbox 2112 3685 3806 3760">
    <p class='ocr_par' dir='ltr' id='par_1_101' title="bbox 2112 3685 3806 3760">
     <span class='ocr_line' id='line_1_102' title="bbox 2112 3685 3806 3760; baseline 0.005 -23"><span class='ocrx_word' id='word_1_634' title='bbox 2112 3685 2317 3738; x_wconf 88' lang='lat' dir='ltr'>orandi</span> <span class='ocrx_word' id='word_1_635' title='bbox 2348 3689 2403 3738; x_wconf 93' lang='lat' dir='ltr'>et</span> <span class='ocrx_word' id='word_1_636' title='bbox 2445 3685 2805 3740; x_wconf 89' lang='lat' dir='ltr'>sacriﬁcandi</span> <span class='ocrx_word' id='word_1_637' title='bbox 2829 3686 2969 3756; x_wconf 85' lang='lat' dir='ltr'>juge</span> <span class='ocrx_word' id='word_1_638' title='bbox 3004 3688 3256 3742; x_wconf 89' lang='lat' dir='ltr'>ofﬁcium</span> <span class='ocrx_word' id='word_1_639' title='bbox 3289 3693 3409 3742; x_wconf 89' lang='lat' dir='ltr'>est:</span> <span class='ocrx_word' id='word_1_640' title='bbox 3455 3707 3682 3760; x_wconf 84' lang='lat' dir='ltr'>semper</span> <span class='ocrx_word' id='word_1_641' title='bbox 3707 3691 3806 3745; x_wconf 83' lang='lat' dir='ltr'>de-</span> 
     </span>
    </p>
   </div>
   <div class='ocr_carea' id='block_1_102' title="bbox 2110 3773 3807 3844">
    <p class='ocr_par' dir='ltr' id='par_1_102' title="bbox 2110 3773 3807 3844">
     <span class='ocr_line' id='line_1_103' title="bbox 2110 3773 3807 3844; baseline 0.004 -17"><span class='ocrx_word' id='word_1_642' title='bbox 2110 3773 2328 3827; x_wconf 87' lang='lat' dir='ltr'>bebunt</span> <span class='ocrx_word' id='word_1_643' title='bbox 2376 3774 2446 3827; x_wconf 93' lang='lat' dir='ltr'>ab</span> <span class='ocrx_word' id='word_1_644' title='bbox 2501 3773 2836 3844; x_wconf 91' lang='lat' dir='ltr'>hujusmodi</span> <span class='ocrx_word' id='word_1_645' title='bbox 2889 3776 3176 3830; x_wconf 90' lang='lat' dir='ltr'>consortio</span> <span class='ocrx_word' id='word_1_646' title='bbox 3233 3777 3534 3832; x_wconf 88' lang='lat' dir='ltr'>abstinere.</span> <span class='ocrx_word' id='word_1_647' title='bbox 3596 3779 3705 3842; x_wconf 90' lang='lat' dir='ltr'>Qui</span> <span class='ocrx_word' id='word_1_648' title='bbox 3761 3781 3807 3834; x_wconf 93' lang='lat' dir='ltr'>si</span> 
     </span>
    </p>
   </div>
   <div class='ocr_carea' id='block_1_103' title="bbox 2109 3861 3804 3939">
    <p class='ocr_par' dir='ltr' id='par_1_103' title="bbox 2109 3861 3804 3939">
     <span class='ocr_line' id='line_1_104' title="bbox 2109 3861 3804 3939; baseline 0.005 -25"><span class='ocrx_word' id='word_1_649' title='bbox 2109 3861 2532 3916; x_wconf 89' lang='lat' dir='ltr'>contaminatus</span> <span class='ocrx_word' id='word_1_650' title='bbox 2610 3862 2784 3917; x_wconf 90' lang='lat' dir='ltr'>fuerit</span> <span class='ocrx_word' id='word_1_651' title='bbox 2857 3864 3074 3918; x_wconf 89' lang='lat' dir='ltr'>carnali</span> <span class='ocrx_word' id='word_1_652' title='bbox 3135 3865 3613 3936; x_wconf 90' lang='lat' dir='ltr'>concupiscentia,</span> <span class='ocrx_word' id='word_1_653' title='bbox 3689 3885 3804 3939; x_wconf 91' lang='lat' dir='ltr'>quo</span> 
     </span>
    </p>
   </div>
   <div class='ocr_carea' id='block_1_104' title="bbox 2107 3950 3804 4028">
    <p class='ocr_par' dir='ltr' id='par_1_104' title="bbox 2107 3950 3804 4028">
     <span class='ocr_line' id='line_1_105' title="bbox 2107 3950 3804 4028; baseline 0.005 -25"><span class='ocrx_word' id='word_1_654' title='bbox 2107 3950 2328 4019; x_wconf 90' lang='lat' dir='ltr'>pudore</span> <span class='ocrx_word' id='word_1_655' title='bbox 2387 3952 2472 4003; x_wconf 86' lang='lat' dir='ltr'>vel</span> <span class='ocrx_word' id='word_1_656' title='bbox 2529 3951 2846 4005; x_wconf 84' lang='lat' dir='ltr'>sacriﬁcare</span> <span class='ocrx_word' id='word_1_657' title='bbox 2891 3953 3133 4006; x_wconf 87' lang='lat' dir='ltr'>forsitan</span> <span class='ocrx_word' id='word_1_658' title='bbox 3183 3955 3501 4024; x_wconf 89' lang='lat' dir='ltr'>nsurpabit,</span> <span class='ocrx_word' id='word_1_659' title='bbox 3552 3961 3652 4010; x_wconf 88' lang='lat' dir='ltr'>aut</span> <span class='ocrx_word' id='word_1_660' title='bbox 3690 3974 3804 4028; x_wconf 91' lang='lat' dir='ltr'>qua</span> 
     </span>
    </p>
   </div>
   <div class='ocr_carea' id='block_1_105' title="bbox 2108 4036 3801 4110">
    <p class='ocr_par' dir='ltr' id='par_1_105' title="bbox 2108 4036 3801 4110">
     <span class='ocr_line' id='line_1_106' title="bbox 2108 4036 3801 4110; baseline 0.005 -21"><span class='ocrx_word' id='word_1_661' title='bbox 2108 4036 2478 4106; x_wconf 86' lang='lat' dir='ltr'>conscientia,</span> <span class='ocrx_word' id='word_1_662' title='bbox 2527 4053 2712 4108; x_wconf 88' lang='lat' dir='ltr'>quove</span> <span class='ocrx_word' id='word_1_663' title='bbox 2769 4041 2973 4092; x_wconf 89' lang='lat' dir='ltr'>merito</span> <span class='ocrx_word' id='word_1_664' title='bbox 3022 4041 3276 4094; x_wconf 85' lang='lat' dir='ltr'>exaudiri</span> <span class='ocrx_word' id='word_1_665' title='bbox 3324 4059 3382 4094; x_wconf 92' lang='lat' dir='ltr'>se</span> <span class='ocrx_word' id='word_1_666' title='bbox 3414 4043 3615 4110; x_wconf 88' lang='lat' dir='ltr'>credit,</span> <span class='ocrx_word' id='word_1_667' title='bbox 3670 4060 3801 4098; x_wconf 93' lang='lat' dir='ltr'>cum</span> 
     </span>
    </p>
   </div>
   <div class='ocr_carea' id='block_1_106' title="bbox 2109 4124 3804 4202">
    <p class='ocr_par' dir='ltr' id='par_1_106' title="bbox 2109 4124 3804 4202">
     <span class='ocr_line' id='line_1_107' title="bbox 2109 4124 3804 4202; baseline 0.005 -24"><span class='ocrx_word' id='word_1_668' title='bbox 2109 4124 2326 4178; x_wconf 91' lang='lat' dir='ltr'>dictum</span> <span class='ocrx_word' id='word_1_669' title='bbox 2397 4125 2507 4179; x_wconf 89' lang='lat' dir='ltr'>sit:</span> <span class='ocrx_word' id='word_1_670' title='bbox 2587 4127 2792 4181; x_wconf 91' lang='lat' dir='ltr'>Omnia</span> <span class='ocrx_word' id='word_1_671' title='bbox 2845 4128 3062 4182; x_wconf 91' lang='lat' dir='ltr'>munda</span> <span class='ocrx_word' id='word_1_672' title='bbox 3118 4129 3344 4183; x_wconf 91' lang='lat' dir='ltr'>mundis</span> <span class='ocrx_word' id='word_1_673' title='bbox 3415 4131 3804 4202; x_wconf 89' lang='lat' dir='ltr'>coinquinatis</span> 
     </span>
    </p>
   </div>
   <div class='ocr_carea' id='block_1_107' title="bbox 2109 4215 3273 4272">
    <p class='ocr_par' dir='ltr' id='par_1_107' title="bbox 2109 4215 3273 4272">
     <span class='ocr_line' id='line_1_108' title="bbox 2109 4215 3273 4272; baseline 0.005 -7"><span class='ocrx_word' id='word_1_674' title='bbox 2109 4217 2300 4266; x_wconf 89' lang='lat' dir='ltr'>autem</span> <span class='ocrx_word' id='word_1_675' title='bbox 2334 4219 2390 4266; x_wconf 90' lang='lat' dir='ltr'>et</span> <span class='ocrx_word' id='word_1_676' title='bbox 2419 4215 2748 4269; x_wconf 87' lang='lat' dir='ltr'>inﬁdelibus</span> <span class='ocrx_word' id='word_1_677' title='bbox 2779 4216 2922 4270; x_wconf 91' lang='lat' dir='ltr'>nihil</span> <span class='ocrx_word' id='word_1_678' title='bbox 2951 4217 3273 4272; x_wconf 85' lang='lat' dir='ltr'>mundum?</span> 
     </span>
    </p>
   </div>
   <div class='ocr_carea' id='block_1_108' title="bbox 2108 4290 3802 4377">
    <p class='ocr_par' dir='ltr' id='par_1_108' title="bbox 2108 4290 3802 4377">
     <span class='ocr_line' id='line_1_109' title="bbox 2108 4290 3802 4377; baseline 0.005 -21"><span class='ocrx_word' id='word_1_679' title='bbox 2108 4302 2242 4356; x_wconf 79' lang='lat' dir='ltr'><strong>CAP.</strong></span> <span class='ocrx_word' id='word_1_680' title='bbox 2289 4301 2587 4357; x_wconf 88' lang='lat' dir='ltr'><strong>CCXXXIX.</strong></span> <span class='ocrx_word' id='word_1_681' title='bbox 2642 4333 2713 4342; x_wconf 90' lang='lat'>—</span> <span class='ocrx_word' id='word_1_682' title='bbox 2763 4307 2838 4358; x_wconf 93' lang='lat' dir='ltr'>De</span> <span class='ocrx_word' id='word_1_683' title='bbox 2894 4306 3051 4359; x_wconf 90' lang='lat' dir='ltr'>laicis</span> <span class='ocrx_word' id='word_1_684' title='bbox 3098 4290 3195 4374; x_wconf 85' lang='lat' dir='ltr'>qui</span> <span class='ocrx_word' id='word_1_685' title='bbox 3246 4310 3501 4377; x_wconf 85' lang='lat' dir='ltr'>proprias</span> <span class='ocrx_word' id='word_1_686' title='bbox 3555 4311 3802 4364; x_wconf 86' lang='lat' dir='ltr'>ecclesias</span> 
     </span>
    </p>
   </div>
   <div class='ocr_carea' id='block_1_109' title="bbox 2847 4393 3063 4447">
    <p class='ocr_par' dir='ltr' id='par_1_109' title="bbox 2847 4393 3063 4447">
     <span class='ocr_line' id='line_1_110' title="bbox 2847 4393 3063 4447; baseline 0.005 -1"><span class='ocrx_word' id='word_1_687' title='bbox 2847 4393 3063 4447; x_wconf 84' lang='lat' dir='ltr'>habent.</span> 
     </span>
    </p>
   </div>
   <div class='ocr_carea' id='block_1_110' title="bbox 2177 4478 3794 4552">
    <p class='ocr_par' dir='ltr' id='par_1_110' title="bbox 2177 4478 3794 4552">
     <span class='ocr_line' id='line_1_111' title="bbox 2177 4478 3794 4552; baseline 0.004 -20"><span class='ocrx_word' id='word_1_688' title='bbox 2177 4478 2285 4548; x_wconf 77' lang='lat' dir='ltr'>(Ea:</span> <span class='ocrx_word' id='word_1_689' title='bbox 2350 4480 2536 4533; x_wconf 87' lang='lat' dir='ltr'>concil.</span> <span class='ocrx_word' id='word_1_690' title='bbox 2602 4481 2865 4546; x_wconf 85' lang='lat' dir='ltr'>Remensi,</span> <span class='ocrx_word' id='word_1_691' title='bbox 2928 4486 3191 4550; x_wconf 76' lang='lat' dir='ltr'>praesente</span> <span class='ocrx_word' id='word_1_692' title='bbox 3247 4483 3510 4538; x_wconf 86' lang='lat' dir='ltr'>Ludovico</span> <span class='ocrx_word' id='word_1_693' title='bbox 3568 4485 3794 4552; x_wconf 82' lang='lat' dir='ltr'>impera-</span> 
     </span>
    </p>
   </div>
   <div class='ocr_carea' id='block_1_111' title="bbox 2104 4568 3796 4640">
    <p class='ocr_par' dir='ltr' id='par_1_111' title="bbox 2104 4568 3796 4640">
     <span class='ocr_line' id='line_1_112' title="bbox 2104 4568 3796 4640; baseline 0.004 -20"><span class='ocrx_word' id='word_1_694' title='bbox 2104 4571 2236 4634; x_wconf 86' lang='lat' dir='ltr'>tore,</span> <span class='ocrx_word' id='word_1_695' title='bbox 2293 4583 2412 4636; x_wconf 84' lang='lat' dir='ltr'>cap.</span> <span class='ocrx_word' id='word_1_696' title='bbox 2464 4571 2538 4633; x_wconf 83' lang='lat'>5.)</span> <span class='ocrx_word' id='word_1_697' title='bbox 2590 4568 2648 4622; x_wconf 92' lang='lat' dir='ltr'>Si</span> <span class='ocrx_word' id='word_1_698' title='bbox 2700 4569 2828 4622; x_wconf 91' lang='lat' dir='ltr'>laici</span> <span class='ocrx_word' id='word_1_699' title='bbox 2876 4571 3124 4640; x_wconf 88' lang='lat' dir='ltr'>capellas</span> <span class='ocrx_word' id='word_1_700' title='bbox 3167 4571 3428 4640; x_wconf 91' lang='lat' dir='ltr'>proprias</span> <span class='ocrx_word' id='word_1_701' title='bbox 3471 4571 3796 4637; x_wconf 86' lang='lat' dir='ltr'>habuerint,</span> 
     </span>
    </p>
   </div>
   <div class='ocr_carea' id='block_1_112' title="bbox 2102 4653 3801 4728">
    <p class='ocr_par' dir='ltr' id='par_1_112' title="bbox 2102 4653 3801 4728">
     <span class='ocr_line' id='line_1_113' title="bbox 2102 4653 3801 4728; baseline 0.004 -22"><span class='ocrx_word' id='word_1_702' title='bbox 2102 4669 2137 4706; x_wconf 93' lang='lat' dir='ltr'>a</span> <span class='ocrx_word' id='word_1_703' title='bbox 2191 4653 2412 4708; x_wconf 87' lang='lat' dir='ltr'>ratione</span> <span class='ocrx_word' id='word_1_704' title='bbox 2467 4660 2525 4708; x_wconf 91' lang='lat' dir='ltr'>et</span> <span class='ocrx_word' id='word_1_705' title='bbox 2583 4656 2923 4710; x_wconf 90' lang='lat' dir='ltr'>auctoritate</span> <span class='ocrx_word' id='word_1_706' title='bbox 2975 4657 3227 4710; x_wconf 89' lang='lat' dir='ltr'>alienum</span> <span class='ocrx_word' id='word_1_707' title='bbox 3283 4657 3529 4711; x_wconf 88' lang='lat' dir='ltr'>habetur</span> <span class='ocrx_word' id='word_1_708' title='bbox 3581 4665 3644 4712; x_wconf 90' lang='lat' dir='ltr'>ut</span> <span class='ocrx_word' id='word_1_709' title='bbox 3689 4659 3801 4728; x_wconf 89' lang='lat' dir='ltr'>ipsi</span> 
     </span>
    </p>
   </div>
   <div class='ocr_carea' id='block_1_113' title="bbox 2104 4741 3799 4815">
    <p class='ocr_par' dir='ltr' id='par_1_113' title="bbox 2104 4741 3799 4815">
     <span class='ocr_line' id='line_1_114' title="bbox 2104 4741 3799 4815; baseline 0.004 -20"><span class='ocrx_word' id='word_1_710' title='bbox 2104 4741 2354 4796; x_wconf 88' lang='lat' dir='ltr'>decimas</span> <span class='ocrx_word' id='word_1_711' title='bbox 2383 4742 2687 4812; x_wconf 87' lang='lat' dir='ltr'>accipiant,</span> <span class='ocrx_word' id='word_1_712' title='bbox 2721 4749 2777 4797; x_wconf 87' lang='lat' dir='ltr'>et</span> <span class='ocrx_word' id='word_1_713' title='bbox 2815 4743 2946 4798; x_wconf 90' lang='lat' dir='ltr'>inde</span> <span class='ocrx_word' id='word_1_714' title='bbox 2974 4761 3142 4798; x_wconf 91' lang='lat' dir='ltr'>canes</span> <span class='ocrx_word' id='word_1_715' title='bbox 3173 4751 3270 4799; x_wconf 88' lang='lat' dir='ltr'>aut</span> <span class='ocrx_word' id='word_1_716' title='bbox 3301 4745 3632 4815; x_wconf 85' lang='lat' dir='ltr'>genitiarias</span> <span class='ocrx_word' id='word_1_717' title='bbox 3665 4764 3799 4802; x_wconf 88' lang='lat' dir='ltr'>suas</span> 
     </span>
    </p>
   </div>
   <div class='ocr_carea' id='block_1_114' title="bbox 2101 4832 3800 4904">
    <p class='ocr_par' dir='ltr' id='par_1_114' title="bbox 2101 4832 3800 4904">
     <span class='ocr_line' id='line_1_115' title="bbox 2101 4832 3800 4904; baseline 0.004 -21"><span class='ocrx_word' id='word_1_718' title='bbox 2101 4836 2358 4900; x_wconf 90' lang='lat' dir='ltr'>pascant,</span> <span class='ocrx_word' id='word_1_719' title='bbox 2441 4832 2539 4885; x_wconf 90' lang='lat' dir='ltr'>sed</span> <span class='ocrx_word' id='word_1_720' title='bbox 2612 4832 2806 4901; x_wconf 90' lang='lat' dir='ltr'>potius</span> <span class='ocrx_word' id='word_1_721' title='bbox 2871 4834 3192 4904; x_wconf 81' lang='lat' dir='ltr'>presbyteri</span> <span class='ocrx_word' id='word_1_722' title='bbox 3270 4834 3637 4889; x_wconf 89' lang='lat' dir='ltr'>ecclesiarum</span> <span class='ocrx_word' id='word_1_723' title='bbox 3704 4853 3800 4891; x_wconf 87' lang='lat' dir='ltr'>eas</span> 
     </span>
    </p>
   </div>
   <div class='ocr_carea' id='block_1_115' title="bbox 2103 4920 3801 4992">
    <p class='ocr_par' dir='ltr' id='par_1_115' title="bbox 2103 4920 3801 4992">
     <span class='ocr_line' id='line_1_116' title="bbox 2103 4920 3801 4992; baseline 0.005 -20"><span class='ocrx_word' id='word_1_724' title='bbox 2103 4920 2402 4989; x_wconf 88' lang='lat' dir='ltr'>accipiant,</span> <span class='ocrx_word' id='word_1_725' title='bbox 2465 4925 2521 4973; x_wconf 92' lang='lat' dir='ltr'>et</span> <span class='ocrx_word' id='word_1_726' title='bbox 2570 4921 2702 4974; x_wconf 91' lang='lat' dir='ltr'>inde</span> <span class='ocrx_word' id='word_1_727' title='bbox 2753 4923 3230 4976; x_wconf 89' lang='lat' dir='ltr'>restaurationem</span> <span class='ocrx_word' id='word_1_728' title='bbox 3294 4923 3684 4992; x_wconf 84' lang='lat' dir='ltr'>ecclesiarum,</span> <span class='ocrx_word' id='word_1_729' title='bbox 3743 4931 3801 4980; x_wconf 88' lang='lat' dir='ltr'>et</span> 
     </span>
    </p>
   </div>
   <div class='ocr_carea' id='block_1_116' title="bbox 2103 5007 3798 5082">
    <p class='ocr_par' dir='ltr' id='par_1_116' title="bbox 2103 5007 3798 5082">
     <span class='ocr_line' id='line_1_117' title="bbox 2103 5007 3798 5082; baseline 0.005 -22"><span class='ocrx_word' id='word_1_730' title='bbox 2103 5007 2430 5076; x_wconf 88' lang='lat' dir='ltr'>luminaria,</span> <span class='ocrx_word' id='word_1_731' title='bbox 2480 5013 2537 5062; x_wconf 89' lang='lat' dir='ltr'>et</span> <span class='ocrx_word' id='word_1_732' title='bbox 2592 5009 2884 5079; x_wconf 90' lang='lat' dir='ltr'>hospitum</span> <span class='ocrx_word' id='word_1_733' title='bbox 2917 5027 2981 5064; x_wconf 89' lang='lat' dir='ltr'>ac</span> <span class='ocrx_word' id='word_1_734' title='bbox 3029 5027 3351 5081; x_wconf 89' lang='lat' dir='ltr'>pauperum</span> <span class='ocrx_word' id='word_1_735' title='bbox 3409 5013 3798 5082; x_wconf 89' lang='lat' dir='ltr'>receptionem</span> 
     </span>
    </p>
   </div>
   <div class='ocr_carea' id='block_1_117' title="bbox 2100 5095 3797 5169">
    <p class='ocr_par' dir='ltr' id='par_1_117' title="bbox 2100 5095 3797 5169">
     <span class='ocr_line' id='line_1_118' title="bbox 2100 5095 3797 5169; baseline 0.005 -21"><span class='ocrx_word' id='word_1_736' title='bbox 2100 5095 2424 5162; x_wconf 85' lang='lat' dir='ltr'>exhibeant,</span> <span class='ocrx_word' id='word_1_737' title='bbox 2474 5101 2529 5150; x_wconf 91' lang='lat' dir='ltr'>et</span> <span class='ocrx_word' id='word_1_738' title='bbox 2561 5114 2664 5168; x_wconf 91' lang='lat' dir='ltr'>pro</span> <span class='ocrx_word' id='word_1_739' title='bbox 2710 5103 2900 5152; x_wconf 91' lang='lat' dir='ltr'>sancta</span> <span class='ocrx_word' id='word_1_740' title='bbox 2955 5100 3223 5167; x_wconf 88' lang='lat' dir='ltr'>Ecclesia,</span> <span class='ocrx_word' id='word_1_741' title='bbox 3277 5117 3340 5154; x_wconf 89' lang='lat' dir='ltr'>ac</span> <span class='ocrx_word' id='word_1_742' title='bbox 3375 5116 3479 5169; x_wconf 91' lang='lat' dir='ltr'>pro</span> <span class='ocrx_word' id='word_1_743' title='bbox 3511 5107 3662 5156; x_wconf 90' lang='lat' dir='ltr'>statu</span> <span class='ocrx_word' id='word_1_744' title='bbox 3715 5119 3797 5156; x_wconf 91' lang='lat' dir='ltr'>re-</span> 
     </span>
    </p>
   </div>
   <div class='ocr_carea' id='block_1_118' title="bbox 2100 5184 3458 5260">
    <p class='ocr_par' dir='ltr' id='par_1_118' title="bbox 2100 5184 3458 5260">
     <span class='ocr_line' id='line_1_119' title="bbox 2100 5184 3458 5260; baseline 0.004 -23"><span class='ocrx_word' id='word_1_745' title='bbox 2100 5184 2200 5253; x_wconf 89' lang='lat' dir='ltr'>gni</span> <span class='ocrx_word' id='word_1_746' title='bbox 2230 5185 2330 5238; x_wconf 90' lang='lat' dir='ltr'>Dei</span> <span class='ocrx_word' id='word_1_747' title='bbox 2363 5185 2814 5240; x_wconf 88' lang='lat' dir='ltr'>misericordiam</span> <span class='ocrx_word' id='word_1_748' title='bbox 2845 5189 3095 5242; x_wconf 89' lang='lat' dir='ltr'>studiose</span> <span class='ocrx_word' id='word_1_749' title='bbox 3128 5189 3458 5260; x_wconf 90' lang='lat' dir='ltr'>implorent.</span> 
     </span>
    </p>
   </div>
   <div class='ocr_carea' id='block_1_119' title="bbox 2321 5273 3567 5332">
    <p class='ocr_par' dir='ltr' id='par_1_119' title="bbox 2321 5273 3567 5332">
     <span class='ocr_line' id='line_1_120' title="bbox 2321 5273 3567 5332; baseline 0.002 -4"><span class='ocrx_word' id='word_1_750' title='bbox 2321 5275 2446 5328; x_wconf 85' lang='lat' dir='ltr'><strong>CAP.</strong></span> <span class='ocrx_word' id='word_1_751' title='bbox 2482 5273 2664 5328; x_wconf 88' lang='lat' dir='ltr'><strong>CCXL.</strong></span> <span class='ocrx_word' id='word_1_752' title='bbox 2698 5305 2764 5314; x_wconf 91' lang='lat'>-—</span> <span class='ocrx_word' id='word_1_753' title='bbox 2797 5279 2871 5330; x_wconf 90' lang='lat' dir='ltr'>De</span> <span class='ocrx_word' id='word_1_754' title='bbox 2901 5279 3137 5332; x_wconf 87' lang='lat' dir='ltr'>ecclesiis</span> <span class='ocrx_word' id='word_1_755' title='bbox 3167 5279 3567 5331; x_wconf 80' lang='lat' dir='ltr'>monachorum.</span> 
     </span>
    </p>
   </div>
   <div class='ocr_carea' id='block_1_120' title="bbox 2170 5361 3791 5433">
    <p class='ocr_par' dir='ltr' id='par_1_120' title="bbox 2170 5361 3791 5433">
     <span class='ocr_line' id='line_1_121' title="bbox 2170 5361 3791 5433; baseline 0.004 -17"><span class='ocrx_word' id='word_1_756' title='bbox 2170 5361 2287 5432; x_wconf 78' lang='lat' dir='ltr'>(Eo:</span> <span class='ocrx_word' id='word_1_757' title='bbox 2329 5365 2518 5416; x_wconf 87' lang='lat' dir='ltr'>concil.</span> <span class='ocrx_word' id='word_1_758' title='bbox 2573 5365 2720 5432; x_wconf 88' lang='lat' dir='ltr'>apud</span> <span class='ocrx_word' id='word_1_759' title='bbox 2769 5367 3164 5433; x_wconf 75' lang='lat' dir='ltr'>Con/tuentium</span> <span class='ocrx_word' id='word_1_760' title='bbox 3207 5369 3296 5420; x_wconf 88' lang='lat' dir='ltr'>cui</span> <span class='ocrx_word' id='word_1_761' title='bbox 3346 5369 3602 5433; x_wconf 82' lang='lat' dir='ltr'>interfuit</span> <span class='ocrx_word' id='word_1_762' title='bbox 3649 5370 3791 5422; x_wconf 87' lang='lat' dir='ltr'>Hen-</span> 
     </span>
    </p>
   </div>
   <div class='ocr_carea' id='block_1_121' title="bbox 2094 5451 3791 5526">
    <p class='ocr_par' dir='ltr' id='par_1_121' title="bbox 2094 5451 3791 5526">
     <span class='ocr_line' id='line_1_122' title="bbox 2094 5451 3791 5526; baseline 0.004 -22"><span class='ocrx_word' id='word_1_763' title='bbox 2094 5453 2260 5517; x_wconf 86' lang='lat' dir='ltr'>ricus,</span> <span class='ocrx_word' id='word_1_764' title='bbox 2293 5456 2342 5504; x_wconf 89' lang='lat' dir='ltr'>et</span> <span class='ocrx_word' id='word_1_765' title='bbox 2387 5451 2632 5519; x_wconf 88' lang='lat' dir='ltr'>Carolus,</span> <span class='ocrx_word' id='word_1_766' title='bbox 2678 5469 2849 5521; x_wconf 89' lang='lat' dir='ltr'>reges,</span> <span class='ocrx_word' id='word_1_767' title='bbox 2896 5470 3014 5523; x_wconf 88' lang='lat' dir='ltr'>cap.</span> <span class='ocrx_word' id='word_1_768' title='bbox 3050 5457 3129 5523; x_wconf 90' lang='lat'>6.)</span> <span class='ocrx_word' id='word_1_769' title='bbox 3164 5457 3277 5508; x_wconf 90' lang='lat' dir='ltr'>Hoc</span> <span class='ocrx_word' id='word_1_770' title='bbox 3333 5472 3560 5526; x_wconf 87' lang='lat' dir='ltr'>quoque</span> <span class='ocrx_word' id='word_1_771' title='bbox 3611 5462 3791 5511; x_wconf 86' lang='lat' dir='ltr'>statu-</span> 
     </span>
    </p>
   </div>
   <div class='ocr_carea' id='block_1_122' title="bbox 2094 5543 3791 5616">
    <p class='ocr_par' dir='ltr' id='par_1_122' title="bbox 2094 5543 3791 5616">
     <span class='ocr_line' id='line_1_123' title="bbox 2094 5543 3791 5616; baseline 0.004 -22"><span class='ocrx_word' id='word_1_772' title='bbox 2094 5545 2220 5594; x_wconf 93' lang='lat' dir='ltr'>tum</span> <span class='ocrx_word' id='word_1_773' title='bbox 2268 5545 2354 5595; x_wconf 91' lang='lat' dir='ltr'>est</span> <span class='ocrx_word' id='word_1_774' title='bbox 2399 5546 2682 5612; x_wconf 89' lang='lat' dir='ltr'>quatenus</span> <span class='ocrx_word' id='word_1_775' title='bbox 2743 5543 2991 5598; x_wconf 72' lang='lat' dir='ltr'>ecclesiae</span> <span class='ocrx_word' id='word_1_776' title='bbox 3049 5559 3530 5616; x_wconf 79' lang='lat' dir='ltr'>quorumcuuqne</span> <span class='ocrx_word' id='word_1_777' title='bbox 3591 5561 3791 5601; x_wconf 85' lang='lat' dir='ltr'>mona-</span> 
     </span>
    </p>
   </div>
  </div>
