3956 6300
206 311 317 362 725

1186 309 1663 366 DECRETORUM
1705 311 1889 367 LIBRI
1926 312 2034 367 XX.
2070 340 2138 349 —-
2178 310 2391 366 LIBER
2430 310 2748 367 TERTIUS.

3607 315 3709 369 726

204 431 451 485 chorum
481 430 559 495 .in
605 429 847 501 singulis
884 430 1170 500 parochiis
1218 432 1341 487 site:
1381 434 1801 503 episcoporum,
1839 439 1904 489 ut
1930 437 1976 487 Α
2014 435 2120 501 ιω,
2141 449 2310 500 reges,
2344 449 2465 502 cap.
2500 436 2575 499 8.)
2606 434 2664 486 Si
2694 433 2823 505 quis
2853 450 2986 487 vero
3017 434 3194 488 laicus
3229 434 3314 488 vel
3337 435 3578 490 clericus
3606 453 3708 491 seu

203 520 391 586 decet,
448 519 720 572 divinitus
766 518 1086 572 subdantur
1130 521 1423 589 regimini,
1469 523 1668 591 eisque
1708 523 1901 575 debita

203 607 485 679 obsequia
532 608 592 661 in
642 607 973 661 exercendis
1015 608 1409 662 ecclesiasticae
1451 626 1603 663 curat
1650 610 1900 680 negotiis

200 697 447 751 sollicite
486 695 809 757 exhibeant,
843 696 953 765 ipsi
981 698 1365 765 proculdubio
1396 698 1663 752 monachi
1690 698 1902 769 episco-

198 786 291 857 pis
317 786 437 839 suis
465 785 523 839 in
553 785 818 838 omnibus
850 785 1140 838 obediant.

198 836 742 929 Eia—ccidi:
764 836 1147 942 petiti;qu
1201 874 1330 928 dum
1385 890 1495 929 suae
1542 836 1898 944 proprietatis

271 946 391 999 loca
445 944 649 999 alicubi
722 944 853 997 dare
906 946 1210 1011 voluerint,
1290 946 1550 1000 decimam
1627 960 1899 1013 nusquam

272 1016 491 1069 tradere
515 1030 569 1069 se
592 1030 749 1085 posse
778 1020 1116 1081 cognoscant.

273 1105 290 1173 (
314 1107 403 1159 Ea:
433 1104 611 1158 eodem
644 1105 865 1157 concilio
895 1107 984 1158 cui
1003 1106 1258 1171 interfuit
1289 1107 1572 1170 Henricus,
1621 1108 1673 1157 et
1730 1105 1896 1159 Caro-

2012 522 2313 592 utriusque
2344 538 2509 575 sexus
2563 538 2811 592 persona
2857 522 3225 593 proprietatis
3277 540 3392 577 suae
3443 526 3587 592 loca,
3618 526 3705 579 vel

2010 627 2101 663 res
2127 610 2337 664 alicubi
2393 610 2605 664 donare
2648 611 3015 681 delegaverit,
3072 607 3521 667 decimationum
3573 630 3704 683 pro-

2009 704 2243 753 ventum
2291 699 2470 769 priori
2529 700 2793 753 Ecclesiae
2871 700 3125 769 legitime
3213 700 3504 770 signatum
3573 702 3707 757 inde

2009 787 2339 841 abstrahere
2421 788 2641 842 nullam
2733 789 2943 843 habeat
2994 794 3359 859 potestatem.
3418 790 3583 853 Quod
3655 791 3702 844 si

2010 874 2192 929 facere
2223 876 2544 943 tentaverit,
2577 876 2706 931 talis
2737 876 2967 931 traditio
2989 877 3153 931 irrita
3179 894 3412 948 prorsus
3441 879 3701 944 ducatur,

2007 967 2065 1016 et
2119 963 2241 1033 ipse
2281 964 2353 1017 ad
2429 966 2892 1020 emendationem
2948 965 3327 1025 ecclesiastica
3373 970 3704 1021 coerceatur

2008 1067 2267 1106 censura.

1608 1207 1782 1247 FINIS
1827 1208 2005 1249 LIBRI
2044 1208 2292 1248 TERTII.

1051 1415 1347 1487 INDEX
1402 1414 2088 1488 CAPITULORUM
2141 1416 2395 1488 LIBRI
2457 1416 2841 1501 QUARTI.

202 1568 248 1622 I.
281 1567 428 1632 Quid
459 1566 533 1622 sit
561 1567 900 1637 baptismus.

200 1657 277 1712 II.
342 1658 413 1711 Ut
463 1662 673 1728 praeter
714 1657 923 1711 Pascha
991 1660 1046 1710 et
1100 1658 1476 1710 Pentecosten
1542 1656 1651 1710 nisi
1714 1660 1895 1710 morte

271 1744 747 1817 periclitantibus,
776 1745 1092 1816 baptismus
1123 1762 1238 1799 non
1268 1744 1388 1799 ﬁat.

200 1835 305 1890 III.
375 1834 497 1898 Quo
544 1842 805 1904 tempore
864 1834 1152 1904 baptisma
1220 1834 1628 1888 celebrandum
1680 1833 1770 1893 sit,
1832 1838 1895 1888 ut

276 1923 379 1993 qui
438 1922 800 1993 baptizantur
856 1938 972 1976 non
1040 1922 1320 1989 inﬁdeles,
1379 1921 1478 1975 sed
1555 1920 1752 1976 ﬁdeles
1802 1921 1891 1976 in-

269 2010 592 2065 veniantur.

196 2100 293 2155 IV.
328 2101 404 2155 De
434 2100 657 2154 duobus
675 2099 1033 2169 temporibus
1059 2097 1435 2169 baptismatis.

196 2188 260 2240 V.
297 2188 441 2242 Item
473 2203 587 2257 quo
618 2192 877 2257 tempore
909 2186 1229 2257 baptismus
1260 2185 1385 2240 ﬁeri
1416 2185 1638 2241 debeat.

194 2275 298 2330 VI.
338 2276 416 2329 De
447 2275 647 2329 eadem
678 2291 758 2329 re.

199 2364 326 2418 VII.
355 2364 434 2417 De
464 2364 665 2418 eadem
697 2378 779 2417 re.

205 2452 346 2509 VIII.
382 2453 452 2508 Ut
491 2452 693 2522 viginti
746 2451 866 2507 dies
908 2455 1041 2505 ante
1083 2451 1433 2522 baptismum
1480 2452 1551 2506 ad
1597 2450 1890 2523 purgatio-

270 2558 407 2595 nem
446 2541 745 2595 exorcismi
776 2540 1175 2595 catechumeni
1202 2541 1455 2594 veniant.

198 2630 289 2685 IX.
340 2630 501 2694 Quod
546 2646 747 2684 omnes
805 2629 877 2683 ad
934 2629 1283 2698 baptismum
1349 2628 1644 2682 venientes
1692 2628 1894 2698 quinta

268 2718 413 2773 feria
470 2718 702 2789 majoris
775 2718 1151 2772 hebdomadas
1226 2717 1404 2771 ﬁdem
1469 2717 1737 2787 episcopo
1804 2717 1893 2771 vel

271 2807 604 2877 presbytero
636 2807 871 2861 reddere
902 2807 1164 2860 debeant.

196 2896 258 2949 X.
294 2896 365 2950 Ut
388 2910 587 2948 omnes
608 2894 934 2965 baptizandi
966 2894 1125 2964 prius
1156 2894 1271 2947 sint
1300 2892 1676 2947 exorcizandi.

196 2983 286 3038 XI.
349 2984 417 3037 Ut
466 2982 796 3052 baptizandi
852 2965 1088 3037 nomine
1145 2982 1278 3036 dato
1337 2999 1371 3035 a
1426 2998 1593 3035 carne
1650 2985 1706 3035 et
1758 2981 1892 3034 vino

272 3087 335 3125 se
366 3071 711 3125 abstineant.

197 3161 317 3216 XII.
379 3160 538 3224 Quod
617 3159 892 3230 neophyti
961 3175 995 3212 a
1062 3157 1405 3212 lautioribus
1464 3157 1604 3211 cibis
1660 3156 1894 3229 aliquod

274 3252 503 3318 tempus
533 3252 590 3301 et
616 3264 646 3299 a
676 3247 1015 3317 conjugibus
1045 3263 1103 3299 se
1134 3247 1418 3299 abstinere
1450 3246 1714 3299 debeant.

198 3338 345 3393 XIII.
386 3338 455 3391 Ut
484 3337 667 3391 omnis
699 3337 996 3407 presbyter
1024 3352 1121 3389 vas
1151 3334 1487 3405 baptismale
1526 3334 1750 3389 habeat.

200 3427 335 3481 XIV.
376 3427 448 3480 Ut
496 3426 689 3480 nullus
735 3426 1039 3495 paesbyter
1077 3424 1187 3477 nisi
1221 3425 1280 3477 in
1329 3424 1653 3477 civitatibus
1708 3424 1894 3494 bapti-

277 3530 407 3568 zare
427 3519 758 3584 praesumat,
786 3518 1017 3584 excepta
1037 3528 1207 3566 causa
1236 3511 1608 3566 inﬁrmitatis.

202 3604 309 3658 XV.
344 3603 603 3667 Qualiter
649 3603 701 3656 ei
750 3602 848 3672 qui
896 3601 1082 3656 ﬁdelis
1113 3601 1354 3656 existere
1397 3600 1661 3669 voluerit,
1709 3599 1896 3670 bapti-

278 3708 469 3745 smum
500 3689 573 3744 sit
595 3690 989 3744 tribuendum.

201 3780 333 3833 XVI.
358 3780 450 3845 _De
497 3779 844 3849 martyribus
894 3778 995 3849 qui
1047 3778 1168 3832 sine
1226 3776 1510 3847 baptismo
1557 3776 1897 3847 martyrium

278 3870 670 3936 susceperunt.

201 3955 364 4009 XVII.
416 3955 577 4018 Quod
618 3952 1040 4008 catechumenis
1096 3955 1511 4006 sacramentum
1576 3951 1638 4005 in
1684 3952 1898 4006 Pascha

276 4043 401 4098 dari
427 4059 538 4096 non
563 4043 787 4097 debeat.

204 4132 395 4186 XVIII.
429 4132 507 4185 De
535 4130 958 4185 catechumenis
990 4146 1023 4183 a
1051 4127 1382 4199 baptisteria
1422 4128 1803 4182 removendis.

203 4222 340 4275 XIX.
383 4221 460 4274 De
492 4218 913 4273 catechumenis
941 4218 1308 4287 segregandis
1340 4221 1397 4271 et
1423 4216 1821 4271 informandis.

205 4311 307 4364 XX.
345 4310 423 4362 De
449 4307 873 4362 catechumenis
907 4305 1292 4377 peccantibus.

207 4399 339 4453 XXI.
374 4399 454 4451 De
500 4396 611 4450 illis
665 4395 760 4467 qui
818 4410 1004 4465 nuper
1056 4398 1189 4448 sunt
1229 4392 1523 4464 baptizati,
1568 4392 1725 4463 quod
1767 4407 1896 4463 pro-

286 4484 507 4539 moveri
532 4501 647 4539 non
677 4484 940 4539 debeant.

208 4576 361 4629 XXII.
426 4575 503 4628 De
565 4572 914 4644 presbyteris
971 4572 1018 4625 si
1076 4571 1135 4624 in
1209 4570 1487 4625 Trinitate
1538 4570 1703 4641 juxta
1756 4584 1897 4640 pra:-

284 4665 515 4732 ceptum
546 4660 778 4715 Domini
807 4676 925 4714 non
956 4659 1386 4731 baptizaverint.

212 4752 346 4807 XIII.
379 4752 456 4805 De
486 4750 684 4805 eadem
714 4766 794 4804 re.

212 4841 392 4896 XXIV.
452 4839 613 4903 Quod
678 4838 740 4892 in
783 4836 1071 4908 baptismo
1126 4840 1184 4890 et
1229 4836 1289 4889 in
1346 4834 1806 4900 conﬁrmatione,
1858 4833 1905 4887 si

285 4944 517 4984 necesse
554 4926 748 4993 fuerit,
774 4942 921 4980 unus
948 4925 1213 4996 patrinus
1233 4923 1413 4994 possit
1450 4940 1593 4978 esse.

211 5019 363 5075 XXV.
425 5017 495 5071 Ut
556 5032 702 5070 unus
738 5013 1023 5085 patrinus,
1063 5014 1152 5068 vel
1206 5011 1436 5083 patrina
1473 5012 1545 5065 ad
1592 5011 1907 5082 suscipien-

287 5108 426 5162 dum
457 5106 737 5160 infantem
767 5104 1054 5158 accedant.

214 5196 390 5252 XXVI.
426 5195 496 5249 Ut
541 5193 639 5248 ille
691 5192 791 5263 qui
834 5208 948 5246 non
986 5195 1071 5246 est
1123 5188 1494 5244 conﬁrmatus
1533 5205 1567 5242 a
1619 5188 1907 5259 baptismo

290 5285 513 5338 nullum
541 5282 799 5351 recipiat.

215 5373 432 5430 XXVII.
468 5373 537 5426 Ut
556 5371 749 5425 nullus
777 5369 876 5424 ﬁat
905 5367 1167 5440 patrinus
1192 5366 1303 5421 nisi
1335 5368 1487 5419 recte
1518 5364 1731 5419 credat.

215 5462 449 5519 XXVIII.
554 5461 622 5514 Ut
686 5458 1007 5529 presbyteri
1069 5475 1102 5511 a
1174 5454 1417 5527 patrinis
1484 5453 1787 5525 requirant
1863 5453 1910 5506 si

289 5550 620 5621 symbolum
652 5552 905 5603 teneant.

1927 1779 1967 1833 Β
2001 1762 2145 1817 XXX.

2000 1568 2189 1623 XXIX.
2225 1570 2304 1623 De
2338 1569 2595 1639 symbolo
2629 1574 2755 1623 octo
2785 1571 2906 1624 dies
2946 1574 3080 1624 ante
3122 1569 3336 1623 Pascha
3377 1571 3605 1641 publice
3637 1571 3697 1625 in

2078 1656 2347 1712 omnibus
2379 1657 2640 1711 Ecclesiis
2670 1657 2984 1711 recitando.

2244 1763 2322 1817 De
2380 1762 2649 1833 gentibus
2706 1761 2970 1830 inﬁrmis,
3031 1760 3079 1815 si
3136 1761 3489 1833 baptismum
3547 1761 3698 1817 desi-
3754 1756 3765 1767 ’

2077 1850 2299 1905 derant.

2000 1938 2180 1994 XXXI.
2207 1940 2284 1993 De
2317 1938 2555 2009 gravida
2575 1938 2935 2008 baptizanda.

2000 2028 2199 2081 XXXII.
2232 2028 2309 2080 De
2335 2027 2588 2097 parvulis
2617 2027 2863 2080 inﬁrmis
2892 2025 3262 2095 baptizandis.

1998 2114 2219 2168 XXXIII.
2254 2116 2329 2168 De
2359 2114 2470 2168 illis
2498 2114 2598 2184 qui
2628 2114 2689 2168 in
2719 2114 3058 2181 aegritudine
3091 2113 3472 2183 baptizantur.

2001 2202 2215 2255 XXXIV.
2322 2203 2398 2255 De
2452 2201 2565 2255 illis
2631 2201 2731 2272 qui
2805 2202 3069 2272 parvulos
3141 2208 3400 2256 recentes
3479 2206 3692 2273 negant

2072 2305 2193 2343 esse
2224 2289 2621 2360 baptizandos.

2000 2397 2188 2452 XXXV.
2225 2397 2303 2449 De
2325 2395 2570 2449 inﬁrmis
2596 2395 2974 2466 baptizandis.

2000 2485 2216 2539 XXXVI.
2268 2485 2345 2538 De
2394 2484 2805 2554 aegrotantibus
2854 2484 2903 2537 si
2948 2483 3296 2554 baptismum
3344 2482 3689 2552 desiderant,

2073 2577 2126 2626 et
2154 2576 2282 2641 post
2316 2571 2734 2625 obmutescunt.

2001 2661 2237 2714 XXXVII.
2272 2660 2347 2712 De
2378 2659 2618 2712 mortuis
2649 2675 2763 2712 non
2794 2658 3171 2728 baptizandis.

2001 2747 2266 2801 XXXVIII.
2304 2747 2381 2799 De
2432 2745 2619 2799 subito
2665 2746 3118 2808 obtumescente,
3178 2745 3224 2799 si
3274 2749 3446 2801 testes
3476 2744 3690 2800 habue-

2074 2835 2149 2887 rit
2180 2834 2545 2904 baptizando.

2000 2923 2230 2979 XXXIX.
2284 2924 2359 2976 De
2403 2922 2491 2976 his
2538 2922 2640 2992 qui
2702 2923 2855 2992 apud
2900 2922 3199 2977 haereticos
3236 2921 3600 2993 baptizantur
3631 2921 3693 2975 in

2076 3010 2307 3064 nomine
2339 3015 2546 3063 sanctae
2570 3009 2885 3064 Trinitatis.

2001 3117 2113 3172 XL.
2151 3118 2226 3171 De
2257 3117 2455 3171 eadem
2487 3133 2567 3170 re.

1970 3206 2143 3260 .XLI.
2184 3207 2250 3260 Ut
2296 3205 2617 3276 baptismus
2662 3204 2722 3259 in
2767 3204 3041 3259 Trinitate
3086 3209 3377 3275 susceptus
3425 3219 3542 3257 non
3587 3202 3695 3257 ite-

2074 3299 2250 3347 retur.

2002 3384 2224 3438 XXLII.
2260 3384 2337 3437 De
2366 3382 2478 3435 illis
2511 3382 2612 3452 qui
2650 3382 2912 3435 nesciunt
2942 3398 3055 3451 qua
3084 3381 3197 3434 ﬁde
3230 3379 3500 3448 baptizati
3556 3379 3690 3433 sint.

2001 3472 2201 3527 XLIII.
2238 3472 2316 3524 De
2348 3472 2681 3541 presbytero
2711 3470 2809 3541 qui
2836 3469 3270 3539 grammaticam
3300 3468 3618 3539 ignorabat.

2075 3565 2130 3613 et
2144 3564 2337 3613 tamen
2365 3559 2425 3612 in
2444 3558 2715 3613 Trinitate
2736 3559 3080 3629 baptizabat.

2004 3649 2189 3702 XLIV.
2245 3649 2322 3701 De
2373 3647 2485 3701 illis
2553 3647 2654 3718 qui
2710 3648 2962 3717 aliquam
3019 3647 3233 3701 habent
3276 3645 3694 3700 dubitationem

2075 3735 2433 3808 baptismatis
2454 3740 2516 3789 ut
2543 3735 2985 3806 rebaptizentur.

2003 3843 2162 3897 XLV.
2218 3844 2297 3897 De
2352 3842 2668 3897 infantibus
2736 3843 2782 3897 si
2846 3848 3031 3896 certos
3086 3846 3257 3896 testes
3315 3841 3525 3896 habere
3582 3854 3699 3894 non

2076 3936 2335 4001 possunt,
2368 3947 2463 3984 eos
2492 3947 2608 3984 non
2636 3946 2757 3984 esse
2788 3930 3125 4001 baptizatos.

2005 4020 2189 4075 XLVI.
2294 4021 2370 4073 De
2427 4019 2772 4089 presbyteris
2826 4035 2928 4088 per
2979 4034 3225 4089 quorum
3285 4016 3699 4087 negligentiam

2079 4107 2201 4161 sine
2232 4107 2576 4176 baptismate
2606 4106 2814 4177 aliquis
2835 4111 3095 4159 mortuus
3115 4105 3305 4159 fuerit.

2005 4197 2215 4250 XLVII.
2287 4197 2357 4252 Ut
2412 4194 2602 4248 nullus
2649 4194 2946 4263 presbyter
2993 4194 3053 4246 in
3118 4193 3350 4263 propria
3407 4190 3700 4261 provincia

2080 4282 2249 4337 alicui
2278 4281 2507 4335 inﬁrmo
2538 4281 2889 4351 baptismum
2914 4281 3196 4351 denegare
3226 4284 3552 4350 praesumat.

2009 4371 2240 4426 XLVIII.
2276 4371 2354 4424 De
2386 4370 2499 4423 illis
2529 4370 2629 4440 qui
2650 4370 2836 4423 denuo
2868 4369 3143 4440 baptizati
3175 4373 3325 4422 sunt.

2011 4461 2190 4516 XLIX.
2250 4462 2328 4514 De
2366 4460 2491 4526 hoc,
2525 4460 2572 4512 si
2622 4458 2893 4530 parvulus
2936 4463 3220 4526 aegrotans
3268 4458 3339 4512 ad
3386 4456 3704 4529 quemlibet

2083 4549 2481 4620 presbyterum
2501 4547 2772 4618 baptismi
2795 4547 2979 4617 gratia
3007 4546 3275 4601 defertur.

2013 4658 2073 4711 L.
2102 4657 2180 4709 De
2210 4654 2323 4708 illis
2348 4654 2448 4724 qui
2476 4653 2564 4708 bis
2592 4655 2679 4708 vel
2711 4659 2797 4708 ter
2824 4653 3101 4724 baptizati
3131 4658 3285 4708 sunt.

2016 4746 2099 4799 LI.
2136 4744 2214 4798 De
2242 4743 2354 4797 illis
2384 4742 2484 4813 qui
2515 4742 2602 4796 bis
2632 4742 2967 4812 ignorantes
2993 4742 3267 4812 baptizati
3293 4746 3444 4797 sunt.

2016 4834 2128 4887 LII.
2164 4834 2241 4886 De
2288 4832 2660 4901 parvulorum
2710 4831 3009 4886 animabus
3051 4832 3153 4903 qui
3203 4832 3325 4886 sine
3370 4828 3707 4900 baptismate

2086 4920 2428 4975 moriuntur.

2017 5011 2150 5065 LIII.
2186 5010 2264 5063 De
2297 5007 2706 5079 energumenis
2736 5008 3056 5077 baptizatis.

2016 5100 2146 5154 LIV.
2183 5100 2259 5152 De
2290 5096 2694 5167 energumenis
2726 5100 2781 5150 et
2803 5096 3230 5150 catechumenis
3255 5091 3635 5165 baptizandis.

2018 5189 2122 5242 LV.
2160 5189 2237 5241 De
2264 5185 2646 5256 rebaptizatis.

2021 5277 2151 5331 LVI.
2217 5277 2292 5330 De
2343 5275 2677 5345 presbytero
2735 5273 2834 5344 qui
2896 5276 3047 5326 recte
3112 5270 3462 5341 baptizatum
3523 5268 3711 5322 denuo

2089 5363 2483 5435 baptizaverit,
2518 5368 2573 5417 et
2604 5379 2719 5417 non
2748 5367 2895 5416 recte
2934 5360 3286 5432 baptizatum
3314 5359 3386 5413 ab
3434 5356 3716 5412 haereticis

2094 5468 2210 5507 non
2242 5452 2633 5522 baptizaverit.

2025 5541 2181 5596 LVII.
2213 5542 2284 5596 Ut
2314 5541 2537 5596 diaconi
2576 5557 2738 5596 suam
2765 5555 3094 5597 mensuram
3124 5536 3465 5593 custodiant.
