3956 6316
279 297 382 348 727

1359 295 1760 352 BURCHARDI
1799 293 2332 352 WORMACIENSIS
2369 293 2700 350 EPISCOPI.

3681 297 3780 348 728

277 415 464 473 LVIII.
531 418 610 472 De
653 415 1001 485 inordinate,
1061 417 1110 470 si
1158 417 1318 488 quasi
1354 417 1655 472 ordinatus
1691 417 1978 489 baptizare
2007 423 2054 472 Α
2091 419 2278 473 LXXX.
2343 419 2421 472 De
2465 417 2774 471 chrismate
2805 416 2964 488 quod
3033 431 3260 487 semper
3326 416 3430 470 sub
3479 431 3610 470 sera
3661 433 3779 472 esse

349 504 808 576 praesumpserit.

279 594 417 648 LIX.
453 594 524 648 Ut
549 591 874 663 presbyteri
905 592 1186 663 populum
1218 593 1586 658 admoneant,
1619 609 1750 648 suos
1773 593 1970 648 infan-

349 682 502 737 tulos
531 681 602 734 ad
633 681 1132 734 conﬁrmationem
1161 681 1424 752 episcopo
1456 687 1826 750 praesentem.

280 771 382 824 LX.
416 771 485 825 Ut
531 785 729 824 omnes
773 769 1040 838 perfectae
1085 768 1268 822 aetatis
1312 769 1498 839 jejuni
1545 770 1618 824 ad
1667 769 1973 824 conﬁrma-

349 859 563 912 tionem
595 857 843 912 veniant.

281 947 420 1000 LXI.
477 947 555 998 De
627 944 847 998 duobus
895 944 1283 1012 sacramentis,
1339 944 1398 998 id
1445 949 1548 1007 est,
1589 944 1875 1014 baptismo
1919 949 1976 999 et

349 1049 555 1086 manus
585 1031 969 1102 impositione.

279 1122 435 1176 LXII.
467 1122 537 1174 Ut
556 1137 754 1173 omnes
775 1119 1084 1174 Christiani
1138 1121 1208 1174 ad
1260 1121 1760 1175 conﬁrmationem
1809 1121 1974 1175 festi-

352 1215 510 1263 nenL

281 1298 466 1352 LXIII.
499 1297 642 1350 Item
675 1296 744 1349 de
777 1311 980 1348 manus
1001 1295 1395 1366 impositione.

279 1386 459 1440 LXIV.
497 1385 638 1439 [tem
671 1384 739 1437 de
772 1383 1236 1437 conﬁrmatione.

279 1473 434 1527 LXV.
466 1473 630 1537 Quod
660 1487 858 1525 omnes
897 1472 1097 1525 ﬁdeles
1140 1475 1370 1542 accepto
1424 1471 1770 1542 baptismate
1815 1467 1974 1522 chri-

351 1575 474 1612 sma
501 1561 727 1614 cceleste
753 1559 1048 1629 percipere
1074 1559 1337 1613 debeant.

281 1648 461 1702 LXVI.
511 1649 582 1702 Ut
620 1663 818 1700 omnes
877 1647 1060 1700 renati
1122 1647 1282 1700 fonte
1329 1647 1707 1716 baptismatis,
1761 1645 1974 1699 donum

353 1735 532 1788 sancti
558 1735 804 1804 Spiritus
831 1751 936 1805 per
983 1751 1188 1789 manus
1243 1735 1670 1805 impositionem
1717 1733 1974 1804 accipere

356 1824 624 1877 debeant.

284 1912 490 1966 LXVII.
541 1911 610 1966 Ut
660 1910 913 1980 episcopi
959 1926 1078 1964 non
1125 1910 1234 1964 nisi
1271 1911 1460 1980 jejuni
1507 1911 1976 1964 conﬁrmationes

356 2000 583 2066 faciant,
619 2006 848 2070 excepta
877 2016 1044 2054 causa
1075 1999 1440 2054 inﬁrmitatis.

287 2089 519 2144 LXVIII.
557 2089 626 2142 Ut
671 2089 950 2159 episcopis
979 2089 1038 2142 in
1064 2104 1288 2158 campo,
1332 2087 1378 2141 si
1419 2103 1647 2141 necesse
1695 2085 1788 2152 sit,
1811 2086 1978 2140 liceat

357 2175 696 2230 conﬁrmare
730 2193 742 2230 :
799 2177 1006 2230 melius
1045 2182 1129 2230 est
1180 2181 1369 2230 autem
1421 2175 1483 2229 in
1513 2175 1748 2230 ecclesia
1789 2180 1890 2229 aut
1919 2175 1978 2229 in

360 2265 506 2318 atrio
539 2265 808 2318 ecclesiae.

290 2352 478 2406 LXIX.
533 2352 602 2405 Ut
651 2367 686 2404 a
741 2351 874 2405 solis
938 2351 1218 2422 episcopis
1296 2350 1567 2422 baptizati
1609 2351 1743 2416 sint,
1791 2351 1978 2405 consi-

361 2439 598 2510 gnandL

295 2528 452 2582 LXX.
512 2528 583 2582 Ut
621 2527 940 2596 presbyteri
1009 2527 1326 2596 baptizatos
1371 2527 1431 2580 in
1499 2525 1784 2580 frontibus
1832 2527 1982 2580 chri-

362 2619 542 2669 smate
575 2615 802 2686 signare
827 2631 944 2669 non
977 2615 1244 2669 audeant.

295 2705 468 2758 LXXI.
534 2704 613 2757 De
665 2703 1010 2774 presbyteris
1079 2704 1178 2774 qui
1229 2719 1332 2774 pro
1399 2702 1740 2772 baptismate
1795 2701 1983 2772 pretia

361 2791 680 2862 requirunt.

295 2878 493 2931 LXXII.
535 2880 612 2932 De
663 2879 1010 2949 presbyteris
1056 2879 1158 2949 qui
1207 2879 1382 2932 veteri
1433 2877 1740 2932 chrismate
1795 2877 1978 2948 bapti-

365 2983 492 3022 zare
523 2974 903 3038 praesumunt.

297 3057 516 3110 LXXIII.
581 3059 650 3110 Ut
699 3057 994 3127 presbyter
1047 3057 1106 3110 in
1161 3073 1262 3109 sua
1311 3056 1478 3126 plebe
1531 3055 1654 3110 sine
1681 3053 1984 3110 chrismate

364 3143 449 3198 ire
477 3159 596 3198 non
625 3145 847 3198 debeat.

295 3231 510 3286 LXXIV.
561 3233 636 3285 De
700 3231 1031 3302 presbytero
1098 3231 1196 3302 qui
1257 3247 1315 3285 se
1375 3231 1818 3302 deprehenderit
1872 3247 1986 3285 non

368 3335 490 3373 esse
511 3320 884 3389 baptizatum.

295 3409 486 3462 LXXV.
523 3410 598 3463 De
627 3409 996 3479 presbyteris,
1030 3409 1322 3479 quomodo
1345 3408 1404 3460 in
1435 3421 1596 3461 coena
1647 3408 1875 3462 Domini
1918 3409 1989 3464 de

365 3496 690 3564 chrismate,
743 3497 812 3551 de
861 3498 983 3550 oleo
1016 3497 1384 3558 sanctiﬁcato,
1433 3497 1504 3551 de
1553 3497 1679 3551 oleo
1723 3497 1990 3553 inﬁrmo-

365 3599 495 3636 rum
527 3585 711 3637 facere
741 3583 1006 3638 debeant.

303 3671 528 3726 LXXVI.
567 3673 647 3724 De
676 3673 874 3724 eadem
907 3687 988 3724 re.

299 3759 538 3812 LXXVII.
575 3761 654 3812 De
689 3759 887 3812 eadem
917 3775 998 3812 re.

301 3847 614 3901 LXXXVIII.
647 3847 724 3900 De
750 3847 948 3900 eadem
981 3862 1059 3899 re.

300 3935 513 3989 LXXIX.

369 4027 548 4076 smate
579 4023 648 4076 ad
686 4022 941 4076 civitates
961 4023 1156 4076 venire
1183 4023 1389 4077 solent.

619 3935 695 3987 De
749 3933 1098 4004 presbyteris
1157 3933 1256 4003 qui
1305 3949 1410 4004 pro
1471 3933 1799 4004 accipiendo
1849 3935 1995 3990 chri-

2153 505 2376 560 debeat.

2081 595 2292 650 LXXXI.
2327 595 2406 648 De
2451 593 2684 658 Iudaeis,
2733 593 3026 663 quomodo
3077 597 3210 646 ante
3251 592 3602 663 baptismum
3645 609 3778 646 exa-

2151 681 2360 735 minari
2393 680 2654 735 debeant.

2083 770 2320 824 LXXXII.
2359 771 2437 822 De
2466 767 2697 824 Judmis.
2733 771 2793 822 ut
2821 769 3015 823 nullus
3045 769 3126 822 eis
3175 768 3287 822 vim
3319 768 3392 822 ad
3429 768 3780 822 credendum

2151 857 2356 911 debeat
2385 856 2616 910 inferre.

2085 943 2349 998 LXXXIII.
2387 945 2456 998 Ut
2483 944 2810 998 Iudaeorum
2843 944 2948 998 lilii
2977 943 3249 1012 baptizati
3279 943 3349 996 ab
3397 959 3602 996 eorum
3645 958 3782 995 cou-

2154 1031 2330 1084 sortio
2361 1031 2616 1101 separari
2645 1031 2910 1085 debeant.

2081 1119 2338 1173 LXXXIV.
2380 1119 2446 1172 Ut
2495 1119 2652 1172 nulla
2695 1119 3024 1173 communio
3067 1119 3139 1172 sit
3185 1119 3440 1173 Hebrmis
3482 1119 3553 1172 ad
3605 1117 3779 1172 ﬁdem

2154 1206 2536 1260 Christianam
2566 1207 2857 1260 translatis
2910 1223 3038 1260 cum
3095 1207 3223 1260 aliis
3282 1207 3542 1260 nondum
3599 1206 3784 1276 bapti-

2155 1295 2317 1346 zatis.

2085 1382 2322 1436 LXXXV.
2365 1383 2442 1435 De
2472 1381 2684 1436 Iudaeis
2709 1383 2806 1452 qui
2827 1387 3314 1451 apostataverunt.

2085 1469 2342 1523 LXXXVI.
2382 1471 2459 1523 De
2487 1469 2813 1524 Iudaeorum
2844 1469 3038 1522 servis.

2085 1558 2369 1612 LXXXVII.
2420 1559 2497 1611 De
2570 1557 2872 1626 mancipiis
2908 1557 3240 1611 Iudaeorum
3293 1571 3420 1626 quas
3479 1555 3552 1609 ad
3603 1555 3786 1626 bapti-

2159 1661 2346 1698 smum
2376 1645 2735 1716 confugiunt.

2089 1735 2401 1790 LXXXVIII.
2435 1736 2579 1790 Item
2605 1735 2674 1788 de
2721 1733 3025 1804 mancipiis
3065 1733 3417 1800 Iudaeorum,
3469 1737 3568 1786 aut
3617 1733 3782 1788 Chri-

2153 1823 2372 1888 stianis,
2405 1829 2506 1877 aut
2533 1823 2604 1877 ad
2661 1822 2834 1878 ﬁdem
2879 1822 3264 1877 Christianam
3313 1821 3510 1875 venire
3553 1821 3782 1876 deside-

2153 1911 2431 1965 rantibus.

2087 2000 2340 2054 LXXXIX.
2377 1999 2452 2052 De
2485 1999 2602 2052 illis
2632 1998 2733 2070 qui
2777 1998 2848 2052 de
2889 1998 3096 2052 haeresi
3145 1999 3214 2051 ad
3241 1999 3416 2052 ﬁdem
3443 1998 3646 2050 venire
3679 1997 3782 2050 de-

2156 2088 2430 2143 siderant.

2083 2178 2184 2231 XC.
2223 2177 2300 2230 De
2330 2175 2562 2241 Iudaeis,
2595 2175 2643 2228 si
2696 2175 3085 2230 Christianum
3125 2175 3478 2245 mancipium
3535 2173 3784 2228 circum-

2157 2265 2422 2318 ciderint.

2085 2353 2216 2408 XCI.
2311 2353 2456 2416 Quid
2512 2357 2740 2407 sanctus
2797 2353 3102 2423 Gregorius
3165 2353 3234 2406 de
3303 2351 3512 2406 Iudaeis
3567 2367 3784 2422 praece-

2159 2441 2328 2510 perit.

2087 2529 2240 2583 XCII.
2279 2530 2356 2582 De
2403 2528 2519 2582 illis
2571 2529 2873 2600 baptizatis
2929 2529 3028 2599 qui
3061 2545 3164 2598 pro
3213 2528 3468 2598 periculo
3513 2527 3718 2581 mortis
3757 2543 3788 2580 a

2162 2617 2491 2671 diacouibus
2521 2618 2797 2687 baptizati
2825 2617 3056 2671 fuerint.

2089 2705 2274 2760 XCIII.
2315 2707 2390 2759 De
2419 2704 2533 2758 illis
2563 2706 2663 2776 qui
2709 2705 3072 2776 presbyteros
3113 2709 3326 2775 cogunt
3370 2703 3637 2758 denarios
3685 2719 3792 2774 pro

2163 2794 2426 2847 balsamo
2457 2793 2612 2847 dare.

2097 2882 2269 2937 XCIV.
2305 2883 2385 2935 De
2414 2880 2738 2935 chrismatis
2767 2897 2982 2951 panno.

2019 2968 2060 3024 C
2095 2971 2246 3025 XCV.
2277 2969 2442 3033 Quod
2479 2969 2874 3024 catechumeni
2920 2985 3051 3023 cum
3093 2969 3391 3040 baptizatis
3444 2969 3796 3022 manducare

2168 3073 2286 3110 non
2313 3057 2578 3111 debeant.

2091 3146 2266 3200 XCVI.
2302 3147 2379 3200 De
2413 3145 2690 3199 scrutinio
2719 3144 3002 3199 faciendo.

2095 3235 2295 3288 XCVII.
2327 3235 2406 3287 De
2435 3233 2755 3287 ministerio
2785 3233 3162 3304 baptismatis.

2095 3323 2320 3377 XCVIII.
2351 3322 2516 3386 Quod
2545 3321 2809 3392 bigamus
2841 3325 3091 3386 vocetur,
3125 3319 3224 3392 qui
3257 3323 3388 3374 ante
3437 3319 3796 3388 baptismum

2169 3425 2428 3472 uxorem,
2452 3415 2508 3463 et
2535 3410 2708 3462 aliam
2739 3414 2871 3480 post
2897 3409 3248 3480 baptismum
3281 3408 3502 3461 habuit.

2096 3499 2265 3554 XCIX.
2305 3499 2381 3552 De
2411 3498 2695 3567 episcopis
2725 3503 2780 3551 et
2813 3497 3160 3568 presbyteris
3197 3501 3256 3550 et
3303 3495 3640 3549 diaconibus
3701 3510 3794 3548 re-

2167 3587 2488 3656 baptizatis.

2097 3676 2156 3730 C.
2209 3675 2289 3728 De
2320 3689 2387 3728 eo
2441 3673 2540 3744 qui
2580 3689 2684 3744 per
2729 3672 3118 3743 ignorantiam
3149 3672 3450 3726 ordinatur
3476 3675 3790 3741 antequam

2168 3763 2236 3816 ba
2247 3762 2510 3832 ptizetur.

2100 3850 2186 3904 CI.
2225 3850 2301 3902 De
2327 3849 2440 3902 illis
2471 3849 2569 3920 qui
2597 3848 2851 3920 {gratiam
2902 3847 3082 3904 sancti
3123 3848 3368 3918 Spiritus
3417 3847 3666 3901 vendere
3703 3863 3798 3901 co-

2101 3941 2335 3991 nantur.

2563 4025 2765 4079 Indicis
2795 4025 3156 4094 capitulorum
3185 4026 3328 4094 ﬁnis.
3433 4009 3442 4016 ’

1540 4277 2540 4400 BUBCHABDI

1284 4469 1693 4526 ECCLESIzE
1748 4469 2378 4524 WORMACIENSIS
2436 4470 2812 4525 EPISCOPI

473 4650 1822 4796 DECRETORUM
1933 4653 2520 4797 LIBER
2627 4653 3600 4827 QUARTUS.

945 4892 1044 4956 DE
1092 4891 1634 4958 SACRAMENTO
1681 4891 2229 4959 BAPTISMATIS
2285 4893 2389 4958 ET
2439 4893 3145 4960 CONFIRMATIONIS.

773 5154 1257 5210 ARGUMENTUM
1295 5154 1500 5208 LIBRI.

365 5241 530 5296 Libro
577 5241 688 5296 hoc
733 5243 803 5296 de
843 5242 1128 5314 baptismo
1184 5247 1240 5296 et
1289 5242 1747 5308 conﬁrmatione,
1804 5242 1988 5312 deque

294 5328 364 5383 iis
393 5346 522 5400 quas
542 5333 690 5384 circa
719 5331 841 5385 haec
873 5330 1227 5385 observanda
1259 5335 1408 5397 sunt,
1439 5334 1736 5386 tractatur.

683 5418 812 5472 CAP.
845 5421 887 5474 Ι.
917 5449 986 5458 —
1012 5419 1154 5484 Quid
1175 5420 1248 5473 sit
1271 5419 1590 5487 baptismus.

366 5505 476 5572 (Ea:
500 5505 642 5561 decr.
677 5508 901 5562 Fabian.
936 5522 1112 5578 papae,
1146 5523 1266 5578 cap.
1298 5506 1375 5576 5.)
1417 5507 1740 5578 Baptismus
1770 5507 1980 5574 Graece,

2099 5155 2295 5210 Latine
2345 5159 2530 5212 tinctio
2590 5156 3020 5229 interpretatur.
3094 5159 3258 5222 Quod
3317 5157 3526 5212 idcirco
3591 5157 3798 5210 tinctio

2096 5244 2324 5310 dicitur,
2356 5245 2492 5314 quia
2527 5245 2606 5300 ibi
2637 5247 2808 5300 homo
2839 5247 3048 5316 spiritu
3079 5246 3278 5316 gratiae
3325 5246 3384 5299 in
3433 5245 3640 5300 melius
3667 5261 3796 5298 mu-

2095 5338 2266 5398 tatur,
2295 5337 2352 5388 et
2381 5335 2550 5404 longe
2581 5333 2738 5388 aliud
2777 5351 2950 5404 quam
2981 5341 3104 5388 erat
3149 5335 3411 5398 efﬁcitur,
3473 5333 3796 5404 baptizatus

2092 5420 2152 5475 in
2183 5420 2418 5476 nomine
2449 5421 2652 5488 Patris,
2681 5427 2738 5476 et
2769 5423 2914 5490 Filii,
2948 5428 3004 5476 et
3032 5423 3278 5493 Spiritus
3307 5421 3506 5476 sancti.
3545 5421 3703 5477 Sicut
3732 5421 3794 5476 in

2089 5509 2272 5564 tribus
2301 5510 2541 5564 testibus
2572 5514 2683 5565 stat
2711 5527 2882 5566 omne
2913 5511 3172 5578 verbum,
3213 5510 3294 5565 ita
3323 5511 3429 5566 hoc
3459 5525 3792 5567 sacramen-
