3956 6296
153 320 258 370 729
1114 317 1591 375 DECRETORUM
1635 321 1815 376 LIBRI
1857 323 1965 378 ΧΧ.
2001 351 2069 361 -
2112 322 2319 376 LIBER
2348 322 2682 385 QUARTUS.

153 442 280 492 tum
308 441 610 494 conﬁrmat
653 438 939 493 ternarius
985 454 1259 493 numerus
1288 440 1592 495 nominum
1634 442 1853 496 divino-
1880 448 1926 499 Λ

152 542 313 595 rum,
345 529 401 582 id
431 533 535 592 est,
570 527 771 595 Patris,
805 532 863 582 et
896 528 1041 595 Filii,
1075 533 1128 582 et
1158 529 1403 599 Spiritus
1436 531 1633 584 sancti.

262 635 393 689 CAP.
427 636 494 688 II.
522 666 589 675 —-
629 636 695 689 Ut
720 638 920 703 praeter
946 637 1154 690 Pascha
1184 640 1235 690 et
1267 637 1611 692 Pentecosten
1635 641 1747 692 nisi

384 711 551 760 morte
571 707 1009 774 periclitantibus
1041 707 1342 775 baptismus
1372 723 1477 761 non
1503 712 1620 776 ﬁat.

226 811 339 875 (Ea:
369 812 524 878 epist.
570 812 728 864 Leon.
757 826 936 879 papae,
970 827 1092 880 cap.
1129 813 1237 882 Η.)
1275 813 1430 866 Unde
1482 814 1617 883 quia
1663 814 1847 868 mani-

148 898 460 951 festissime
490 903 667 968 patet,
712 899 1069 969 baptizandis
1112 900 1173 953 in
1203 900 1448 954 Ecclesia
1493 902 1687 955 electis
1729 904 1851 957 haec

150 985 268 1038 duo
315 991 598 1056 tempora,
658 986 710 1039 id
772 992 858 1039 est
902 987 1116 1040 Pascha
1171 993 1226 1041 et
1274 990 1666 1055 Pentecosten,
1727 1008 1848 1046 esse

149 1074 433 1143 legitima,
476 1074 835 1128 dilectionem
886 1082 1133 1130 vestram
1183 1093 1501 1145 monemus,
1554 1085 1616 1133 ut
1660 1082 1849 1134 nullos

147 1163 293 1215 alios
331 1162 451 1215 dies
498 1163 627 1215 huic
657 1163 1030 1217 observantiae
1076 1166 1377 1219 misceatis.
1433 1167 1577 1230 Quia
1623 1168 1669 1221 si
1716 1174 1850 1222 sunt

148 1250 261 1301 alia
321 1266 547 1319 quoque
606 1252 749 1303 festa
804 1252 1012 1320 quibus
1070 1255 1251 1306 multa
1299 1255 1355 1306 in
1418 1254 1696 1308 honorem
1748 1256 1844 1309 Dei

150 1339 476 1390 reverentia
529 1338 825 1404 debeatur,
875 1339 1208 1409 principalis
1260 1347 1452 1395 tamen
1511 1348 1567 1396 et
1612 1344 1846 1397 maximi

148 1424 492 1478 sacramenti
541 1426 909 1480 custodienda
957 1428 1120 1480 nobis
1169 1433 1255 1502 est.
1303 1430 1540 1500 mystica
1587 1437 1641 1483 et
1683 1432 1848 1484 ratio-

145 1512 358 1565 nabilis
409 1514 775 1583 exemplatio,
831 1531 944 1567 non
996 1515 1302 1570 interdicta
1352 1518 1579 1571 licentia
1634 1536 1748 1588 qua
1786 1520 1846 1573 in

143 1600 436 1670 baptismo
468 1602 770 1654 tribuenda
807 1603 1066 1672 quolibet
1095 1609 1351 1674 tempore
1395 1607 1846 1675 periclitantibus

3550 325 3655 378 730

2426 445 2553 496 CAP.
2587 445 2674 496 VI.
2708 474 2777 481 —
2809 446 2881 497 De
2903 445 3086 498 eadem
3112 460 3187 499 re.

2031 531 2138 601 (Ea:
2177 533 2365 585 concil.
2420 532 2571 599 apud
2602 532 3016 600 Compendium,
3074 549 3194 600 cap.
3245 535 3324 602 3.)
3380 536 3445 588 Ut
3493 538 3648 588 extra

1960 623 2169 672 statuta
2199 624 2463 689 tempora
2508 635 2817 681 canonum,
2859 620 2915 672 id
2947 626 3032 673 est
3064 620 3123 673 in
3171 621 3385 675 Pascha
3414 626 3470 674 et
3514 625 3651 675 Pen-

1961 710 2190 773 tecoste,
2235 708 2522 777 baptisma
2568 724 2685 760 non
2735 709 3095 762 celebretur:
3131 710 3268 779 quia
3297 711 3440 764 sacri
3488 728 3652 765 cano-

1958 811 2060 847 nes
2090 795 2199 848 hoc
2231 796 2412 849 modis
2457 796 2746 860 omnibus,
2794 796 2901 849 nisi
2932 796 3163 867 aliquod
3211 796 3531 867 periculum
3562 797 3650 848 in-

1959 882 2181 945 stiterit.
2217 884 2337 936 ﬁeri
2383 884 2715 954 prohibent,
2756 884 2816 937 in
2863 890 3085 937 tantum
3119 890 3182 938 ut
3225 885 3396 937 etiam
3428 901 3523 937 eos
3554 884 3654 954 qui

1958 970 2069 1023 alio
2118 976 2375 1041 tempore
2426 971 2805 1042 baptizantur,
2856 988 2888 1023 a
2931 973 3205 1042 gradibus
3264 972 3653 1026 ecclesiasticis

1957 1059 2299 1125 abstineant,
2332 1076 2437 1112 nec
2469 1060 2534 1112 ad
2569 1060 2782 1112 clerum
2812 1060 3209 1113 admittantur.

2401 1164 2527 1217 CAP.
2567 1165 2679 1216 VII.
2713 1193 2779 1205 --
2818 1166 2896 1217 De
2917 1166 3100 1217 eadem
3129 1180 3203 1217 re.

2029 1253 2139 1322 (Ea:
2178 1254 2364 1306 concil.
2422 1255 2712 1316 Wormac.,
2777 1269 2898 1321 cap.
2956 1252 3061 1321 lO.)
3117 1252 3469 1306 Sacrosancti
3518 1253 3652 1323 bap-

1954 1338 2111 1392 tismi
2156 1346 2592 1406 sacramentum,
2642 1357 2757 1393 non
2789 1341 2897 1393 nisi
2947 1341 3003 1392 in
3040 1340 3293 1393 Paschali
3325 1340 3647 1407 festivitate,

1957 1432 2013 1480 et
2042 1428 2369 1481 Pentecoste
2400 1428 2797 1498 unusquisque.
2832 1428 3083 1481 ﬁdelium
3115 1428 3334 1481 noverit
3362 1443 3481 1481 esse
3508 1445 3651 1498 pras-

1954 1514 2207 1568 bendum
2247 1531 2260 1569 :
2295 1515 2540 1585 exceptis
2590 1515 2677 1569 his
2730 1516 2938 1586 quibus
2993 1516 3195 1568 mortis
3243 1516 3496 1585 periculo
3555 1532 3648 1569 ur-

1955 1610 2143 1673 gente,
2178 1619 2245 1656 ne
2280 1604 2339 1656 in
2370 1609 2647 1657 aeternum
2682 1611 2936 1674 pereant,
2969 1604 3178 1657 talibus
3209 1609 3436 1673 oportet
3465 1620 3647 1657 reme-

144 1689 504 1743 subvenitnr.
557 1691 638 1743 Ita
682 1691 834 1744 enim
892 1693 961 1743 ad
990 1693 1092 1745 has
1142 1693 1283 1746 duas
1332 1694 1660 1748 festivitates
1708 1714 1844 1750 con-
1879 1724 1917 1776 Β
1956 1690 2065 1745 diis
2098 1691 2423 1745 subvenire.

145 1792 326 1829 nexas
357 1777 584 1831 sibimet
636 1784 805 1849 atque
835 1786 1129 1848 cognatas,
1177 1780 1556 1836 incolumium
1608 1788 1664 1837 et
1690 1784 1844 1852 pacis

145 1866 453 1919 securitate
507 1867 837 1936 degentium
888 1868 1068 1921 libera
1116 1874 1247 1921 vota
1300 1870 1632 1938 deferimus,
1683 1878 1743 1924 ut
1787 1872 1846 1925 in

146 1954 355 2006 mortis
400 1955 676 2024 periculo,
710 1956 768 2007 in
816 1955 1127 2009 obsidionis
1174 1957 1525 2023 discrimine,
1568 1960 1628 2012 in
1659 1976 1847 2029 perse-

148 2042 397 2095 cutionis
435 2044 734 2111 angustiis,
779 2042 837 2096 in
890 2045 1099 2097 timore
1131 2046 1432 2115 naufragii,
1485 2047 1642 2100 nullo
1697 2053 1843 2101 tem-

147 2145 293 2199 pore
324 2131 433 2183 hoc
463 2147 613 2184 verae
646 2132 847 2184 salutis
877 2132 1165 2203 singulare
1195 2134 1530 2203 praesidium
1576 2135 1845 2205 cuiquam

149 2216 524 2286 denegamus.

147 2321 279 2375 CAP.
318 2323 414 2375 III.
447 2353 515 2362 —
544 2324 672 2397 iQuo
720 2329 962 2393 tempore
1004 2326 1274 2394 baptisma
1328 2327 1708 2383 celebrandum
1752 2332 1841 2397 sit,

219 2397 271 2444 et
299 2398 359 2445 ut
407 2397 502 2460 qui
536 2396 889 2462 baptizantur
920 2411 1026 2448 non
1068 2398 1307 2464 inﬁdeles
1345 2399 1439 2452 sed
1472 2400 1667 2466 ﬁdeles
1704 2396 1849 2454 inve-

218 2466 467 2517 niantur.
844 2470 850 2477 ’

220 2571 331 2633 (Ea:
360 2570 502 2623 decr.
542 2572 776 2625 Victoris
805 2588 982 2641 papae,
1022 2573 1295 2638 fratribus
1320 2590 1421 2643 per
1448 2575 1845 2629 Alexandriam

146 2659 480 2725 constitutis,
550 2673 673 2727 cap.
743 2659 821 2729 2.)
883 2660 944 2711 In
1002 2660 1258 2728 paschali
1306 2677 1438 2714 vero
1495 2666 1753 2731 tempore
1792 2669 1849 2716 et

146 2746 485 2799 Pentecoste
542 2746 830 2815 baptisma
886 2748 1291 2802 celebrandum
1345 2754 1430 2802 est
1479 2751 1842 2817 catholicum,

146 2833 247 2885 sed
296 2838 487 2886 tamen
519 2833 566 2886 si
607 2850 835 2888 necesse
884 2835 1078 2899 fuerit,
1131 2844 1229 2889 aut
1281 2837 1479 2890 mortis
1526 2838 1844 2907 periculum

145 2919 456 2988 ingruerit,
506 2922 746 2991 gentiles
773 2923 843 2975 ad
886 2923 1060 2976 ﬁdem
1102 2924 1395 2978 venientes
1438 2941 1668 2995 quoquo
1697 2926 1841 2990 loco,

1958 1798 2085 1852 CAP.
2120 1799 2267 1851 VIII.
2297 1828 2365 1839 —
2401 1801 2467 1853 Ut
2495 1800 2696 1862 viginti
2738 1798 2856 1852 dies
2887 1802 3010 1852 ante
3050 1800 3379 1870 baptismum
3407 1797 3482 1852 ad
3522 1814 3654 1868 pur-

2179 1872 2449 1934 gationem
2481 1871 2770 1922 emorcismi
2798 1870 3164 1923 catechumeni
3187 1872 3425 1922 veniant.

2028 1958 2132 2025 (Ea:
2163 1958 2348 2011 concil.
2394 1960 2690 2023 Braggar.,
2723 1973 2839 2025 cap.
2872 1958 2947 2025 3.)
2994 1958 3107 2010 Hoc
3137 1956 3482 2011 omnimodis
3514 1972 3652 2026 prae-

1955 2044 2198 2114 cipimus
2254 2049 2309 2098 et
2374 2045 2597 2114 antiqui
2664 2061 2910 2099 canones
2975 2045 3332 2115 praacipiunt,
3400 2049 3464 2098 ut
3519 2049 3649 2098 ante

1955 2132 2307 2200 baptismum
2355 2133 2558 2203 viginti
2608 2132 2730 2187 dies
2777 2133 2846 2185 ad
2899 2133 3302 2202 purgationem
3348 2132 3650 2185 exorcismi

1954 2220 2347 2275 catechumeni
2413 2221 2678 2287 veniant,
2748 2225 2803 2273 et
2865 2220 2925 2273 in
2991 2221 3103 2274 illis
3168 2220 3374 2287 viginti
3447 2220 3650 2274 diebus

1948 2309 2112 2378 juxta
2159 2308 2501 2363 canonicum
2549 2315 2920 2379 praeceptum,
2956 2314 3012 2362 et
3048 2308 3382 2362 erudiantur
3429 2313 3483 2362 et
3512 2324 3647 2362 con-

1953 2401 2265 2452 secrentur.

1955 2503 2082 2557 CAP.
2150 2505 2233 2557 IX.
2300 2533 2363 2543 —
2408 2504 2565 2567 Quod
2624 2518 2802 2557 omnes
2861 2504 2935 2555 ad
2999 2503 3327 2571 baptismum
3380 2504 3647 2555 venientes

2026 2576 2220 2641 quinta
2260 2577 2403 2640 feria
2434 2576 2659 2641 majoris
2693 2573 3056 2638 hebdomade,
3088 2572 3252 2642 ﬁdem
3282 2574 3524 2641 episcopo
3567 2574 3648 2625 vel

2021 2645 2335 2712 presbytero
2366 2645 2592 2696 reddere
2622 2644 2864 2696 debeant.

2027 2735 2130 2800 (Er
2161 2734 2346 2786 concil.
2394 2732 2727 2796 Laodicensi,
2760 2747 2880 2799 cap.
2916 2730 3026 2799 46.)
3060 2730 3217 2794 Quod
3253 2735 3512 2801 oporteat
3552 2747 3647 2784 eos

1956 2820 2055 2888 qui
2102 2821 2172 2873 ad
2222 2820 2502 2889 baptisma
2547 2819 2784 2872 veniunt
2833 2818 3005 2872 ﬁdem
3057 2819 3293 2880 discere,
3342 2822 3398 2871 et
3448 2818 3646 2888 quinta

1952 2904 2098 2959 feria
2148 2906 2484 2975 septimana!
2541 2905 2773 2975 majoris
2830 2905 3099 2975 episcopo
3155 2910 3255 2958 aut
3301 2904 3646 2975 presbyteris

146 3008 238 3060 vel
270 3012 583 3072 momento,
634 3010 962 3080 ubicunque
1010 3011 1282 3075 evenerit,
1332 3011 1448 3064 sive
1478 3012 1538 3065 in
1574 2994 1843 3079 Ilumine,
1877 3002 1916 3056 Ο
1953 2994 2214 3048 reddere-

148 3093 268 3147 sive
320 3094 383 3147 in
426 3095 595 3161 mari,
646 3097 761 3149 sive
812 3097 872 3151 in
927 3098 1181 3151 fontibus
1234 3104 1457 3153 tantum
1512 3101 1847 3155 Christiana:

148 3183 510 3237 confessione
555 3186 905 3239 credulitatis
952 3186 1256 3240 clariﬁcata
1306 3188 1685 3258 baptizantur.
1733 3189 1847 3259 Ipsi

150 3286 406 3340 quoque,
452 3272 606 3341 quod
655 3273 713 3326 in
761 3274 1045 3344 baptismo
1098 3276 1340 3344 polliciti
1384 3282 1536 3343 sunt,
1593 3293 1846 3331 summo-

149 3374 289 3427 pere
336 3364 420 3413 est
446 3362 873 3428 attendendum,
907 3378 980 3416 ne
1012 3362 1273 3416 inﬁdeles
1318 3366 1412 3417 sed
1456 3365 1655 3418 ﬁdeles
1696 3366 1846 3419 inve-

150 3446 407 3501 niantur.
438 3450 551 3517 Ipsi
580 3465 714 3503 vero
760 3451 858 3519 qui
891 3451 1245 3504 inﬁdelitatis
1277 3458 1411 3506 nota
1442 3460 1843 3523 asperguntur,

140 3534 395 3588 infames
439 3536 786 3599 efﬁciuntur,
838 3542 1007 3608 atque
1057 3536 1212 3592 inter
1256 3538 1453 3593 ﬁdeles
1493 3541 1731 3594 minime
1761 3558 1847 3595 re-

147 3627 448 3690 putantur.

278 3728 408 3782 CAP.
441 3730 528 3783 IV.
559 3759 629 3771 —
656 3734 727 3785 De
752 3732 957 3786 duobus
992 3735 1316 3802 temporibus
1349 3734 1713 3804 baptismatis.

223 3836 328 3902 (Ea:
358 3836 500 3890 decr.
555 3837 760 3892 Gelasii
797 3854 978 3907 papae,
1032 3854 1152 3908 cap.
1192 3842 1302 3907 lO.)
1352 3840 1685 3910 Baptizandi
1737 3843 1846 3897 sibi

147 3924 439 3993 quispiam
472 3926 686 3994 passim
736 3943 1079 3998 quocunque
1108 3933 1370 3997 tempore
1403 3930 1621 3983 nullam
1652 3932 1848 3985 credat

148 4013 337 4067 inesse
376 4012 665 4081 ﬁduciam,
697 4020 907 4085 printer
936 4016 1203 4070 Paschale
1235 4017 1445 4071 festum
1478 4023 1535 4072 et
1578 4021 1846 4075 Penteco-

149 4106 265 4153 stes
330 4102 653 4156 venerabile
724 4109 1185 4171 sacramentum,
1268 4110 1496 4175 excepto
1572 4107 1847 4163 duntaxat

150 4188 469 4258 gravissimi
523 4191 816 4261 languoris
863 4191 1119 4256 incursu,
1163 4192 1222 4246 in
1270 4210 1387 4263 quo
1416 4195 1726 4249 verendum
1761 4201 1847 4251 est

150 4293 243 4341 ne,
280 4278 465 4331 morbi
493 4283 778 4333 crescente
827 4280 1102 4349 periculo,
1134 4281 1258 4334 sine
1302 4282 1557 4335 remedio
1605 4283 1839 4337 salutari
1873 4278 1915 4331 D

150 4366 410 4420 fortassis
440 4372 725 4437 mgrotans
758 4368 931 4422 exitio
960 4373 1285 4439 praeventus
1310 4371 1591 4424 abscedat.

151 4474 283 4527 CAP.
314 4474 374 4527 V.
415 4503 477 4514 —
525 4474 667 4528 Item
718 4490 822 4544 quo
852 4480 1084 4545 tempore
1131 4477 1431 4545 baptismus
1471 4480 1593 4546 ﬁeri
1635 4478 1841 4533 debeat.

222 4580 335 4646 (Ea:
381 4580 524 4633 decr.
580 4581 763 4648 Syrici
810 4597 990 4650 papa,
1024 4598 1144 4651 cap.
1194 4584 1273 4651 2.)
1334 4583 1599 4653 Sequitur
1632 4585 1701 4638 de
1752 4585 1843 4639 di-

150 4666 331 4719 versis
375 4666 866 4737 baptizandorum,
902 4675 1072 4739 prout
1105 4671 1411 4742 unicuique
1454 4672 1682 4727 libitum
1716 4674 1845 4727 fue-

148 4755 245 4820 rit,
317 4755 714 4825 improbabilis
788 4763 844 4811 et
902 4759 1263 4814 emendanda
1318 4761 1591 4825 confusio,
1645 4778 1774 4832 quae
1815 4779 1846 4816 a

148 4844 364 4897 nostris
420 4846 940 4913 consacerdotibus,
1021 4848 1176 4918 quod
1248 4850 1520 4902 commoti
1582 4849 1841 4917 dicimus,

146 4948 268 4985 non
298 4934 518 4988 ratione
544 4935 899 4988 auctoritatis
948 4936 1210 5006 alicujus,
1247 4938 1342 4990 sed
1374 4938 1493 4990 sola
1522 4939 1843 4995 temeritate

146 5022 536 5090 praesumitur,
589 5028 653 5077 ut
698 5024 912 5093 passim
965 5040 1030 5077 ac
1072 5024 1251 5078 libere
1294 5025 1567 5078 natalitiis
1611 5025 1841 5092 Christi,

145 5125 249 5163 seu
278 5110 672 5180 apparitionis,
705 5128 930 5165 necnon
960 5118 1017 5167 et
1046 5114 1467 5182 apostolorum,
1499 5130 1597 5166 seu
1627 5119 1842 5183 marty-

144 5215 277 5253 rum
338 5198 739 5253 festivitatibus
807 5201 1152 5268 innumeraa,
1233 5206 1297 5254 ut
1352 5202 1575 5267 asseris,
1646 5202 1843 5270 plebes

144 5287 418 5357 baptismi
470 5288 803 5357 mysterium
872 5294 1318 5359 consequantur,
1387 5306 1516 5342 cum
1568 5290 1677 5343 hoc
1734 5289 1843 5344 sibi

144 5375 514 5447 privilegium
563 5382 621 5430 et
660 5378 811 5447 apud
843 5395 967 5445 nos,
1014 5384 1071 5432 et
1117 5379 1269 5449 apud
1316 5394 1513 5432 omnes
1548 5378 1838 5441 Ecclesias,

146 5462 514 5518 Dominicum
562 5464 886 5533 specialiter
922 5481 1053 5519 cum
1100 5467 1433 5521 Pentecoste
1482 5482 1583 5519 suo
1632 5465 1843 5520 Pascha

146 5550 437 5609 defendat.

1956 3102 2083 3156 CAP.
2139 3103 2198 3156 X.
2255 3131 2326 3142 —
2376 3103 2441 3156 Ut
2499 3116 2675 3155 omnes
2716 3101 3037 3224 bapctiiaandi
3081 3102 3237 3169 prius
3273 3101 3385 3153 sint
3441 3102 3647 3155 exorci-

2710 3188 2810 3224 zan
2856 3189 2894 3224 ι.

2710 3188 2894 3225 zanaz.

2026 3258 2133 3328 (Em
2155 3258 2297 3312 decr.
2334 3260 2545 3312 Caelest.
2577 3275 2709 3327 pap.
2750 3261 3061 3311 Galliarum
3091 3260 3253 3325 episc.
3285 3259 3486 3322 missis,
3522 3273 3643 3326 cap.

1961 3349 2069 3414 12.)
2116 3346 2256 3399 Illud
2290 3346 2476 3403 etiam,
2514 3347 2663 3416 quod
2708 3346 2853 3398 circa
2886 3346 3257 3413 baptizandos
3288 3344 3348 3397 in
3381 3345 3645 3398 universo

1954 3434 2168 3486 mundo
2204 3438 2397 3486 sancta
2444 3434 2685 3487 Ecclesia
2733 3432 3099 3486 uniformiter
3146 3432 3283 3502 agit,
3316 3448 3430 3485 non
3468 3432 3646 3486 otioso

1954 3522 2653 3592 contemplamurintuitu,
2669 3536 2798 3574 cum
2818 3520 2931 3572 sive
2944 3520 3187 3589 parvuli,
3206 3519 3319 3572 sive
3333 3518 3559 3591 [adulti]
3575 3520 3647 3573 ad

1954 3609 2404 3679 regenerationis
2434 3609 2673 3661 veniunt
2704 3613 3146 3673 sacramentum,
3184 3623 3301 3661 non
3329 3608 3490 3676 prius
3519 3608 3646 3661 fon-

1952 3700 2070 3749 tem
2102 3697 2231 3749 vitaa
2261 3696 2486 3762 adeant,
2522 3712 2695 3766 quam
2723 3700 2778 3749 et
2810 3694 3278 3748 exufﬂationibus
3307 3695 3646 3748 clericorum

1955 3786 2189 3855 spiritus
2243 3785 2310 3838 ab
2361 3786 2441 3839 eis
2498 3785 2834 3839 immundus
2882 3785 3165 3853 abigatur,
3220 3790 3285 3838 ut
3331 3790 3465 3837 tunc
3519 3800 3648 3838 vere

1955 3879 2229 3943 appareat
2276 3874 2565 3945 quomodo
2614 3875 2880 3944 princeps
2925 3873 3095 3943 hujus
3138 3873 3342 3926 mundi
3392 3874 3651 3927 mittatur

1954 3962 2123 4015 foras.

1955 4068 2082 4122 CAP.
2116 4069 2202 4122 ΧΙ.
2248 4071 2313 4122 Ut
2358 4069 2681 4137 baptizandi
2731 4070 2945 4121 nomine
3001 4067 3128 4121 dato
3160 4084 3194 4120 a
3240 4052 3400 4121 carne
3444 4071 3493 4120 et
3523 4069 3648 4121 vino

2590 4154 2645 4192 se
2679 4139 3006 4192 abstineant.

2021 4226 2133 4293 (Em
2171 4228 2357 4280 concil.
2413 4228 2697 4292 Carthag.,
2742 4241 2863 4294 cap.
2898 4225 3008 4295 85.)
3060 4224 3388 4293 Baptizandi
3436 4240 3648 4276 nomen

1954 4329 2121 4367 suum
2154 4314 2289 4367 dent
2322 4314 2426 4367 sub
2469 4313 2815 4367 abstinentia
2845 4312 2963 4365 vini
3000 4323 3054 4366 et
3097 4313 3376 4378 carnium,
3414 4328 3475 4365 ac
3522 4328 3648 4365 ma-

1953 4417 2063 4455 nus
2090 4400 2452 4471 impositione
2482 4401 2679 4454 crebro
2712 4400 3038 4453 examinant
3064 4399 3432 4469 baptismum.

1955 4507 2083 4562 CAP.
2115 4508 2225 4561 XII.
2258 4538 2326 4545 —
2362 4508 2514 4578 Quod
2537 4508 2798 4576 neophyti
2846 4522 2880 4559 a
2912 4506 3396 4578 lautioribuscibis
3426 4506 3649 4575 aliquod

2133 4584 2359 4647 tempus,
2380 4576 2444 4631 'et
2475 4595 2509 4631 a
2543 4579 2813 4645 conjugiis
2844 4592 2898 4630 se
2928 4577 3196 4630 abstinere
3223 4576 3466 4630 debeant.

2029 4668 2145 4733 (Ea;
2174 4667 2372 4732 eodem,
2404 4682 2524 4736 cap.
2560 4665 2673 4735 87.)
2713 4665 2991 4736 Neophyti
3021 4664 3356 4735 aliquandiu
3387 4682 3418 4718 a
3451 4664 3649 4718 lautio-

1953 4757 2112 4811 ribus
2156 4755 2360 4826 cpulis,
2419 4760 2474 4809 et
2530 4755 2883 4824 spectaculis,
2931 4755 3015 4808 vel
3064 4754 3408 4825 conjugibus
3466 4754 3649 4809 absti-

1954 4848 2145 4899 neant.

1954 4953 2079 5008 CAP.
2114 4952 2249 5006 XIII.
2298 4981 2366 4991 —
2402 4954 2468 5006 Ut
2513 4952 2684 5005 omnis
2729 4951 3012 5074 Exitu/ter
3046 4966 3142 5004 vas
3193 4948 3514 5019 baptismate
3552 4951 3647 5003 ha-

2768 5028 2874 5075 eat.

2026 5115 2131 5176 (Ea:
2163 5112 2330 5166 co-ncil
2376 5110 2655 5175 Meldens.,
2684 5126 2804 5179 cap.
2861 5109 2936 5179 7.)
2966 5110 3164 5165 Omnis
3210 5109 3505 5179 presbyter
3547 5110 3647 5180 qui

1951 5202 2169 5255 fontem
2211 5198 2507 5268 lapideum
2550 5198 2761 5251 habere
2790 5197 3129 5265 nequiverit,
3165 5213 3260 5249 vas
3304 5197 3646 5250 conveniens

1954 5290 2025 5344 ad
2054 5290 2160 5342 hoc
2186 5286 2547 5342 solummodo
2581 5285 2910 5355 baptizandi
2942 5284 3193 5339 ofﬁcium
3225 5285 3450 5351 habeat,
3489 5288 3644 5355 quod

1953 5382 2107 5431 extra
2142 5377 2434 5431 ecclesiam
2467 5392 2580 5429 non
2632 5376 2982 5445 deportatur.
3034 5374 3308 5428 Similiter
3333 5375 3401 5427 ad
3440 5390 3644 5445 corpo-

1950 5467 2067 5518 rale
2097 5466 2427 5527 lavandum,
2459 5468 2515 5517 et
2560 5464 2631 5518 ad
2673 5464 2853 5533 pallas
2883 5462 3077 5516 altaris
3105 5462 3339 5533 propria
3381 5479 3513 5515 vasa
3542 5464 3644 5519 ha-

1949 5554 2212 5617 beantur,
2246 5552 2307 5605 in
2338 5553 2546 5625 quibus
2576 5552 2719 5605 nihil
2750 5551 2903 5605 aliud
2936 5550 3052 5604 ﬁat.
