3956 6302
332 323 430 374 731

454 514 734 582 baptizare
754 516 1074 581 praesumat,
1104 515 1329 580 excepta
1356 525 1520 565 causa
1547 512 1903 578 inﬁrmitatis.

400 598 522 670 (Ea:
552 599 752 664 eodem,
776 614 896 667 cap.
919 597 1036 665 48.)
1057 598 1233 651 Nemo
1256 597 1715 666 presbyterorum
1743 593 2030 664 baptizare

329 692 662 759 praesumat,
696 686 806 740 nisi
839 688 898 741 in
928 685 1250 739 civitatibus
1295 690 1465 754 atque
1497 683 1852 753 temporibus
1889 698 2028 736 con-

333 774 567 841 stitutis,
615 774 726 828 nisi
774 790 946 828 causa
992 773 1366 842 aegritudinis,
1399 774 1487 827 vel
1533 780 1702 827 certae
1731 771 2032 825 necessita-

329 863 422 927 tis,
456 866 512 915 et
559 862 678 914 loca
711 862 809 914 illa
854 860 1256 914 auctoritatem
1296 865 1352 913 et
1380 858 1678 931 privilegia
1718 857 1908 912 debita
1939 873 2032 910 re-

330 949 570 1002 tineant.

334 1038 464 1091 CAP.
494 1037 600 1090 XV.
651 1065 722 1077 —
769 1038 1017 1101 Qualiter
1046 1039 1096 1090 ei
1138 1038 1236 1104 qui
1275 1036 1451 1103 ﬁdelis
1502 1036 1730 1088 existere
1775 1035 2024 1100 uoluerit,

777 1109 1104 1176 baptismum
1133 1111 1207 1160 sit
1229 1106 1591 1160 tribuendum.

403 1194 512 1264 (Ea:
541 1194 684 1247 decr.
722 1196 1014 1248 Clementis
1061 1209 1236 1262 papae,
1278 1194 1480 1247 cunctis
1528 1192 1776 1261 ﬁdelibus
1821 1192 2022 1258 missis,

325 1297 447 1352 cap.
483 1284 596 1349 62.)
630 1282 686 1337 Si
717 1282 844 1352 quis
875 1298 1012 1352 ergo
1044 1281 1228 1335 ﬁdelis
1259 1280 1502 1334 voluerit
1537 1279 1804 1344 existere,
1839 1285 1895 1333 et
1923 1279 2022 1333 de-

329 1369 542 1424 siderat
594 1370 890 1440 baptizari,
941 1375 1143 1423 exutus
1175 1369 1459 1440 prioribus
1507 1367 1669 1421 malis
1700 1367 1769 1420 de
1800 1365 2023 1437 reliquo

328 1474 435 1528 pro
463 1459 631 1512 bonis
657 1459 872 1512 actibus
897 1458 1080 1512 haeres
1101 1458 1386 1511 bonorum
1410 1455 1726 1511 cmlestium
1753 1472 1822 1508 ex
1851 1454 2024 1526 gestis

328 1547 578 1617 pr0priis
624 1547 743 1601 ﬁat.
790 1548 1037 1601 Accedat
1080 1546 1150 1600 ad
1191 1546 1544 1600 sacerdotem
1593 1561 1781 1611 suum,
1816 1549 1872 1597 et
1912 1543 2023 1613 ipsi

330 1633 427 1687 det
454 1651 668 1688 nomen
695 1651 883 1701 suum,
917 1639 1088 1704 atque
1120 1633 1189 1687 ab
1221 1650 1288 1688 eo
1316 1634 1512 1688 audiat
1558 1632 1828 1702 mysteria
1859 1631 2023 1702 regni

1413 315 1821 371 BURCHARDI
1856 309 2392 369 WORMACIENSIS
2428 307 2766 366 EPISCOPI.

332 443 460 498 CAP.
511 443 646 498 XIV.
687 472 757 481 —
808 443 876 495 Ut
921 440 1104 494 nullus
1146 439 1430 509 presbyter
1458 441 1571 493 nisi
1613 441 1674 492 in
1715 437 2026 492 civitatibus
2055 438 2103 489 A

3739 309 3836 363 732

2344 435 2472 488 CAP.
2505 435 2607 488 XX.
2640 461 2712 472 —-
2739 432 2821 485 De
2846 431 3238 486 catechumenis
3262 433 3630 501 peccantibus.

2213 525 2321 594 (Ea:
2350 523 2538 577 concil.
2587 523 2912 586 Neocwsar.,
2961 536 3106 589 cap.,
3138 521 3214 592 6.)
3266 521 3740 586 Catechumenus,
3791 519 3835 573 si

2138 612 2494 682 ingrediatur
2540 610 2858 673 ecclesiam,
2913 610 3060 662 etin
3091 609 3294 663 ordine
3342 625 3566 674 eorum,
3615 609 3717 679 qui
3746 607 3833 661 in-

2137 703 2458 765 struuntur,
2517 697 2759 763 assistat,
2815 697 2908 750 hic
2961 701 3153 750 autem
3211 697 3603 767 deprehensus
3663 695 3833 750 fuerit

2136 803 2396 857 peccans,
2447 785 2733 855 siquidem
2777 801 2929 855 genu
2960 784 3154 850 ﬂectit,
3207 786 3421 851 audiat,
3472 790 3536 839 ut
3577 801 3696 839 non
3743 785 3833 838 de-

2134 876 2362 946 linquat
2405 875 2670 928 ulterius.
2724 874 2782 928 Si
2812 890 2946 928 vero
2977 879 3033 928 et
3079 874 3320 928 audiens
3370 874 3710 945 peccaverit,
3743 890 3831 928 ex-

2134 965 2403 1034 pellatur.

2134 1053 2262 1107 CAP.
2293 1054 2420 1106 XXI.
2459 1080 2528 1092 —
2570 1051 2652 1104 De
2700 1052 2815 1104 illis
2855 1052 2952 1120 qui
2979 1066 3153 1119 nuper
3183 1055 3310 1104 sunt
3345 1051 3639 1120 baptizati,
3691 1049 3832 1118 quod

2627 1123 2932 1190 promoveri
2952 1137 3058 1175 non
3087 1121 3331 1175 debeant.

2207 1210 2317 1280 (Ea:
2364 1212 2552 1266 concil.
2606 1210 2917 1276 Laodiensi,
2965 1226 3085 1279 cap.
3139 1209 3215 1278 3.)
3246 1210 3327 1263 De
3358 1207 3446 1262 his
3499 1209 3601 1279 qui
3647 1224 3827 1279 nuper

2133 1304 2264 1353 sunt
2305 1298 2615 1354 illuminati
2659 1297 3024 1368 baptismate,
3075 1297 3230 1368 quod
3260 1314 3354 1351 eos
3399 1297 3457 1351 in
3490 1297 3827 1351 sacerdotali

2132 1403 2250 1441 non
2279 1387 2583 1442 conveniat
2610 1386 2810 1440 ordine
2841 1386 3194 1457 promoveri.

2131 1495 2259 1550 CAP.
2291 1495 2450 1548 XXII.
2499 1523 2570 1532 —
2607 1495 2686 1546 De
2728 1493 3078 1562 presbyteris,
3129 1495 3179 1546 si
3226 1495 3283 1546 in
3343 1493 3612 1545 Trinitate
3659 1492 3828 1559 juxta

2399 1569 2727 1633 preceptum
2759 1565 2971 1617 Domini
2998 1579 3104 1617 non
3135 1563 3550 1632 baptizaverint.

2203 1653 2308 1722 (Ea:
2340 1668 2539 1706 canone
2581 1651 2896 1720 apostolor.)
2944 1651 3156 1721 Siquis
3203 1651 3506 1720 episcopus
3550 1656 3654 1704 aut
3702 1665 3828 1720 pre-

330 1722 626 1812 θοθίοτυωξ
674 1722 914 1812 Ῑθᾶυῑᾏίίδ
969 1722 1364 1812 freﬂuentiblls
1421 1736 1656 1791 Operam
1699 1721 2017 1812 impendat!
2053 1713 2092 1766 Β
2133 1713 2324 1812 sbyter
2361 1740 2522 1810 juxta
2549 1713 2904 1810 praeceptum
2955 1713 3181 1793 Domini
3212 1713 3326 1792 non
3358 1713 3743 1808 baptizaverit
3772 1736 3830 1790 in

331 1825 394 1863 ac
422 1810 795 1880 semetipsum
825 1811 886 1864 in
907 1810 1176 1865 omnibus
1196 1810 1417 1880 probet,
1447 1817 1510 1864 ut
1527 1816 1644 1863 tres
1667 1825 1888 1863 menses
1901 1809 2020 1879 jam

330 1899 802 1965 consummando,
834 1899 890 1952 in
923 1899 1014 1953 die
1043 1899 1185 1953 festo
1215 1899 1394 1969 possit
1430 1897 1724 1968 baptizari.
1773 1898 2025 1969 Baptize-

325 1989 423 2039 tur
452 1986 846 2058 unusquisque
894 1987 956 2041 in
987 1987 1148 2058 aquis
1178 1987 1546 2058 perennibus,
1598 1987 1830 2040 nomine
1859 1987 2022 2040 trinae

328 2073 701 2128 beatitudinis
730 2074 994 2128 invocato
1026 2091 1202 2144 super
1232 2091 1310 2142 se,
1342 2078 1652 2146 perunctus
1680 2074 1868 2143 primo
1899 2075 2022 2128 oleo

329 2178 436 2233 per
485 2164 800 2217 orationem
852 2163 1225 2230 sanctiﬁcato,
1269 2169 1334 2216 ut
1359 2163 1440 2218 ita
1487 2163 1722 2217 demum
1768 2180 1872 2233 per
1904 2164 2026 2217 haec

329 2257 710 2317 consecratus,
743 2252 919 2322 possit
947 2253 1243 2322 percipere
1272 2253 1463 2306 locum
1487 2267 1619 2305 cum
1652 2250 1877 2304 sanctis.

331 2355 460 2410 CAP.
506 2356 637 2410 XVI.
669 2386 738 2397 --
790 2359 863 2411 De
905 2357 1243 2426 martyribus
1294 2360 1391 2424 qui
1419 2359 1535 2410 sine
1574 2357 1841 2426 baptismo
1868 2372 2022 2411 mar-

887 2430 1092 2496 tyrium
1110 2432 1470 2496 susceperunt.

404 2513 522 2585 (Ea:
574 2514 735 2569 dictis
789 2516 1047 2585 August.)
1107 2515 1593 2570 Catechumennm
1643 2513 1902 2585 quamvis
1962 2514 2024 2568 in

328 2601 494 2656 bonis
535 2602 804 2671 operibus
847 2603 1199 2670 defunctum,
1233 2602 1408 2655 vitam
1456 2603 1667 2656 habere
1697 2617 1815 2656 non
1847 2600 2025 2655 credi-

329 2706 480 2757 mus,
551 2696 784 2761 excepto
847 2692 1125 2746 duntaxat
1183 2691 1294 2744 nisi
1353 2691 1612 2762 martyrii
1669 2694 2024 2744 sacramenta

330 2778 749 2848 compleantur.
803 2781 1127 2850 Baptizatus
1175 2780 1483 2833 conﬁtetur
1512 2779 1687 2832 ﬁdem
1733 2794 1894 2832 suam
1935 2795 2024 2831 co-

330 2881 454 2919 ram
517 2867 826 2931 sacerdote,
889 2873 946 2922 et
1009 2868 1396 2938 interrogatus
1461 2867 1848 2937 respondebit.
1910 2867 2024 2920 Hoc

333 2953 488 3008 idem
520 2960 736 3026 martyr
775 2971 966 3010 coram
995 2962 1360 3026 persecutore
1408 2955 1562 3022 facit,
1611 2956 1712 3026 qui
1741 2960 1797 3009 et
1843 2955 2020 3008 conﬁ-
2054 2983 2095 3039 ρ

331 3046 483 3096 tetur
533 3043 727 3111 ﬁdem,
789 3048 846 3097 et
899 3043 1288 3112 interrogatus
1347 3044 1678 3113 respondet.
1742 3043 1840 3096 Ille
1896 3048 2027 3113 post

331 3131 747 3185 confessionem
797 3133 1121 3202 aspergitur
1165 3131 1460 3202 martyrio,
1489 3133 1576 3185 vel
1607 3147 1739 3185 vero
1770 3131 2024 3201 aspergi-

330 3223 426 3274 tur
455 3219 757 3290 sanguine,
791 3221 880 3273 vel
917 3219 1162 3290 tingitur
1205 3218 1356 3288 igne.
1404 3220 1504 3272 Ille
1535 3235 1739 3273 manus
1786 3219 2019 3290 imposi-

331 3308 485 3361 tione
515 3307 802 3376 pontiﬁcis
843 3307 1051 3378 accipit
1078 3307 1356 3378 Spiritum
1404 3313 1684 3362 sanctum.
1733 3308 1831 3362 Hic
1860 3307 2022 3362 habi-

329 3397 583 3450 taculum
616 3396 862 3450 efﬁcitur
892 3396 1133 3467 Spiritus
1159 3395 1340 3451 sancti
1363 3396 1501 3450 dum
1527 3413 1641 3450 non
1673 3401 1757 3450 est
1781 3397 1901 3467 ipse
1924 3396 2024 3468 qui

331 3482 609 3554 loquitur,
654 3483 751 3536 sed
784 3482 1018 3554 spiritus
1050 3483 1150 3554 qui
1197 3484 1258 3537 in
1290 3483 1388 3538 illo
1428 3484 1702 3554 loquitur.
1739 3485 1838 3538 Ille
1869 3500 2022 3537 com-

331 3571 586 3625 municat
648 3571 1013 3626 Eucharistia:
1080 3571 1142 3625 in
1215 3571 1758 3626 commemoratione
1821 3572 2022 3626 mortis

332 3659 561 3714 Domini
591 3676 603 3714 :
641 3659 735 3713 hic
763 3659 872 3729 ipsi
903 3659 1124 3715 Christo
1153 3661 1547 3715 commoritur.
1581 3661 1681 3715 Ille
1720 3662 2024 3715 conﬁtetur

332 3764 390 3801 se
421 3747 621 3801 mundi
669 3747 886 3801 actibus
918 3749 1402 3816 renuntiaturum,
1437 3749 1529 3802 hic
1573 3749 1695 3819 ipse
1726 3750 2022 3804 renuntia-

331 3835 414 3888 vit
441 3835 589 3888 vitse.
640 3834 728 3888 Illi
759 3835 956 3890 omnia
996 3843 1228 3906 peccata
1258 3836 1649 3899 remittuntur,
1684 3835 1780 3890 isti
1813 3837 2020 3890 exstin-

331 3928 608 3993 guuntur.

334 4011 460 4065 CAP.
520 4011 676 4066 XVII.
739 4041 808 4050 —
857 4012 1010 4082 Quod
1070 4013 1459 4067 catechumenis
1515 4019 1908 4069 sacramentum
1963 4016 2022 4068 in

810 4085 1019 4137 Pascha
1047 4083 1176 4138 dari
1201 4099 1308 4138 non
1337 4084 1541 4138 debeat.

403 4169 512 4241 (Ea:
540 4173 729 4226 concil.
784 4173 1067 4240 Carthag.,
1113 4188 1234 4241 cap.
1269 4173 1340 4241 5.)
1367 4173 1514 4226 ’Item
1559 4173 1772 4243 placuit
1809 4177 1873 4227 ut
1918 4189 2024 4244 per

2131 1828 2369 1884 nomine
2400 1827 2602 1896 Patris,
2647 1831 2703 1880 et
2731 1826 2878 1894 Filii,
2911 1829 2967 1880 et
2995 1826 3240 1896 Spiritus
3269 1825 3469 1892 sancti,
3502 1824 3604 1879 sed
3633 1825 3698 1878 in
3729 1825 3829 1878 tri-

2129 1917 2236 1972 bus
2277 1917 2398 1971 sine
2428 1915 2593 1970 initio
2643 1915 2967 1985 principiis,
2998 1920 3098 1968 aut
3126 1913 3187 1968 in
3216 1914 3403 1969 tribus
3447 1913 3604 1982 ﬁliis,
3640 1919 3745 1968 aut
3775 1913 3832 1967 in

2129 2005 2311 2060 tribus
2335 2004 2660 2076 paracletis,
2697 2004 3016 2074 abjiciatur.

2544 2093 2673 2148 CAP.
2706 2093 2888 2148 XXIII.
2922 2123 2989 2132 ——
3015 2091 3097 2146 De
3125 2091 3309 2145 eadem
3333 2106 3409 2145 re.

2203 2182 2323 2254 (Ea:
2351 2182 2577 2252 eodem.)
2615 2182 2672 2236 Si
2719 2181 2847 2252 quis
2891 2180 3195 2250 episcopus
3235 2185 3334 2234 aut
3362 2179 3685 2250 presbyter,
3719 2196 3834 2234 non

2129 2270 2340 2325 trinam
2392 2270 2742 2324 mersionem
2772 2269 2946 2322 unius
2979 2268 3234 2339 mysterii
3283 2267 3682 2336 celebraverit,
3733 2268 3833 2322 sed

2133 2360 2312 2413 semel
2364 2359 2573 2429 mergit
2618 2359 2679 2411 in
2727 2357 3090 2428 baptismate,
3147 2357 3303 2428 quod
3335 2356 3459 2411 dari
3504 2356 3738 2410 videtur
3773 2356 3833 2410 in

2131 2453 2316 2503 morte
2347 2447 2598 2512 Domini,
2631 2448 2972 2516 deponatur.
3004 2447 3124 2500 Non
3151 2445 3306 2499 enim
3339 2445 3481 2500 dixit
3514 2445 3826 2498 Dominus:

2133 2538 2195 2590 In
2224 2540 2408 2589 morte
2456 2550 2584 2588 mea
2613 2534 2920 2605 baptizate,
2954 2535 3051 2588 sed
3081 2550 3093 2587 :
3133 2535 3342 2588 Euntes
3389 2534 3586 2587 docete
3628 2549 3830 2586 omnes

2132 2628 2351 2696 gentes,
2385 2625 2740 2694 baptizantes
2770 2640 2867 2678 eos
2895 2623 2957 2676 in
2986 2623 3220 2678 nomine
3269 2622 3468 2690 Patris,
3503 2628 3560 2676 et
3592 2621 3743 2687 Filii,
3775 2625 3832 2675 et

2131 2714 2376 2785 Spiritus
2405 2713 2602 2767 sancti.

2133 2822 2261 2876 CAP.
2292 2820 2471 2875 XXIV.
2504 2849 2572 2858 -—
2604 2818 2755 2884 Quod
2782 2820 2841 2872 in
2888 2819 3176 2886 baptismo,
3218 2821 3269 2871 et
3307 2819 3367 2871 in
3403 2818 3828 2884 conﬁrmatione,

2319 2893 2370 2945 si
2397 2905 2603 2944 necesse
2633 2892 2823 2956 fuerit,
2855 2904 2994 2943 unus
3019 2891 3273 2957 patrinus
3301 2891 3474 2956 possit
3503 2902 3633 2941 esse.

2205 2979 2308 3048 (Ea:
2356 2979 2500 3032 decr.
2537 2979 2699 3044 Ygini
2745 2992 2923 3045 papae,
2971 2993 3092 3045 cap.
3148 2979 3255 3043 I0.)
3297 2977 3362 3029 In
3394 2975 3824 3040 catechumeno,

2135 3072 2192 3122 et
2219 3067 2280 3121 in
2303 3067 2608 3137 baptismo,
2647 3071 2703 3119 et
2728 3065 2788 3118 in
2818 3065 3249 3119 conﬁrmatione
3272 3081 3420 3118 unus
3447 3069 3612 3134 pater
3641 3067 3830 3133 potest

2134 3155 2281 3223 ﬁeri,
2327 3156 2374 3209 si
2404 3154 2707 3208 necessitas
2743 3154 2898 3223 cogit
2925 3171 2938 3208 :
2977 3169 3092 3206 non
3135 3158 3223 3207 est
3254 3159 3446 3206 tamen
3475 3150 3830 3208 consuetudo

2134 3244 2411 3310 Romana,
2444 3243 2540 3297 sed
2571 3258 2675 3312 per
2705 3241 2934 3312 singula
2961 3242 3175 3312 singuli
3203 3241 3538 3312 suscipiunt.

2133 3350 2267 3405 CAP.
2305 3351 2453 3404 XXV.
2486 3378 2554 3389 —
2589 3351 2654 3403 Ut
2696 3364 2835 3402 unus
2871 3351 3147 3417 patrinus,
3206 3349 3290 3402 vel
3331 3350 3556 3416 patrina
3596 3347 3673 3401 ad
3697 3361 3828 3401 sus-

2539 3420 2843 3488 cipiendum
2869 3421 3138 3486 infantem
3167 3419 3411 3473 accedat.

2203 3508 2311 3579 (Ea:
2365 3508 2507 3563 decr.
2562 3510 2752 3563 Leonis
2803 3499 2972 3577 papa»
3012 3507 3163 3576 apud
3222 3508 3278 3563 S.
3332 3504 3697 3575 Medardum.)
3761 3505 3830 3558 Ut

2130 3613 2250 3651 non
2295 3597 2488 3667 plures
2531 3596 2601 3649 ad
2636 3596 3064 3666 suscipiendum
3114 3596 3184 3650 de
3213 3596 3496 3666 baptismo
3541 3593 3826 3647 infantem

2131 3686 2418 3750 accedant,
2449 3700 2622 3754 quam
2668 3699 2839 3751 unus,
2883 3683 2996 3737 sive
3026 3683 3130 3744 vir,
3163 3683 3279 3737 sive
3321 3682 3549 3737 mulier.
3600 3683 3665 3736 In
3691 3697 3826 3734 con-

2128 3772 2550 3828 ﬁrmationibus
2573 3788 2801 3843 quoque
2828 3772 3076 3841 idipsum
3108 3772 3226 3825 ﬁat.

2131 3861 2258 3916 CAP.
2287 3861 2464 3915 XXVI.
2497 3890 2565 3898 —
2599 3862 2666 3915 Ut
2706 3861 2799 3914 ille
2827 3863 2924 3928 qui
2949 3876 3057 3913 non
3090 3865 3172 3914 est
3215 3860 3545 3929 baptizatus,
3586 3858 3671 3912 vel
3699 3873 3824 3912 con-

2411 3931 2681 4002 ﬁrmatus,
2711 3948 2744 3984 a
2763 3931 3027 3999 baptismo
3045 3933 3256 3984 nullum
3287 3932 3535 3999 recipiat.

2203 4019 2324 4090 (Ea:
2365 4020 2554 4073 concil.
2591 4021 2860 4086 Mogunt.,
2914 4034 3036 4088 cap.
3084 4019 3160 4086 2.)
3207 4021 3270 4074 In
3314 4017 3597 4087 baptismo
3643 4016 3733 4069 vel
3766 4016 3827 4069 in

2130 4108 2434 4161 chrismate
2465 4123 2579 4161 non
2627 4112 2812 4177 potest
2840 4107 3018 4161 alium
3050 4107 3334 4178 suscipere
3365 4107 3426 4159 in
3468 4106 3653 4160 ﬁlium
3703 4104 3826 4175 ipse

2131 4196 2232 4266 qui
2257 4213 2371 4250 non
2399 4201 2483 4250 est
2510 4195 2852 4265 baptizatus,
2883 4196 2972 4249 vel
3003 4195 3394 4250 conﬁrmatus.

331 4258 778 4352 solemnissimos
809 4262 1110 4352 Pascbales
1140 4261 1260 4315 dies
1289 4268 1725 4352 sacramentum
1755 4263 2018 4352 catechu-
2051 4267 2094 4320 D
2135 4258 2260 4338 ἀΔρ,
2315 4284 2517 4340 Χχνηἱ
2574 4258 2635 4324 ζ,
2696 4286 2763 4339 [γε
2808 4258 2990 4338 ήηιιαε
3039 4287 3298 4352 patrium
3348 4283 3481 4352 ﬁat,
3530 4284 3643 4337 πεδί
3689 4287 3828 4336 recte

332 4347 516 4402 menis
544 4364 662 4402 non
709 4349 897 4416 detur,
929 4349 990 4403 ni
1033 4350 1222 4404 solum
1252 4351 1405 4415 salis,
1458 4351 1592 4421 quia
1621 4352 1668 4404 si
1697 4351 1892 4406 ﬁdeles
1921 4368 2026 4421 per

330 4437 459 4490 illos
489 4437 609 4490 dies
640 4444 1061 4494 sacramentum
1089 4455 1204 4492 non
1236 4445 1485 4502 mutant,
1532 4455 1636 4493 nec
1665 4441 2024 4495 catechume-

331 4541 440 4579 nos
471 4530 698 4596 oportet
726 4533 970 4582 mutare.

333 4614 462 4668 CAP.
525 4615 710 4669 XVIII.
780 4616 862 4670 De
925 4617 1315 4740 catecliunzienis
1381 4633 1417 4671 a
1475 4617 1790 4688 baptisteria
1854 4632 2025 4672 remo-

1072 4703 1172 4740 ven
1207 4703 1280 4740 .is.

1072 4703 1280 4743 vendis.

405 4776 514 4840 (Ea:
552 4774 737 4827 concil.
798 4776 1083 4842 Arausic.,
1134 4791 1256 4844 cap.
1322 4777 1433 4845 I7.)
1497 4775 1582 4830 Ab
1627 4775 2026 4846 baptisterium

332 4861 728 4916 catechumeni
779 4879 1077 4934 nunquam
1143 4863 1485 4918 admittendi
1536 4869 1689 4931 sunt,
1749 4864 1858 4918 nisi
1915 4865 2027 4936 ipsi

331 4950 710 5021 baptizentur.

334 5041 462 5096 CAP.
497 5041 626 5095 XIX.
658 5070 728 5079 —
775 5044 853 5096 De
907 5043 1297 5164 catechumednis
1346 5041 1713 5109 segregandis,
1764 5046 1816 5096 et
1859 5043 2030 5109 infor-

1060 5127 1188 5164 man
1230 5127 1296 5164 is.

1060 5127 1296 5166 mancus.

405 5199 522 5270 (Ea:
552 5199 754 5268 eodem,
781 5215 901 5268 cap.
940 5203 1048 5268 18.)
1093 5203 1139 5252 Α
1167 5199 1426 5253 ﬁdelium
1457 5199 1852 5255 benedictione
1883 5205 2029 5255 cate-

335 5288 627 5356 chumeni,
673 5288 844 5342 etiam
874 5288 1028 5343 inter
1076 5288 1420 5342 domesticos
1460 5289 1713 5358 ordines,
1759 5289 1820 5342 in
1852 5306 2032 5361 quan-

334 5380 458 5430 tum
489 5377 672 5431 caveri
725 5381 934 5447 potest,
965 5377 1305 5448 segregandi
1354 5376 1822 5449 informandiqne
1873 5384 2025 5446 sunt,

335 5469 400 5519 ut
430 5482 488 5518 se
532 5472 589 5520 et
634 5467 944 5536 signandos
992 5467 1081 5520 vel
1127 5464 1543 5520 benedicendos
1581 5466 1847 5521 semotim
1887 5467 2028 5522 offe-

339 5559 486 5608 rant.

2876 4355 3079 4410 credat.

2204 4441 2318 4511 (Ea:
2363 4444 2547 4498 concil.
2606 4445 2922 4508 Parisiensi,
2977 4459 3096 4512 cap.
3147 4441 3224 4512 2.)
3258 4443 3328 4496 Ut
3381 4457 3551 4495 nemo
3583 4457 3617 4494 a
3665 4456 3823 4494 sacro

2132 4530 2286 4584 fonte
2332 4532 2584 4602 aliquem
2634 4531 2924 4603 suscipiat,
2957 4531 3068 4585 nisi
3099 4529 3428 4586 Orationem
3477 4529 3824 4584 dominicam

2133 4624 2192 4674 et
2235 4619 2566 4690 Symbolum
2613 4621 2779 4690 juxta
2823 4635 2985 4674 suam
3041 4619 3301 4691 linguam
3353 4624 3408 4674 et
3466 4618 3825 4672 intellectum

2132 4712 2341 4775 teneat,
2379 4712 2434 4761 et
2477 4724 2668 4762 coram
2719 4709 3051 4779 presbytero
3095 4708 3376 4772 decantet,
3419 4713 3474 4760 et
3519 4711 3585 4760 ut
3615 4705 3824 4760 intelli-

2134 4802 2274 4868 gant
2303 4812 2499 4850 omnes
2520 4803 2772 4868 pactum,
2808 4798 2963 4868 quod
2995 4814 3122 4851 cum
3156 4799 3270 4852 Deo
3301 4799 3679 4868 pepegerunt.

2134 4886 2263 4942 CAP.
2315 4886 2542 4942 XXVIII.
2591 4917 2660 4927 —
2708 4889 2773 4941 Ut
2824 4887 3125 4955 presbyteri
3172 4902 3207 4940 a
3248 4888 3491 4955 patrinis
3537 4886 3828 4954 requirant

2649 4959 2700 5011 si
2731 4958 3042 5025 Symbolum
3074 4961 3307 5011 teneant.

2207 5043 2326 5113 (Ea:
2357 5045 2543 5098 concil.
2605 5046 2992 5099 Wormaciens.
3043 5061 3115 5111 Iv,
3175 5060 3294 5113 cap.
3349 5044 3417 5114 l.)
3469 5044 3832 5099 Annuntient

2135 5132 2473 5203 presbyteri,
2504 5139 2569 5187 ut
2613 5149 2802 5202 neque
2853 5133 2978 5199 viri,
3032 5149 3217 5203 neque
3246 5131 3498 5187 fmminae
3546 5133 3618 5187 de
3670 5149 3829 5188 sacro

2135 5220 2293 5276 fonte
2341 5221 2566 5290 ﬁliolos,
2602 5223 2687 5276 vel
2740 5221 2944 5276 ﬁliolas
2997 5219 3289 5291 suscipiat,
3339 5219 3451 5273 nisi
3498 5217 3832 5271 memoriter

2137 5310 2466 5381 Symbolum
2498 5316 2553 5365 et
2582 5311 2912 5366 Orationem
2945 5309 3292 5365 dominicam
3320 5308 3628 5362 tenuerint.

2138 5400 2266 5455 CAP.
2299 5400 2470 5454 XXIX.
2503 5428 2574 5440 —
2602 5402 2677 5454 De
2717 5400 2956 5469 symbolo
2996 5404 3107 5454 octo
3152 5399 3264 5452 dies
3307 5401 3432 5451 ante
3461 5397 3678 5469 Pascha
3728 5413 3832 5467 pu-

2457 5471 2588 5524 blice
2619 5472 2679 5524 in
2701 5468 2945 5525 omnibus
2974 5471 3207 5524 ecclesiis
3233 5468 3529 5523 recitando.

2209 5559 2318 5629 (Ea:
2354 5559 2542 5612 concil.
2573 5558 2845 5626 Agathen.
2878 5573 2998 5628 cap.
3038 5556 3114 5628 I.)
3144 5556 3481 5628 Symbolum
3510 5555 3686 5611 etiam
3716 5556 3833 5628 pla-
