3956 6300
132 321 236 373 733

132 532 271 579 ante
313 527 664 580 Dominicam
696 528 1210 596 :resurrectionem,
1242 529 1469 598 publice
1498 530 1560 583 in
1603 530 1839 584 ecclesia

131 630 262 668 com
273 615 600 686 petentibus
630 616 798 670 tradi.

134 723 265 777 CAP.
320 723 464 776 XXX.
500 752 564 761 —
614 725 687 776 De
743 722 1034 790 gentilibus
1088 722 1347 789 inﬁrmis,
1402 725 1453 776 si
1510 723 1838 792 baptismum

824 793 1153 847 desiderant.

212 881 338 950 (Ea:
365 881 545 935 eodem
588 882 833 949 concilio,
883 897 1004 950 cap.
1052 881 1128 951 3.)
1177 880 1450 950 Gentiles,
1495 881 1541 934 si
1586 881 1647 935 in
1675 882 1834 936 inﬁr-

140 970 349 1023 mitate
380 969 822 1023 desideraverint
857 968 964 1023 sibi
992 985 1229 1023 manum
1258 969 1504 1040 imponi,
1532 971 1579 1023 si
1626 972 1840 1025 fuerint

143 1074 215 1111 ex
248 1058 445 1128 aliqua
474 1062 635 1127 parte
660 1058 903 1111 honesta
933 1058 1066 1124 vita,
1098 1058 1314 1128 placuit
1343 1059 1426 1113 eis
1458 1075 1693 1113 manum
1723 1060 1835 1114 im-

139 1147 304 1215 poni,
338 1152 397 1199 et
424 1146 547 1199 ﬁeri
577 1146 947 1199 Christianos.

398 1235 523 1288 CAP.
550 1235 717 1288 XXXI.
747 1263 820 1274 —
853 1238 922 1289 De
953 1235 1190 1301 gravida
1222 1236 1573 1303 baptizanda.

212 1324 337 1387 (Em
389 1323 575 1377 concil.
625 1324 948 1389 Neoczsar.,
990 1338 1108 1392 cap.
1137 1324 1212 1393 6.)
1263 1323 1559 1378 Gravidam
1612 1328 1838 1393 oportet

134 1410 443 1481 baptizari,
476 1411 705 1481 quando
744 1411 1007 1469 voluerit.
1063 1411 1214 1465 Nihil
1245 1412 1398 1479 enim
1448 1412 1506 1465 in
1555 1413 1662 1466 hoc
1709 1429 1838 1483 quae

134 1500 295 1569 parit
324 1500 579 1553 nascenti
613 1500 1016 1566 communicat,
1052 1505 1355 1569 propterea
1382 1502 1532 1571 quod
1565 1502 1835 1555 uniuscu-

131 1589 346 1658 jusque
367 1587 726 1656 propositum
751 1588 810 1640 in
837 1588 1193 1641 confessione
1215 1589 1554 1642 declaratur.

210 1676 342 1729 CAP.
372 1676 565 1728 XXXII.
600 1705 656 1712 —
696 1678 768 1729 De
784 1675 1036 1743 parvulis
1067 1676 1299 1743 inﬁrmis
1331 1676 1700 1744 baptizandis.

212 1764 329 1831 (Ea:
379 1765 565 1816 concil.
625 1764 1069 1831 Habergerunda,
1129 1780 1248 1833 cap.
1320 1765 1395 1835 5.)
1451 1766 1527 1818 De
1584 1766 1836 1836 parvulis

134 1868 295 1912 vero,
329 1853 429 1921 qui
455 1867 640 1921 nuper
693 1858 953 1905 materno
1015 1858 1176 1906 utero
1230 1853 1389 1906 avditi
1436 1860 1589 1921 sunt,
1622 1854 1838 1923 placuit

140 1938 436 2005 constitui,
484 1945 547 1992 ut
595 1939 641 1992 si
686 1939 922 2006 inﬁrmi,
971 1945 1033 1993 ut
1084 1942 1311 2006 assolet,
1361 1942 1595 2007 fuerint,
1647 1948 1705 1995 et
1752 1943 1838 1995 lac

142 2033 471 2081 maternum
502 2044 617 2081 non
648 2034 942 2098 appetunt,
973 2029 1142 2081 etiam
1192 2030 1389 2083 eadem
1422 2029 1513 2084 die
1556 2047 1670 2101 qua
1717 2031 1838 2084 nati

140 2120 299 2184 sunt,
333 2117 380 2168 si
411 2116 588 2170 oblati
616 2117 851 2181 fuerint,
883 2117 1265 2186 baptizentur.

140 2206 273 2259 CAP.
307 2206 527 2258 XXXIII.
566 2235 623 2243 --
649 2208 724 2258 De
752 2207 863 2259 illis
897 2207 993 2273 qui
1015 2208 1070 2259 in
1108 2207 1431 2272 aegritudine
1469 2206 1833 2276 baptizentur.

214 2293 334 2359 (Ea:
379 2294 564 2347 concil.
606 2295 924 2362 Neocwsar.,
974 2310 1096 2363 cap.
1148 2298 1257 2360 l2.)
1301 2295 1355 2349 Si
1404 2294 1530 2365 quis
1578 2312 1714 2366 ergo
1777 2299 1837 2349 in

138 2382 486 2451 aegritudine
514 2382 688 2435 fuerit
714 2382 1050 2453 baptizatus,
1080 2384 1376 2453 presbyter
1420 2384 1676 2437 ordinari
1722 2401 1838 2439 non

139 2470 360 2524 debet:
395 2486 510 2525 non
558 2470 710 2524 enim
759 2472 900 2524 ﬁdes
946 2471 1100 2524 illius
1150 2476 1206 2524 et
1252 2473 1594 2538 voluntaria,
1649 2474 1743 2527 sed
1772 2490 1837 2527 ex

142 2559 483 2612 necessitate
523 2560 834 2627 descendit,
894 2560 999 2613 nisi
1058 2560 1203 2614 forte
1248 2566 1445 2630 postea
1487 2562 1667 2631 ipsius
1718 2567 1839 2615 stu-

140 2647 329 2715 dium,
362 2653 419 2701 et
447 2648 588 2701 ﬁdues
609 2648 781 2718 hujus
809 2648 1119 2718 probabilis
1143 2648 1389 2717 videtur,
1417 2655 1515 2703 aut
1539 2650 1838 2704 hominum

144 2736 358 2789 raritas
386 2735 558 2806 cogit.

1100 317 1575 374 DECRETORUM
1617 319 1801 374 LIBRI
1838 320 1943 376 XX.
1982 351 2051 360 —-
2090 322 2296 378 LIBER
2336 321 2674 386 QUARTUS.

130 438 253 491 cuit
281 438 350 493 ab
378 437 647 493 omnibus
678 438 928 493 ecclesiis
962 454 1076 493 una
1106 439 1217 507 die,
1265 439 1321 494 id
1375 445 1476 504 est,
1530 446 1656 494 octo
1706 441 1827 495 dies
1862 445 1910 496 A

3529 323 3636 376 734

2082 444 2208 499 CAP.
2236 444 2483 498 XXXVII.
2517 473 2585 483 —
2619 444 2698 496 De
2715 445 2943 497 mortuis
2966 458 3073 497 non
3102 442 3467 512 baptizandis.

2019 535 2125 597 (Ea:
2173 533 2361 585 concit.
2425 533 2684 597 Carthag.
2744 546 2864 599 cap.
2921 532 2993 599 6.)
3049 531 3375 585 Cavendum
3424 536 3509 585 est
3565 548 3635 585 ne

1944 627 2201 673 mortuos
2256 621 2429 673 etiam
2477 620 2754 689 baptizari
2818 635 2982 689 posse
3040 620 3281 672 fratrum
3333 620 3635 673 inﬁrmitas

1945 709 2155 770 credat,
2216 709 2424 779 quibus
2505 725 2606 762 nec
2683 708 3095 762 Eucharistiam
3156 708 3290 761 dare
3366 708 3634 762 animad-

1944 800 2143 850 vertat.

1946 884 2073 938 CAP.
2134 885 2406 939 XXXVIII.
2440 916 2507 924 ——
2562 889 2636 939 De
2680 885 2859 939 subito
2914 885 3321 949 obmutescente,
3366 885 3418 937 si
3483 889 3636 938 testes

2460 957 2731 1017 habuerit,
2766 954 3115 1024 baptizando.

2016 1046 2134 1111 (Ea:
2177 1046 2366 1099 concil.
2420 1046 2700 1111 Arausic.,
2769 1060 2889 1113 cap.
2946 1047 3057 1112 ll.)
3116 1042 3313 1097 Subito
3372 1042 3632 1096 obmute-

1945 1147 2130 1199 scens,
2163 1135 2334 1201 prout
2367 1136 2645 1185 statutum
2677 1137 2780 1197 est,
2833 1130 3109 1200 baptizari
3140 1136 3196 1183 et
3235 1129 3634 1200 paenitentiam

1944 1220 2199 1289 accipere
2253 1223 2461 1289 potest,
2524 1219 2570 1271 si
2635 1218 2939 1272 voluntatis
3010 1218 3317 1287 praeteritae
3376 1217 3633 1270 testimo-

1946 1309 2104 1361 nium
2138 1307 2384 1361 aliorum
2426 1307 2611 1361 verbis
2664 1307 2855 1373 habet,
2903 1310 3000 1359 aut
3056 1310 3366 1376 praesentes
3413 1304 3472 1357 in
3529 1321 3633 1358 suo

1944 1403 2313 1521 ἓΕὲΙΧΧΧΙΧ,
2347 1497 2415 1505 —
2445 1469 2519 1519 De
2546 1467 2631 1520 his
2686 1468 2781 1534 qui
2821 1465 2971 1533 apud
3018 1466 3289 1519 haereticos
3347 1465 3633 1533 baptizan-

2299 1543 2388 1590 tur
2414 1540 2469 1590 in
2492 1540 2707 1590 nomine
2730 1542 2930 1591 sanctae
2962 1538 3272 1589 Trinitatis.

2016 1628 2134 1693 (Ea:
2158 1626 2345 1679 concil.
2408 1627 2748 1691 Rothomag.,
2804 1640 2926 1691 cap.
2981 1622 3059 1691 3.)
3111 1622 3403 1692 Baptisma
3452 1636 3632 1675 unum

1876 1718 1915 1772 Β
1949 1718 2052 1779 est,
2115 1713 2212 1766 sed
2280 1713 2339 1766 in
2387 1712 2630 1766 Ecclesia
2674 1712 2967 1780 catholica,
3023 1710 3182 1781 cujus
3226 1726 3327 1763 nos
3374 1709 3637 1763 membra

1946 1801 2127 1854 effecti
2161 1818 2379 1870 sumus,
2405 1802 2503 1855 ubi
2525 1818 2643 1854 una
2672 1801 2811 1854 ﬁdes
2840 1805 2943 1866 est,
2983 1799 3079 1853 ubi
3120 1798 3181 1851 in
3247 1798 3481 1851 nomine
3529 1798 3633 1851 Pa-

1944 1888 2069 1957 tris,
2097 1894 2152 1942 et
2208 1890 2355 1953 Filii,
2386 1895 2440 1942 et
2486 1890 2731 1958 Spiritus
2780 1889 2959 1941 sancti
3004 1889 3189 1940 datur.
3251 1888 3314 1941 Et
3349 1886 3477 1939 ideo
3535 1884 3635 1955 qui

1945 1978 2098 2047 apud
2123 1977 2254 2030 illos
2288 1977 2584 2030 haereticos
2626 1976 2895 2046 baptizati
2948 1980 3098 2040 sunt,
3148 1975 3248 2044 qui
3298 1974 3358 2027 in
3424 1979 3635 2026 sanctae

1944 2064 2236 2119 Trinitatis
2261 2064 2615 2119 confessione
2644 2064 2954 2134 baptizant,
3010 2068 3065 2116 et
3096 2062 3332 2115 veniunt
3385 2061 3457 2114 ad
3510 2076 3635 2129 nos,

1943 2152 2293 2223 recipiantur
2324 2152 2555 2222 quidem
2584 2152 2743 2222 quasi
2783 2151 3076 2221 baptizati,
3120 2166 3190 2203 ne
3247 2154 3455 2204 sanctae
3507 2148 3633 2202 Tri-

1944 2240 2140 2295 nitatis
2191 2240 2476 2293 invocatio
2524 2241 2610 2294 vel
2656 2238 2933 2293 confessio
2978 2239 3325 2299 annulletur,
3386 2237 3483 2290 sed
3531 2236 3635 2290 do-

1945 2335 2180 2383 ceantur
2210 2329 2453 2398 integre,
2486 2333 2542 2382 et
2594 2329 2969 2392 instruantur,
3015 2343 3180 2381 sensu
3214 2330 3423 2380 sancta:
3451 2324 3636 2378 Trini-

1943 2418 2099 2484 tatis,
2124 2421 2179 2470 et
2202 2416 2472 2488 mysterio
2518 2416 2666 2486 quod
2729 2415 2790 2468 in
2832 2419 3023 2469 sancta
3064 2414 3310 2468 Eaclesia
3360 2417 3637 2467 tenetur:

1947 2511 2003 2559 et
2032 2507 2078 2558 si
2106 2505 2467 2559 consentiunt
2512 2505 2761 2571 credere,
2811 2506 2898 2557 vel
2946 2503 3315 2573 acquiescunt
3353 2500 3634 2566 conﬁteri,
3680 2562 3684 2567 Α

1946 2599 2206 2664 purgatas
2235 2594 2366 2647 ﬁdei
2409 2592 2760 2659 integritate,
2816 2593 3118 2645 ﬁrmentur
3160 2606 3365 2643 manus
3399 2588 3637 2658 imposi-

1947 2682 2122 2736 tione.
2155 2682 2214 2736 Si
2244 2698 2374 2734 vero
2409 2680 2632 2749 parvuli
2677 2686 2808 2733 sunt
2858 2681 3110 2746 hebetes,
3164 2678 3263 2749 qui
3314 2678 3634 2732 doctrinam

1948 2788 2064 2825 non
2090 2770 2335 2841 capiant,
2368 2768 2752 2839 respondeant
2786 2784 2891 2837 pro
2938 2768 3050 2821 illis
3100 2767 3199 2837 qui
3240 2782 3335 2819 eos
3392 2765 3639 2819 offerunt

143 2842 275 2896 CAP.
314 2841 533 2896 XXXIV.
565 2871 633 2882 —
662 2846 735 2897 De
773 2843 911 2931 illis.
933 2845 1045 2931 qni.
1075 2844 1333 2931 pay-pulos
1363 2848 1593 2899 recentes
1640 2850 1841 2913 negant

2019 2866 2104 2914 xta
2151 2874 2369 2912 morem
2417 2856 2766 2928 baptizandi,
2822 2861 2878 2909 et
2943 2856 3022 2909 ita
3071 2854 3519 2923 interragentur,
3579 2855 3641 2905 ut

748 2930 858 2967 esse
891 2914 1268 2983 baptizandos.

143 3089 479 3160 quicunque
557 3091 825 3159 parvulos
886 3096 1142 3144 recentes
1220 3091 1291 3144 ab
1364 3091 1537 3145 uteris
1594 3097 1841 3146 matrum

144 3178 521 3248 baptizandos
548 3184 736 3248 negat,
772 3184 872 3233 aut
901 3178 1035 3233 dicit
1065 3180 1124 3233 in
1156 3180 1545 3234 remissionem
1606 3182 1841 3252 quidem

143 3272 515 3338 peccatorum
565 3284 663 3321 eos
714 3285 831 3321 non
880 3268 1155 3337 baptizari
1205 3269 1302 3322 sed
1349 3269 1495 3323 nihil
1545 3286 1608 3323 ex
1658 3270 1841 3324 Adam

146 3356 377 3429 trahere
430 3356 726 3426 originalis
806 3358 1021 3425 peccati
1091 3358 1242 3427 quod
1285 3358 1506 3411 lavacro
1538 3374 1835 3427 regenera-

146 3443 327 3497 tionis
359 3443 633 3514 expietur,
670 3445 818 3498 unde
851 3445 922 3499 sit
950 3461 1326 3515 consequens,
1364 3451 1424 3500 ut
1449 3447 1509 3499 in
1536 3447 1617 3499 eis
1658 3447 1843 3502 forma

140 3532 509 3602 baptismatis
554 3532 613 3584 in
671 3532 1069 3586 remissionem
1135 3539 1499 3603 peccatorum
1547 3551 1664 3588 non
1710 3551 1843 3590 vera

142 3620 242 3673 sed
274 3620 414 3673 falsa
448 3619 886 3689 intelligendum
919 3626 1004 3674 est
1035 3622 1187 3691 quod
1222 3621 1300 3675 ait
1328 3622 1638 3691 Apostolus
1672 3639 1685 3676 :
1739 3625 1843 3677 Per

146 3725 331 3763 unum
384 3708 678 3762 hominem
723 3714 1019 3778 peccatum
1070 3710 1300 3764 intravit
1348 3710 1409 3763 in
1449 3712 1749 3779 mundum,
1789 3718 1843 3766 et

147 3812 256 3867 per
286 3802 584 3865 peccatum
619 3813 789 3862 mors,
830 3802 883 3850 et
915 3798 993 3851 ita
1044 3797 1104 3850 in
1162 3814 1361 3851 omnes
1392 3798 1655 3852 homines
1712 3816 1842 3869 per-

149 3883 398 3949 transiit,
432 3884 491 3937 in
521 3900 634 3954 quo
665 3900 862 3937 omnes
887 3892 1284 3954 peccaverunt,
1319 3886 1426 3939 nisi
1470 3886 1842 3957 quemadmo-

151 3972 291 4025 dum
321 3972 569 4026 Ecclesia
599 3973 880 4027 catholica
910 3974 1118 4044 ubique
1147 3974 1352 4027 diffusa
1400 3991 1628 4045 semper
1674 3976 1843 4030 intel-

149 4061 309 4114 lexit.
348 4062 585 4131 Propter
613 4062 760 4115 hanc
789 4063 944 4116 enim
980 4064 1238 4132 regulam
1282 4063 1438 4130 ﬁdei,
1490 4064 1659 4117 etiam
1711 4082 1843 4135 par-

149 4149 292 4215 vuli,
317 4150 415 4220 qui
442 4150 581 4203 nihil
608 4156 973 4219 peccatorum
1015 4152 1073 4204 in
1118 4152 1316 4221 seipsis
1362 4152 1547 4206 adhuc
1574 4154 1844 4206 commit—

302 2957 309 2975 ε
521 3003 531 3015 .
747 2941 858 3014 ῗδδσ
891 2941 1268 2983 “"1’”"“"“”°'
1665 3004 1674 3015 _
1894 2991 1909 3007 η
1949 2948 2130 3003 sciant
2176 2946 2314 3017 quid
2366 2945 2713 3015 respondere
2759 2945 3020 3012 debeant,
3070 2949 3128 2997 et
3163 2943 3243 2996 sic
3288 2957 3493 2995 manus
3530 2941 3641 2993 im-

220 3002 330 3067 (Ea:
383 3003 570 3056 conczl.
622 3003 908 3068 Africano,
963 3018 1082 3071 cap.
1136 3004 1246 3072 66.)
1306 3004 1447 3057 Item
1488 3003 1724 3073 placuit,
1776 3011 1841 3058 ut
1871 2991 1912 3044 (Α
1955 3036 2290 3073 ηηαςηηηοη,
2322 3035 2601 3073 “manu,”

1951 3036 2293 3108 positionem
2321 3035 2620 3104 accipiant.

2406 3123 2534 3177 CAP.
2567 3122 2670 3176 XL.
2695 3150 2765 3162 —
2790 3124 2863 3175 De
2899 3120 3084 3174 eadem
3110 3135 3186 3173 re.

2022 3214 2140 3284 (Ea:
2163 3213 2349 3267 concil.
2393 3212 2806 3271 Wormaciens.,
2853 3225 2972 3277 cap.
3034 3209 3110 3279 ὕ.)
3157 3206 3494 3277 Quicunque
3541 3205 3639 3258 ba-

1951 3300 2196 3370 ptizatus
2251 3298 2425 3351 fuerit
2480 3297 2548 3350 ab
2592 3296 2876 3350 hmreticis
2925 3296 2985 3348 in
3035 3294 3271 3349 nomine
3324 3292 3524 3357 Patris,
3584 3296 3640 3345 et

1955 3386 2097 3453 Filii,
2131 3391 2183 3438 et
2212 3385 2455 3453 Spiritus
2487 3384 2682 3450 sancti,
2719 3384 2876 3436 nullo
2909 3383 3075 3436 modo
3138 3380 3482 3451 rebaptizari
3536 3380 3636 3432 de-

1950 3476 2065 3541 bet,
2089 3474 2185 3529 sed
2213 3489 2319 3544 per
2354 3474 2533 3526 solam
2577 3488 2780 3526 manus
2829 3470 3255 3542 impositionem
3304 3468 3637 3541 purgandus

1950 3568 2053 3617 est.

1952 3652 2079 3706 CAP.
2114 3650 2239 3705 XLI.
2271 3678 2339 3689 —
2368 3651 2434 3704 Ut
2464 3649 2763 3772 baptismps
2790 3650 2850 3775 ip
2904 3648 3173 3702 Trinitate
3222 3650 3497 3715 susceptus
3536 3659 3641 3697 non

2674 3736 2694 3772 ι
2721 3735 2805 3773 ere
2836 3734 2919 3772 ur.

2674 3734 2919 3773 Meretur.

2022 3814 2132 3881 (Ea:
2162 3810 2345 3863 conczl.
2393 3810 2747 3877 Carthagin,
2793 3824 2913 3877 cap.
2978 3805 3050 3875 1.)
3099 3807 3168 3861 Ut
3214 3805 3532 3875 baptismus
3580 3803 3640 3856 in

1951 3899 2228 3955 Trinitate
2280 3903 2573 3968 susceptus
2655 3913 2771 3950 non
2836 3897 3099 3950 iteretur.
3184 3895 3331 3966 Ergo
3392 3894 3438 3946 si
3480 3892 3641 3945 vobis

1952 3989 2154 4059 placet,
2189 3987 2613 4041 consideremus
2648 3985 2901 4054 primum
2948 3984 3181 4038 titulum
3211 3983 3279 4036 de
3324 3981 3641 4051 rebaptiza-

1952 4078 2043 4143 tis,
2078 4082 2134 4131 et
2152 4076 2511 4129 sanctitatem
2551 4079 2794 4126 vestram
2824 4074 3069 4142 postulo,
3102 4077 3166 4125 ut
3196 4072 3401 4124 mentis
3442 4074 3641 4122 vestrae

1952 4167 2159 4236 placita
2220 4163 2543 4235 producatis
2598 4164 2666 4216 ad
2715 4163 3153 4216 descendentem
3200 4161 3261 4213 in
3309 4175 3538 4230 aquam,
3587 4162 3642 4211 et

149 4244 270 4291 tere
325 4243 662 4307 potuerunt,
723 4239 849 4292 ideo
896 4240 953 4293 in
1028 4244 1390 4310 peccatorum
1446 4240 1839 4293 remissionem
1873 4272 1916 4324 Ι)

2021 4258 2372 4323 terrogatum
2394 4252 2455 4304 in
2482 4249 2755 4305 Trinitate
2785 4248 3096 4302 secundum
3128 4246 3418 4317 Evangelii
3443 4247 3637 4311 ﬁdem,

149 4327 429 4379 veraciter
457 4327 841 4396 baptizentur,
895 4333 959 4382 ut
988 4328 1047 4382 in
1099 4328 1177 4381 eis
1206 4329 1639 4399 regeneratione
1674 4345 1835 4383 mun-

146 4414 318 4467 detur
348 4414 499 4484 quod
530 4414 902 4483 generatione
933 4420 1245 4470 traxerunt.

407 4503 533 4556 CAP.
568 4503 757 4557 XXXV.
799 4532 872 4544 —
902 4506 973 4558 De
1004 4506 1237 4573 inﬁrmis
1269 4505 1580 4574 baptizatis.

221 4589 342 4654 (Ea:
369 4590 553 4642 concil.
588 4588 870 4658 Laodien.,
901 4606 1021 4660 cap.
1055 4592 1168 4659 47.)
1217 4592 1380 4655 Quod
1435 4597 1694 4661 oporteat
1747 4610 1841 4647 eos

145 4677 249 4747 qui
290 4678 348 4731 in
398 4679 737 4746 aegritudine
796 4679 1119 4749 percipiunt
1172 4680 1476 4750 baptisma,
1536 4687 1840 4752 postquam

142 4765 562 4831 convaluerint,
594 4765 769 4819 ﬁdem
810 4767 1152 4837 perdiscere,
1189 4775 1244 4823 et
1282 4769 1423 4823 scire
1454 4770 1616 4841 cujus
1646 4786 1843 4825 mune-

149 4854 229 4908 ris
262 4854 565 4923 participes
594 4853 726 4908 facti
756 4860 906 4909 sunt.

255 4962 385 5016 CAP.
416 4962 631 5016 XXXVI.
665 4991 734 5002 —
763 4965 838 5016 De
864 4964 1268 5029 aegrotantibus,
1300 4967 1349 5017 si
1389 4965 1716 5033 baptismum

510 5034 841 5100 desiderant,
864 5042 914 5087 et
937 5040 1057 5101 post
1086 5035 1469 5089 obmutescunt.

216 5122 325 5192 (Ea:
365 5122 549 5175 concil.
589 5122 876 5189 Africano,
909 5138 1031 5191 cap.
1087 5122 1192 5191 l2.)
1240 5125 1311 5178 Ut
1372 5128 1727 5194 aegrotantes,
1795 5125 1842 5179 si

140 5225 249 5281 pro
298 5224 358 5261 se
428 5210 775 5279 respondere
834 5226 951 5263 non
1026 5217 1288 5280 possunt,
1347 5228 1477 5265 cum
1540 5213 1842 5267 voluntatis

143 5313 358 5365 eorum
375 5298 770 5352 testimonium
798 5300 886 5351 sui
919 5298 1018 5369 qui
1057 5300 1313 5369 periculo
1345 5300 1579 5371 proprio
1611 5301 1842 5355 adfuere

145 5386 415 5451 dixerint,
467 5386 852 5456 baptizentur,
895 5393 952 5442 et
1000 5393 1061 5442 ut
1100 5388 1355 5443 scmnicis
1400 5396 1570 5459 atque
1614 5389 1842 5444 histrio-

145 5476 337 5541 nibus,
390 5475 723 5546 caaterisque
773 5476 1106 5548 hujusmodi
1150 5479 1404 5549 personis
1460 5477 1842 5532 reconciliatio

144 5580 265 5618 non
294 5568 558 5635 negetur.

1950 4349 2007 4397 et
2072 4342 2463 4412 apostolorum
2530 4338 2872 4402 doctrinam,
2933 4342 2989 4390 et
3042 4337 3365 4391 confessum
3427 4336 3640 4390 bonam

1950 4430 2358 4486 conscientiam
2386 4429 2443 4481 in
2479 4430 2659 4482 Deum
2697 4427 2765 4480 de
2798 4426 3219 4479 resurrectione
3249 4426 3378 4479 Jesu
3410 4422 3638 4488 Christi,

1950 4522 2117 4575 liceat
2143 4523 2353 4572 iterum
2385 4516 2726 4586 interrogari
2753 4515 2811 4568 in
2842 4515 3044 4569 eadem
3084 4513 3217 4579 ﬁde,
3268 4518 3324 4566 et
3376 4512 3434 4565 in
3492 4528 3643 4582 aqua

1949 4610 2157 4663 iterum
2189 4605 2372 4676 tingi?
2406 4603 2663 4658 Universi
2696 4602 2949 4672 episcopi
2979 4600 3247 4655 dixerunt.
3276 4617 3288 4653 :
3321 4598 3505 4667 Absit,
3539 4599 3642 4653 ab-

1950 4695 2052 4751 sitl
2086 4694 2345 4749 illicitam
2374 4709 2493 4746 esse
2525 4691 2810 4745 sancimus
2856 4688 3389 4760 rebaptizationem,
3423 4693 3480 4742 et
3505 4687 3642 4741 satis

1950 4801 2073 4840 esse
2120 4784 2369 4838 alienum
2414 4799 2444 4835 a
2490 4781 2712 4834 sincera
2750 4779 2862 4833 fide
2928 4783 2984 4832 et
3041 4795 3073 4831 a
3127 4777 3409 4832 catholica
3475 4774 3641 4830 disci-

1954 4876 2133 4946 plina.

1950 4965 2077 5019 CAP.
2109 4962 2268 5017 XLII.
2304 4989 2367 5001 —
2394 4963 2470 5016 De
2498 4960 2610 5014 illis
2656 4961 2754 5027 qui
2801 4961 3046 5082 ntesciunt
3087 4973 3197 5026 qua
3226 4956 3338 5027 ﬁde
3376 4955 3646 5024 baptizati

2715 5044 2818 5082 sun
2848 5069 2860 5081 .

2715 5044 2860 5083 sunt.

2023 5122 2134 5192 (Ea:
2164 5122 2314 5177 decr.
2346 5120 2537 5175 Leonis
2565 5134 2723 5187 papae
2750 5119 3014 5185 episcOpis
3058 5131 3161 5184 per
3215 5116 3463 5170 Siciliam
3518 5128 3641 5167 con-

1951 5214 2156 5267 stitutis
2199 5212 2401 5275 missis,
2448 5223 2568 5276 cap.
2618 5209 2727 5272 29.)
2772 5205 2839 5259 Hi
2888 5210 3078 5257 autem
3134 5204 3201 5256 de
3250 5203 3460 5273 quibus
3504 5200 3642 5255 scri-

1950 5301 2129 5371 psisti,
2166 5299 2264 5370 qui
2296 5315 2353 5352 se
2382 5297 2699 5367 baptizatos
2724 5293 2930 5361 sciunt,
2979 5293 3071 5346 sed
3132 5293 3293 5362 cujus
3341 5290 3477 5345 ﬁdei
3519 5290 3642 5343 fue-

1951 5389 2067 5441 rint
2110 5387 2209 5458 qui
2259 5403 2354 5440 eos
2403 5384 2830 5455 baptizaverunt
2902 5397 2960 5435 se
3007 5380 3223 5433 nescire
3275 5379 3641 5449 proﬁtentur,

1953 5478 2227 5547 quoniam
2258 5475 2516 5545 quolibet
2558 5473 2728 5527 modo
2775 5472 3023 5525 formam
3076 5467 3442 5538 baptismatis
3486 5483 3642 5521 acce-

1951 5571 2183 5636 perunt,
2206 5563 2536 5636 baptizandi
2560 5580 2676 5617 non
2729 5566 2880 5627 sunt,
2909 5560 3008 5614 sed
3039 5574 3141 5630 per
3172 5574 3376 5613 manus
3404 5557 3646 5629 imposi-
