3956 6302
317 319 419 370 ’735

1391 320 1798 377 BURCHARDI
1835 323 2365 381 WORMACIENSIS
2402 323 2733 381 EPISCOPI.

3709 329 3814 380 736

311 443 553 510 tionem,
605 443 875 498 virtutem
923 444 1164 514 Spiritus
1209 445 1410 509 sancti,
1462 462 1634 516 quam
1703 447 1772 501 ab
1818 448 2000 502 haere-
2031 451 2078 503 A
2117 449 2245 504 CAP.
2281 449 2457 503 XLVI.
2493 478 2555 488 ——
2588 451 2666 502 De
2716 448 3047 516 presbyteris
3099 463 3200 516 per
3256 463 3485 516 quorum
3538 449 3813 516 negligen-

315 532 443 586 ticis
501 531 755 602 accipere
803 549 921 587 non
963 539 1295 603 potuerunt,
1354 535 1642 588 catholicis
1696 537 2006 608 copulandi

315 625 468 674 sunt.

387 727 516 778 CAP.
557 725 743 780 XLIII.
775 755 843 765 —
890 728 961 779 De
997 726 1325 793 presbytero,
1382 728 1478 794 qui
1518 728 1936 793 grammaticam

489 797 802 863 ignorabat,
836 803 885 850 et
919 802 1094 849 tamen
1110 799 1169 850 in
1195 799 1460 850 Trinitate
1485 798 1824 866 baptizabat.

389 898 498 967 (Em
526 901 684 968 epist.
732 901 1008 954 Zachariae
1042 917 1202 970 papae
1231 902 1306 955 ad
1360 905 1703 968 Bonifacium
1760 906 2004 970 Mogunt.

317 988 822 1055 archiepiscopum.)
855 987 1123 1058 Virgilius
1155 994 1212 1042 et
1268 989 1542 1043 Sedonius
1591 991 1845 1061 religiosi
1901 990 2007 1044 viri

319 1075 468 1144 apud
513 1075 880 1128 Bavariorum
955 1077 1308 1144 provinciam
1378 1078 1670 1147 degentes,
1739 1079 1855 1132 suis
1904 1095 2007 1132 nos

318 1161 521 1216 litteris
551 1163 762 1227 visunt,
795 1179 896 1232 per
917 1179 1059 1233 quas
1093 1165 1522 1230 intimaverunt,
1557 1167 1714 1236 quod
1763 1171 1861 1220 tua
1916 1184 2005 1220 re-

317 1249 564 1302 verenda
592 1249 917 1304 fraternitas
948 1251 1280 1322 iniungeret
1321 1253 1402 1306 eis
1433 1253 1786 1308 Christianos
1816 1255 2004 1308 denuo

316 1337 622 1408 baptizare.
666 1339 826 1402 Quod
862 1339 1180 1406 audientes,
1221 1341 1395 1394 nimis
1424 1357 1620 1394 sumus
1657 1342 2001 1409 conturbati,

315 1431 371 1478 et
399 1425 460 1478 in
489 1425 925 1480 admirationem
960 1429 1271 1498 quamdam
1301 1429 1630 1496 incidimus,
1681 1429 1728 1483 si
1771 1431 2005 1484 babere-

314 1518 430 1577 tur,
471 1519 536 1566 ut
558 1513 772 1568 dictum
803 1519 907 1568 est.
955 1517 1296 1572 Retulerunt
1352 1519 1588 1589 quippe,
1643 1518 1794 1588 quod
1833 1519 2006 1572 fuerit

315 1598 374 1652 in
399 1600 595 1653 eadem
626 1601 920 1670 provincia
971 1603 1253 1672 sacerdos,
1302 1605 1400 1674 qui
1451 1605 1707 1658 Latinam
1749 1607 2003 1676 linguam

316 1687 542 1757 penitus
573 1688 892 1758 ignorabat,
921 1696 974 1744 et
1009 1691 1144 1744 dum
1169 1692 1504 1763 baptizaret,
1535 1693 1790 1747 nesciens
1823 1694 2006 1748 Latini
2040 1725 2079 1777 Β

317 1776 534 1846 eloquii
571 1777 884 1849 infringere
926 1779 1208 1849 linguam,
1255 1781 1508 1836 diceret:
1549 1783 1778 1852 Baptizo
1837 1788 1892 1836 te
1945 1783 2007 1836 in

319 1865 554 1918 nomine
595 1867 800 1930 Patria,
854 1873 907 1922 et
953 1868 1113 1933 Filia,
1161 1873 1217 1923 et
1258 1869 1501 1940 Spiritus
1545 1870 1747 1936 sancti,
1795 1887 1859 1924 ac
1905 1887 2008 1941 per

313 1953 425 2007 hoc
454 1959 552 2006 tua
597 1956 910 2010 reverenda
948 1956 1276 2010 fraternitas
1323 1958 1702 2013 consideravit
1750 1959 2004 2029 rebapti-

313 2057 462 2095 zare.
497 2041 626 2107 Sed,
659 2043 1014 2097 sanctissime
1061 2044 1256 2111 frater,
1307 2045 1354 2098 si
1403 2046 1497 2099 ille
1532 2047 1631 2116 qui
1675 2046 2003 2118 baptizavit,

313 2145 433 2183 non
460 2145 715 2185 errorem
743 2132 1113 2186 introducens
1144 2138 1243 2187 aut
1294 2134 1582 2202 haeresim,
1618 2137 1716 2191 sed
1747 2153 1852 2206 pro
1884 2137 2006 2190 sola

313 2217 644 2289 ignorantia
681 2221 952 2274 Romanas
984 2221 1289 2275 locutionis
1318 2223 1684 2294 infringendo
1723 2226 2003 2296 linguam,

311 2310 379 2360 ut
407 2307 631 2376 praefati
659 2324 876 2375 sumus,
918 2309 1215 2379 baptizans
1259 2310 1508 2377 dixisset,
1545 2328 1660 2365 non
1704 2329 2006 2382 possumus

313 2396 638 2449 consentire
698 2401 763 2450 ut
823 2397 1012 2451 denuo
1059 2398 1468 2468 baptizentur:
1513 2401 1648 2470 quia
1705 2402 1854 2471 quod
1907 2406 2008 2456 tua

310 2482 459 2536 bene
489 2490 843 2553 compertum
872 2485 1045 2540 habet
1063 2492 1259 2540 sancta
1300 2487 1652 2555 fraternitas,
1679 2489 2006 2561 quicunque

310 2569 632 2640 baptizatus
662 2572 836 2626 fuerit
873 2573 944 2626 ab
989 2574 1267 2628 haereticis
1316 2575 1375 2628 in
1426 2577 1658 2630 nomine
1703 2578 1904 2644 Patris,
1951 2584 2007 2632 et

314 2659 462 2725 Filii,
487 2665 546 2714 et
573 2661 818 2729 Spiritus
856 2663 1056 2727 sancti,
1099 2663 1258 2717 nullo
1303 2665 1474 2718 modo
1518 2665 1860 2736 rebaptizari
1900 2667 2005 2720 de.-

310 2747 424 2812 bet,
453 2749 549 2802 sed
580 2765 684 2818 per
711 2751 885 2804 solam
920 2767 1123 2805 manus
1155 2751 1577 2822 impositionem
1629 2755 1862 2824 purgari
1900 2756 1998 2810 de-

309 2835 424 2888 bet.
461 2838 622 2904 Nam,
655 2838 1008 2892 sanctissime
1039 2839 1231 2905 frater,
1266 2841 1311 2893 si
1342 2841 1423 2894 ita
1462 2847 1560 2905 est,
1593 2846 1658 2896 ut
1698 2843 1862 2896 nobis
1914 2859 2002 2897 re-

309 2923 488 2976 latum
523 2929 628 2986 est,
662 2941 778 2978 non
806 2926 1055 2995 amplius
1085 2944 1116 2980 a
1148 2931 1204 2980 te
1233 2928 1346 2981 illis
1391 2929 1734 2998 praedicetur
1785 2931 2001 3000 aliquid

312 3010 668 3080 hujusmodi,
698 3014 793 3066 sed
823 3018 889 3068 ut
918 3015 1098 3068 sancti
1131 3017 1325 3068 Patres
1353 3016 1558 3072 docent
1586 3023 1641 3071 et
1669 3018 1998 3088 pradicant,

309 3100 410 3150 tua
440 3099 709 3153 sanctitas
738 3101 959 3156 studeat
983 3119 1336 3157 conservare.

312 3221 438 3275 CAP.
471 3222 650 3276 XLIV.
691 3226 856 3278 —De
883 3223 999 3279 illis
1039 3228 1135 3294 qui
1181 3227 1425 3294 aliquam
1474 3227 1668 3283 habent
1707 3229 2000 3284 dubitatio-

606 3308 726 3347 nem
758 3295 1128 3364 baptismatis,
1169 3302 1228 3350 ut
1259 3298 1684 3366 rebaptizentur.

380 3399 498 3468 (Ea:
549 3400 692 3454 decr.
751 3405 936 3456 Leonis
988 3418 1147 3472 papae
1211 3404 1286 3457 ad
1347 3407 1623 3459 Rusticum
1659 3407 1994 3461 Nabornens.

307 3489 612 3557 episcopum
661 3492 834 3555 missi,
881 3507 1000 3559 cap.
1046 3491 1161 3561 27.)
1210 3491 1265 3545 Si
1306 3493 1464 3546 nulla
1523 3499 1742 3548 exstant
1789 3495 2001 3549 indicia

302 3575 454 3629 inter
481 3576 842 3647 propinquos
874 3585 971 3632 aut
1000 3578 1331 3646 familiares,
1378 3583 1534 3636 nulla
1564 3582 1714 3636 inter
1769 3583 2001 3638 clericos

307 3670 408 3718 aut
430 3665 669 3730 vicinos,
702 3666 910 3735 quibus
945 3666 1007 3720 hi
1034 3667 1103 3720 de
1136 3667 1345 3737 quibus
1391 3670 1674 3739 quaeritur
1728 3671 2000 3740 baptizati

303 3753 475 3806 fuisse
507 3753 840 3818 doceantur,
895 3755 1181 3823 agendum
1233 3761 1319 3808 est
1368 3761 1432 3810 ut
1481 3764 1868 3823 renascantur,
1930 3776 2001 3813 ne

305 3839 605 3892 manifeste
633 3847 890 3909 pereant.
941 3841 1006 3894 In
1056 3842 1263 3911 quibus
1311 3845 1470 3912 quod
1520 3861 1636 3898 non
1681 3847 2002 3901 ostenditur

305 3931 553 3996 gestum,
585 3927 729 3980 ratio
773 3944 891 3980 non
941 3927 1079 3981 sinit
1125 3934 1190 3983 ut
1237 3930 1494 3984 videatur
1541 3932 1828 3998 iteratum.
1893 3936 2001 3998 Qui

305 4019 499 4068 autem
540 4021 774 4084 possunt
822 4016 1150 4070 meminisse
1190 4019 1340 4088 quod
1383 4021 1451 4074 ad
1489 4021 1782 4075 ecclesiam
1815 4025 2002 4077 venie-

303 4102 444 4156 bant
473 4120 602 4157 cum
636 4106 972 4173 parentibus
1006 4107 1142 4171 suis,
1163 4114 1401 4177 possunt
1442 4110 1722 4164 recordari
1754 4128 1825 4165 an
1849 4113 1999 4183 quod

306 4207 507 4245 eorum
557 4193 890 4262 parentibus
941 4195 1184 4249 dabatur
1223 4198 1564 4266 acceperint.
1609 4199 1716 4254 Sed
1783 4200 1827 4253 si
1893 4201 2000 4255 hoc

2280 523 2413 574 tiam
2441 522 2557 574 sine
2585 520 2918 587 baptismate
2943 519 3146 588 aliquis
3177 524 3421 572 mortuus
3452 522 3646 586 fuerit.

2189 610 2209 674 (
2236 610 2324 662 Em
2340 608 2487 662 decr.
2528 609 2678 663 Sicuti
2705 622 2886 675 papae,
2919 622 3039 675 cap.
3074 606 3150 676 5.)
3185 607 3548 677 Perpendant
3572 606 3814 676 presby-

2116 694 2224 747 teri
2256 693 2458 764 quanti
2485 692 2834 746 discriminis
2882 692 2954 745 sit
2983 693 3206 746 animas
3259 693 3662 747 innocentium
3712 709 3816 762 per

2118 797 2316 836 eorum
2349 781 2759 851 negligentiam
2791 797 2823 833 a
2871 797 3049 851 regno
3100 780 3201 834 Dei
3252 782 3493 836 excludi.
3550 781 3605 835 Si
3657 780 3815 834 enim

2115 871 2392 940 gaudium
2423 875 2510 924 est
2549 869 2606 923 in
2635 869 2776 923 caelo
2808 885 2981 938 super
3011 885 3128 922 uno
3158 876 3459 938 peccatore
3519 869 3815 940 poeniten—

2116 958 2254 1013 tiam
2287 963 2514 1028 agente,
2563 959 2700 1029 quid
2743 963 2926 1028 putas,
2988 963 3204 1028 quanta
3252 959 3339 1011 ira
3380 963 3437 1012 et
3489 958 3814 1028 indignatio

2117 1063 2289 1123 super
2314 1048 2478 1101 illum
2508 1047 2633 1110 erit,
2665 1047 2765 1116 qui
2810 1063 2911 1116 per
2956 1063 3118 1099 suam
3147 1046 3561 1116 negligentiam
3602 1047 3814 1115 januas

2115 1135 2361 1206 paradisi
2416 1135 2818 1188 innocentibus
2879 1133 3126 1188 claudit?
3186 1136 3249 1187 Et
3303 1135 3432 1188 ideo
3492 1132 3815 1202 presbyteri

2117 1239 2342 1278 summa
2398 1223 2696 1290 diligentia
2739 1228 2994 1286 caveant,
3052 1238 3123 1276 ne
3171 1222 3392 1274 animas
3442 1237 3547 1291 pro
3601 1221 3813 1290 quibus

2115 1312 2348 1382 sanguis
2395 1311 2604 1364 Christi
2654 1311 2866 1364 effusus
2909 1315 3013 1376 est,
3070 1327 3172 1379 per
3221 1326 3380 1363 suam
3439 1310 3722 1362 incuriam
3781 1326 3815 1362 a

2116 1399 2327 1454 ccelesti
2393 1398 2748 1452 beatitudine
2800 1403 3093 1468 separent;
3149 1399 3247 1451 sed
3293 1398 3362 1462 si,
3421 1398 3572 1466 quod
3632 1397 3810 1451 absit!

2117 1487 2392 1552 evenerit,
2428 1487 2586 1555 gravi
2616 1486 2970 1556 poenitentiae
3003 1487 3158 1540 luctu
3189 1487 3390 1540 diebus
3421 1486 3552 1538 vitae
3581 1501 3700 1538 suae
3753 1502 3814 1538 se

2117 1577 2432 1638 submittat,
2457 1591 2560 1644 per
2589 1576 2750 1643 cujus
2781 1574 3039 1628 evenerit
3071 1576 3414 1644 neglectum.

2119 1667 2248 1720 CAP.
2280 1665 2482 1718 XLVII.
2517 1693 2585 1703 —
2614 1666 2680 1718 Ut
2724 1664 2909 1717 nullus
2962 1664 3246 1732 presbyter
3295 1667 3353 1716 in
3379 1664 3616 1732 propria
3681 1678 3816 1731 pro-

2188 1738 2388 1800 vincia,
2421 1737 2502 1788 vel
2522 1737 2579 1787 in
2620 1737 2734 1787 alia
2781 1739 3035 1802 cuiquam
3089 1737 3300 1802 inﬁrmo
3359 1734 3688 1803 baptismum
3719 1733 3815 1787 de-

2187 1822 2386 1879 negare
2410 1810 2725 1874 presumat.

2190 1897 2294 1959 (Ea:
2326 1894 2468 1947 decr.
2501 1895 2731 1948 Martini
2762 1907 2945 1962 papae,
2974 1907 3094 1961 cap.
3156 1891 3231 1962 3.)
3263 1891 3621 1962 Quicumque
3671 1908 3814 1962 pre-

2117 1983 2308 2053 sbyter
2336 1983 2395 2035 in
2427 1981 2663 2051 propria
2691 1980 2985 2050 provincia
3013 1984 3113 2033 aut
3142 1980 3203 2033 in
3251 1979 3382 2045 alia,
3415 1980 3503 2033 vel
3562 1979 3815 2033 ubicun-

2117 2087 2230 2142 que
2279 2071 2543 2124 inventus
2588 2068 2782 2132 fuerit,
2826 2070 3292 2123 commendatum
3350 2070 3458 2124 sibi
3509 2070 3813 2125 inﬁrmum

2115 2158 2405 2230 baptizare
2432 2157 2702 2219 noluerit,
2742 2158 2828 2210 vel
2880 2174 2982 2228 pro
3038 2157 3356 2212 intentione
3414 2157 3658 2225 itineris,
3721 2161 3811 2213 vel

2116 2248 2186 2302 de
2215 2247 2409 2317 aliqua
2439 2246 2820 2310 excusatione,
2852 2251 2909 2300 et
2935 2246 3014 2299 sic
3042 2246 3165 2301 sine
3195 2245 3480 2317 baptismo
3537 2247 3809 2316 moritur,

2115 2336 2455 2405 deponatur.
3059 2391 3068 2396 ι

2186 2423 2312 2476 Car.
2335 2421 2566 2477 XLVIll.
2592 2451 2658 2459 —
2689 2424 2764 2475 De
2792 2422 2903 2474 illis
2937 2423 3034 2489 qui
3054 2421 3225 2475 denuo
3253 2422 3525 2491 baptizati
3551 2427 3697 2475 sunt.

2189 2512 2309 2577 (Ea:
2364 2511 2506 2564 decr.
2572 2511 2762 2563 Leonis
2843 2524 3019 2578 papa,
3050 2509 3124 2561 ad
3193 2511 3436 2563 Nicetam
3501 2511 3814 2579 episcopum

2114 2601 2507 2669 Aquiliensem,
2537 2614 2655 2667 cap.
2714 2598 2827 2664 47.)
2864 2598 2958 2652 llis
2990 2613 3144 2662 vero,
3184 2599 3254 2651 de
3281 2599 3490 2668 quibus
3546 2597 3816 2650 similiter

2113 2687 2341 2742 dilectio
2381 2692 2479 2740 tua
2533 2703 2636 2738 nos
2697 2685 2942 2739 credidit
2988 2686 3387 2753 consulendos,
3436 2685 3536 2756 qui
3591 2685 3661 2738 ad
3701 2685 3810 2738 ite-

2115 2776 2358 2828 randum
2390 2773 2740 2843 baptismum
2771 2773 2857 2825 vel
2888 2776 3045 2826 metu
3079 2772 3278 2837 coacti,
3334 2773 3422 2826 vel
3462 2788 3653 2826 errore
3682 2778 3812 2825 tra-

2114 2863 2270 2917 ducti
2300 2867 2451 2927 sunt,
2481 2867 2537 2915 et
2567 2877 2719 2914 nunc
2759 2877 2816 2913 se
2848 2865 3046 2913 contra
3103 2860 3393 2914 catholicae,
3450 2860 3583 2913 ﬁdei
3617 2875 3810 2912 sacra-

2115 2957 2377 3006 mentum
2408 2951 2588 3021 egisse
2620 2954 2986 3020 coguoscunt,
3045 2965 3111 3002 ea
3154 2954 3237 3003 est
3268 2949 3638 3004 custodienda
3689 2965 3812 3002 mo-

2110 3041 2350 3107 deratio,
2401 3056 2515 3110 qua
2572 3038 2632 3092 in
2687 3038 3016 3092 societatem
3068 3043 3320 3092 nostram
3375 3054 3490 3091 non
3538 3037 3649 3090 nisi
3702 3053 3810 3108 per

2108 3127 2464 3198 poenitentiae
2495 3126 2834 3193 remedium,
2875 3131 2930 3179 et
2966 3142 3070 3196 per
3096 3125 3527 3195 impositionem
3580 3125 3804 3195 episco-

2109 3217 2256 3288 palis
2315 3232 2540 3281 manus,
2632 3213 3058 3268 communionis
3136 3215 3418 3285 recipiant
3496 3214 3803 3267 unitatem.

2109 3306 2392 3375 Tempora
2414 3309 2603 3358 autem
2632 3303 3008 3374 paenitudinis
3038 3304 3232 3357 habita
3263 3302 3651 3356 moderatione
3704 3305 3806 3355 tuo

2108 3393 2506 3448 constituenda
2567 3392 2804 3462 judicio,
2874 3396 3044 3462 prout
3101 3407 3506 3445 conversorum
3576 3391 3808 3443 animos

2106 3480 2422 3551 inspexeris
2463 3496 2582 3532 esse
2611 3479 2863 3547 devotos,
2921 3480 3250 3549 pariterque
3311 3479 3480 3531 etiam
3526 3477 3808 3530 habentes

2109 3569 2293 3622 astatis
2323 3567 2516 3621 senilis
2556 3567 2850 3631 intuitum,
2909 3577 2966 3620 et
3021 3567 3406 3636 periculorum
3437 3579 3805 3635 quorumque

2110 3661 2208 3710 aut
2233 3655 2640 3725 aegritudinum
2673 3655 3037 3724 respicientes
3067 3655 3448 3708 necessitates.
3494 3656 3559 3707 In
3591 3653 3807 3722 quibus

2109 3743 2156 3797 si
2189 3746 2316 3815 quis
2346 3744 2424 3797 ita
2453 3744 2702 3814 graviter
2732 3748 3023 3812 urgeatur,
3059 3748 3120 3798 ut
3151 3744 3291 3798 dum
3313 3743 3495 3796 adhuc
3542 3743 3807 3812 paenitet,

2109 3830 2179 3884 de
2211 3832 2391 3884 salute
2437 3830 2616 3899 ipsius
2659 3830 2998 3900 desperatur
3036 3836 3262 3901 oportet
3307 3830 3358 3883 ei
3398 3845 3501 3900 per
3542 3830 3810 3883 sacerdo-

2107 3919 2281 3972 talem
2315 3919 2755 3972 sollicitudinem
2789 3919 3209 3972 cummunionis
3260 3918 3440 3988 gratia
3492 3917 3808 3971 subveniri.

2109 4007 2239 4061 CAP.
2272 4008 2446 4061 XLlX.
2479 4036 2546 4047 —
2579 4008 2658 4060 De
2689 4009 2802 4070 hoc,
2837 4011 2888 4060 si
2913 4009 3178 4075 parvulus
3208 4012 3478 4074 aegrotans
3509 4006 3584 4058 ad
3621 4022 3811 4073 quem-

2299 4079 2426 4131 libet
2450 4078 2830 4147 presbyterum
2857 4079 3120 4149 baptismi
3145 4082 3332 4146 gratia
3361 4079 3623 4143 defertur.

2180 4167 2290 4234 (Ea:
2341 4167 2482 4221 decr.
2540 4169 2775 4234 Eugenii
2838 4183 3022 4237 papae,
3081 4183 3199 4236 cap.
3271 4166 3346 4238 6.)
3407 4166 3463 4221 Si
3529 4167 3810 4236 parvulus

305 4280 476 4333 etiam
505 4253 575 4334 ab
621 4281 746 4351 ipsa
795 4282 1075 4336 memoria
1127 4253 1380 4339 alienum
1439 4293 1544 4350 est,
1587 4253 1997 4344 conferendum
2027 4278 2070 4331 Ῑ)
2111 4255 2847 4351 fgrwniadﬂuimnbet.
2877 4253 3807 4351 .preipﬂemfuu}.baPtifmigra:

304 4368 387 4422 eis
414 4367 641 4422 videtur
672 4370 827 4440 quod
879 4371 1148 4424 collatum
1193 4388 1313 4426 esse
1372 4374 1642 4442 nescitur,
1691 4375 1827 4446 quia
1883 4395 1999 4432 non

302 4455 592 4509 temeritas
621 4456 926 4512 intervenit
955 4461 1445 4530 praesumptionis,
1481 4463 1578 4516 ubi
1637 4470 1722 4517 est
1752 4465 1998 4534 diligen-

300 4541 381 4596 tia
404 4543 652 4612 pietatis.

305 4665 434 4719 CAP.
471 4666 625 4719 XLV.
665 4697 730 4705 —
781 4671 854 4722 De
898 4671 1228 4741 infantibus,
1280 4675 1331 4726 si
1375 4679 1544 4728 certos
1600 4679 1755 4730 testes
1806 4678 2000 4732 habere

597 4753 702 4790 non
725 4749 969 4807 possunt,
994 4757 1078 4796 eos
1109 4758 1212 4796 non
1232 4759 1342 4798 esse
1373 4745 1697 4814 baptizatos.

375 4843 484 4907 (Ea:
528 4843 716 4896 concil.
779 4847 1072 4911 Africano,
1129 4864 1249 4916 cap.
1299 4851 1402 4919 39.)
1469 4853 1612 4906 Item
1667 4854 1881 4922 placuit
1927 4855 1997 4909 de

301 4927 614 4982 infantibus
643 4928 868 4999 quoties
899 4947 1017 4985 non
1047 4932 1420 4989 inveniuntur
1468 4938 1766 4993 certissimi
1824 4945 1996 4995 testes

300 5017 400 5088 qui
429 5033 525 5071 eos
574 5017 892 5088 baptizatos
941 5037 1062 5074 esse
1116 5021 1238 5076 sine
1279 5025 1637 5080 dubitatione
1692 5033 1994 5099 testentur,

296 5121 486 5177 neque
517 5106 627 5177 ipsi
675 5112 808 5161 sunt
856 5123 961 5179 per
1013 5113 1243 5164 etatem
1299 5113 1368 5166 de
1413 5114 1638 5168 traditis
1669 5115 1779 5170 sibi
1814 5133 1997 5172 sacra-

299 5195 509 5250 mentis
538 5195 732 5250 idonei
759 5197 1124 5266 respondere,
1171 5199 1384 5270 absque
1422 5202 1537 5255 ullo
1595 5205 1863 5273 scrupulo
1899 5222 1995 5259 eos

297 5301 418 5338 esse
449 5285 841 5355 baptizandos,
886 5303 958 5341 ne
993 5287 1100 5342 ista
1129 5288 1435 5358 trepidatio
1467 5307 1564 5344 eos
1595 5291 1765 5345 faciat
1816 5310 1994 5349 sacra-

296 5379 625 5428 mentorum
677 5375 1023 5445 purgatione
1082 5377 1316 5447 privari.
1387 5377 1529 5433 Hinc
1609 5381 1765 5434 enim
1821 5383 1994 5454 legati

298 5462 621 5516 Maurorum
672 5464 876 5518 fratres
925 5471 1154 5520 nostros
1202 5467 1638 5534 consuluerunt,
1696 5471 1795 5541 qui
1851 5475 1992 5528 mul-

299 5552 382 5601 tos
407 5551 549 5603 tales
567 5568 599 5604 a
618 5551 874 5606 barbaris
893 5553 1210 5608 redimunt.

2111 4343 2191 4397 tia
2222 4343 2290 4396 de
2322 4342 2629 4413 cujuslibet
2657 4343 2927 4412 parochio
2956 4344 3159 4396 allatus
3192 4341 3384 4406 fuerit,
3416 4343 3469 4394 ei
3531 4341 3807 4411 baptismi

2110 4438 2530 4486 sacramentum
2570 4448 2683 4484 non
2737 4432 3070 4502 denegatur.
3137 4432 3195 4486 Si
3241 4431 3369 4501 quis
3431 4432 3538 4484 hoc
3589 4446 3807 4484 munus

2108 4521 2325 4591 petenti
2382 4521 2689 4574 concedere
2768 4519 3184 4585 detrectaverit,
3269 4525 3322 4572 et
3386 4518 3483 4572 ille
3531 4519 3807 4588 parvulus

2108 4610 2322 4680 absque
2367 4608 2723 4678 baptismatis
2781 4609 2966 4678 gratia
3012 4613 3274 4661 mortuus
3331 4607 3520 4672 fuerit,
3581 4607 3807 4660 noverit

2105 4697 2202 4750 ille
2233 4713 2312 4762 se,
2341 4697 2439 4766 qui
2490 4713 2622 4750 eum
2652 4713 2764 4750 non
2788 4696 3115 4767 baptizavit,
3171 4713 3274 4766 pro
3304 4697 3425 4767 ejus
3481 4694 3674 4748 anima
3707 4712 3804 4749 ra-

2105 4784 2323 4838 tionem
2355 4785 2736 4853 redditurum,
2770 4790 2825 4839 et
2850 4785 3002 4856 apud
3033 4787 3313 4856 synodum
3371 4784 3645 4839 acerrime
3675 4800 3802 4838 cor-

2107 4873 2437 4942 rigendum.

2177 4961 2304 5015 CAP.
2344 4962 2402 5015 L.
2435 4989 2502 5003 —
2548 4965 2621 5017 De
2663 4965 2773 5018 illis
2827 4966 2924 5032 qui
2964 4965 3044 5016 bis
3096 4965 3178 5017 vel
3238 4970 3316 5018 ter
3355 4965 3662 5032 conﬁrmati
3718 4967 3803 5018 vel

2627 5053 2636 5060 ο
2737 5035 3006 5103 baptizati
3030 5039 3173 5088 sunt.

2177 5121 2306 5186 ((Ea:
2354 5122 2542 5175 concil.
2591 5123 2989 5184 Terraconensi,
3047 5137 3167 5190 cap.
3223 5123 3298 5191 6.)
3355 5122 3576 5176 Dictum
3634 5122 3804 5176 nobis

2105 5212 2190 5260 est
2243 5208 2396 5278 quod
2449 5209 2684 5278 quidam
2736 5210 2805 5263 de
2856 5210 3020 5281 plebe
3078 5210 3183 5276 bis,
3243 5215 3342 5264 aut
3397 5211 3464 5264 ab
3521 5210 3804 5281 episcopis

2102 5295 2504 5366 ignorantibus
2536 5302 2731 5350 tamen
2787 5298 3002 5352 eisdem
3053 5299 3335 5368 episcopis
3358 5299 3800 5353 confirmentur.

2104 5385 2261 5439 Unde
2319 5385 2486 5439 nobis
2541 5386 2726 5440 visum
2783 5391 2870 5440 est
2957 5387 3220 5441 eamdem
3276 5386 3800 5456 conﬁrmationem,

2103 5474 2248 5528 sicut
2293 5489 2398 5528 nec
2444 5475 2817 5544 baptismum,
2855 5475 3051 5529 iterari
3092 5475 3330 5529 minime
3369 5475 3575 5530 debere
3610 5492 3623 5528 :
3661 5477 3802 5546 quia

2102 5562 2191 5618 bis
2220 5564 2307 5616 vel
2342 5564 2592 5634 amplius
2643 5564 2964 5634 baptizatos
2996 5569 3096 5619 aut
3145 5565 3512 5619 conﬁrmatos
3542 5581 3659 5619 non
3687 5581 3795 5621 ste-
