3956 6310
142 329 248 380 737

1102 332 1579 389 DECRETORUM
1620 335 1807 391 LIBRI
1845 338 1953 394 XX.
1995 370 2065 379 ——-
2102 343 2307 398 LIBER
2347 346 2685 409 QUARTUS.

3545 368 3651 420 738

138 454 265 506 culo
296 454 396 506 sed
421 452 529 506 soli
590 453 832 507 Domino
882 454 989 509 sub
1019 455 1221 511 habitu
1262 458 1514 527 regulari
1538 459 1627 512 vel
1679 460 1845 513 cleri-
1878 464 1923 515 A
1962 464 2146 518 modis
2203 469 2649 537 communicent,
2686 477 3027 529 sacramenti
3075 477 3254 547 ipsius
3302 482 3510 538 virtute
3561 488 3647 541 vel

136 542 245 594 cali
279 542 715 611 religiosissime
748 543 1016 596 famulari
1046 545 1338 599 decretum
1383 553 1487 600 est.

140 628 268 682 CAP.
306 629 389 682 LI.
424 660 493 668 —
539 633 611 684 De
639 632 753 684 illis
786 635 884 699 qui
932 632 1013 685 bis
1041 636 1352 698 ignorantes
1398 635 1666 704 baptizati
1697 642 1842 691 sunt.

210 719 325 785 (Ea:
349 720 716 785 pwnitentiali
756 721 981 789 Theod.,
1030 737 1152 789 cap.
1210 722 1319 793 14.)
1376 723 1485 786 Qui
1537 724 1625 777 bis
1677 726 1845 795 igno-

138 809 333 859 rantes
362 806 636 875 baptizati
666 814 803 861 sunt
840 825 958 863 non
998 810 1257 877 indigent
1300 827 1402 881 pro
1444 827 1512 865 eo
1542 813 1843 882 paenitere,

136 894 247 946 nisi
275 895 434 964 quod
478 896 795 950 secundum
834 913 1079 950 canones
1119 914 1233 951 non
1289 905 1526 969 possunt
1566 902 1843 968 ordinari,

137 982 248 1035 nisi
280 1000 493 1053 magna
544 984 732 1054 aliqua
761 986 1066 1039 necessitas
1124 994 1309 1057 cogat.
1368 988 1477 1051 Qui
1508 994 1698 1043 autem
1725 1007 1844 1044 non

132 1070 328 1139 ignari
360 1071 570 1125 iterum
598 1072 869 1142 baptizati
920 1079 1073 1139 sunt,
1115 1076 1279 1146 quasi
1310 1076 1522 1130 iterum
1556 1078 1842 1134 Christum

134 1158 549 1225 cruciﬁxerint,
584 1166 800 1230 septem
832 1156 1021 1215 annos
1053 1164 1392 1232 pmniteant,
1443 1171 1728 1235 quartam,
1789 1174 1845 1221 et

135 1253 355 1301 sextam
384 1247 607 1315 feriam,
633 1252 688 1301 et
712 1255 827 1302 tres
865 1250 1340 1321 Quadragesimas
1388 1253 1722 1322 pceniteant.
1785 1254 1843 1307 Si

134 1351 239 1404 pro
294 1335 433 1389 vitio
482 1336 675 1406 aliquo
726 1338 919 1404 fuerit,
973 1338 1256 1394 similiter.
1305 1340 1360 1393 Si
1408 1357 1511 1410 pro
1552 1342 1840 1396 munditia

132 1424 486 1492 putaverint,
518 1425 700 1478 tribus
731 1427 896 1480 annis
925 1426 1192 1481 similiter
1219 1429 1551 1499 pmniteant.

134 1530 262 1583 CAP.
302 1531 415 1583 LII.
446 1561 515 1568 —-
537 1534 611 1584 De
638 1532 994 1600 parvulorum
1034 1534 1340 1601 animabus,
1376 1538 1473 1604 qui
1500 1535 1616 1590 sine
1658 1538 1836 1605 bapti-

718 1608 887 1656 smate
927 1606 1250 1657 moriuntur.

205 1688 325 1756 )Em
351 1688 511 1757 epist.
548 1691 778 1755 Gregor.
816 1707 975 1759 papa:
994 1696 1201 1760 scripta
1222 1693 1522 1747 Secundino
1548 1709 1699 1749 servo
1733 1697 1839 1749 Dei

134 1779 400 1845 recluso.)
432 1778 490 1830 In
532 1783 784 1831 extremo
819 1795 950 1832 vero
982 1780 1238 1848 epistola:
1262 1782 1552 1851 requisisti
1585 1784 1725 1853 quid
1755 1784 1835 1837 eis

136 1865 605 1933 respondendum
643 1865 735 1932 sit,
770 1867 869 1936 qui
897 1867 1265 1921 dilectionem
1287 1874 1445 1922 tuam
1477 1871 1544 1924 de
1578 1873 1837 1940 parvulo-

136 1969 262 2006 rum
284 1954 586 2008 animabus
619 1955 939 2025 requirunt,
975 1957 1075 2026 qui
1119 1957 1242 2010 sine
1271 1958 1454 2027 gratia
1478 1961 1833 2029 baptismatis

136 2042 484 2107 moriuntur,
544 2042 841 2096 dicentes:
902 2044 958 2097 Si
1014 2060 1221 2114 corpus
1283 2046 1546 2116 originali
1606 2053 1834 2102 tenetur

134 2129 320 2199 culpa,
360 2129 511 2183 unde
543 2131 733 2183 anima
783 2148 912 2201 quae
958 2149 990 2184 a
1022 2133 1138 2185 Deo
1188 2134 1355 2187 datur
1401 2150 1498 2187 rea
1529 2135 1657 2201 erit,
1702 2152 1831 2206 quae

132 2218 320 2271 adhuc
350 2218 410 2270 in
458 2218 666 2271 actuali
720 2220 926 2273 delicto
957 2236 1075 2273 non
1105 2222 1394 2275 consensit
1426 2224 1690 2292 corpori?
1722 2225 1830 2279 Sed

130 2308 235 2361 hac
260 2308 330 2362 de
355 2324 417 2362 re
451 2309 781 2363 dulcissima
809 2310 952 2364 mihi
1005 2316 1104 2364 tua
1133 2312 1377 2366 charitas
1405 2313 1562 2379 sciat,
1597 2314 1732 2384 quia
1760 2316 1829 2370 de

130 2396 352 2465 origine
399 2397 609 2450 animae
666 2398 819 2450 inter
865 2404 1088 2452 sanctos
1144 2401 1336 2452 Patres
1385 2402 1681 2471 requisitio
1712 2420 1830 2457 non

127 2499 303 2553 parva
333 2490 553 2538 versata
584 2492 687 2551 est,
722 2486 819 2539 sed
867 2491 1061 2540 utrum
1092 2487 1215 2557 ipsa
1266 2489 1336 2541 ab
1367 2489 1547 2543 Adam
1588 2490 1828 2544 descen-

128 2572 295 2637 derit,
344 2589 415 2626 an
454 2578 605 2626 certe
654 2574 897 2643 singulis
956 2575 1144 2644 detur,
1207 2575 1485 2630 incertum
1530 2579 1823 2646 remansit,

127 2675 371 2730 eamque
399 2660 459 2713 in
490 2660 596 2714 hac
626 2662 739 2714 vita
767 2662 1135 2716 insolubilem
1174 2664 1306 2717 fassi
1353 2668 1487 2718 sunt
1517 2683 1635 2719 esse
1675 2683 1828 2737 quae-

127 2749 385 2802 stionem.
420 2749 614 2802 Gravis
646 2754 732 2804 est
761 2751 917 2804 enim
966 2753 1222 2821 quazstio,
1273 2769 1377 2806 nec
1426 2754 1571 2807 valet
1607 2755 1676 2808 ab
1713 2756 1822 2809 ho-

126 2837 282 2889 mine
315 2838 725 2907 comprchendi
753 2855 767 2892 :
797 2839 933 2908 quia
953 2839 999 2891 si
1030 2839 1099 2893 de
1122 2841 1254 2894 Adae
1285 2841 1600 2895 substantia
1634 2842 1827 2896 anima

126 2941 256 2977 cum
288 2940 456 2978 carne
489 2925 760 2992 nascitur,
795 2941 896 2980 cur
933 2943 1049 2981 non
1083 2928 1253 2981 etiam
1293 2944 1423 2981 cum
1482 2946 1649 2982 carne
1694 2946 1825 2983 mo-

1958 554 2257 608 muniendi
2295 556 2363 609 ad
2394 557 2626 612 incursu
2667 561 2945 615 daemonis
2997 581 3111 634 quo
3153 567 3511 639 infestantur,
3564 576 3649 628 vel

1954 642 2261 711 purgandi,
2284 659 2533 713 quorum
2569 647 2689 715 jam
2721 650 3045 704 ostenditur
3083 653 3212 706 vitae
3252 659 3539 727 purgatio.

1955 727 2082 794 CAP.
2125 730 2254 783 LIV.
2311 762 2377 771 —
2423 736 2498 787 De
2552 740 2923 860 energumsnis
2969 746 3020 792 et
3051 744 3441 799 catechumenis
3470 748 3650 816 bapti-

2690 823 2795 860 zan
2841 824 2904 860 ιε.

2690 823 2904 861 zanais.

2025 874 2133 944 (Ea:
2181 880 2377 945 eodem,
2430 898 2551 952 cap.
2621 886 2734 954 14.)
2780 888 3197 957 Energumenis
3262 898 3319 946 et
3386 897 3650 950 catechu-

1953 965 2138 1018 menis
2164 964 2223 1019 in
2255 976 2535 1037 quantum
2594 972 2679 1025 vel
2729 976 3033 1029 necessitas
3084 980 3356 1049 exegerit,
3406 985 3493 1037 vel
3545 1002 3645 1055 op-

1952 1054 2273 1121 portunitas
2319 1058 2667 1127 permiserit,
2720 1062 2787 1114 de
2824 1064 3163 1133 baptismate
3212 1054 3645 1128 consulendum.

2341 1144 2470 1198 CAP.
2523 1147 2627 1200 LV.
2673 1178 2742 1189 --
2778 1152 2851 1203 De
2875 1153 3253 1220 rebaptizatis.

2024 1227 2141 1296 (Ea:
2195 1234 2381 1285 concit.
2412 1235 2729 1301 Everdensi,
2780 1254 2898 1307 cap.
2956 1240 3064 1311 14.)
3098 1242 3237 1296 Cum
3280 1245 3645 1316 rebaptizatis

1950 1313 2147 1369 fideles
2178 1318 2433 1389 religiosi
2464 1337 2569 1374 nec
2594 1323 2653 1375 in
2679 1324 2804 1377 cibo
2836 1327 3198 1397 participent.

1951 1401 2078 1456 CAP.
2116 1404 2241 1486 LYI.
2276 1437 2345 1486 -_-_—
2375 1411 2446 1461 De
2473 1410 2787 1486 presbytero
2827 1417 2923 1481 qui
2965 1422 3104 1468 recte
3154 1418 3492 1486 baptizatum
3550 1425 3644 1478 de-

2020 1490 2125 1555 nuo
2168 1477 2549 1555 baptizauerit,
2598 1487 2647 1555 et
2677 1499 2780 1536 non
2810 1477 2951 1537 recte
3001 1477 3339 1555 baptizatum
3373 1492 3441 1544 ab
3481 1477 3642 1549 hare-

2021 1547 2144 1599 ticis
2167 1562 2272 1599 non
2299 1549 2681 1616 baptizauerit.

2021 1630 2139 1699 (Ea:
2169 1637 2354 1687 concil.
2431 1638 2799 1705 Lugdunensi,
2851 1659 2971 1710 cap.
3021 1646 3135 1713 47.)
3188 1648 3495 1719 Episcopus
3544 1658 3643 1707 aut

1868 1738 1906 1790 Β
1948 1720 2245 1789 presbyter
2271 1721 2318 1774 si
2359 1740 2490 1777 eum
2523 1727 2623 1795 qui
2658 1731 2969 1783 secundum
3018 1734 3321 1788 veritatem
3375 1737 3643 1794 habuerit

1946 1808 2230 1875 baptisma
2282 1810 2472 1864 denuo
2530 1814 2924 1883 baptizavenit,
2983 1825 3082 1873 aut
3140 1821 3187 1873 si
3238 1825 3524 1891 pollutum
3570 1829 3639 1881 ab

1940 1893 2153 1963 impiis,
2206 1901 2263 1948 et
2323 1912 2440 1950 non
2490 1905 2640 1952 recte
2681 1901 3032 1971 baptizatum
3082 1923 3193 1960 non
3240 1910 3637 1980 baptizaverit,

1940 1981 2281 2051 deponatur,
2343 1990 2618 2055 tanquam
2680 1990 2946 2045 deridens
3003 2010 3231 2049 crucem
3283 2003 3339 2051 et
3389 2009 3638 2057 mortem

1944 2069 2191 2135 Domini,
2240 2087 2343 2124 nec
2386 2075 2705 2129 sacerdotes
2755 2094 2913 2131 veros
2968 2098 2999 2133 a
3046 2082 3201 2137 falsis
3249 2089 3638 2144 sacerdotibus

1932 2157 2063 2226 jure
2095 2158 2442 2214 discernens.

1941 2246 2066 2299 CAP.
2100 2246 2262 2303 LVII.
2301 2277 2371 2289 —
2430 2252 2497 2303 Ut
2526 2251 2745 2306 diaconi
2764 2269 2919 2309 suam
2957 2273 3265 2315 mensuram
3305 2265 3631 2322 custodiant.

2011 2334 2131 2424 (Em
2165 2334 2307 2388 decr.
2342 2338 2551 2392 Gelasii
2583 2356 2764 2410 papae,
2805 2359 2925 2412 cap.
2977 2347 3058 2415 7.)
3092 2347 3366 2404 Diaconos
3406 2369 3637 2424 quoque

1935 2421 2230 2490 propriam
2252 2425 2656 2480 constituimus
2682 2446 2907 2483 servare
2951 2448 3301 2504 mensuram,
3338 2421 3442 2491 nec
3489 2421 3638 2493 ultra

1936 2516 2197 2564 tenorem
2241 2514 2496 2581 paternis
2563 2518 2878 2571 canonibus
2937 2520 3276 2590 deputatum
3340 2528 3637 2597 quippiam

1936 2602 2155 2650 tentare
2204 2601 2637 2668 permittimus:
2699 2605 2843 2658 nihil
2898 2624 3095 2661 eorum
3162 2628 3264 2664 suo
3314 2615 3645 2679 ministerio

1934 2685 2161 2754 penitus
2214 2686 2521 2757 applicare,
2573 2706 2702 2760 qua:
2757 2692 2959 2761 primis
3029 2696 3329 2751 ordinibus
3384 2702 3635 2771 propriae

1936 2773 2180 2827 decrevit
2229 2775 2557 2845 antiquitas.
2603 2779 2832 2849 Absque
2885 2782 3156 2853 episeopo
3202 2790 3257 2838 et
3304 2789 3634 2859 presbytero

1932 2861 2217 2931 baptizare
2246 2879 2362 2916 non
2394 2864 2659 2931 audeant,
2716 2868 2825 2920 nisi
2866 2870 3151 2939 praedictis
3196 2875 3449 2928 fortassis
3489 2879 3635 2932 .ofti-

1933 2949 2032 3002 ciis
2077 2950 2303 3019 longius
2351 2954 2672 3007 constitutis
2728 2958 3030 3012 necessitas
3083 2966 3337 3016 extrema
3379 2967 3634 3035 compel-

126 3012 397 3124 ri:?.r?‘5i
436 3029 743 3124 νθτοιξέυιτη
774 3030 942 3124 οῗτηθ
967 3032 1117 3124 aqu?
1158 3017 1227 3069 ab
1256 3016 1823 3124 Αὶίᾶηιξπξηθίδιθδίν
1858 3018 1898 3072 C
1936 3038 2034 3104 lat,
2095 3039 2249 3108 quod
2310 3044 2365 3093 et
2420 3040 2580 3094 Iaicis
2631 3043 2969 3099 Christianis
3031 3046 3215 3102 facere
3282 3012 3628 3124 plerumque

135 3099 387 3169 obligata
416 3101 657 3171 peccatis
678 3107 920 3157 tenetur.
967 3102 1078 3157 Sed
1126 3120 1255 3157 cum
1294 3103 1402 3157 hoc
1423 3105 1511 3171 sit,
1544 3104 1827 3159 incertum

134 3204 253 3241 non
292 3194 393 3250 est,
443 3188 581 3259 quia
634 3190 743 3243 nisi
803 3207 960 3243 sacra
1015 3192 1373 3261 baptismatis
1422 3194 1607 3262 gratia
1655 3194 1827 3248 fuerit

131 3282 365 3330 renatus
396 3277 590 3344 homo,
640 3278 825 3332 omnis
872 3278 1067 3333 anima
1108 3280 1405 3350 originalis
1455 3283 1672 3351 peccati
1700 3282 1826 3336 vin-

129 3364 274 3417 culis
328 3371 413 3418 est
464 3366 748 3419 obstricta.
806 3367 946 3419 Hinc
983 3367 1136 3420 enim
1185 3368 1460 3437 scriptum
1506 3374 1635 3423 est:
1704 3371 1827 3424 Non

130 3458 216 3506 est
248 3454 494 3507 mundus
525 3454 585 3508 in
614 3460 917 3524 conspectu
959 3456 1102 3525 ejus,
1135 3472 1239 3509 nec
1272 3456 1441 3509 unius
1472 3457 1612 3510 disei
1639 3457 1828 3511 infans

128 3557 304 3611 super
331 3546 559 3597 terram.
612 3543 756 3597 Hinc
790 3543 961 3597 David
998 3544 1078 3596 ait
1107 3560 1118 3597 :
1150 3544 1214 3597 In
1261 3544 1660 3614 iniquitatibus
1690 3562 1826 3599 con-

126 3636 326 3700 ceptus
364 3647 512 3696 sum,
565 3636 621 3684 et
671 3631 731 3684 in
779 3632 996 3686 delictis
1048 3631 1271 3703 peperit
1315 3648 1407 3685 me
1466 3638 1650 3686 mater
1680 3650 1823 3688 mea.

128 3718 271 3771 Hinc
313 3718 436 3788 ipsa
465 3718 681 3772 Veritas
711 3719 849 3773 dicit
881 3737 893 3773 :
925 3720 1043 3773 Nisi
1093 3721 1222 3790 quis
1266 3726 1499 3775 renatus
1545 3722 1720 3775 fuerit
1759 3739 1826 3776 ex

125 3822 278 3877 aqua
304 3812 359 3860 et
386 3807 603 3876 Spiritu
634 3813 848 3877 sancto,
896 3824 1014 3861 non
1063 3808 1302 3863 intrabit
1346 3810 1407 3862 in
1438 3826 1683 3880 regnum
1712 3826 1824 3864 coe-

124 3895 336 3949 lorum.
381 3896 525 3950 Hinc
578 3897 785 3950 Paulus
843 3898 1134 3966 apostolus
1185 3897 1305 3951 ait:
1355 3898 1508 3952 Sicut
1552 3899 1613 3951 in
1640 3900 1819 3953 Adam

126 3983 316 4037 omnis
360 3984 704 4049 moriuntur,
749 3985 829 4037 ita
868 3990 923 4038 et
968 3985 1028 4038 in
1057 3985 1278 4039 Christo
1332 4002 1532 4040 omnes
1569 3986 1824 4041 vivifica-

126 4072 365 4125 buntur.
407 4072 549 4125 Cum
598 4088 732 4141 ergo
760 4072 947 4125 infans
979 4073 1079 4143 qui
1111 4073 1549 4143 nihil'peccavit
1588 4074 1650 4128 in
1688 4090 1822 4128 con-

125 4164 324 4231 spectu
356 4159 767 4229 omnipotentis
797 4162 895 4214 Dei
936 4178 1057 4215 esse
1097 4178 1214 4215 non
1246 4163 1395 4216 valet
1423 4163 1693 4229 mundus,
1726 4180 1823 4216 cur

127 4247 427 4301 Psalmista
456 4264 525 4301 ex
555 4248 811 4318 legitimo
833 4248 1095 4319 conjugio
1126 4251 1403 4319 prolatus,
1438 4250 1497 4302 in
1519 4249 1821 4320 iniquitate

124 4342 430 4406 conceptus
460 4337 589 4389 est?
636 4338 782 4390 Cur?
813 4337 925 4390 nisi
982 4338 1119 4408 quia
1160 4338 1259 4408 qui
1307 4339 1616 4392 mundatus
1669 4355 1817 4409 aqua

122 4424 485 4493 baptismatis
514 4440 633 4478 non
652 4424 827 4478 fuerit
847 4426 1097 4479 mundus
1118 4442 1234 4479 non
1253 4427 1375 4485 est?
1412 4426 1524 4480 Cur
1549 4426 1609 4479 in
1634 4427 1817 4481 Adam

124 4512 314 4565 omnis
355 4514 528 4567 homo
569 4513 833 4579 moritur,
868 4515 916 4567 si
963 4514 1259 4584 originalis
1308 4514 1525 4584 peccati
1574 4515 1817 4569 vinculis

122 4617 245 4655 non
275 4603 547 4655 tenetur?
578 4602 685 4656 Sed
734 4601 870 4672 quia
911 4618 1092 4671 genus
1138 4604 1455 4657 humanum
1490 4603 1550 4657 in
1579 4610 1816 4674 parente

120 4690 314 4759 primo
343 4690 498 4743 velut
549 4690 608 4743 in
666 4690 852 4744 radice
898 4691 1142 4760 putruit,
1193 4691 1519 4745 ariditatem
1548 4693 1729 4747 erexit
1756 4693 1815 4745 in

121 4778 319 4844 ramis,
355 4783 411 4831 et
448 4778 582 4832 inde
630 4779 819 4831 omnis
848 4779 1022 4833 homo
1072 4796 1203 4833 cum
1260 4785 1492 4849 peccato
1541 4782 1813 4848 nascitur,

119 4867 276 4920 unde
306 4866 527 4936 primus
566 4868 737 4920 homo
781 4883 1116 4936 permanere
1153 4868 1332 4922 voluit
1363 4869 1423 4921 in
1449 4875 1701 4939 peccato.
1736 4872 1815 4924 De

118 4951 210 5004 his
250 4958 442 5006 autem
476 4953 739 5006 subtilius
771 4970 834 5007 ac
885 4954 1055 5007 latius
1111 4955 1271 5025 loqui
1325 4955 1658 5023 debueram,
1719 4957 1816 5011 sed

118 5039 261 5093 dum
295 5057 389 5093 me
438 5046 493 5095 et
521 5057 787 5095 curarum
843 5043 1124 5097 tumultus
1172 5048 1461 5112 premunt,
1504 5050 1562 5098 et
1606 5045 1815 5099 harum

118 5128 367 5198 portitor
397 5132 461 5182 ut
488 5130 773 5184 laxaretur
797 5130 1165 5201 importunus
1192 5132 1420 5200 exstitit,
1452 5133 1607 5186 unde
1633 5134 1816 5187 multa

118 5217 314 5285 debui,
348 5234 528 5289 pauca
557 5219 782 5273 locutus
813 5236 959 5274 sum.

335 5307 463 5361 CAP.
499 5307 632 5361 LIII.
672 5337 741 5347 -—
771 5311 844 5361 De
881 5314 1251 5376 energumenis
1284 5309 1595 5377 baptizatis.

191 5393 315 5462 (Ea:
343 5395 531 5447 concit.
564 5396 843 5463 Arausic.,
886 5411 1006 5464 cap.
1052 5399 1164 5467 t3.)
1194 5396 1581 5467 Energumeni
1618 5397 1813 5467 bapti-

116 5483 228 5535 zati
257 5482 328 5535 de
374 5483 717 5552 purgatione
767 5500 869 5537 sua
918 5490 1204 5553 curantes,
1240 5485 1290 5539 si
1340 5502 1399 5539 se
1439 5484 1814 5540 sollicitudini

116 5569 458 5625 clericorum
486 5571 744 5638 tradunt,
785 5573 1137 5644 monitisque
1167 5574 1588 5645 obtemperant,
1622 5574 1811 5629 omni-

1936 3126 2287 3180 conceditur.

1937 3215 2064 3269 CAP.
2100 3215 2277 3268 LVIII.
2309 3246 2377 3255 ——
2406 3219 2856 3299 Deuinordinato,
2887 3224 2938 3274 si
2980 3222 3142 3299 quasi
3170 3226 3454 3282 ordinatus
3496 3230 3632 3299 bap-

2469 3290 2641 3343 tizare
2671 3290 3094 3363 praesumpserit.

2007 3372 2124 3441 (Em
2151 3373 2294 3427 decr.
2336 3375 2653 3430 Hormisda
2696 3394 2874 3447 papee,
2928 3396 3047 3449 cap.
3100 3381 3179 3447 4.)
3208 3383 3264 3437 Si
3294 3386 3419 3455 quis
3451 3388 3633 3457 bapti-

1936 3464 2042 3525 zat,
2089 3466 2188 3514 aut
2233 3462 2450 3532 aliquid
2501 3464 2758 3518 divinum
2833 3467 3085 3521 ofﬁcium
3153 3474 3471 3527 exercuerit
3528 3491 3634 3544 per

1932 3549 2312 3603 temeritatem
2362 3566 2477 3603 non
2526 3552 2843 3621 ordinatus,
2910 3556 3209 3626 abjiciatur
3260 3561 3329 3613 ab
3362 3562 3626 3630 Ecclesia,

1934 3642 1990 3691 et
2009 3654 2306 3709 nunquam
2342 3640 2661 3694 ordinetur.

1934 3724 2060 3777 CAP.
2098 3724 2222 3778 LIX.
2259 3754 2327 3762 -—
2378 3726 2445 3778 Ut
2493 3726 2800 3793 presbyteri
2841 3729 3163 3796 populorum
3196 3733 3522 3788 admoneant
3569 3740 3631 3789 ut

2002 3809 2124 3848 suos
2168 3796 2473 3861 infantulos
2528 3796 2602 3850 ad
2656 3800 3109 3866 conﬁrmationem
3170 3805 3415 3873 episcopo
3488 3822 3630 3875 prae-

2002 3871 2314 4005 famine.
2364 3938 2771 4003 Wormaciens.,
2827 3954 2947 4008 cap.
2980 3940 3057 4011 2.)
3108 3944 3473 3999 Aunuutient
3499 3962 3632 4015 pre-

1932 4020 2140 4091 sbyteri
2204 4023 2454 4093 populis,
2516 4030 2578 4078 ut
2641 4041 2829 4095 quam.
2883 4028 3049 4081 citius
3120 4031 3436 4098 potuerint,
3501 4051 3632 4088 suos

1933 4109 2243 4163 infantulos
2292 4112 2361 4165 ad
2430 4113 2887 4169 conﬁrmandum
2967 4116 3232 4189 episcopo
3294 4123 3629 4190 praesentari

1930 4195 2155 4251 faciant.
2189 4197 2348 4261 Quod
2382 4199 2427 4252 si
2453 4201 2834 4270 neglexerint,
2863 4207 2919 4256 et
2934 4204 3235 4275 presbyter
3264 4213 3319 4261 et
3376 4210 3629 4279 populus

1846 4296 1889 4349 ι)
1929 4284 2215 4338 canonicis
2241 4285 2554 4356 disciplinis
2586 4288 2932 4359 subjaceant.

1928 4374 2054 4428 CAP.
2104 4374 2202 4427 LX.
2260 4404 2330 4414 —
2386 4377 2451 4429 Ut
2501 4390 2688 4452 omnes
2746 4381 3001 4445 perfecta:
3064 4384 3266 4449 uitatis,
3313 4384 3500 4452 jejuni
3556 4386 3631 4440 ad

2384 4448 2840 4514 conﬁrmationem
2877 4453 3116 4505 veniant.

1997 4531 2105 4602 (Ea:
2124 4534 2309 4586 concit.
2333 4535 2635 4601 Aureliam,
2660 4551 2784 4605 cap.
2818 4536 2892 4607 5.)
2920 4538 2986 4591 Ut
3010 4538 3198 4609 jejuni
3222 4541 3293 4595 ad
3329 4544 3630 4599 confirma-

1923 4624 2117 4674 touem
2145 4621 2375 4674 vcuiaut
2399 4622 2670 4692 perfecta;
2701 4624 2905 4690 aetatis,
2940 4632 2996 4679 et
3029 4635 3376 4684 moneantur
3405 4633 3630 4688 confes-

1924 4707 2112 4762 siones
2150 4708 2333 4762 facere
2366 4709 2543 4778 prius,
2577 4715 2640 4763 ut
2672 4712 2871 4765 mundi
2900 4713 3117 4767 donum
3158 4718 3336 4772 sancti
3383 4720 3629 4790 Spiritus

1923 4798 2147 4850 valeant
2176 4796 2453 4867 accipere,
2487 4803 2544 4851 et
2580 4798 2715 4867 quia
2753 4815 3050 4870 nunquam
3094 4804 3202 4857 erit
3248 4806 3624 4879 Christianus,

1926 4884 2037 4939 nisi
2061 4885 2495 4940 conﬁrmatione
2533 4888 2846 4958 episcopali
2878 4890 3045 4945 fuerit
3078 4893 3444 4950 chrismatus.

1927 4975 2052 5029 CAP.
2088 4975 2210 5028 LXI.
2245 5004 2313 5014 —
2343 4978 2416 5029 De
2445 4975 2651 5055 duobus
2697 4982 3070 5055 sacramentis,
3111 4982 3172 5035 id
3219 4988 3317 5051 est,
3360 4985 3626 5055 baptismo

2438 5051 2489 5099 et
2518 5062 2710 5101 manus
2740 5050 3099 5116 impositione.

1992 5132 2268 5202 (Melchia.
2307 5148 2461 5202 papa
2493 5132 2905 5202 Hispaniarum
2948 5139 3213 5207 episcopis
3252 5141 3360 5195 haec
3409 5146 3620 5213 scribit,

1923 5236 2045 5290 cap.
2075 5220 2152 5291 6.)
2187 5222 2261 5275 De
2293 5220 2382 5275 his
2423 5237 2556 5274 vero
2588 5238 2760 5292 super
2792 5223 3002 5293 quibus
3055 5226 3347 5295 rogitastis
3386 5246 3480 5283 vos
3527 5233 3622 5286 in-

1920 5310 2178 5377 formari,
2229 5311 2286 5364 id
2355 5315 2457 5377 est,
2517 5316 2714 5365 utrum
2767 5314 2953 5383 majus
3003 5320 3151 5368 esset
3197 5325 3622 5376 sacramentum

1921 5414 2127 5452 manus
2174 5398 2565 5468 impositionis
2630 5400 3048 5471 episcoporum,
3117 5409 3215 5457 aut
3278 5404 3620 5480 baptismus,

1922 5485 2121 5540 scitote
2179 5492 2488 5559 utrumque
2541 5504 2817 5559 magnum
2885 5506 3005 5544 esse
3062 5499 3503 5549 sacramentum.
3555 5498 3623 5553 Et

1920 5575 2066 5632 sicut
2088 5593 2272 5632 unum
2305 5595 2339 5632 a
2383 5578 2699 5648 majoribus
2729 5578 2811 5647 ﬁt,
2845 5578 2905 5636 id
2953 5586 3055 5648 est,
3094 5597 3127 5636 a
3161 5585 3403 5639 summis
3432 5588 3623 5657 ponti-
