3956 6298
314 332 421 385 739

1389 325 1794 382 BURCHARDI
1835 322 2363 381 WORMACIENSIS
2402 319 2738 377 EPISCOPI.

3712 324 3815 376 740

316 453 516 506 ticibus
544 452 697 522 quod
731 468 764 505 a
794 449 1114 504 minoribus
1155 448 1351 519 perﬁci
1401 466 1520 503 non
1572 453 1773 519 potest,
1825 449 1903 502 ita
1949 454 2006 503 et
2045 451 2090 501 A
2117 446 2198 501 ita
2229 446 2401 500 etiam
2426 444 2797 499 traditionem
2847 443 3028 498 sancti
3075 442 3320 514 Spiritus
3349 459 3382 496 a
3414 445 3628 514 jejunis
3660 463 3816 516 pon—

313 540 520 610 majori
568 539 938 593 veneratione
991 538 1379 591 venerandum
1433 546 1489 590 et
1537 537 1853 590 tenendum
1905 541 2006 590 est.

315 629 423 683 Sed
453 629 534 682 ita
563 628 865 697 conjuncta
917 631 1047 680 sunt
1089 627 1211 679 haec
1262 626 1373 679 duo
1428 632 1806 691 sacramenta,
1847 628 1912 678 ut
1940 625 2010 678 ab

317 716 561 769 invicem
591 715 704 768 nisi
741 718 921 768 morte
967 713 1350 784 praeveniente
1404 713 1732 766 nullatenus
1787 713 2012 782 possint

317 803 621 873 segregari,
677 807 735 856 et
785 817 965 855 unum
1031 801 1152 854 sine
1209 801 1384 854 altero
1443 801 1550 853 rite
1623 800 1822 871 perﬁci
1895 816 2011 853 non

319 895 524 961 potest.

319 981 448 1033 CAP.
483 980 633 1034 LXII.
663 1009 727 1018 —
762 980 826 1033 Ut
853 991 1053 1114 omnesf
1069 976 1374 1102 Cthristgani
1422 977 1496 1030 ad
1546 975 2013 1047 conﬁrmationem

1049 1063 1100 1101 es
1129 1064 1248 1101 men
1280 1089 1292 1101 .

1049 1063 1126 1101 θεῖ
1129 1064 1248 1101 men
1254 1063 1276 1101 ε
1280 1089 1292 1101 .

388 1137 503 1206 (Ea:
541 1139 724 1191 concil.
769 1138 1055 1203 Wormac.,
1086 1151 1206 1204 cap.
1238 1136 1312 1205 6.)
1347 1136 1414 1189 Ut
1437 1135 1509 1189 ad
1547 1134 2012 1204 praedicationem

319 1230 374 1279 et
419 1225 913 1280 conﬁrmationem
979 1225 1229 1295 episcopi
1286 1240 1487 1277 omnes
1556 1224 1754 1278 devote
1807 1238 2012 1276 conve-

315 1313 494 1378 niant,
526 1314 693 1384 eique
720 1313 964 1367 ﬁdeliter
995 1313 1322 1366 ministrent
1353 1317 1409 1366 et
1455 1312 1742 1366 obediant.

517 1403 643 1457 CAP.
680 1403 851 1456 LXIII.
882 1433 948 1441 —
978 1404 1107 1456 Item
1129 1402 1194 1454 de
1208 1416 1399 1455 manus
1434 1403 1792 1470 impositione.

385 1491 668 1561 (Eusebius
718 1507 869 1559 papa
923 1491 1196 1556 fratribus
1243 1506 1344 1558 per
1393 1491 1748 1558 Campaniam
1797 1493 1847 1542 et
1907 1491 2012 1541 Tu-

315 1582 483 1633 sciam
517 1581 824 1632 constitutis
868 1578 1099 1646 scribit.)
1144 1578 1338 1630 Manus
1363 1594 1592 1648 quoque
1630 1576 2014 1646 impositionis

316 1671 735 1720 sacramentum
798 1682 1007 1735 magna
1083 1667 1447 1720 veneratione
1511 1666 1829 1719 tenendum
1903 1669 2008 1730 est,

2119 535 2366 590 tiﬁcibus
2396 533 2661 587 convenit
2682 531 2974 586 celebrari.

2120 638 2255 692 CAP.
2301 637 2521 691 LXVIII.
2562 667 2630 674 —
2660 637 2726 690 Ut
2754 636 3016 704 episcopis
3054 636 3114 687 in
3144 651 3354 704 campo,
3405 638 3456 689 si
3482 650 3691 690 necesse
3717 639 3811 698 sit,

2191 710 2348 762 liceat
2373 711 2688 774 conﬁrmare
2717 724 2733 760 :
2763 708 2954 759 melius
3000 712 3078 759 est
3126 711 3306 759 autem
3354 706 3414 761 in
3460 709 3682 762 ecclesia
3711 712 3815 763 aut

2191 781 2252 832 in
2292 781 2434 832 atrio
2461 779 2710 831 ecclesiae.

2193 868 2304 936 (Ea:
2332 867 2517 920 concil.
2566 865 2830 931 Remensi,
2889 880 3010 933 cap.
3075 863 3184 927 I0.)
3237 865 3510 934 Episcopo
3543 866 3717 921 liceat
3755 867 3817 920 in

2120 971 2343 1025 campo,
2375 955 2422 1008 si
2451 969 2680 1008 necesse
2711 953 2802 1019 sit,
2843 952 3204 1006 conﬁrmare.

2121 1059 2248 1112 CAP.
2294 1058 2459 1111 LXIX.
2491 1087 2559 1096 —
2584 1059 2650 1110 Ut
2679 1072 2713 1109 a
2759 1057 2884 1110 solis
2935 1058 3200 1124 epiSCOpis
3244 1056 3512 1124 baptizati
3552 1061 3664 1112 sint
3692 1074 3820 1112 con-

2827 1126 3103 1193 Signandi.

2193 1215 2300 1287 (Ea:
2357 1216 2501 1270 decr.
2537 1217 2832 1269 Innocentii
2881 1231 3014 1283 pap.
3075 1217 3320 1268 Decentio
3373 1218 3535 1284 episc.
3607 1220 3816 1286 missis,

2120 1321 2240 1373 cap.
2283 1305 2364 1372 3.)
2421 1305 2499 1356 De
2557 1303 2963 1372 consignandis
3013 1318 3144 1356 vero
3203 1303 3516 1357 infantibus
3573 1307 3820 1359 manife-

2122 1399 2275 1447 stum
2309 1397 2393 1447 est
2431 1409 2546 1446 non
2593 1392 2662 1446 ab
2703 1392 2815 1444 alio
2860 1407 3034 1462 quam
3067 1391 3134 1444 ab
3165 1391 3429 1461 episcopo
3460 1393 3585 1446 ﬁeri
3619 1393 3818 1460 licere,

2122 1499 2253 1535 nam
2283 1481 2619 1551 presbyteri,
2680 1480 2808 1533 licet
2836 1479 2949 1532 sint
2984 1481 3217 1533 secundi
3253 1481 3594 1548 sacerdotes,
3622 1483 3820 1552 ponti-

2124 1570 2322 1623 ﬁcatus
2351 1575 2544 1623 tamen
2580 1569 2798 1638 apicem
2829 1584 2947 1621 non
2979 1569 3210 1622 habent.
3257 1571 3372 1623 Hoc
3402 1575 3591 1623 autem
3625 1572 3820 1640 ponti-

2123 1658 2326 1712 ﬁcibus
2354 1657 2486 1710 solis
2517 1656 2734 1722 deberi,
2766 1661 2832 1709 ut
2860 1657 2948 1709 vel
2967 1656 3324 1726 consignent,
3357 1659 3441 1710 vel
3461 1659 3820 1728 paracletum

314 1755 467 1825 quod
499 1755 568 1808 ab
589 1754 714 1807 aliis
743 1754 938 1824 perﬁci
980 1770 1099 1806 non
1155 1758 1358 1820 potest,
1393 1754 1499 1807 nisi
1537 1771 1568 1807 a
1626 1753 1865 1806 summis
1923 1769 2011 1805 sa-
2045 1722 2086 1774 Β
2124 1747 2395 1816 Spiritum
2429 1745 2677 1808 tradant,
2699 1760 2814 1797 non
2843 1745 3027 1797 solum
3050 1745 3399 1799 consuetudo
3440 1747 3823 1801 ecclesiastica

313 1843 656 1896 cerdotibus.
694 1842 804 1894 Nec
833 1846 1093 1911 tempore
1137 1842 1526 1910 apostolorum
1573 1840 1639 1894 ab
1669 1840 1794 1893 aliis
1837 1856 2010 1910 quam

314 1931 382 1985 ab
410 1930 546 2001 ipsis
577 1929 851 2000 apostolis
901 1928 1110 1999 legitur
1141 1933 1239 1982 aut
1280 1929 1455 1982 scitur
1504 1933 1794 1998 peractum
1841 1945 1960 1982 esse
1993 1946 2006 1982 :

313 2035 498 2089 neque
526 2018 596 2071 ab
646 2017 794 2081 aliis;
842 2017 988 2070 sicut
1024 2017 1145 2087 jam
1196 2017 1410 2070 dictum
1453 2022 1558 2081 est,
1603 2033 1777 2087 quam
1800 2017 1868 2070 ab
1898 2017 2010 2070 illis

313 2106 413 2177 qui
446 2121 647 2159 eorum
692 2106 874 2158 locum
925 2109 1118 2158 tenent
1162 2120 1414 2174 unquam
1453 2104 1650 2174 perﬁci
1680 2107 1866 2174 potest
1912 2108 2010 2158 aut

312 2194 438 2247 ﬁeri
471 2194 660 2247 debet.
695 2194 836 2246 Nam
868 2192 915 2246 si
944 2193 1110 2246 aliter
1155 2195 1574 2262 praesumptum
1618 2192 1810 2257 fuerit,
1871 2192 2008 2245 irri-

312 2287 437 2335 tum
484 2282 765 2335 habeatur
820 2285 877 2334 et
937 2297 1199 2347 vacuum,
1260 2297 1365 2335 nec
1432 2281 1584 2334 inter
1631 2281 2008 2335 ecclesiastica

314 2385 574 2440 unquam
600 2369 964 2439 reputabitur
991 2373 1362 2422 sacramenta.

587 2457 712 2510 CAP.
748 2456 921 2511 LXIV.
950 2486 1018 2493 ——
1048 2457 1179 2509 Item
1209 2455 1274 2508 de
1307 2457 1727 2520 conﬁrmatione.

383 2545 495 2615 (Ea:
525 2546 711 2599 concil.
765 2545 1091 2614 Moguntin.,
1151 2559 1272 2612 cap.
1313 2543 1392 2612 5.)
1443 2543 1812 2611 Praecipimus
1840 2545 1904 2596 ut
1933 2541 2002 2596 ad

309 2633 704 2704 accipiendum
731 2648 834 2702 per
866 2647 1069 2686 manus
1098 2631 1530 2701 impositionem
1557 2631 1844 2700 pontiﬁcis
1877 2631 2004 2700 Spi-

307 2723 453 2777 ritus
498 2722 678 2775 sancti
707 2721 946 2788 donum,
993 2720 1235 2774 sollicite
1266 2725 1324 2773 et
1371 2720 1574 2774 devote
1619 2735 1817 2772 omnes
1866 2735 2001 2772 con-

308 2815 559 2876 currant,
630 2814 684 2863 et
734 2809 1001 2880 episcopo
1041 2824 1143 2861 suo
1195 2825 1264 2861 ea
1321 2825 1448 2878 quae
1497 2809 1817 2862 necessaria
1871 2811 2004 2861 sunt

306 2898 555 2952 ﬁdeliter
581 2897 926 2961 ministrent,
973 2897 1141 2967 eique
1173 2896 1244 2950 ab
1287 2895 1554 2950 omnibus
1593 2901 1650 2950 et
1677 2913 1780 2967 per
1805 2895 2001 2950 omnia

309 2986 628 3040 obediatur.

310 3075 437 3129 CAP.
472 3075 616 3128 LXV.
651 3104 718 3114 —
751 3072 908 3138 Quod
947 3086 1124 3126 omnes
1167 3071 1368 3140 ﬁdeles,
1398 3075 1610 3140 accepto
1654 3073 2004 3143 baptismate,

733 3146 974 3197 chrisma
1001 3144 1279 3212 percipere
1310 3143 1556 3197 debeant.

378 3235 486 3300 (Ea:
544 3233 728 3286 concil.
799 3231 1132 3296 Laodicensi,
1195 3246 1312 3299 cap.
1363 3233 1476 3296 48.)
1525 3231 1686 3295 Quod
1743 3235 2007 3301 oporteat

303 3335 400 3373 eos
433 3319 532 3389 qui
569 3319 931 3389 baptizantur
979 3325 1112 3387 post
1169 3319 1455 3371 lavacrum
1503 3318 1751 3372 chrisma
1777 3319 2004 3373 cceleste

218 3432 220 3435 ι
301 3407 617 3478 percipere,
641 3413 696 3460 et
725 3406 886 3478 regni
925 3406 1138 3461 Christi
1170 3406 1479 3476 participes
1521 3405 1787 3460 inveniri.

305 3495 433 3550 CAP.
489 3496 656 3549 LXVI.
706 3525 776 3534 ——
831 3497 898 3550 Ut
953 3511 1131 3549 omnes
1189 3497 1368 3549 renati
1432 3496 1580 3560 fonte
1632 3495 2000 3564 baptismatis,

376 3566 575 3620 donum
623 3568 800 3620 sancti
866 3567 1108 3635 Spiritus
1178 3581 1279 3635 per
1347 3580 1541 3619 manus
1611 3567 2004 3635 impositionem

375 3640 616 3705 accipere
652 3638 897 3690 debeant.

374 3724 484 3793 (Ea:
539 3727 697 3794 epist.
754 3725 948 3779 Anteri
987 3739 1168 3792 papae,
1222 3739 1342 3792 cap.
1411 3725 1517 3791 15.)
1574 3724 1782 3779 Omnes
1847 3724 2003 3778 enim

302 3813 500 3868 ﬁdeles
545 3830 648 3884 per
692 3829 896 3867 manus
943 3812 1374 3882 impositionem
1425 3813 1840 3883 episcoporum,
1875 3819 2005 3884 post

301 3899 652 3969 baptismum
710 3900 966 3970 accipere
1024 3898 1236 3953 debent
1289 3899 1566 3969 Spiritum
1620 3905 1901 3966 sanctum,
1941 3905 2005 3954 ut

301 3989 458 4058 pleni
487 3989 789 4044 Christiani
822 3987 1206 4041 inveniantur.
1247 3989 1323 4041 De
1353 3987 1570 4057 Spiritu
1616 3993 1810 4043 sancto
1857 3988 2002 4043 acci-

299 4076 510 4147 pimus,
545 4081 606 4131 ut
629 4076 918 4148 spiritales
951 4075 1268 4129 efﬁciamur
1297 4091 1310 4128 :
1349 4075 1485 4144 quia
1522 4075 1790 4130 animalis
1830 4077 2001 4130 homo

298 4181 418 4220 non
446 4166 691 4236 percipit
718 4182 784 4220 ea
802 4181 931 4236 qua:
962 4168 1096 4218 sunt
1122 4162 1366 4234 Spiritus
1399 4162 1518 4230 Dei,
1553 4163 1690 4234 quia
1719 4180 1848 4218 cum
1877 4164 2003 4235 Spi-

2125 1835 2496 1898 demonstrat,
2526 1848 2722 1885 verum
2755 1833 2852 1886 illa
2889 1831 3053 1886 lectio
3104 1836 3346 1886 Actuum
3399 1835 3818 1903 apostolorum,

2122 1938 2250 1992 quae
2284 1921 2484 1974 asserit
2511 1922 2739 1974 Petrum
2772 1926 2830 1974 et
2881 1921 3158 1974 Joannem
3210 1938 3329 1974 esse
3384 1922 3650 1988 directos,
3685 1929 3821 1994 {quo

2116 2010 2233 2080 jam
2266 2009 2562 2078 haptizatis
2582 2009 2807 2062 tradant
2845 2009 3122 2078 Spiritum
3163 2014 3439 2064 sanctum.
3486 2012 3628 2064 Nam
3657 2027 3821 2081 pres-

2118 2095 2332 2165 byteris
2367 2112 2462 2148 seu
2497 2100 2656 2148 extra
2706 2095 3039 2165 episcopum
3096 2111 3197 2148 seu
3231 2101 3507 2166 praesente
3547 2097 3822 2168 episcopo

2119 2201 2249 2239 cum
2305 2184 2618 2254 baptizant,
2673 2184 2977 2238 chrismate
3034 2184 3348 2254 baptizatos
3389 2202 3607 2256 ungere
3661 2187 3818 2254 licet,

2119 2272 2216 2326 sed
2247 2272 2396 2343 quod
2427 2271 2496 2325 ab
2527 2271 2796 2342 episcopo
2827 2271 3000 2325 fuerit
3029 2275 3442 2337 consecratum,
3469 2288 3585 2325 non
3619 2277 3818 2326 tamen

2116 2361 2362 2414 frontem
2396 2377 2464 2414 ex
2503 2360 2707 2414 eodem
2739 2360 2866 2413 oleo
2897 2360 3143 2428 signare,
3194 2359 3349 2429 quod
3399 2361 3533 2414 solis
3573 2360 3822 2415 debetur

2116 2449 2420 2518 episcopis,
2459 2465 2588 2502 cum
2620 2447 2854 2501 tradunt
2881 2447 3157 2516 Spiritum
3188 2448 3560 2516 paracletum.

2115 2536 2242 2590 CAP.
2297 2537 2442 2591 LXX.
2484 2565 2551 2574 —
2605 2538 2672 2589 Ut
2719 2535 3022 2604 presbyteri
3066 2535 3370 2602 baptizatos
3429 2538 3489 2590 in
3534 2537 3816 2604 frontibus

2467 2607 2755 2660 chrismate
2795 2608 3014 2670 signare
3050 2619 3156 2657 non
3196 2606 3451 2660 audeant.

2184 2694 2291 2765 (Ecc
2328 2696 2500 2762 regul.
2543 2697 2706 2761 Greg.
2761 2693 2834 2748 ad
2862 2695 3188 2747 Ianuarium
3233 2696 3540 2764 episcopum
3597 2697 3814 2752 Carali-

2112 2785 2319 2848 tanum,
2385 2797 2504 2851 cap.
2576 2780 2723 2851 200.)
2781 2781 3100 2852 Presbyteri
3180 2781 3498 2852 baptizatos
3562 2782 3816 2836 infantes

2109 2871 2337 2940 signare
2397 2871 2459 2924 in
2529 2869 2816 2924 frontibus
2890 2871 3200 2924 chrismate
3254 2887 3370 2924 non
3431 2877 3812 2941 praesumant,

2032 2994 2073 3049 Ο
2111 2959 2206 3013 sed
2275 2957 2590 3030 presbyteri
2663 2958 2982 3027 baptizatos
3039 2963 3280 3027 tangant
3333 2959 3393 3011 in
3440 2964 3688 3028 pectore,
3750 2965 3818 3012 ut

2115 3047 2366 3117 episcopi
2398 3046 2766 3115 postmodum
2797 3045 3220 3099 conﬁrmentin
3247 3045 3454 3100 fronte.

2115 3136 2242 3190 CAP.
2305 3136 2480 3190 LXXI.
2527 3164 2600 3176 -—
2654 3137 2728 3188 De
2791 3135 3120 3203 presbyteris
3180 3136 3277 3201 qui
3325 3150 3429 3203 pro
3486 3135 3814 3204 baptismate

2695 3207 2879 3274 pretia
2910 3207 3219 3274 requirunt.

2185 3293 2293 3364 (Ea:
2322 3296 2480 3364 epist.
2545 3293 2753 3349 Gelasii
2794 3308 2974 3361 papae,
3010 3308 3130 3361 cap.
3180 3291 3254 3362 5.)
3283 3292 3644 3361 Baptizandis
3669 3310 3818 3348 con-

2114 3382 2523 3453 signandisque
2557 3380 2821 3435 ﬁdelibus
2851 3381 3034 3450 pretia
3062 3381 3220 3433 nulla
3248 3380 3568 3450 praaﬁgant,
3611 3398 3716 3435 nec
3744 3383 3814 3436 i1-

2113 3471 2422 3525 lationibus
2479 3469 2833 3541 quibuslibet
2889 3469 3175 3540 impositis
3228 3469 3517 3539 exagitare
3575 3470 3818 3540 cupiant

2112 3563 2474 3613 renascentes
2507 3575 2519 3611 :
2555 3558 2831 3628 quoniam
2883 3559 3038 3628 quod
3069 3557 3244 3627 gratis
3289 3558 3629 3628 accepimus,
3673 3574 3817 3628 gra—

2112 3648 2185 3702 tis
2213 3648 2348 3702 dare
2378 3647 2749 3701 mandamur.
2787 3647 2855 3700 Et
2884 3646 3013 3701 ideo
3054 3646 3198 3700 nihil
3240 3663 3273 3699 a
3320 3646 3604 3717 praedictis
3647 3663 3815 3717 pror-

2112 3752 2206 3789 sus
2245 3735 2473 3806 exigere
2519 3735 2848 3802 moliantur,
2892 3751 3006 3805 quo
3054 3735 3142 3788 vel
3193 3739 3528 3804 paupertate
3567 3740 3814 3805 cogente

2113 3823 2389 3891 deterriti,
2421 3824 2508 3877 vel
2531 3822 2926 3894 indignatione
2956 3823 3220 3889 revocati,
3254 3823 3664 3894 redemptionis
3694 3841 3815 3879 sum

2112 3926 2308 3964 causas
2341 3911 2498 3965 adire
2530 3911 2864 3981 despiciant,
2897 3917 3116 3964 certum
3157 3911 3452 3977 habentes,
3502 3911 3656 3982 quod
3710 3913 3816 3983 qui

2115 3999 2400 4069 prohibita
2432 3999 2771 4069 deprehensi
2786 3999 3001 4053 fuerint
3029 3998 3347 4065 admisisse,
3378 4001 3466 4054 vel
3508 4000 3818 4055 commissa

2111 4103 2230 4140 non
2247 4076 2435 4158 potius
2456 4105 2558 4142 sua
2587 4093 2789 4158 sponte
2815 4088 3188 4154 correxerint,
3204 4089 3525 4158 periculum
3563 4089 3815 4143 subituri

2112 4176 2333 4246 proprii
2363 4175 2477 4229 sint
2506 4177 2760 4230 honoris.

299 4254 440 4307 ritus
465 4259 694 4308 sanctus
737 4253 1084 4317 infunditur,
1135 4267 1232 4304 cor
1274 4249 1442 4304 ﬁdele
1498 4251 1570 4305 ad
1607 4252 1997 4322 prudentiam,
2029 4272 2073 4325 ι)
2115 4263 2243 4318 ΟΑΡ,
2281 4259 2496 4320 LXXII.
2545 4293 2613 4304 —
2661 4263 2743 4317 De
2779 4265 3116 4335 presbyteris
3177 4267 3274 4334 qui
3323 4268 3493 4320 veteri
3517 4265 3814 4321 chrismate

300 4342 368 4396 ad
399 4342 778 4396 constantiam
818 4340 1109 4394 dilatatur.
1165 4339 1243 4392 De
1286 4337 1505 4408 Spiritu
1550 4344 1745 4394 sancto
1774 4340 2000 4410 accipi-

299 4445 450 4497 mus,
482 4434 542 4484 ut
576 4429 864 4500 sapiamus
893 4429 1044 4483 inter
1070 4428 1290 4482 bonum
1313 4432 1369 4480 et
1402 4427 1619 4480 malum
1657 4426 1998 4495 discernere,

294 4519 451 4587 justa
477 4517 732 4588 diligere,
776 4517 988 4587 injusta
1019 4531 1311 4585 respuere,
1345 4519 1409 4568 ut
1453 4513 1662 4568 invidie
1705 4529 1769 4567 ac
1807 4530 2004 4584 super-

294 4605 407 4660 biai
448 4621 858 4676 repugnemus,
914 4609 979 4659 ut
1009 4603 1252 4658 luxuriae
1301 4619 1366 4656 ac
1423 4602 1660 4656 diversis
1699 4602 1998 4669 illecebris,

299 4698 357 4748 et
405 4693 570 4747 fu-dis
623 4693 994 4764 indignisque
1047 4691 1458 4761 cupiditatibus
1513 4690 1865 4744 resistamus.
1923 4691 2000 4744 De

299 4781 518 4852 Spiritu
549 4787 740 4836 sancto
769 4782 1113 4852 accipimus;
1147 4785 1210 4834 ut
1236 4795 1432 4834 amore
1471 4783 1528 4833 et
1567 4779 1768 4850 glorias
1798 4779 1999 4834 ardore

299 4871 556 4926 succensi
603 4871 823 4941 erigere
867 4887 900 4925 a
951 4869 1194 4924 terrenis
1241 4873 1493 4924 mentem
1548 4868 1619 4922 ad
1667 4882 1916 4938 superna
1945 4871 2002 4922 et

299 4960 371 5014 ad
398 4960 593 5015 divina
623 4961 932 5013 valeamus.

300 5049 428 5104 CAP.
471 5049 667 5103 LXVII.
703 5078 773 5087 —-
814 5050 880 5102 Ut
911 5047 1148 5115 episcopi
1180 5061 1287 5100 non
1335 5047 1447 5100 nisi
1488 5046 1672 5115 jejuni
1712 5047 1997 5114 conﬁrma-

513 5122 681 5173 tiones
705 5121 940 5184 faciant,
977 5122 1201 5185 excepta
1230 5133 1396 5172 causa
1416 5119 1779 5186 inﬁrmitatis.

370 5208 479 5278 (Ea:
507 5209 698 5262 concil.
752 5205 1033 5270 Meldensi,
1080 5220 1199 5274 cap.
1235 5206 1313 5275 6.)
1343 5207 1409 5260 Ut
1461 5205 1712 5276 episcopi
1737 5220 1854 5258 non
1885 5204 2000 5258 nisi

291 5296 478 5368 jejuni
508 5312 612 5367 per
653 5293 1086 5365 impositionem
1108 5309 1386 5347 manuum
1425 5293 1705 5363 Spiritum
1738 5297 1997 5347 sanctum

294 5382 526 5436 tradant
576 5378 828 5450 exceptis
872 5376 1140 5441 inﬁrmis,
1173 5383 1231 5431 et
1286 5385 1471 5433 morte
1517 5377 1994 5447 periclitantibus.

296 5470 450 5526 Sicut
482 5474 676 5526 autem
707 5467 930 5524 duobus
973 5466 1351 5538 temporibus,
1407 5465 1622 5520 Pascha
1648 5464 1916 5520 videlicet
1942 5471 1999 5521 et

299 5561 645 5624 Pentecoste,
705 5574 739 5613 a
784 5555 999 5629 jejunis
1050 5555 1327 5613 celebrari
1365 5555 1537 5611 debet
1592 5553 1911 5625 baptismus
1974 5571 1989 5609 :

2625 4335 2908 4404 baptizare
2931 4341 3288 4405 prwsumunt.

2183 4423 2292 4488 (Ea:
2321 4423 2504 4477 concil.
2540 4423 2814 4490 Lugdun.,
2845 4439 2965 4493 cap.
3021 4424 3097 4495 3.)
3143 4424 3200 4479 Si
3247 4423 3376 4495 quis
3401 4425 3470 4479 de
3523 4425 3633 4478 alio
3665 4424 3813 4479 chri-

2112 4515 2314 4578 smate,
2336 4527 2508 4581 quam
2540 4511 2608 4566 de
2629 4512 2728 4565 illo
2751 4528 2898 4566 novo
2931 4513 3082 4583 quod
3112 4514 3334 4583 proprii
3359 4513 3614 4585 episcopi
3635 4514 3808 4585 largi-

2112 4596 2268 4652 tione
2297 4599 2384 4652 vel
2415 4599 2776 4654 concessione
2831 4600 3066 4670 accepit,
3101 4601 3391 4671 baptizare
3435 4602 3545 4656 nisi
3589 4617 3809 4672 praeoc-

2110 4690 2355 4756 cupante
2383 4691 2569 4741 morte
2595 4689 2920 4753 tentaverit,
2955 4704 3060 4758 pro
3115 4689 3455 4744 temeritatis
3491 4707 3635 4744 ausu
3685 4691 3809 4761 ipse

2111 4774 2172 4828 in
2202 4791 2261 4828 se
2281 4791 2399 4828 suae
2421 4775 2803 4830 damnationis
2833 4777 3138 4846 protulisse
3168 4778 3511 4832 sententiam
3561 4779 3808 4833 manife-

2111 4867 2314 4917 statur.

2111 4951 2237 5006 CAP.
2279 4951 2506 5006 LXXIII.
2537 4982 2608 4991 —
2644 4954 2711 5007 Ut
2743 4954 3030 5023 presbyter
3077 4956 3133 5008 in
3181 4969 3282 5008 sua
3322 4955 3477 5024 plebe
3515 4953 3631 5010 sine
3655 4957 3809 5011 chri-

2627 5031 2797 5077 smate
2822 5026 2900 5078 ire
2928 5040 3034 5078 non
3065 5025 3274 5078 debeat.

2179 5112 2289 5177 (Em
2319 5112 2506 5165 concil.
2567 5113 2816 5176 Vasensi,
2875 5129 2996 5182 cap.
3040 5113 3112 5182 5.)
3153 5115 3382 5167 Nullum
3441 5114 3813 5185 presbytero-

2110 5215 2239 5253 rum
2277 5199 2336 5253 in
2366 5200 2531 5270 plebe
2563 5200 2672 5254 sibi
2700 5201 3003 5254 commissa
3051 5201 3172 5254 sine
3205 5202 3507 5256 chrismate
3553 5219 3812 5273 unquam

2109 5288 2315 5343 debere
2366 5289 2658 5359 progredi,
2715 5289 2852 5360 quia
2903 5289 3052 5344 inter
3107 5306 3211 5344 nos
3257 5291 3472 5361 placuit
3524 5293 3704 5346 semel
3749 5294 3812 5349 in

2108 5378 2449 5448 baptismate
2504 5377 2824 5432 chrismari.
2880 5379 2960 5432 De
3013 5395 3082 5434 eo
3135 5383 3328 5434 autem
3368 5380 3467 5451 qui
3517 5380 3577 5434 in
3625 5381 3811 5452 bapti-

2107 5473 2287 5520 smate
2316 5481 2660 5538 quacunque
2696 5467 3036 5523 necessitate
3086 5468 3333 5524 faciente
3362 5485 3482 5523 non
3524 5469 3809 5526 chrisma-

2105 5559 2198 5610 tus
2228 5554 2421 5623 fuerit,
2453 5553 2516 5609 in
2547 5555 2980 5613 conﬁrmatione
3009 5558 3315 5614 sacerdotis
3339 5557 3689 5630 perﬁcietur.
