3956 6310
112 345 211 397 ’741

1076 341 1557 401 DECRETORUM
1598 343 1788 400 LIBRI
1826 345 1934 401 XX.
1974 375 2046 385 —
2086 346 2301 402 LIBER
2339 346 2677 410 QUARTUS.

3510 355 3618 408 742

113 466 245 520 CAP.
296 465 507 519 LXXIV.
546 496 610 505 -—
648 466 729 518 De
774 464 1085 541 presbytero
1136 468 1233 533 qui
1296 481 1351 520 se
1401 467 1814 536 deprehenderit
1848 471 1896 523 A
1926 468 2053 522 CAP.
2118 467 2346 523 LXXXI.
2403 471 2477 526 De
2526 468 2755 531 ludatis.
2806 470 3067 541 Ἦλρτηοάο
3111 475 3234 524 ante
3290 472 3618 541 baptismum

646 552 753 590 non
781 551 891 590 esse
918 537 1275 604 baptizatum.

185 628 297 693 (Ea:
358 626 544 680 concil.
596 626 747 694 apud
795 625 1201 694 Compendium,
1270 640 1388 694 cap.
1442 626 1522 696 5.)
1573 626 1630 682 Si
1685 626 1813 696 quis

111 715 410 785 presbyter
458 714 754 767 ordinatus
785 713 1231 784 deprehenderit
1260 730 1317 767 se
1348 730 1467 767 non
1515 730 1635 768 esse
1667 715 1815 784 bap-

110 801 373 868 tizatum,
424 801 749 871 baptizetur
799 806 856 855 et
905 790 1207 856 ordinetur
1257 801 1468 857 iterum
1517 808 1574 857 et
1615 819 1813 857 omnes

113 905 263 960 quos
292 890 453 960 prius
484 890 815 960 baptizavit.

114 979 245 1032 CAP.
280 978 466 1032 LXXV.
499 1006 570 1018 —
612 981 687 1032 De
731 978 1060 1045 presbyteris
1106 978 1369 1046 quomodo
1416 981 1474 1032 in
1522 994 1670 1033 cazna
1723 982 1815 1033 Do-

183 1050 325 1102 mini
346 1049 411 1102 de
439 1049 745 1113 chrismate,
779 1049 844 1101 de
881 1050 989 1103 oleo
1018 1052 1372 1117 sanctiﬁcata,
1415 1050 1481 1103 de
1508 1049 1621 1105 oleo
1649 1053 1811 1119 inﬁr-

181 1134 392 1172 morum
417 1121 597 1185 facere
627 1120 871 1172 debeant.

185 1206 305 1277 (Ea:
365 1208 550 1262 concil.
612 1208 891 1273 Meldensi,
955 1224 1076 1277 cap.
1144 1208 1207 1277 ί.)
1268 1209 1339 1262 Ut
1401 1208 1699 1278 presbyter
1753 1209 1813 1263 in

113 1311 278 1349 caena
312 1296 536 1349 Domini
581 1297 863 1366 ampullas
895 1301 1009 1350 tres
1040 1314 1231 1351 secum
1267 1297 1504 1359 deferat,
1537 1313 1711 1350 unam
1744 1297 1813 1351 ad

112 1384 383 1449 chrisma,
428 1386 665 1437 alteram
712 1385 781 1438 ad
814 1386 1003 1439 oleum
1038 1385 1107 1439 ad
1156 1385 1593 1439 catechumenos
1638 1385 1811 1438 inun-

112 1472 352 1541 gendos,
385 1472 612 1525 tertiam
639 1472 709 1525 ad
732 1472 1014 1538 inﬁrmos,
1034 1474 1197 1543 juxta
1221 1472 1564 1527 sententiam
1585 1478 1808 1543 aposto-

111 1560 306 1627 licam,
361 1565 424 1613 ut
454 1560 680 1630 quando
711 1562 840 1631 quis
884 1561 1210 1615 inﬁrmatur
1242 1561 1474 1615 inducat
1515 1562 1809 1631 presbyte—

112 1664 210 1701 ros
238 1648 520 1714 Ecclesiae,
550 1654 656 1703 etc.

510 1738 636 1792 CAP.
674 1737 888 1791 LXXVI.
926 1766 994 1778 —
1021 1740 1093 1791 De
1130 1738 1313 1791 eadem
1341 1754 1420 1792 re.

189 1826 303 1895 (Ea:
360 1825 545 1878 concil.
603 1825 754 1893 apud
825 1825 1123 1889 Valentius,
1178 1841 1298 1894 cap.
1360 1824 1432 1893 2.)
1494 1824 1815 1894 Presbyteri

117 1914 215 1984 qui
273 1913 618 1966 dioecesanas
664 1913 938 1967 Ecclesias
986 1917 1212 1982 regunt,
1257 1929 1373 1966 non
1406 1929 1437 1965 a
1467 1912 1818 1982 quibuslibet

117 2001 418 2072 episcopis,
460 2001 554 2054 sed
587 2018 619 2053 a
646 2017 769 2067 suo,
798 2017 902 2054 nec
947 2018 1051 2071 per
1074 2002 1364 2069 juniorem
1397 2001 1686 2066 clericum,
1720 2001 1817 2055 sed

117 2105 222 2160 per
270 2090 506 2160 seipsos,
559 2095 659 2142 aut
706 2105 808 2158 per
839 2090 1003 2143 illum
1051 2090 1148 2159 qui
1178 2090 1432 2159 ejusdem
1468 2089 1684 2143 ordinis
1723 2090 1813 2156 sit,

117 2183 251 2232 ante
279 2177 506 2233 Pascha!
536 2178 957 2231 solemnitatem
988 2178 1235 2231 chrisma
1266 2182 1481 2247 petant.

500 2266 624 2319 CAP.
660 2266 899 2319 LXXVII.
931 2294 1001 2305 —-
1048 2269 1120 2319 De
1150 2266 1336 2320 eadem
1363 2281 1441 2319 re.

189 2355 300 2424 (Ea:
344 2355 529 2408 concil.
582 2353 860 2418 Meldensi,
910 2369 1030 2422 cap.
1071 2354 1147 2423 5.)
1203 2355 1268 2407 Ut
1298 2370 1468 2407 nemo
1517 2353 1815 2423 episcopo-

121 2459 271 2507 rum,
310 2445 397 2497 vel
446 2444 690 2513 quilibet
719 2442 981 2495 minister
1015 2442 1429 2496 ecclesiasticus
1461 2449 1696 2512 prOpter
1724 2460 1819 2496 sa—

120 2547 281 2584 crum
313 2531 563 2585 chrisma
592 2531 807 2596 aliquid
842 2529 1096 2583 numeris
1129 2530 1391 2599 accipiat,
1421 2546 1607 2600 neque
1643 2530 1818 2583 dena-

120 2620 253 2685 rios,
307 2621 393 2672 vel
447 2621 723 2690 quaelibet
769 2619 1131 2683 munuscula,
1193 2634 1322 2688 quas
1376 2635 1479 2688 per
1528 2618 1820 2672 ministros

121 2708 526 2777 episcoporum
554 2725 587 2761 a
617 2706 964 2778 presbyteris
1000 2706 1460 2760 inordinabiltter
1490 2706 1817 2777 exiguntur.

491 2797 617 2850 CAP.
656 2795 930 2850 LXXVIII.
964 2825 1033 2834 —
1063 2798 1135 2848 De
1164 2795 1348 2849 eadem
1374 2811 1450 2849 re.

195 2886 308 2955 (Ea:
341 2886 526 2939 concil.
570 2887 817 2950 Vasensi,
867 2900 988 2953 cap.
1033 2885 1137 2949 l0.)
1186 2885 1293 2937 Per
1337 2883 1565 2953 singula
1593 2882 1823 2937 territo-

121 2973 207 3026 ria
252 2973 576 3043 presbyteri
631 2974 718 3026 vel
768 2971 1019 3025 ministri
1059 2973 1130 3025 ab
1175 2972 1457 3042 episcopis
1503 2988 1619 3025 non
1652 2975 1824 3042 prout

127 3062 359 3115 libitum
409 3062 585 3116 fuerit
615 3078 646 3115 a
673 3060 1064 3122 vicinioribus,
1107 3061 1202 3114 sed
1238 3077 1267 3113 a
1298 3060 1413 3113 suis
1442 3060 1691 3129 pr0priis
1719 3076 1823 3129 per

126 3166 311 3205 annos
356 3149 610 3219 singulos
658 3154 861 3219 petant
888 3149 1158 3214 chrisma,
1194 3147 1693 3219 appropinquante
1736 3164 1824 3201 so-

121 3238 419 3292 lemnitate
453 3238 729 3303 Paschali,
763 3254 867 3291 nec
886 3254 989 3308 per
1013 3253 1417 3308 quemcunque
1446 3237 1623 3290 alium
1646 3252 1820 3307 quam

124 3343 223 3397 per
276 3326 498 3396 seipsos
530 3330 630 3380 aut
676 3341 781 3396 per
829 3326 1067 3379 vicarios
1108 3326 1363 3396 ejusdem
1415 3324 1651 3392 ordinis,
1685 3324 1820 3395 quia

122 3416 474 3469 inhonorum
522 3420 608 3469 est
634 3414 1006 3468 inferioribus
1053 3430 1280 3467 summa
1324 3413 1625 3467 committi.
1659 3413 1819 3483 Opti-

124 3520 282 3559 mum
326 3508 518 3557 autem
558 3508 645 3558 est
676 3508 740 3558 ut
793 3504 914 3574 ipse
962 3502 1257 3574 suscipiat,
1306 3503 1406 3573 qui
1435 3504 1493 3555 in
1541 3502 1818 3556 tradendo

128 3608 335 3646 usurus
366 3596 470 3646 est.

124 3682 247 3736 CAP.
302 3681 511 3735 LXXIX.
576 3710 646 3721 —-
693 3684 765 3735 De
828 3681 1159 3750 presbyteris
1202 3682 1299 3748 qui
1352 3696 1455 3749 pro
1507 3679 1819 3748 accipiendo

428 3752 717 3806 chrismate
744 3752 816 3806 ad
846 3755 1093 3806 civitates
1116 3754 1298 3805 uenire
1326 3752 1513 3805 solent.

193 3840 301 3910 (Ea:
349 3839 540 3894 concil.
597 3839 879 3904 Meldensi,
912 3856 1031 3909 cap.
1084 3840 1163 3907 6.)
1196 3841 1273 3893 De
1320 3839 1669 3909 presbyteris
1718 3824 1819 3909 qui

124 3927 443 3998 accipiendi
498 3927 820 3982 chrismatis
876 3928 1062 3998 gratia
1115 3928 1185 3982 ad
1239 3928 1492 3981 civitates
1548 3927 1607 3981 in
1661 3944 1855 3981 ccena‘

126 4015 357 4069 Domini
404 4015 600 4070 venire
654 4015 881 4069 solliciti
931 4020 1113 4083 erant,
1168 4016 1445 4069 sancitum
1498 4018 1583 4069 est
1638 4021 1702 4069 ut
1748 4015 1818 4069 de

125 4104 210 4157 his
241 4103 341 4173 qui
385 4104 554 4175 longe
584 4104 753 4173 positi
783 4109 935 4173 sunt,
972 4106 1040 4159 de
1070 4110 1197 4159 octo
1228 4106 1317 4158 vel
1344 4105 1540 4159 decem
1572 4121 1721 4158 unus
1749 4104 1819 4159 ab

127 4192 525 4249 archidiacono
585 4192 849 4263 eligatur,
912 4193 1011 4264 qui
1070 4197 1361 4264 acceptum
1412 4193 1661 4247 chrisma
1712 4193 1820 4247 sibi

124 4286 178 4333 et
210 4280 375 4334 sociis
418 4280 723 4350 diligenter
753 4281 1018 4351 perferat.
1052 4282 1120 4336 Hi
1150 4298 1283 4335 vero
1316 4281 1413 4351 qui
1441 4297 1557 4334 non
1587 4279 1817 4349 longius
1846 4305 1889 4359 ι)

126 4383 156 4421 a
184 4368 413 4421 civitate
444 4384 616 4439 quam
665 4374 913 4439 quatuor
946 4374 1044 4423 aut
1079 4369 1335 4440 quinque
1368 4369 1621 4424 millibus
1662 4367 1819 4422 habi-

121 4460 269 4523 tant,
320 4472 478 4510 more
532 4455 695 4511 solito
744 4458 813 4511 ad
863 4457 1258 4528 accipiendum
1307 4457 1553 4511 chrisma
1609 4472 1713 4527 per
1760 4472 1817 4508 se

122 4545 374 4599 veniant.
428 4545 691 4600 Discendi
721 4562 856 4600 vero
896 4548 1099 4617 gratia,
1148 4547 1259 4601 alio
1288 4562 1404 4600 non
1433 4543 1816 4615 Quadragesi-

121 4634 259 4688 mali
288 4638 549 4701 tempore
580 4634 650 4688 ad
680 4634 967 4689 civitatem
994 4640 1397 4701 convocentur,
1431 4639 1667 4705 propter
1692 4634 1816 4704 ple-

118 4720 219 4776 bes
249 4720 358 4775 sibi
388 4722 739 4778 commissas.

120 4810 247 4864 CAP.
307 4809 490 4865 LXXX.
542 4841 610 4851 —
643 4814 717 4865 De
760 4813 1069 4877 chrismate,
1122 4811 1266 4881 quod
1294 4826 1500 4880 semper
1547 4811 1646 4865 sub
1697 4825 1819 4865 sera

798 4898 908 4937 esse
934 4883 1142 4936 debeat.

190 4968 299 5039 (Ea:
352 4971 538 5024 concil.
600 4973 889 5038 Turonen.,
940 4988 1060 5041 cap.
1108 4971 1185 5041 3.)
1234 4972 1516 5024 Praeterea
1564 4973 1619 5023 et
1674 4969 1817 5024 illud

118 5057 466 5111 omnimodis
515 5058 934 5113 observandum
976 5064 1079 5125 est,
1123 5065 1186 5112 ut
1216 5074 1438 5112 sacrum
1482 5057 1728 5112 chrisma
1761 5062 1819 5111 et

116 5146 309 5199 oleum
364 5151 759 5200 consecratum
808 5163 1035 5217 semper
1080 5147 1185 5201 sub
1232 5163 1357 5200 sera
1411 5147 1502 5215 sit,
1556 5162 1626 5199 ne
1672 5145 1817 5199 illud

116 5234 270 5288 unde
320 5234 540 5288 Christo
589 5235 1047 5305 incorporamur,
1080 5241 1138 5289 et
1172 5235 1323 5288 unde
1372 5249 1570 5287 omnes
1618 5233 1817 5287 fideles

116 5322 565 5390 sanctiﬁcantur,
615 5323 767 5378 unde
796 5340 960 5395 reges
991 5328 1047 5377 et
1079 5324 1402 5377 sacerdotes
1430 5321 1812 5391 inunguntur,

116 5412 327 5483 aliquis
374 5410 625 5465 inﬁdelis
674 5417 772 5467 aut
810 5412 1146 5467 immundus
1193 5415 1410 5480 tangat,
1464 5414 1562 5464 aut
1605 5408 1814 5479 aliquis

113 5499 377 5571 perﬁdus
422 5500 491 5555 ad
543 5500 641 5554 Dei
683 5501 964 5572 judicium
1011 5500 1459 5557 subvertendum
1510 5497 1809 5568 subripiat,

114 5588 270 5659 quod
303 5587 697 5660 experimento
728 5588 1050 5644 didicimus.

2480 541 2791 592 examinari
2816 540 3061 592 debeant.

1993 645 2105 714 (Ea:
2133 647 2319 701 concil.
2353 646 2682 712 Agathensi,
2713 661 2830 714 cap.
2866 646 2977 715 35.)
3003 647 3183 701 Judaei
3213 665 3459 718 quorum
3486 666 3616 720 per-

1922 730 2056 785 ﬁdia
2095 731 2424 802 frequenter
2467 731 2537 784 ad
2569 731 2830 785 fomitem
2880 732 3051 799 redit,
3101 732 3148 785 si
3189 735 3261 787 ad
3301 734 3487 804 legem
3518 752 3616 789 ca-

1922 817 2194 872 tholicam
2238 819 2431 872 venire
2477 819 2784 884 voluerint,
2830 823 2957 872 octo
3000 836 3227 874 menses
3272 821 3423 875 inter
3460 826 3617 876 cate—

1922 905 2239 959 chumenos
2285 906 2537 960 ecclesia:
2583 906 2764 960 limen
2813 906 3120 973 introeant,
3155 913 3211 961 et
3254 909 3299 961 si
3330 926 3477 979 pura
3507 910 3618 963 ﬁde

1922 992 2117 1047 venire
2148 999 2484 1060 noscuntur,
2519 1000 2655 1047 tunc
2701 994 2935 1047 demum
2965 995 3324 1065 baptismatis
3372 998 3617 1067 gratiam

1921 1092 2273 1135 mereantur.
2327 1082 2490 1145 Quod
2522 1081 2567 1134 si
2602 1098 2734 1134 casu
2765 1082 2957 1152 aliquo
3004 1083 3326 1152 periculum
3372 1085 3619 1139 inﬁrmi-

1921 1166 2055 1221 tatis
2096 1168 2248 1221 intra
2286 1167 2686 1238 praescriptum
2735 1174 2963 1239 tempus
3006 1171 3376 1238 incurrerint,
3424 1178 3483 1225 et.
3511 1172 3619 1225 de—

1921 1256 2133 1324 sperati
2160 1256 2395 1322 fuerint,
2417 1256 2797 1325 baptizentur.

1922 1361 2053 1416 CAP.
2092 1362 2341 1416 LXXXII.
2406 1392 2475 1400 —
2525 1365 2597 1416 De
2640 1362 2874 1428 Judaeis,
2938 1366 2999 1414 ut
3041 1364 3223 1417 nullus
3263 1367 3338 1417 eis
3393 1379 3505 1417 vim
3542 1363 3617 1417 ad

2364 1433 2688 1486 credendum
2726 1433 2915 1486 debeat
2943 1435 3169 1498 inferre.

1995 1520 2105 1589 (Ea:
2135 1522 2323 1574 concil.
2380 1523 2616 1574 Toletun.
2651 1537 2704 1572 v.
2757 1536 2877 1589 cap.
2912 1523 3027 1590 57.)
3066 1523 3138 1573 De
3168 1521 3377 1574 Iudaeis
3425 1527 3615 1575 autem

1922 1609 2031 1662 hoc
2075 1609 2348 1679 praecepit
2400 1615 2592 1662 sancta
2634 1609 2904 1678 synodus,
2961 1609 3178 1661 nemini
3234 1609 3501 1680 deinceps
3548 1611 3618 1665 ad

1923 1697 2276 1750 credendum
2318 1696 2435 1749 vim
2465 1697 2698 1750 inferre.
2734 1696 2836 1751 Cui
2867 1697 3022 1749 enim
3055 1698 3178 1750 vult
3208 1699 3355 1750 Deus
3384 1700 3617 1752 misere-

1926 1790 2037 1851 tur,
2080 1789 2137 1838 et
2193 1801 2367 1855 quem
2414 1786 2536 1838 vult
2582 1785 2834 1838 indurat.
2887 1786 3009 1838 Non
3061 1785 3215 1837 enim
3264 1786 3406 1838 tales
3456 1785 3620 1838 inviti

1924 1872 2180 1926 salvandi
2221 1878 2374 1937 sunt,
2408 1873 2505 1926 sed
2554 1872 2829 1939 volentes,
2863 1877 2927 1924 ut
2956 1872 3182 1941 integra
3224 1872 3295 1925 sit
3324 1872 3506 1926 forma
3531 1876 3621 1942 ju-

1924 1961 2109 2014 stitiae.
2148 1960 2304 2014 Sicut
2336 1960 2508 2013 homo
2534 1960 2769 2030 propria
2799 1960 3021 2013 arbitrii
3046 1960 3336 2013 voluntate
3367 1959 3621 2030 serpenti

1926 2051 2201 2105 obediens
2258 2050 2450 2120 periit,
2481 2050 2559 2103 sic
2607 2054 2843 2103 vocante
2892 2066 2950 2102 se
2994 2050 3176 2117 gratia
3225 2049 3323 2103 Dei
3371 2050 3618 2119 proprias

1924 2139 2135 2193 mentis
2161 2139 2535 2192 conversione
2562 2139 2736 2191 homo
2764 2138 3006 2207 quisque
3033 2137 3320 2191 credendo
3348 2138 3615 2191 salvatur.

1926 2228 2071 2297 Ergo
2104 2243 2219 2280 non
2250 2226 2325 2293 vi,
2359 2226 2457 2280 sed
2497 2226 2677 2280 libera
2708 2226 2928 2279 arbitrii
2973 2226 3263 2292 facultate,
3302 2232 3366 2279 ut
3394 2242 3622 2279 conver-

1924 2320 2121 2369 tantur
2173 2314 2426 2368 salvandi
2479 2318 2631 2381 sunt,
2682 2330 2798 2367 non
2848 2314 3041 2383 potius
3101 2314 3456 2383 impellendi.
3515 2314 3623 2377 Qui

1926 2408 2116 2457 autem
2161 2403 2515 2473 jampridem
2568 2403 2637 2456 ad
2695 2402 3179 2455 Christianitatem
3233 2402 3411 2455 coacti
3468 2408 3619 2466 sunt,

1927 2491 2072 2545 sicut
2120 2491 2333 2544 factum
2386 2497 2471 2545 est
2498 2491 2855 2561 temporibus
2890 2489 3301 2559 religiosissimi
3348 2489 3624 2559 principis

1927 2579 2246 2645 Sisenandi,
2282 2579 2418 2647 quia
2452 2580 2575 2648 jam
2617 2584 2840 2631 constat
2872 2595 2967 2631 eos
3000 2578 3369 2630 sacramentis
3415 2578 3623 2631 divinis

1930 2668 2251 2733 associatos,
2302 2671 2357 2719 et
2388 2666 2655 2737 baptismi
2702 2666 2947 2736 gratiam
2980 2666 3313 2734 suscepisse,
3361 2669 3416 2718 et
3442 2666 3621 2718 chris-

1930 2760 2080 2810 mate
2124 2761 2325 2809 unctos
2381 2771 2522 2821 esse,
2568 2760 2625 2808 et
2669 2754 2920 2824 corporis
2962 2754 3191 2807 Domini
3230 2758 3285 2808 et
3328 2754 3623 2823 sanguinis

1930 2843 2208 2897 exstitisse
2259 2842 2585 2914 participes,
2629 2846 2858 2910 oportet
2908 2847 2971 2895 ut
2998 2842 3171 2895 ﬁdem
3225 2843 3399 2894 etiam
3447 2857 3622 2911 quam

1929 2933 1982 2985 vi
2023 2933 2110 2986 vel
2157 2931 2491 2985 necessitate
2542 2935 2930 3000 susceperant,
2964 2936 3157 2983 tenere
3206 2934 3503 2999 cogantur,
3549 2945 3622 2983 ne

1855 3021 1895 3076 C
1932 3035 2147 3073 nomen
2194 3018 2423 3072 Domini
2453 3016 2899 3086 blasphemetur,
2932 3016 3190 3087 ﬁdesque
3232 3032 3404 3088 quam
3435 3032 3624 3071 susce-

1928 3112 2141 3178 perunt
2169 3107 2294 3160 vilis
2325 3123 2388 3160 ac
2416 3106 2866 3177 contemptibilis
2897 3106 3195 3160 habeatur.

1930 3215 2057 3269 CAP.
2102 3214 2367 3268 LXXXIII.
2410 3242 2479 3252 —
2512 3214 2578 3267 Ut
2622 3212 2944 3266 Judaeorum
2988 3212 3094 3279 ﬁlii
3142 3211 3410 3279 baptizati
3440 3212 3506 3264 ab
3534 3227 3620 3265 eo-

2293 3300 2417 3337 rum
2441 3286 2703 3337 consortio
2729 3285 2982 3351 separari
3011 3282 3256 3335 debeant.

1999 3372 2108 3443 (E1:
2136 3372 2250 3427 eod.
2295 3388 2349 3438 v,
2381 3388 2501 3441 cap.
2540 3372 2651 3441 60.)
2683 3370 3016 3424 Iudaeorum
3066 3370 3214 3422 ﬁlios
3244 3370 3328 3421 vel
3358 3369 3502 3422 ﬁlias
3528 3369 3623 3421 ba-

1926 3461 2190 3531 ptizatos,
2240 3477 2311 3514 ne
2343 3466 2649 3531 parentum
2700 3460 2851 3513 ultra
2896 3458 3266 3511 involvantur
3313 3458 3621 3526 erroribus,

1927 3549 1995 3602 ab
2028 3564 2230 3602 eorum
2276 3548 2560 3601 consortio
2595 3547 2851 3616 separari
2894 3545 3276 3611 decernimus,
3321 3544 3621 3615 deputatos

1926 3642 2025 3691 aut
2055 3636 2433 3701 monasteriis,
2484 3640 2585 3688 aut
2641 3634 2977 3689 Christianis
3023 3634 3179 3701 viris,
3215 3638 3313 3687 aut
3359 3632 3623 3686 mulieri-

1924 3726 2031 3780 bus
2064 3727 2243 3780 Deum
2288 3724 2642 3791 timentibus,
2685 3728 2751 3777 ut
2792 3723 2897 3777 sub
2945 3739 3147 3777 eorum
3196 3722 3623 3777 conversatione

1927 3817 2140 3869 cultum
2170 3813 2307 3868 ﬁdei
2338 3813 2578 3878 discant,
2612 3818 2785 3883 atque
2816 3812 2877 3865 in
2911 3812 3116 3865 melius
3153 3810 3474 3877 constituti,
3504 3815 3622 3864 tam

1927 3904 1987 3957 in
2020 3902 2279 3957 moribus
2309 3918 2481 3973 quam
2506 3902 2565 3955 iu
2596 3901 2707 3955 ﬁde
2737 3900 3055 3971 proﬁciant.

1930 4011 2056 4065 CAP.
2110 4009 2376 4063 LXXXIV.
2411 4036 2478 4046 —
2525 4009 2590 4061 Ut
2636 4008 2791 4060 nulla
2826 4007 3125 4060 communio
3154 4004 3231 4059 sit
3272 4003 3510 4057 Hebraeis
3548 4002 3624 4055 ad

1995 4081 2161 4146 ﬁdem
2210 4080 2578 4135 Christianam
2624 4078 2908 4130 translatis
2957 4092 3075 4130 cum
3106 4077 3233 4128 aliis
3265 4075 3503 4128 nondum
3534 4074 3625 4127 ba-

1994 4153 2247 4220 ptizatis.

2000 4256 2118 4327 (Em
2146 4255 2260 4310 eod.
2288 4270 2342 4319 v,
2367 4270 2489 4323 cap.
2514 4251 2627 4322 62.)
2654 4253 2815 4321 Saepe
2836 4250 3117 4305 malorum
3139 4250 3429 4304 consortia
3449 4249 3622 4303 etiam

1928 4347 2105 4400 bonos
2146 4347 2544 4411 corrumpunt,
2602 4349 2815 4413 quanto
2872 4340 3056 4409 magis
3096 4356 3193 4392 eos
3240 4338 3340 4410 qui
3369 4338 3438 4392 ad
3484 4338 3622 4391 vitia

1926 4432 2096 4505 proni
2124 4433 2304 4485 sunt?
2335 4432 2499 4485 Nulla
2524 4431 2703 4500 igitur
2732 4431 2882 4484 ultra
2906 4427 3235 4483 communio
3266 4428 3340 4480 sit
3371 4427 3622 4482 Hebraais

1926 4522 1998 4575 ad
2027 4521 2201 4574 ﬁdem
2250 4519 2634 4574 Christianam
2679 4519 2971 4573 translatis
3011 4534 3139 4571 cum
3185 4516 3274 4569 his
3304 4516 3402 4586 qui
3436 4515 3622 4569 adhuc

1926 4610 1988 4664 in
2016 4608 2194 4662 veteri
2242 4608 2359 4661 ritu
2406 4607 2746 4673 consistunt,
2780 4624 2853 4661 ne
2896 4607 3041 4661 forte
3072 4621 3270 4659 eorum
3316 4604 3625 4674 participa-

1925 4698 2081 4752 tione
2121 4697 2546 4751 subvertantur.
2590 4696 2927 4766 Quicunque
2970 4695 3146 4765 igitur
3177 4694 3385 4748 amodo
3435 4709 3500 4747 ex
3534 4692 3623 4746 bis

1927 4786 2027 4858 qui
2057 4784 2329 4856 baptizati
2377 4788 2512 4837 sunt
2554 4783 2875 4838 inﬁdelium
2905 4783 3195 4838 consortia
3244 4799 3362 4837 non
3409 4782 3622 4836 vitave-

1925 4876 2061 4942 rint,
2094 4879 2151 4928 et
2182 4873 2243 4927 hi
2269 4872 2603 4927 Christianis
2632 4872 2941 4940 donentur,
2978 4878 3038 4927 et
3064 4873 3145 4926 illi
3174 4872 3420 4943 publicis
3449 4870 3620 4925 caedi-

1923 4964 2031 5019 bus
2060 4963 2431 5032 deputentur.
2654 5006 2655 5009 η

2050 5052 2176 5107 CAP.
2208 5051 2437 5105 LXXXV.
2474 5078 2546 5089 —
2572 5051 2642 5103 De
2668 5048 2886 5103 Judzis
2917 5051 3014 5117 qui
3042 5050 3496 5118 apostataverint.

1997 5143 2106 5210 (Ea:
2139 5139 2319 5195 eodem
2385 5139 2604 5193 concilio
2657 5153 2706 5203 v,
2757 5152 2878 5205 cap.
2934 5137 3047 5207 59.)
3099 5137 3365 5208 Plerique
3412 5137 3513 5207 qui
3559 5152 3625 5191 ex

1923 5229 2132 5284 Judaais
2177 5229 2397 5282 dudum
2446 5227 2515 5281 ad
2549 5224 2928 5281 Christianam
2978 5226 3151 5279 ﬁdem
3194 5226 3441 5295 premoti
3469 5229 3618 5290 sunt,

1926 5335 2077 5371 nunc
2107 5318 2573 5388 blasphemantes
2622 5314 2929 5379 Christum,
2976 5328 3091 5366 non
3124 5313 3309 5365 solum
3354 5311 3623 5366 Iudaicos

1922 5406 2067 5460 ritus
2115 5411 2475 5477 perpetrasse
2530 5407 2865 5469 noscuntur,
2927 5402 3024 5455 sed
3070 5400 3239 5454 etiam
3291 5404 3349 5454 et
3394 5400 3624 5455 abomi-

1923 5493 2145 5548 nandas
2165 5492 2626 5548 circumcisiones
2647 5506 2906 5546 exercere
2928 5492 3263 5545 noscuntur.
3291 5489 3369 5543 De
3388 5488 3622 5559 quibus,

1924 5583 2189 5637 consultu
2221 5581 2467 5653 piissimi
2498 5598 2561 5636 ac
2608 5579 3027 5651 religiosissimi
3056 5577 3280 5635 domini
3323 5577 3505 5634 nostri
3532 5577 3625 5633 Si-
