3956 6300
302 328 408 380 743

1375 319 1775 375 BURCHARDI
1811 318 2347 376 WOIlMACIENSIS
2386 316 2720 374 EPISCOPI.

3698 320 3808 372 744

303 444 545 498 senandi
591 442 766 510 regis,
815 441 924 493 hoc
970 443 1231 492 sanctum
1280 437 1528 492 decrevit
1558 436 1888 502 concilium,
1935 440 2000 489 ut
2029 440 2075 492 Α
2111 436 2351 490 ternitas
2383 436 2710 505 expulisset,
2751 440 2807 488 et
2831 435 2888 488 in
2910 435 3086 489 alium
3114 436 3305 488 locum
3328 451 3432 504 pro
3460 437 3717 490 colendis
3742 438 3812 490 si-

303 531 637 602 hujusmodi
680 535 1132 596 transgressores
1163 525 1475 596 pontiﬁcali
1502 524 1841 578 auctoritate
1867 539 1994 576 cor-

303 620 442 673 recti
482 619 550 672 ad
600 619 816 670 cultum
863 613 1169 668 Christiani
1215 613 1500 682 dogmatis
1548 617 1902 677 revocentur,
1936 616 2002 664 ut

303 724 448 778 quos
487 707 750 759 voluntas
799 703 1036 772 propria
1083 718 1200 754 non
1250 701 1536 766 emendat,
1585 699 2001 754 animadversio

305 791 672 848 sacerdotalis
719 795 994 844 coerceat.
1050 790 1157 842 Eos
1203 795 1394 842 autem
1444 805 1589 858 quos
1634 788 2002 841 circumcide-

305 888 462 951 runt,
489 882 536 934 si
567 881 674 934 ﬁlii
705 895 903 933 eorum
935 884 1088 943 sunt,
1115 895 1146 931 a
1177 883 1485 947 parentum
1523 877 1806 930 consortio
1837 891 1998 946 sepa-

303 975 523 1033 rentur,
578 969 624 1021 si
677 967 823 1020 servi
879 983 984 1036 pro
1033 965 1246 1034 injuria
1299 963 1555 1035 corporis
1607 963 1694 1017 sui
1747 962 2000 1018 libertati

304 1058 632 1113 tradantur.

552 1145 680 1199 CAP.
714 1143 974 1197 LXXXVI.
1002 1171 1068 1180 —
1104 1142 1183 1194 De
1211 1143 1380 1194 servis
1407 1141 1746 1194 Judzorum.

373 1236 491 1304 (Ea:
520 1233 698 1286 eodem
727 1247 844 1297 xui,
878 1245 998 1298 cap.
1046 1228 1117 1296 9.)
1153 1230 1296 1282 Item
1330 1233 1392 1281 ut
1421 1229 1468 1280 si
1494 1229 1820 1282 Judeeorum
1850 1226 1998 1280 servi

303 1323 546 1377 necdum
589 1317 847 1372 conversi
893 1317 965 1371 ad
1012 1316 1218 1370 Christi
1251 1316 1495 1386 gratiam
1544 1315 1992 1382 convolaverint,

300 1409 551 1465 libertati
582 1409 889 1462 donentur.

302 1500 427 1553 CAP.
489 1495 787 1551 LXXXVII.
843 1523 909 1532 —
960 1495 1034 1546 De
1081 1495 1367 1560 mancipiis
1408 1492 1717 1545 Judzorum
1767 1506 1886 1559 quae
1923 1491 1998 1544 ad

801 1565 1128 1632 baptismum
1153 1565 1496 1630 confugiunt.

371 1657 491 1725 (Em
523 1655 708 1708 concil.
742 1653 892 1720 apud
940 1653 1261 1716 Arvernam,
1301 1666 1420 1718 cap.
1461 1653 1574 1717 30.)
1610 1649 1761 1702 Licet
1791 1649 1995 1718 priori-

301 1745 409 1798 bus
438 1741 754 1796 canonibns
795 1741 916 1809 jam
963 1740 1138 1791 fuerit
1166 1739 1468 1791 deﬁnitum
1500 1744 1563 1790 ut
1592 1738 1658 1791 de
1695 1737 1998 1806 mancipiis

302 1831 543 1902 paganis
576 1845 703 1900 qua:
733 1828 884 1898 apud
913 1827 1143 1880 Iudaeos
1172 1830 1307 1878 sunt
1339 1825 1386 1878 si
1415 1826 1481 1878 ad
1530 1825 1823 1878 ecclesiam
1853 1839 1996 1876 con-

302 1920 575 1989 fugerint,
608 1923 663 1971 et
691 1915 1042 1986 baptismum
1075 1912 1364 1983 petierint,
1397 1912 1570 1966 etiam
1601 1913 1671 1966 ad
1707 1928 1993 1982 quoscun-

301 2026 413 2079 que
454 2006 800 2061 Christianos
849 2002 1188 2072 refugerint,
1238 2006 1429 2053 taxato
1461 2005 1516 2053 et
1562 1999 1752 2053 oblato
1798 2016 1830 2052 a
1860 2000 1995 2053 ﬁde-

299 2097 449 2149 libus
472 2095 628 2164 justo
650 2091 859 2162 pretio,
883 2091 951 2144 ab
979 2105 1180 2142 eorum
1211 2087 1469 2141 dominio
1501 2087 1834 2151 liberentur,
1862 2087 1992 2140 ideo

302 2182 603 2236 statuimus
649 2181 777 2244 hoc,
809 2184 873 2232 ut
915 2184 1031 2230 tam
1057 2178 1211 2247 jnsta
1241 2175 1568 2230 constitutio
1617 2176 1688 2228 ab
1727 2175 1995 2229 omnibus

301 2270 594 2324 catholicis
624 2268 975 2320 observetur.

302 2358 430 2412 CAP.
493 2356 804 2411 LXXXVIII.
872 2383 941 2392 —
1006 2355 1142 2406 Item
1179 2353 1244 2406 de
1303 2353 1592 2420 mancipiis
1658 2352 1992 2418 Judaeo-rum,

370 2433 466 2481 aut
531 2427 856 2483 Christianis
913 2429 1009 2478 aut
1064 2423 1138 2476 ad
1190 2423 1361 2493 ﬁdem
1410 2424 1779 2478 Christianam
1815 2425 1996 2476 venire

372 2497 823 2551 desiderantibus.

373 2586 494 2653 (Εςε
538 2584 723 2638 concil.
756 2583 1061 2647 Matiscen.,
1111 2596 1228 2649 cap.
1269 2582 1376 2651 t6.)
1424 2581 1696 2634 Praesenti
1735 2581 1991 2648 concilio,

302 2673 417 2725 Deo
446 2677 696 2738 auctore,
725 2670 1008 2723 sancimus
1040 2675 1101 2722 ut
1130 2669 1356 2722 nullum
1400 2668 1789 2723 Christianum
1819 2685 1995 2729 man-

301 2761 517 2830 cipium
545 2762 740 2814 Judan
772 2759 1041 2823 deinceps
1087 2757 1312 2824 serviat,
1348 2757 1446 2811 sed
1476 2757 1621 2810 datis
1669 2774 1772 2826 pro
1804 2759 1992 2828 quoli-

299 2849 397 2902 bet
422 2850 574 2903 bono
625 2847 908 2917 mancipio
939 2845 1240 2900 duodecim
1285 2845 1502 2911 solidis,
1536 2846 1728 2915 ipsum
1775 2845 1994 2900 manci-

301 2936 462 3006 pium
485 2937 812 3006 quicunque
838 2933 1314 3000 Christianorum,
1339 2950 1436 2986 seu
1459 2933 1528 2987 ad
1549 2933 1991 3002 ingenuitatem,

305 3041 405 3078 seu
438 3025 510 3078 ad
559 3024 852 3076 servitium
901 3021 1188 3075 licentiam
1221 3020 1429 3073 habeat
1475 3021 1819 3087 redimendi,
1861 3027 1918 3075 et
1948 3022 1996 3074 si

305 3112 696 3168 Christianum
742 3109 867 3164 ﬁeri
917 3109 1202 3163 desiderat
1229 3113 1287 3161 et
1333 3125 1450 3162 non
1497 3110 1869 3176 permittitur,
1912 3109 1994 3162 si—

303 3201 517 3256 militer
562 3199 731 3253 faciat
763 3215 775 3252 :
805 3198 942 3269 quia
975 3198 1132 3251 nefas
1173 3203 1254 3250 est
1282 3203 1346 3250 ut
1375 3198 1530 3267 quod
1577 3197 1831 3251 Christus
1879 3198 1993 3251 Do-

301 3289 493 3342 minus
523 3285 818 3356 sanguinis
850 3285 936 3338 sui
985 3283 1259 3338 effusione
1289 3284 1553 3349 redemit,
1593 3284 1989 3354 blasphemum

301 3376 634 3431 Christianae
698 3374 992 3444 religionis
1050 3374 1109 3426 in
1161 3373 1401 3426 vinculis
1463 3379 1677 3426 tenere.
1725 3373 1885 3436 Quod
1945 3373 1994 3425 si

300 3465 656 3536 acquiescere
705 3463 794 3516 his
844 3478 976 3533 qua:
1027 3462 1333 3515 statuimus
1381 3461 1712 3531 quicunque
1761 3461 1991 3516 Iudaeus

298 3553 572 3620 noluerit,
619 3551 876 3623 quandiu
926 3550 994 3604 ad
1042 3549 1348 3619 pecuniam
1399 3549 1763 3602 constitutam
1798 3551 1991 3604 venire

298 3641 603 3708 distulerit,
653 3641 821 3692 liceat
866 3637 1217 3707 mancipium
1258 3637 1447 3707 ipsum
1479 3653 1609 3692 cum
1656 3637 1991 3692 Christianis

297 3730 630 3798 ubicunque
661 3725 905 3779 voluerit
932 3725 1210 3778 habitare.

301 3817 425 3872 CAP.
473 3815 725 3870 LXXXIX.
758 3844 826 3853 —
872 3816 948 3868 De
979 3813 1087 3866 illis
1133 3815 1229 3881 qui
1260 3812 1325 3865 de
1356 3814 1548 3867 haeresi
1590 3813 1664 3867 ad
1709 3813 1870 3882 ﬁdem
1906 3830 1988 3867 vc-

897 3887 1018 3936 nire
1055 3883 1388 3939 desiderant.

368 3977 480 4035 (Ea:
525 3975 711 4030 concil.
742 3973 1076 4038 Arelatens.,
1112 3987 1228 4040 cap.
1254 3972 1328 4042 9.)
1377 3971 1433 4026 Si
1462 3972 1532 4026 ad
1565 3971 1860 4025 ecclesiam
1891 3971 1991 4026 ali-

299 4064 428 4136 quis
459 4065 528 4119 de
557 4063 764 4118 haeresi
810 4063 1043 4127 venerit,
1081 4061 1435 4131 interrogent
1477 4078 1609 4116 eum
1645 4062 1713 4116 de
1759 4060 1983 4131 Symbo-

297 4155 374 4220 lo,
409 4159 468 4207 et
514 4152 562 4206 si
593 4151 844 4206 viderint
887 4166 1018 4204 eum
1051 4149 1110 4202 in
1157 4151 1342 4217 Patre,
1375 4155 1432 4204 et
1479 4149 1642 4214 Filio,
1674 4155 1732 4202 et
1775 4148 1989 4219 Spiritu

297 4245 492 4295 sancto
536 4256 657 4293 esse
703 4239 1073 4308 baptizatum,
1123 4253 1325 4291 manus
1369 4237 1421 4291 ei
1467 4243 1690 4291 tantum
1720 4237 1984 4307 impona-
2015 4259 2060 4313 ι)

295 4335 410 4395 tur,
445 4335 504 4383 ut
534 4328 774 4398 accipiat
801 4327 1079 4397 Spiritum
1110 4331 1391 4381 sanctum.

297 4437 422 4490 CAP.
471 4435 574 4490 XC.
622 4465 688 4473 —
739 4435 820 4487 De
855 4434 1079 4499 Judwis,
1130 4436 1182 4488 si
1225 4434 1597 4489 Christianum
1647 4433 1989 4502 mancipium

912 4504 1366 4571 circumciderint,

367 4592 478 4661 (Ea:
505 4593 690 4646 concil.
743 4592 894 4661 apud
927 4591 1218 4659 Theogenis
1267 4591 1457 4644 villam
1497 4589 1705 4652 habito,
1753 4605 1873 4658 cap.
1905 4588 1988 4660 4.)

294 4681 352 4735 Si
379 4679 508 4751 quis
555 4679 882 4733 Judteorum
913 4679 1296 4734 Christianum
1342 4677 1715 4746 mancipium,
1766 4679 1855 4730 vel
1883 4693 1986 4732 cu-

290 4768 527 4839 juslibet
584 4772 748 4822 sectae
786 4768 1038 4834 alterius,
1081 4766 1287 4821 emerit
1342 4771 1396 4818 et
1461 4764 1896 4834 circumciderit,
1954 4783 1988 4820 a

291 4857 475 4913 Judaei
533 4856 712 4928 ipsius
771 4861 1050 4928 potestate
1103 4849 1361 4908 sublatus
1419 4852 1480 4906 in
1530 4853 1794 4908 libertate
1849 4871 1988 4924 per-

466 4952 540 5001 at.

291 4963 599 5090 ἓῗεῗάἰ.
631 5064 700 5074 -
730 5034 872 5100 Quid
919 5039 1136 5088 sanctus
1173 5033 1464 5156 gregarius
1511 5031 1577 5085 de
1612 5031 1816 5086 Judzis
1841 5047 1985 5101 prm-

1028 5119 1201 5156 ceneri
1236 5143 1246 5154 .

1028 5119 1246 5158 ceperit.

361 5195 473 5265 (Ea:
519 5208 634 5260 reg.
699 5193 858 5260 Greg.
917 5191 993 5244 ad
1028 5120 1311 5244 ϐἷὲζίιξθηι
1372 5192 1807 5243 Terracinensem
1863 5192 1986 5258 epi-

291 5280 556 5350 scopum.)
622 5280 833 5350 Joseph
897 5278 1269 5348 praesentium
1330 5277 1478 5330 lator
1543 5277 1776 5332 Judazus
1840 5277 1986 5331 insi-

291 5371 492 5424 nuavit
520 5368 684 5423 nobis
712 5368 781 5422 de
821 5367 949 5421 loco
975 5367 1248 5439 quodam,
1279 5365 1339 5418 in
1370 5381 1484 5435 quo
1517 5365 1590 5419 ad
1621 5365 1987 5420 celebrandas

291 5458 622 5514 festivitates
670 5473 801 5511 suas
839 5457 1024 5512 Judaei
1071 5456 1132 5510 in
1181 5454 1577 5509 Terracinensi
1623 5459 1806 5508 castro
1845 5469 1986 5508 con-

293 5549 555 5604 sistentes
590 5546 894 5603 convenire
943 5549 1375 5611 consueverant,
1425 5544 1579 5615 quod
1609 5547 1707 5598 tua
1735 5559 1833 5598 eos
1871 5543 1986 5600 fra-

2113 525 2328 578 militer
2382 523 2781 577 festivitatibus
2837 524 2976 592 suis,
3029 528 3083 576 te
3139 539 3368 593 quoque
3417 530 3709 591 noscente,
3758 531 3815 578 et

2113 610 2505 665 consentiente
2556 610 2950 680 migraverint,
3001 616 3059 664 et
3105 627 3258 664 nunc
3313 612 3383 665 de
3429 614 3630 666 eodem
3687 614 3813 666 loco

2113 699 2285 752 etiam
2342 699 2549 768 expelli
2598 715 2656 751 se
2711 699 2899 752 denuo
2955 705 3410 768 conqueruntur.
3457 700 3616 764 Quod
3651 702 3699 753 si
3735 699 3815 754 ita

2112 791 2214 853 est,
2261 787 2526 840 volumus
2562 793 2661 840 tua
2702 786 3031 839 fraternitas
3080 788 3150 840 ab
3187 787 3517 857 hujusmodi
3559 805 3618 841 se
3663 805 3809 860 que-

2111 876 2230 927 rela
2285 874 2616 944 suspendat,
2665 879 2721 927 et
2768 874 2894 928 loco
2946 890 3154 944 quem,
3203 875 3349 928 sicut
3393 876 3810 946 praediximus,

2110 978 2239 1016 cum
2267 967 2365 1015 tua
2413 961 2759 1015 conscientia
2791 978 2906 1032 quo
2951 969 3396 1032 congregentur,
3431 963 3622 1034 adepti
3653 971 3808 1032 sunt,

2110 1066 2226 1116 eos,
2268 1051 2414 1104 sicut
2462 1066 2587 1103 mos
2630 1050 2758 1114 fuit,
2820 1049 3036 1103 ibidem
3089 1051 3254 1104 liceat
3303 1052 3639 1105 convenire.
3699 1054 3812 1106 Hos

2109 1139 2284 1204 enim,
2335 1139 2500 1209 quia
2547 1138 2868 1192 Christiana
2915 1138 3196 1208 religione
3246 1139 3591 1206 discordant,
3642 1157 3809 1195 man-

2107 1227 2450 1293 suetudine,
2507 1226 2863 1296 benignitate
2921 1226 3321 1294 admonendo,
3377 1228 3688 1294 suadendo,
3734 1229 3808 1282 ad

2107 1314 2385 1368 unitatem
2419 1315 2550 1367 ﬁdei
2583 1331 2812 1367 necesse
2858 1319 2940 1366 est
2970 1330 3344 1384 congregare,
3390 1331 3462 1368 ne
3493 1331 3639 1386 quos
3670 1316 3809 1369 dul-

2106 1402 2243 1456 cedo
2272 1402 2716 1472 praedicationis,
2743 1407 2800 1455 et
2827 1408 3155 1472 praeventus
3185 1403 3364 1456 futuri
3387 1403 3597 1473 judicis
3622 1409 3810 1457 terror

2106 1491 2177 1544 ad
2210 1491 2563 1544 credendum
2617 1490 2858 1544 invitare
2903 1495 3150 1562 poterat,
3199 1492 3370 1545 minis
3401 1499 3457 1546 et
3487 1493 3808 1546 terroribus

2106 1580 2474 1648 repellantur.
2527 1580 2758 1648 Oportet
2813 1595 2950 1648 ergo
3000 1584 3066 1633 ut
3109 1579 3177 1633 ad
3233 1580 3598 1634 audiendum
3638 1581 3710 1634 de
3753 1586 3807 1634 te

2107 1667 2342 1720 verbum
2389 1667 2490 1720 Dei
2541 1667 2788 1736 benigne
2835 1667 3199 1734 conveniant,
3251 1684 3424 1738 quam
3467 1669 3807 1723 austeritate

2106 1771 2232 1824 quae
2261 1771 2433 1824 supra
2463 1755 2702 1808 modum
2735 1755 3081 1822 extenditur,
3115 1763 3511 1826 expavescant.

2105 1861 2230 1914 CAP.
2281 1860 2436 1913 XCII.
2488 1890 2555 1933 —7
2609 1860 2692 1933 De_
2718 1861 2830 1914 illis
2887 1861 3206 1933 baptizatis,
3263 1864 3360 1930 qui
3409 1878 3510 1930 pro
3557 1865 3805 1933 periculo

2373 1932 2562 1984 mortis
2593 1946 2626 1982 a
2656 1930 2974 1984 draconibus
3002 1933 3272 2000 baptizati
3294 1935 3523 1998 fuerint.

2176 2037 2296 2106 (Ex
2345 2038 2534 2089 concil.
2595 2039 2876 2104 Turonico,
2928 2053 3049 2106 cap.
3095 2037 3174 2107 3.)
3232 2038 3292 2092 Si
3342 2038 3470 2109 quis
3529 2038 3806 2093 diaconus

2102 2140 2309 2193 regens
2340 2123 2587 2194 plebem,
2623 2124 2744 2178 sine
2776 2124 3042 2195 episcopo
3071 2125 3157 2179 vel
3188 2126 3539 2196 presbytero,
3575 2127 3805 2197 aliquos

2101 2226 2206 2280 pro
2237 2211 2491 2280 periculo
2537 2211 2738 2265 mortis
2781 2213 3177 2282 baptizaverit,
3229 2214 3526 2284 episcopus
3558 2231 3655 2267 eos
3693 2231 3803 2285 per

2101 2298 2564 2352 benedictionem
2607 2305 2663 2353 et
2690 2300 3180 2354 conﬁrmationem
3232 2302 3506 2372 perﬁcere
3546 2302 3798 2357 debebit.

2103 2386 2261 2450 Quod
2315 2387 2361 2439 si
2405 2393 2534 2440 ante
2589 2387 2658 2441 de
2724 2389 2930 2442 saecqu
2978 2390 3294 2458 recesserit,
3357 2391 3462 2444 sub
3509 2390 3622 2445 ﬁde
3685 2407 3805 2461 qua

2104 2475 2352 2550 quisque
2378 2475 2578 2541 credit,
2612 2477 2823 2546 poterit
2853 2494 2972 2531 esse
2995 2478 3201 2548 justus.

2105 2581 2232 2636 CAP.
2265 2582 2445 2635 XCIII.
2494 2612 2564 2622 ——
2595 2584 2678 2635 De
2706 2584 2819 2636 illis
2875 2585 2973 2650 qui
3007 2585 3345 2650 presbyteros
3393 2590 3588 2652 cogunt
3633 2585 3805 2639 dena-

2595 2655 2706 2707 rios
2739 2668 2843 2722 pro
2874 2655 3112 2708 balsamo
3141 2655 3293 2708 dare.

2176 2757 2298 2825 (Em
2348 2759 2536 2812 concil.
2603 2759 2913 2824 Cavallon.,
2975 2774 3095 2828 cap.
3156 2760 3232 2828 E5.)
3293 2759 3538 2822 Quidam
3592 2760 3804 2815 fratres

2104 2845 2372 2899 dixerunt
2445 2846 2876 2900 consuetudinis
2949 2848 3202 2918 antiquae
3255 2848 3428 2902 fuisse
3482 2848 3544 2902 in
3594 2865 3803 2902 eorum

2106 2933 2386 3000 Ecclesiis,
2436 2939 2499 2988 ut
2551 2951 2654 3004 pro
2707 2934 2962 2990 balsamo
3007 2937 3248 2990 emendo
3297 2937 3369 2990 ad
3416 2937 3664 2991 chrisma
3704 2939 3802 2992 fa-

2104 3022 2394 3091 ciendum,
2430 3023 2546 3076 sive
2586 3039 2692 3092 pro
2725 3023 3107 3078 luminaribus
3138 3025 3398 3079 Ecclesiae
3445 3028 3799 3080 concinnan-

2103 3110 2210 3176 dis,
2271 3110 2437 3164 binos
2491 3111 2577 3163 vel
2637 3116 2946 3180 quaternos
3003 3112 3271 3166 denarios
3323 3114 3638 3183 presbyteri
3692 3115 3798 3168 da-

2102 3203 2246 3252 rent.
2286 3199 2443 3252 Uude
2491 3214 2692 3252 omnes
2723 3216 2835 3252 uno
2868 3216 3147 3254 consensu
3191 3203 3510 3265 statuimus,
3545 3207 3608 3255 ut
3647 3203 3801 3256 sicut

2099 3303 2205 3356 pro
2254 3286 2584 3340 dedicandis
2635 3286 2907 3352 basilicis,
2957 3294 3015 3342 et
3061 3289 3262 3343 dandis
3309 3289 3604 3344 ordinibus
3649 3291 3798 3344 nihil

2101 3376 2494 3444 accipiendum
2543 3381 2647 3442 est,
2698 3377 2776 3430 ita
2806 3377 2980 3430 etiam
3024 3394 3129 3447 pro
3167 3380 3420 3432 balsamo
3451 3380 3565 3432 sive
3615 3380 3798 3433 lumi-

2101 3464 2334 3518 naribus
2363 3464 2620 3518 emendis
2666 3464 2811 3518 nihil
2858 3466 3176 3537 presbyteri
3208 3467 3455 3520 chrisma
3503 3469 3799 3537 accepturi

2099 3555 2256 3608 dent.
2307 3552 2567 3623 Episc0pi
2613 3553 2806 3623 itaque
2856 3553 2924 3607 de
2955 3555 3216 3608 Ecclesiae
3262 3555 3621 3610 facultatibus
3669 3556 3798 3610 bal-

2099 3657 2324 3695 samum
2381 3647 2595 3709 emant,
2657 3646 2714 3695 et
2773 3641 3081 3696 luminaria
3147 3642 3359 3714 singuli
3415 3643 3474 3698 in
3527 3644 3799 3699 Ecclesiis

2098 3746 2234 3782 $1115.

2383 3835 2509 3890 CAP.
2553 3835 2725 3890 XCIV.
2763 3865 2830 3874 -—
2861 3838 2936 3890 De
2965 3837 3274 3892 chrismatis
3298 3854 3502 3907 panno.

2169 3938 2277 4009 (Ea:
2324 3941 2510 3994 concil.
2561 3939 2713 4008 apud
2758 3941 3062 4007 Belvacum,
3125 3957 3245 4011 cap.
3296 3945 3376 4014 8.)
3431 3943 3487 3998 Si
3530 3943 3658 4014 quis
3708 3961 3800 3999 vo-

2097 4026 2271 4080 luerit
2325 4027 2649 4082 chrismatis
2701 4043 2962 4098 pannum
3017 4029 3229 4083 iterum
3293 4030 3462 4085 linire
3511 4037 3567 4085 et
3621 4049 3801 4103 super

2097 4114 2273 4169 alium
2301 4116 2652 4186 baptizatum
2683 4117 2928 4182 mittere,
2962 4134 3076 4172 non
3105 4123 3190 4172 est
3223 4118 3557 4174 absurdum.

2098 4221 2224 4276 CAP.
2258 4222 2404 4277 XCV.
2447 4252 2506 4262 —
2552 4221 2704 4295 Quod
2735 4224 3098 4277 catechumeni
3137 4241 3256 4278 cum
3303 4226 3602 4295 baptizatis
3630 4243 3798 4282 man-

2645 4293 2844 4348 ducare
2864 4310 2969 4348 non
2994 4295 3238 4350 debeant.

2169 4401 2273 4468 (Ea:
2313 4401 2499 4454 concit.
2549 4402 2815 4468 Mogunt.,
2878 4417 2997 4470 cap.
3051 4402 3123 4470 5.)
3173 4402 3580 4457 Catechumeni
3627 4419 3795 4459 man-

2097 4486 2304 4541 ducare
2357 4503 2477 4541 non
2506 4487 2716 4542 debent
2762 4505 2892 4542 cum
2922 4489 3240 4559 baptizatis,
3285 4507 3472 4562 neque
3530 4493 3795 4547 osculum

2097 4574 2177 4629 eis
2207 4575 2365 4644 dare,
2398 4581 2614 4646 quanto
2643 4576 2834 4630 minus
2861 4578 3129 4648 gentilis?

2381 4698 2507 4752 CAP.
2541 4700 2713 4754 XCVI.
2747 4731 2813 4740 —
2842 4703 2914 4755 De
2941 4690 3205 4756 scrutinio
3227 4703 3500 4769 faciendo.

2167 4803 2275 4874 (Ea:
2327 4806 2514 4859 concil.
2568 4807 2823 4873 Romano,
2875 4823 2996 4876 cap.
3063 4807 3176 4874 15.)
3238 4809 3316 4862 De
3377 4809 3653 4863 scrutinio
3708 4811 3795 4866 fa-

2095 4891 2298 4946 ciendo
2338 4893 2711 4962 decrevimus,
2759 4899 2824 4949 ut
2853 4895 2910 4948 in
2946 4895 3270 4967 episcopiis,
3317 4902 3373 4950 et
3414 4897 3512 4951 ubi
3544 4914 3794 4954 conven-

2094 4985 2187 5034 tus
2217 4986 2301 5034 est
2345 4981 2567 5052 populi,
2602 4988 2659 5037 et
2699 4982 2858 5053 cleri,
2892 4987 2948 5037 et
2993 4984 3342 5054 possibilitas
3369 4986 3673 5056 permittit,
3712 4987 3796 5043 ibi

2095 5068 2428 5123 celebretur.

2289 5174 2416 5229 CAP.
2451 5175 2651 5230 XCVII.
2681 5206 2750 5216 —
2780 5178 2864 5231 De
2888 5178 3194 5232 ministerio
3229 5178 3594 5247 baptismatis.

2165 5281 2277 5348 (Ea:
2305 5283 2493 5335 concit.
2544 5283 2810 5348 Mogunt.,
2871 5298 2992 5351 cap.
3044 5283 3121 5353 9.)
3176 5283 3499 5353 Baptisterii
3553 5289 3610 5340 et
3639 5292 3794 5342 cate-

2097 5367 2513 5423 chumenorum
2563 5370 2833 5424 ventilata
2877 5375 2962 5425 est
2994 5371 3163 5440 ratio,
3203 5377 3268 5426 ut
3295 5373 3616 5428 sacerdotes
3667 5378 3797 5444 ple-

2095 5455 2225 5510 nius
2252 5456 2580 5528 intelligant
2601 5456 2850 5528 qualiter
2875 5457 3176 5530 condignis
3204 5458 3502 5515 ordinibus
3533 5461 3794 5520 efﬁciant

2095 5544 2502 5599 Christianum.
