3956 6358
146 426 240 477 745

1092 425 1568 483 DECRETORUM
1611 426 1798 482 LIBRI
1835 428 1943 483 XX.
1987 457 2054 468 —
2092 428 2299 484 LIBER
2340 430 2675 493 QUARTUS.

3527 437 3627 489 746

145 550 261 625 CAP.
325 547 567 625 _XCVIII.
625 578 693 585 —
760 546 912 625 Quod
965 547 1210 625 bigamus
1265 555 1499 625 vocetur,
1549 552 1647 618 qui
1699 553 1895 625 anteA
1936 555 2029 604 tur
2082 552 2333 606 auferri?
2392 552 2747 622 Aspiciamus
2804 554 3079 623 gentilem
3138 555 3439 611 hominem
3488 560 3629 625 Cor—

208 619 534 743 gapttz'smum
570 633 810 683 umorem,
852 622 900 672 et
942 620 1109 672 aliam
1160 624 1286 688 post
1333 621 1669 688 baptismum
1731 623 1828 675 ha-

240 704 299 743 uz
331 728 345 743 .

240 704 345 743 απ.

208 811 317 878 (Ea:
365 812 509 865 decr.
546 813 844 866 Innocentii
870 828 1049 881 papae,
1107 828 1229 880 cap.
1288 812 1402 883 52.)
1457 813 1674 867 Deinde
1718 830 1829 884 p0—

142 898 294 952 nitur
340 915 458 952 non
512 899 623 953 dici
681 904 905 970 oportet
950 901 1271 970 bigamum,
1333 918 1462 954 cum
1522 901 1621 972 qui
1674 907 1827 955 cate-

142 988 452 1041 chumenus
482 988 768 1057 habuerit,
800 994 970 1060 atque
1002 988 1261 1042 amiserit
1298 1004 1557 1054 uxorem,
1613 989 1660 1041 si
1698 992 1829 1057 post

142 1076 488 1146 baptismum
543 1077 714 1130 fuerit
765 1078 936 1131 aliam
983 1077 1241 1141 sortitus,
1289 1093 1530 1147 eamque
1578 1077 1827 1146 primam

143 1165 336 1233 videri,
380 1181 507 1235 quia
558 1181 701 1218 novo
757 1165 983 1219 homini
1030 1165 1297 1235 copulata
1348 1165 1463 1218 sit:
1495 1166 1630 1235 quia
1685 1165 1829 1218 illud

142 1253 472 1323 conjugium
502 1270 606 1323 per
641 1253 912 1323 baptismi
959 1258 1379 1307 sacramentum
1433 1270 1561 1306 cum
1611 1253 1829 1306 caeteris

142 1341 476 1395 criminibus
506 1341 577 1395 sit
605 1342 886 1407 ablutum,
920 1341 1070 1412 quod
1105 1357 1232 1395 cum
1266 1342 1336 1395 de
1366 1358 1480 1395 una
1511 1341 1709 1411 utique
1743 1341 1828 1394 di-

142 1429 304 1495 citur,
337 1429 499 1492 certi,
533 1429 579 1481 si
608 1433 722 1482 tres
760 1428 1028 1482 habuerit
1055 1428 1116 1483 in
1143 1429 1316 1482 veteri
1346 1429 1567 1499 positus
1594 1428 1827 1482 homine

143 1532 358 1580 uxores,
397 1518 505 1571 erit
534 1516 585 1570 ei
616 1533 745 1587 quae
787 1521 917 1586 post
966 1517 1319 1585 baptismum
1354 1522 1556 1587 quarta
1604 1521 1708 1581 est,
1751 1518 1831 1570 sic

142 1605 649 1674 interpretantibus
675 1605 878 1675 prima.
925 1604 1173 1675 Virginis
1205 1621 1366 1675 aeque
1425 1622 1637 1658 nomen
1684 1605 1829 1658 acci-

142 1694 275 1763 piet,
310 1710 441 1764 quae
467 1700 669 1764 quarto
700 1695 867 1747 ducta
897 1699 977 1747 est
1010 1695 1151 1746 loco.
1186 1693 1342 1757 Quis,
1376 1710 1495 1755 oro,
1532 1693 1684 1746 istud
1714 1710 1830 1747 non

1940 639 2156 692 nelium
2187 641 2541 694 orationibus
2573 646 2742 711 atque
2783 642 3158 711 eleemosynis
3196 645 3627 712 revelationem,

1942 728 2289 798 Petrumque
2317 729 2507 798 ipsum
2557 729 2785 783 vidisse.
2832 730 3099 800 Nunquid
3134 748 3235 801 per
3280 732 3629 801 baptismum

1939 816 2062 869 haec
2092 816 2175 869 illi
2207 817 2392 870 ablata
2441 821 2574 871 sunt
2610 824 2847 887 propter
2896 835 3025 888 quas
3079 819 3130 871 ei
3175 820 3462 890 baptisma
3513 838 3632 875 esse

1940 920 2268 958 concessum
2304 906 2562 959 videtur?
2587 906 2643 959 Si
2677 908 2753 958 ita
2785 907 3058 967 creditur,
3093 909 3234 961 mihi
3264 910 3494 976 credite,
3518 926 3635 963 non

1940 993 2231 1046 modicum
2262 997 2484 1046 erratur
2514 1010 2526 1046 :
2562 994 2697 1063 quia
2746 994 3019 1064 quicquid
3064 995 3208 1049 bene
3261 1003 3485 1066 gestum
3520 998 3636 1051 fue-

1938 1081 2034 1145 rit,
2083 1086 2135 1134 et
2182 1082 2491 1135 secundum
2546 1088 2830 1152 praecepta
2874 1083 3080 1153 legalia
3127 1084 3476 1138 custoditum
3517 1102 3634 1139 non

1939 1173 2128 1237 potest
2188 1168 2526 1222 facientibus
2591 1170 2867 1239 deperire.
2933 1172 3272 1240 Nuptiarum
3347 1189 3484 1243 ergo
3538 1191 3633 1227 co-

1937 1258 2093 1327 pula,
2128 1258 2262 1328 quia
2304 1258 2404 1311 Dei
2443 1258 2714 1311 mandato
2762 1260 3077 1329 perﬁcitur,
3141 1277 3255 1313 non
3288 1266 3475 1330 potest
3522 1261 3633 1315 dici

1938 1350 2254 1415 peccatum,
2318 1351 2373 1399 et
2428 1347 2579 1416 quod
2633 1351 2928 1416 peccatum
2979 1364 3093 1400 non
3141 1351 3242 1414 est,
3300 1349 3437 1401 solvi
3486 1348 3634 1402 inter

1940 1440 2169 1504 peccata
2193 1435 2428 1487 omnino
2479 1434 2632 1488 credi
2670 1451 2786 1488 non
2828 1436 3022 1502 debet,
3064 1436 3285 1506 eritque
3340 1436 3631 1506 integrum

1942 1521 2245 1587 aestimare,
2280 1521 2494 1575 aboleri
2538 1538 2655 1574 non
2702 1539 2869 1591 posse
2909 1523 3120 1591 prioris
3174 1539 3385 1575 nomen
3442 1523 3636 1575 uxoris

1942 1625 2121 1678 quum
2165 1626 2281 1663 non
2327 1609 2624 1662 dimissum
2657 1609 2729 1662 sit
2778 1626 2879 1679 pro
2930 1615 3181 1679 peccato,
3233 1610 3385 1680 quod
3431 1627 3501 1663 ex
3537 1610 3635 1663 Dei

1943 1698 2011 1751 sit
2033 1699 2322 1751 voluntate
2346 1699 2717 1767 completum.

142 1783 329 1882 ξ’ξάξεδῑ
383 1789 579 1880 com.”
633 1783 886 1881 ᾼΡοδῖοίί
946 1799 1070 1882 θὲεθ
1119 1787 1494 1882 Ιξξωξὶθρίυῐητ
1544 1782 1772 1882 ξΙυίΛθξῖ
1867 1830 1903 1882 Β
1944 1803 2074 1857 CAP.
2135 1803 2307 1858 XCIX.
2342 1834 2403 1843 —
2433 1807 2507 1857 De
2555 1806 2818 1882 episcopis
2873 1808 2923 1882 et
2966 1805 3318 1882 presbyteris,
3363 1811 3414 1859 et
3444 1806 3636 1859 diaco-

146 1872 318 1925 Unius
358 1870 551 1923 uxoris
595 1871 783 1925 virum
836 1876 1101 1940 oportere
1140 1870 1263 1923 ﬁeri
1303 1869 1693 1923 sacerdotem?
1723 1870 1829 1924 Sed

143 1959 427 2028 objicitur,
496 1959 648 2029 quod
715 1959 775 2012 in
832 1959 1117 2029 baptismo
1175 1963 1380 2023 totum,
1431 1958 1703 2027 quicquid
1771 1959 1830 2011 in

143 2048 316 2099 veteri
355 2046 590 2099 homine
621 2052 846 2115 gestum
887 2051 990 2113 est,
1024 2047 1098 2099 sit
1136 2046 1407 2099 solutum.
1462 2045 1639 2099 Dicite
1688 2045 1831 2098 mihi

144 2152 271 2188 cum
296 2151 436 2205 pace
468 2140 650 2188 vestra
689 2136 917 2205 loquor,
960 2134 1201 2188 crimina
1247 2138 1468 2187 tantum
1537 2133 1832 2186 dimittun-

141 2228 233 2276 tur
264 2223 326 2276 in
362 2223 691 2293 baptismo?
718 2226 806 2277 An
838 2228 894 2276 et
938 2224 1035 2276 illa
1065 2239 1191 2293 quae
1241 2222 1554 2275 secundum
1604 2221 1832 2274 Domini

141 2318 448 2382 praecepta,
519 2329 581 2365 ac
639 2312 737 2365 Dei
793 2311 1053 2365 instituta
1124 2310 1527 2379 complentur?
1591 2310 1830 2362 Uxorem

143 2400 347 2453 ducere
380 2399 596 2452 crimen
627 2404 730 2465 est,
785 2404 882 2460 aut
929 2415 1045 2452 non
1102 2403 1186 2451 est
1224 2398 1477 2451 crimen?
1508 2396 1566 2451 Si
1617 2397 1833 2450 crimen

141 2493 240 2554 est,
302 2504 440 2558 ergo
497 2486 734 2557 praefata
790 2488 955 2540 venia
1019 2486 1283 2547 dixerim,
1360 2486 1467 2538 erit
1522 2490 1717 2538 auctor
1772 2485 1833 2538 in

140 2578 324 2646 culpa,
361 2576 460 2647 qui
515 2581 581 2629 ut
637 2576 875 2629 crimina
929 2574 1444 2639 committerentur,
1480 2573 1537 2625 in
1569 2573 1833 2642 paradiso

138 2685 269 2721 cum
310 2669 431 2737 ipse
461 2683 559 2719 eos
602 2668 888 2737 jungeret,
943 2665 1250 2719 benedixit.
1294 2664 1350 2717 Si
1401 2680 1534 2717 vero
1590 2679 1703 2716 non
1750 2667 1834 2715 est

139 2757 356 2808 crimen
391 2755 525 2824 quia
556 2755 707 2824 quod
740 2755 887 2807 Deus
926 2753 1133 2824 iunxit,
1165 2753 1324 2806 nefas
1355 2752 1427 2805 sit
1468 2752 1684 2805 crimen
1732 2767 1831 2820 ap-

138 2844 363 2913 pellari,
394 2848 448 2896 et
477 2843 746 2896 Salomon
777 2843 998 2896 addidit
1031 2859 1043 2895 :
1078 2846 1134 2895 et
1163 2841 1317 2894 enim
1344 2857 1376 2893 a
1399 2842 1510 2894 Deo
1541 2856 1829 2911 praepara-

140 2938 237 2985 tur
268 2931 389 2984 viro
414 2947 580 2999 uxor,
615 2931 900 3000 quomodo
954 2930 1206 2983 creditur
1233 2929 1385 2982 inter
1422 2927 1662 2981 crimina
1710 2941 1832 2979 esse

142 3020 467 3085 dimissum,
544 3020 695 3089 quod
751 3020 867 3072 Deo
921 3023 1153 3071 auctore
1201 3017 1412 3087 legitur
1465 3030 1828 3069 consumma-

2507 1876 2668 1927 m’bus
2698 1876 3065 1943 rebaptizutis.

2014 1964 2121 2028 (Ea:
2170 1962 2311 2015 decr.
2364 1963 2561 2015 Felicis
2609 1978 2787 2031 papas,
2821 1978 2939 2030 cap.
2996 1963 3063 2030 1.)
3108 1963 3442 2015 Communis
3467 1962 3633 2016 dolor

1943 2053 1996 2101 et
2056 2049 2338 2117 generalis
2389 2055 2474 2102 est
2522 2050 2789 2118 gemitus,
2840 2050 2991 2119 quod
3044 2050 3199 2102 intra
3242 2050 3491 2103 Africam
3541 2067 3635 2103 re-

1940 2136 2253 2205 baptizatos
2328 2137 2497 2189 etiam
2586 2137 2899 2206 episc0pos,
2978 2137 3360 2207 presbyteros,
3438 2138 3631 2191 diaco-

1938 2240 2159 2295 nosque
2209 2226 2596 2295 cognovimus.
2646 2225 2779 2287 Quae
2804 2241 2889 2277 res
2921 2224 3041 2278 sine
3090 2225 3263 2278 dubio
3314 2227 3386 2279 ad
3431 2231 3632 2279 vestrae

1942 2327 2169 2382 quoque
2233 2313 2492 2382 pervenit
2554 2312 2813 2364 notitiam
2873 2313 3211 2380 sanctitatis,
3268 2313 3518 2383 qualiter
3575 2314 3636 2366 in

1940 2399 2215 2452 Africanis
2265 2400 2595 2469 regionibus
2626 2402 2835 2453 astutia
2872 2399 3085 2453 diaboli
3135 2402 3379 2454 szevierit
3428 2402 3487 2454 in
3531 2418 3635 2471 po-

1939 2488 2143 2557 pulum
2174 2487 2577 2555 Christianum,
2599 2494 2770 2557 atque
2792 2489 2850 2540 in
2878 2488 2933 2541 id
2964 2489 3269 2557 multiplici
3302 2490 3636 2559 deceptione

1939 2575 2288 2645 proruperil,
2320 2580 2385 2627 ut
2416 2592 2531 2627 non
2558 2576 2722 2628 modo
2751 2576 2955 2646 vulgus
2986 2576 3302 2643 incautum,
3337 2578 3431 2631 sed
3478 2578 3632 2647 ipsos

1941 2679 2167 2733 quoque
2209 2663 2267 2715 in
2317 2664 2510 2715 mortis
2561 2664 2843 2732 profunda
2899 2664 3234 2717 demerserit
3292 2667 3630 2731 sacerdotes,

1941 2752 2131 2803 nullus
2190 2767 2305 2803 non
2359 2751 2510 2804 orbis
2590 2752 2889 2820 ingemuit,
2967 2753 3120 2805 nulla
3174 2757 3325 2806 terra
3382 2754 3632 2807 nescivit.

1942 2839 2099 2891 Unde
2131 2837 2187 2890 in
2218 2839 2423 2907 grandi
2457 2855 2697 2892 maerore
2726 2838 2915 2907 positi,
2950 2839 3310 2893 dissimulare
3342 2857 3457 2895 non
3504 2857 3635 2911 pos-

1940 2943 2137 2979 sumus
2166 2927 2531 2995 pereuntium
2565 2932 2735 2996 atque
2789 2944 2821 2979 a
2864 2928 3032 2980 nobis
3064 2929 3476 2998 exigendarum
3523 2931 3637 2983 dis-

1943 3016 2158 3068 crimen
2190 3015 2533 3069 animarum.
2570 3014 2929 3085 Quapropter
2955 3022 3285 3086 competens
3320 3017 3640 3071 adhibenda

140 3111 305 3162 tum?
339 3108 487 3171 Quid
536 3108 605 3161 de
662 3108 867 3161 talium
917 3107 1052 3160 ﬁliis
1098 3106 1510 3176 percensetur?
1563 3102 1831 3172 Nunquid
1868 3101 1906 3155 C
1945 3109 2028 3157 est
2052 3104 2260 3156 talibus
2292 3103 2514 3156 medela
2546 3104 2900 3172 vulneribus,
2932 3121 3002 3157 ne
3040 3104 3351 3158 immatura
3405 3106 3643 3159 curandi

140 3214 259 3250 non
299 3201 467 3249 erunt
498 3195 838 3249 admittendi
887 3194 942 3247 in
975 3192 1328 3248 hasreditatis
1375 3191 1681 3256 consortio,
1733 3189 1833 3260 qui

141 3302 210 3339 ex
237 3302 306 3339 ea
334 3284 583 3354 suscepti
614 3288 762 3345 sunt,
797 3300 927 3353 quae
966 3288 1097 3335 ante
1130 3281 1478 3351 baptismum
1508 3280 1617 3333 fuit
1658 3280 1836 3333 uxor?

141 3376 439 3443 Erantque
463 3371 813 3443 appellandi,
848 3372 935 3424 vel
990 3371 1299 3433 naturales,
1334 3370 1421 3422 vel
1455 3367 1654 3438 spurii,
1701 3366 1837 3437 quia

141 3478 259 3515 non
290 3466 376 3514 est
404 3459 728 3529 legitimum
761 3458 1214 3523 matrimonium,
1248 3456 1358 3509 nisi
1387 3456 1546 3518 illud,
1582 3459 1645 3507 ut
1677 3453 1837 3506 vobis

138 3550 388 3616 videtur,
422 3548 577 3619 quod
623 3552 753 3618 post
790 3546 1139 3616 baptismum
1188 3544 1535 3597 assumitur?
1579 3542 1704 3610 Ipse
1732 3542 1837 3592 Do-

139 3638 337 3694 minus
362 3652 490 3689 cum
532 3635 983 3705 interrogaretur
1021 3650 1053 3686 a
1077 3632 1311 3699 Judaeis,
1340 3631 1387 3683 si
1423 3630 1621 3683 liceret
1652 3627 1839 3682 dimit-

139 3729 267 3779 tere
296 3739 556 3789 uxorem,
593 3727 762 3792 atque
799 3724 1111 3791 exponeret
1139 3719 1267 3772 fieri
1306 3734 1421 3771 non
1474 3716 1705 3777 debere,
1741 3715 1837 3768 ad-

141 3813 292 3867 didit
324 3829 337 3865 :
371 3812 530 3875 Quod
560 3827 694 3865 vero
724 3811 871 3864 Deus
898 3806 1211 3876 conjunxit,
1244 3806 1419 3858 homo
1452 3820 1569 3857 non
1594 3804 1835 3872 separet.

141 3905 221 3955 Ac
256 3916 328 3953 ne
360 3900 429 3953 de
460 3899 548 3953 his
581 3900 802 3952 locutus
833 3913 954 3950 esse
992 3895 1275 3959 credatur,
1306 3909 1434 3963 quas
1467 3894 1597 3961 post
1650 3889 1836 3959 bapti-

141 4004 338 4041 smum
366 3988 706 4055 sortiuntur,
745 3985 1116 4039 meminerint
1142 3984 1268 4045 hoc,
1304 3987 1361 4035 et
1391 3998 1421 4034 a
1452 3979 1663 4034 Judaeis
1718 3994 1840 4032 esse

141 4077 592 4146 interrogatum,
626 4080 681 4128 et
710 4073 922 4129 Judwis
954 4089 1074 4126 esse
1118 4085 1479 4141 responsum.
1539 4068 1675 4131 Quae
1706 4082 1839 4119 vero

144 4173 203 4221 et
231 4160 513 4219 sollicitus
554 4180 767 4234 quaero,
801 4163 849 4216 si
888 4178 1003 4216 una
1048 4160 1362 4229 eademque
1400 4158 1473 4211 sit
1502 4172 1642 4211 uxor
1697 4154 1838 4223 ejus,

146 4255 248 4326 qui
283 4258 416 4307 ante
459 4254 921 4317 catechumenus,
978 4252 1170 4320 postea
1218 4248 1292 4301 sit
1334 4246 1532 4309 fidelis,
1580 4244 1842 4313 filiosque

146 4360 215 4397 ex
274 4358 362 4407 ea,
420 4357 600 4412 quum
662 4344 807 4393 esset
872 4337 1333 4400 catechumenus,
1395 4331 1724 4402 susceperit,
1780 4347 1844 4385 ac

144 4435 350 4502 postea
378 4429 518 4482 alios
548 4443 677 4480 cum
698 4425 903 4494 ﬁdelis,
933 4429 1125 4477 utrum
1144 4422 1258 4475 sint
1285 4421 1487 4474 fratres
1518 4418 1844 4489 appellandi

145 4537 223 4574 an
255 4519 409 4573 non?
436 4517 697 4571 Habeant
725 4519 921 4585 postea
949 4513 1215 4567 defuncto
1251 4516 1410 4580 patre
1450 4525 1581 4562 cum
1629 4506 1845 4560 caeteris

143 4606 544 4663 herciscundae
572 4603 922 4658 haereditatis
952 4600 1324 4662 consortium,
1361 4598 1567 4668 quibus
1597 4597 1845 4649 ﬁliorum

144 4712 367 4750 nomen
434 4693 789 4764 regeneratio
863 4690 1134 4761 spiritalis
1202 4687 1451 4741 creditur
1509 4682 1849 4740 abstulisse?

147 4786 321 4851 Quod
348 4800 526 4855 quum
577 4784 656 4836 ita
707 4781 939 4847 sentire,
999 4784 1171 4849 atque
1224 4776 1479 4847 judicare
1534 4772 1850 4829 absurdum

148 4881 261 4943 est,
325 4890 455 4945 quas
506 4873 720 4926 malum
772 4872 917 4925 ratio
966 4875 1053 4923 est
1105 4868 1213 4922 hoc
1267 4865 1518 4934 defendi,
1568 4868 1622 4917 et
1676 4878 1853 4916 vacua

148 4964 344 5036 magis
369 4961 641 5033 Opinione
667 4959 889 5030 jactari,
922 4975 1096 5029 quam
1142 4956 1338 5025 aliqua
1380 4952 1714 5007 auctoritate
1754 4967 1851 5004 ro-

148 5052 373 5118 borari,
407 5065 584 5121 quum
608 5064 725 5102 non
754 5048 936 5118 possit
961 5046 1110 5099 inter
1142 5046 1373 5114 peccata
1392 5040 1674 5109 deputari,
1704 5039 1854 5109 quod

150 5145 244 5197 lex
304 5139 597 5210 praecepit,
649 5142 705 5190 et
760 5137 907 5190 Deus
952 5129 1289 5204 conjunxit?
1323 5128 1596 5198 Nunquid
1627 5127 1674 5180 si
1728 5128 1856 5196 quis

152 5229 612 5284 catechumenus
641 5224 943 5277 virtutibus
992 5220 1297 5285 studuerit,
1356 5216 1742 5270 humilitatem
1772 5231 1860 5267 se-

152 5324 330 5373 cutus
357 5315 550 5379 fuerit,
588 5312 927 5383 patientiam
970 5308 1241 5373 tenuerit,
1275 5307 1665 5374 eleemosynas
1710 5303 1859 5356 fece-

152 5408 256 5475 rit,
294 5403 471 5459 morti
500 5401 809 5456 destinatos
842 5400 1098 5471 qualibet
1113 5397 1333 5451 ratione
1365 5392 1661 5463 eripuerit,
1696 5391 1861 5444 adul-

155 5495 311 5551 teria
362 5490 740 5553 exhorruerit,
823 5487 1139 5541 castitatem
1196 5481 1467 5546 tenuerit,
1546 5495 1763 5549 quaaro,
1816 5478 1864 5531 si

154 5584 289 5638 haec
351 5594 535 5651 quum
574 5578 756 5631 factus
798 5575 996 5640 fueris,
1047 5571 1233 5627 ﬁdelis
1288 5567 1520 5634 amittit,
1572 5565 1707 5636 quia
1763 5581 1866 5634 per

156 5670 525 5742 baptismum
552 5670 760 5731 totum,
822 5661 975 5734 quod
1012 5664 1175 5716 vetus
1220 5658 1395 5712 homo
1452 5652 1692 5725 gesserit
1726 5658 1868 5723 puta

530 5774 803 5840 PATROL.
855 5770 1028 5837 CXL.

1942 3192 2199 3258 facilitas,
2239 3191 2529 3244 mortifera
2574 3191 2751 3261 captis
2802 3197 2955 3261 peste
3010 3192 3154 3245 nihil
3187 3193 3384 3262 prosit,
3417 3194 3514 3247 sed
3544 3210 3637 3246 se-

1943 3279 2111 3351 gnius
2137 3283 2375 3332 tractata
2398 3279 2677 3345 pernicies
2702 3286 2863 3333 reatu
2885 3296 2999 3333 non
3029 3280 3302 3351 legitimas
3326 3281 3636 3335 curationis

1942 3368 2194 3421 involvat
2226 3367 2439 3436 pariter
2468 3368 2688 3420 saucios
2717 3372 2771 3420 et
2809 3368 3120 3421 medentes.
3175 3370 3238 3421 In
3277 3370 3477 3438 primis
3523 3370 3631 3422 ita-

1946 3472 2056 3526 que
2088 3453 2368 3508 veniontis
2400 3455 2469 3507 ad
2501 3472 2617 3519 vos,
2653 3459 2708 3508 et
2736 3455 3058 3508 remedium
3080 3456 3420 3524 postulantis
3470 3456 3627 3509 solli-

1945 3545 2052 3597 cite
2079 3542 2435 3597 discutienda
2475 3548 2560 3595 est
2597 3542 2897 3612 professio,
2927 3549 2983 3595 et
3017 3559 3262 3613 persona
3297 3543 3539 3611 decepti,
3575 3549 3637 3596 ut

1946 3632 2168 3686 medela
2225 3631 2405 3700 possit
2462 3647 2783 3701 congruens
2840 3631 3155 3684 exhiberi:
3213 3635 3271 3684 et
3321 3632 3421 3701 qui
3480 3631 3639 3684 satis-

1944 3719 2195 3773 facturus
2238 3720 2350 3771 Deo
2379 3734 2481 3783 per
2510 3717 2909 3787 paenitentiam
2942 3718 3357 3788 rebaptizatum
3400 3735 3458 3773 se
3498 3719 3637 3789 legi-

1946 3808 2084 3861 time
2126 3807 2389 3874 doluerit,
2434 3812 2627 3860 utrum
2660 3807 2730 3860 ad
2786 3807 2892 3860 hoc
2942 3807 3160 3860 facinus
3201 3808 3511 3875 concurrit,
3568 3825 3640 3862 an

1946 3894 2230 3963 impulsus
2290 3895 2609 3960 accesserit,
2690 3895 3038 3964 requiratur,
3097 3895 3279 3949 sciens
3359 3897 3513 3967 quod
3582 3914 3640 3950 se

1948 3982 2191 4052 decipiat
2217 3983 2336 4053 ipse
2392 3983 2489 4053 qui
2516 3983 2682 4045 fallit,
2720 3984 2977 4053 nihilque
3032 4000 3134 4053 per
3164 3988 3424 4038 nostram
3460 3985 3640 4038 facili-

1949 4075 2126 4124 tatem
2178 4071 2481 4125 tribunalis
2538 4073 2756 4125 excelso
2812 4072 3029 4142 judicio
3074 4072 3355 4141 derogari,
3399 4073 3491 4126 cui
3546 4074 3645 4127 illa

1952 4164 2085 4212 sunt
2114 4163 2254 4224 rata,
2301 4176 2428 4229 quas
2460 4160 2576 4229 pia,
2624 4176 2752 4230 quas
2792 4176 2944 4225 vera,
2994 4176 3123 4230 quas
3170 4161 3325 4230 justa
3372 4165 3520 4214 sunt.
3579 4163 3645 4215 Et

1950 4247 2116 4301 aliter
2143 4248 2512 4316 necessitatis,
2556 4250 2721 4325 aliter
2752 4248 3045 4301 tractanda
3099 4257 3183 4301 est
3232 4248 3378 4300 ratio
3435 4248 3646 4301 volun-

1952 4334 2103 4387 tatis.
2144 4334 2401 4387 Deterior
2431 4339 2513 4387 est
2544 4340 2737 4388 autem
2768 4352 2936 4389 causa
2965 4335 3137 4398 illius,
3174 4334 3273 4404 qui
3320 4335 3465 4388 forte
3525 4352 3648 4406 pre-

1954 4423 2033 4476 tio
2067 4422 2393 4475 sollicitatus
2434 4426 2536 4490 est,
2584 4428 2650 4476 ut
2678 4424 2912 4493 periret.
2938 4423 3088 4476 Nihil
3121 4424 3273 4476 enim
3305 4422 3649 4478 intentatum

1953 4511 2230 4582 relinquit
2282 4510 2569 4565 inimicus.
2622 4513 2727 4567 Cui
2775 4530 2847 4567 ne
2898 4515 2965 4567 de
3025 4530 3128 4567 sua
3184 4513 3349 4567 liceat
3400 4514 3650 4583 gaudere

1957 4604 2209 4670 captura,
2280 4601 2730 4654 succurrendum
2787 4607 2869 4655 est
2926 4602 3179 4669 irretitis,
3241 4607 3299 4656 et
3346 4607 3650 4657 conteren-

1959 4689 2064 4741 dus
2093 4687 2353 4741 venantis
2407 4691 2493 4741 est
2521 4689 2780 4758 laqueus,
2832 4694 2895 4743 ut
2924 4681 3223 4743 infucatim
3277 4690 3654 4743 lamentanti-

1958 4774 2109 4829 tibus
2142 4775 2387 4845 lapsum,
2416 4779 2530 4827 tam
2553 4774 2790 4843 justitiaa
2841 4776 3233 4829 moderatione
3265 4793 3439 4847 quam
3498 4794 3655 4831 com-

1961 4863 2268 4934 punctione
2312 4862 2561 4932 pietatis,
2597 4863 2666 4915 ad
2712 4864 2904 4917 aulam
2962 4881 3135 4934 quam
3162 4865 3534 4936 reliquerant,
3588 4867 3659 4920 sit

1962 4952 2277 5022 ingressus.
2357 4951 2469 5004 Nec
2541 4950 2752 5020 pudeat
2826 4952 3039 5019 forsan,
3117 4958 3215 5007 aut
3293 4954 3508 5024 pigeat,
3594 4955 3655 5010 in

1966 5040 2129 5095 dictis
2175 5038 2553 5109 jejuniorum,
2618 5039 3055 5110 gemituumque
3113 5043 3470 5112 temporibus
3522 5044 3659 5097 obe-

1967 5130 2109 5194 dire,
2143 5134 2243 5181 aut
2285 5126 2409 5180 aliis
2456 5127 2829 5180 observantiae
2880 5128 3215 5182 salubrioris
3265 5132 3662 5203 obtemperare

1967 5216 2267 5288 praeceptis
2300 5216 2466 5287 :quia
2484 5216 2799 5269 humilibus
2822 5217 2988 5269 datur
3015 5217 3217 5285 gratia,
3234 5234 3349 5271 non
3374 5221 3660 5291 superbia.

1968 5305 2053 5360 Sit
2082 5320 2217 5374 ergo
2264 5306 2449 5358 ruinae
2505 5320 2620 5357 suas
2670 5292 2864 5356 dolore
2913 5309 3252 5372 prostratus,
3316 5309 3576 5378 quisquis
3606 5310 3665 5363 in

1972 5392 2193 5447 Christo
2216 5392 2340 5446 ﬁeri
2368 5392 2574 5463 quaerit
2600 5397 2841 5446 erectus.
2879 5393 2943 5445 Et
2964 5408 3065 5462 per
3087 5391 3531 5461 dispensationis
3557 5415 3666 5451 no-

1972 5488 2105 5535 strae
2136 5481 2537 5544 ministerium,
2567 5479 2714 5551 quod
2750 5483 2994 5532 vestram
3026 5478 3187 5548 sequi
3228 5480 3492 5533 convenit
3531 5485 3669 5538 cha-

1975 5569 2224 5637 ritatem,
2249 5585 2352 5622 nec
2391 5569 2559 5623 alicui
2586 5569 2668 5622 fas
2704 5573 2806 5637 est,
2840 5569 2927 5622 vel
2958 5567 3123 5637 velle,
3170 5567 3259 5621 vel
3292 5584 3459 5638 posse
3489 5573 3672 5625 trans-

1976 5656 2235 5725 cendere,
2269 5673 2466 5711 causas
2496 5659 2637 5727 ejus,
2679 5657 2779 5728 qui
2836 5662 3034 5713 contra
3065 5657 3432 5727 apostolicam
3469 5657 3675 5713 doctri-

3281 5772 3366 5832 24
