3956 6330
329 343 435 393 ’747

1422 332 1829 388 BURCHARDI
1869 327 2398 385 WORMACIENSIS
2436 324 2753 381 EPISCOPI

3734 326 3834 378 ’748

333 479 486 526 nam,
523 463 590 515 ad
631 459 995 514 iterationem
1027 475 1083 512 se
1123 458 1296 512 nimis
1336 457 1642 511 infaustam
1672 455 2028 528 baptismatis
2060 459 2106 509 A
2144 454 2331 508 adhuc
2369 453 2426 506 in
2459 452 2796 523 poenitentia
2834 455 2986 519 sunt,
3023 451 3354 522 pmnitenda
3387 451 3532 506 forte
3561 453 3835 506 commit—

335 551 509 615 dedit,
553 549 637 601 vel
662 550 783 618 ejus
813 549 912 617 qui
939 547 1224 617 aliquibus
1249 546 1602 616 argumentis
1640 544 2027 599 excusandum

335 638 535 692 callide
581 636 878 705 proprium
928 635 1213 704 putaverit
1256 651 1377 688 esse
1429 650 1791 698 consensum,
1845 648 2026 685 sacer-

337 726 512 781 dotali
563 726 757 794 vigore
826 728 881 776 et
925 724 1280 776 humanitate
1334 727 1663 789 tractemus,
1729 727 1792 774 ut
1842 721 1900 772 in
1949 720 2028 773 eis

337 815 498 880 ﬁdes,
531 829 660 883 quae
707 812 811 865 nisi
844 816 927 864 est
958 828 1089 873 una,
1127 813 1248 881 jam
1279 812 1438 865 nulla
1487 815 1592 878 est,
1623 809 1904 879 adjutorio
1928 810 2028 862 Do-

337 903 483 958 mini
510 902 715 971 judicis
753 901 824 954 ad
866 901 1130 966 salutem,
1177 900 1300 953 sine
1348 904 1559 953 nostrae
1606 897 2031 969 properationis

339 991 672 1055 offensione,
705 995 1004 1059 reparetur
1045 1005 1056 1042 :
1087 989 1223 1058 quia
1271 1004 1400 1040 cum
1453 986 1766 1057 peccatoris
1799 1002 1830 1038 a
1865 985 2030 1038 nobis

342 1079 647 1132 satisfactio
699 1077 1074 1148 protrahitur,
1117 1094 1230 1130 non
1261 1081 1469 1146 praeter
1512 1081 1764 1129 nostram
1805 1074 2029 1128 laudem

342 1173 512 1238 atque
546 1167 815 1230 laetitiam,
847 1183 1008 1219 mens
1035 1167 1157 1236 ejus
1180 1166 1247 1220 ad
1279 1165 1504 1218 veniam
1531 1163 1834 1234 purgatior
1872 1162 2030 1214 inve-

342 1257 518 1310 nitur.
555 1258 620 1309 Et
671 1255 799 1310 ideo
852 1254 1228 1308 memineritis
1275 1254 1419 1306 hanc
1460 1269 1632 1322 super
1681 1252 1770 1304 his
1802 1267 1904 1303 nos
1935 1251 2034 1302 ha-

342 1345 477 1399 bere
510 1343 876 1408 sententiam,
908 1349 974 1395 ut
1019 1347 1241 1395 servata
1287 1341 1629 1395 discretione
1673 1339 2033 1410 peccantium

341 1447 457 1485 non
484 1431 680 1484 eadem
716 1430 903 1483 cuncti
957 1429 1056 1499 qui
1090 1430 1235 1499 lapsi
1263 1434 1414 1494 sunt,
1462 1430 1622 1482 lance
1672 1432 1986 1498 pensentur
2017 1442 2030 1479 :

345 1519 621 1588 quoniam
668 1517 902 1585 majoris
958 1517 1341 1586 castigationis
1410 1523 1488 1569 est
1539 1515 1854 1586 exigendus
1910 1529 2036 1566 usu-

347 1622 489 1672 ram,
523 1605 614 1658 cui
665 1606 869 1658 domus
917 1605 1148 1658 Domini
1183 1605 1486 1658 commissa
1518 1605 1690 1658 fuerit
1717 1602 2033 1672 disciplina.

2137 547 2279 596 tant.
2315 543 2478 606 Quod
2504 543 2550 595 si
2585 546 2714 594 ante
2762 541 3113 610 praeﬁnitum
3180 541 3532 611 pcenitentiae
3582 547 3835 612 tempus,

2139 633 2436 701 despectus
2463 648 2496 684 a
2527 630 2784 695 medicis,
2835 636 2934 683 aut
2963 630 3322 683 evidentibus
3377 630 3576 684 mortis
3609 648 3835 700 pressus

2137 719 2386 784 indiciis,
2417 724 2643 787 recepta
2673 719 2978 788 quisquam
3010 718 3436 772 communionis
3469 719 3653 788 gratia
3693 735 3830 773 con-

2139 807 2389 870 valescit,
2420 822 2710 859 servemus
2741 807 2800 859 in
2827 823 2893 860 eo
2922 807 3078 876 quod
3127 807 3343 861 Nicaeui
3393 823 3637 861 canones
3678 808 3832 861 ordi-

2141 900 2442 960 naverunt,
2477 900 2538 947 ut
2598 895 2879 948 habeatur
2935 895 3085 948 inter
3143 895 3293 960 illos,
3330 895 3520 966 quiin
3573 896 3842 950 oratione

2142 984 2262 1036 sola
2294 983 2743 1048 communicant,
2800 983 2980 1036 donec
3035 983 3346 1053 impleatur
3403 985 3652 1054 spatium
3702 989 3843 1038 tem-

2141 1073 2299 1143 poris
2352 1073 2541 1126 eidem
2602 1073 3014 1142 praestitutum.
3067 1073 3178 1125 Nec
3236 1073 3675 1126 catechumenos
3732 1090 3837 1126 no-

2142 1167 2306 1225 stros,
2344 1161 2443 1230 qui
2476 1161 2578 1214 sub
2610 1161 2709 1214 tali
2765 1161 3121 1231 professione
3170 1161 3443 1231 baptizati
3490 1166 3640 1226 sunt,
3693 1178 3842 1231 pras—

2143 1250 2384 1303 terimus
2419 1266 2430 1302 :
2462 1250 2596 1320 quia
2626 1265 2742 1302 non
2800 1255 2884 1302 est
2913 1266 3084 1304 causa
3137 1249 3447 1316 dissimilis,
3477 1251 3624 1303 sicut
3665 1250 3839 1303 iidem

2147 1337 2322 1391 sancti
2383 1354 2625 1391 canones
2655 1338 3016 1405 ordinarunt,
3047 1339 3169 1408 ejus
3220 1339 3319 1408 qui
3372 1337 3628 1408 quolibet
3669 1338 3840 1392 modo

2147 1427 2455 1492 Christum,
2485 1443 2658 1496 quem
2685 1429 2857 1480 semel
2889 1427 3179 1481 confessus
3208 1433 3313 1494 est,
3374 1427 3682 1496 abjuraret.
3715 1426 3839 1480 Tri-

2145 1515 2251 1568 bus
2283 1515 2448 1568 annis
2481 1515 2628 1567 inter
2662 1516 2959 1568 audientes
3006 1516 3137 1582 sint,
3188 1520 3244 1568 et
3303 1521 3433 1586 post
3453 1531 3519 1568 ea
3577 1515 3839 1568 catechu-

2148 1604 2330 1656 menis
2356 1604 2763 1673 permittantur
2803 1619 2988 1668 orare,
3039 1620 3144 1673 per
3175 1620 3378 1657 manus
3408 1603 3840 1673 impositionem

349 1696 419 1747 Ut
468 1709 603 1763 ergo
656 1695 725 1746 ab
784 1694 1042 1746 Ecclesiaa
1090 1694 1472 1747 summatibus
1533 1692 1888 1755 inchoemus,
1942 1705 2038 1742 eos
2070 1731 2110 1783 Β
2149 1692 2568 1746 communionis
2597 1692 2890 1744 catholicae
2923 1691 3164 1762 gratiam
3221 1692 3527 1762 recepturi,
3593 1692 3842 1762 exceptis

348 1798 489 1851 quos
562 1781 878 1850 episcopos,
934 1781 1312 1850 presbyteros,
1387 1782 1475 1832 vel
1545 1781 1812 1833 diaconos
1865 1778 2037 1832 fuisse

347 1869 680 1934 constiterit,
714 1874 770 1922 et
799 1885 897 1922 seu
937 1875 1198 1939 optantes
1221 1869 1481 1933 forsitan,
1525 1885 1625 1922 seu
1684 1872 1908 1920 coactos
1954 1867 2034 1920 la-

350 1958 500 2012 vacri
528 1958 679 2011 illius
721 1958 889 2024 unici,
941 1958 1318 2028 salutarisque
1367 1957 1571 2010 claruit
1613 1957 1811 2009 fecisse
1852 1956 2037 2024 jactu-

348 2063 493 2113 ram,
519 2052 574 2099 et
605 2045 915 2110 Christum,
949 2062 1120 2115 quem
1157 2062 1272 2098 non
1319 2046 1504 2098 solum
1555 2045 1709 2097 dona
1738 2059 2037 2113 regenera-

348 2134 540 2201 tionis,
570 2150 766 2186 verum
798 2134 969 2187 etiam
1021 2133 1203 2203 gratia
1249 2133 1521 2203 praecepti
1569 2133 1806 2185 honoris
1837 2131 2037 2184 indue-

349 2228 497 2288 rant,
528 2222 766 2288 exuisse,
817 2238 946 2275 cum
995 2227 1213 2275 constet
1268 2221 1558 2275 neminem
1612 2221 1683 2274 ad
1730 2219 2038 2272 secundam

350 2311 685 2364 tinctionem
734 2310 926 2364 venire
970 2311 1244 2380 potuisse,
1295 2309 1409 2362 nisi
1452 2327 1509 2362 se
1545 2309 1734 2379 palam
1769 2308 2039 2362 Christia-

352 2416 493 2453 num
531 2400 841 2470 negaverit,
892 2404 946 2452 et
996 2399 1280 2469 professus
1330 2397 1498 2451 fuerit
1557 2413 1675 2449 esse
1726 2411 2034 2466 paganum,

353 2487 503 2557 quod
535 2503 662 2540 cum
696 2487 1040 2557 generaliter
1093 2487 1166 2539 sit
1190 2486 1251 2538 in
1301 2485 1568 2538 omnibus
1605 2484 2035 2549 exsecrandum,

349 2575 530 2626 multo
559 2575 738 2643 magis
768 2574 827 2626 in
861 2574 1164 2643 episcopis,
1195 2573 1566 2643 presbyteris,
1625 2577 1681 2624 et
1709 2571 2039 2624 diaconibns

350 2661 548 2715 auditu
599 2663 800 2714 saltem
853 2663 1122 2732 dictuque
1173 2662 1452 2732 probatur
1506 2660 1905 2713 horrendum:
1941 2659 2037 2712 sed

349 2749 484 2818 quia
513 2749 667 2802 idem
717 2749 1007 2810 Dominus,
1040 2748 1214 2820 atque
1241 2750 1502 2803 Salvator
1557 2747 2038 2801 clementissimus

351 2842 453 2903 est,
505 2843 562 2890 et
613 2839 902 2892 neminem
943 2841 1065 2891 vult
1121 2838 1328 2908 perire,
1377 2853 1557 2908 usque
1602 2837 1672 2890 ad
1722 2836 1904 2889 exitus
1952 2834 2040 2888 sui

311 2983 329 3000 ο
351 2926 504 2979 diem
536 2926 595 2978 in
625 2927 980 2995 poenitentia,
1025 2925 1074 2978 si
1103 2926 1463 2996 resipiscunt,
1501 2925 1689 2994 jacere
1717 2923 2035 2989 conveniet,

2151 1796 2288 1833 sane
2319 1781 2716 1832 tantummodo
2744 1780 3045 1849 episcopis,
3077 1780 3438 1850 presbyteris,
3478 1780 3838 1846 diaconibns,

2151 1868 2359 1937 quibus
2391 1869 2510 1920 solo
2543 1869 2740 1920 mortis
2771 1885 2886 1921 suae
2913 1873 3169 1938 tempore
3196 1869 3688 1922 reconciliandum
3719 1884 3839 1922 esse

2141 1957 2263 2026 jam
2295 1956 2542 2010 diximus
2577 1973 2588 2008 :
2622 1960 2877 2018 casteros,
2910 1956 2964 2009 id
2997 1961 3098 2021 est,
3137 1957 3252 2010 sive
3282 1957 3535 2022 clericos,
3573 1955 3688 2009 sive
3711 1973 3839 2009 mo-

2149 2046 2380 2110 nachos,
2415 2062 2513 2098 seu
2537 2045 2730 2108 laicos,
2781 2061 2947 2098 sexus
2997 2045 3292 2116 utriusque
3351 2062 3642 2115 personas,
3696 2062 3839 2115 quos

2148 2131 2419 2185 violentia
2475 2137 2530 2184 et
2579 2133 2848 2202 periculis
2913 2138 3159 2199 coactos,
3225 2134 3591 2188 iterationem
3646 2133 3843 2202 bapti-

2148 2220 2341 2273 smatis
2401 2220 2639 2274 subiisse
2716 2221 3052 2286 constiterit,
3112 2223 3198 2276 vel
3252 2221 3351 2292 qui
3431 2223 3624 2292 aliquo
3682 2237 3842 2274 com-

2147 2314 2361 2375 mento,
2389 2309 2558 2379 hujus
2598 2326 2655 2362 se
2680 2309 2950 2363 facinoris
2998 2309 3238 2379 piaculis
3293 2310 3540 2363 dixerint
3596 2325 3712 2363 non
3759 2314 3840 2362 te-

2149 2395 2292 2461 neri,
2325 2395 2384 2449 in
2415 2396 2754 2466 paenitentia
2800 2411 2904 2464 per
2943 2396 3258 2450 triennium
3308 2397 3516 2451 durare
3573 2395 3842 2449 decerni-

2150 2499 2298 2551 mus,
2368 2491 2424 2538 et
2478 2501 2582 2555 per
2632 2501 2836 2538 manus
2899 2485 3327 2555 impositionem
3385 2487 3456 2539 ad
3509 2485 3842 2539 societatem

2149 2573 2324 2642 recipi
2402 2574 2758 2641 sacramenti,
2825 2574 2922 2626 illo
2991 2591 3093 2643 per
3146 2574 3342 2627 omnia
3395 2573 3713 2642 custodito,
3774 2590 3845 2626 ne

2151 2677 2213 2714 ex
2246 2660 2334 2713 bis
2364 2677 2642 2731 unquam,
2673 2661 2774 2731 qui
2826 2661 2884 2714 in
2939 2661 3195 2730 qualibet
3251 2667 3416 2716 astate
3474 2661 3612 2714 alibi
3665 2678 3847 2731 quam

2148 2749 2212 2802 in
2269 2750 2513 2803 Ecclesia
2569 2749 2864 2816 catholica,
2929 2754 3026 2803 aut
3087 2750 3380 2821 baptizati,
3436 2756 3537 2804 aut
3590 2751 3850 2819 rebapti-

2150 2838 2261 2891 zati
2341 2843 2491 2903 sunt,
2581 2839 2651 2892 ad
2732 2838 3170 2892 ecclesiasticam
3262 2839 3529 2892 militiam
3605 2855 3849 2909 prorsus

2150 2927 2557 2997 permittantur
2639 2927 2923 2980 accedere.
3007 2927 3224 2990 Quibus
3311 2928 3444 2981 satis
3525 2944 3644 2980 esse
3744 2927 3844 2981 de-

300 3008 455 3066 Inec
509 3013 753 3066 orationi
814 3029 930 3066 non
979 3013 1147 3066 modo
1186 3012 1464 3073 ﬁdelium,
1517 3011 1615 3065 sed
1664 3028 1734 3064 ne
1782 3011 2038 3065 catechu-
2071 3009 2111 3062 C
2149 3015 2266 3081 bet,
2333 3014 2486 3084 quod
2535 3014 2596 3067 in
2665 3015 3079 3068 catholicorum
3135 3032 3443 3069 numerum
3500 3021 3635 3069 sunt
3691 3032 3849 3070 rece-

352 3117 651 3154 menorum
684 3101 917 3170 quidem
950 3100 1296 3154 omnimodis
1325 3100 1617 3154 interesse.
1643 3099 1862 3164 Quibus
1884 3116 2038 3152 com-

351 3191 548 3243 munio
576 3190 720 3243 laica
749 3190 808 3242 iu
843 3195 1029 3244 morte
1070 3189 1423 3244 redhibenda
1453 3193 1554 3243 est.
1590 3189 1769 3252 Quam
1805 3205 1928 3242 rem
1958 3188 2040 3242 di-

349 3279 618 3349 ligentius
649 3279 939 3347 explorare
987 3279 1075 3330 vel
1120 3279 1304 3331 facere
1362 3294 1467 3347 pro
1522 3277 1806 3348 baptismo
1863 3293 2042 3332 sacer-

349 3367 498 3420 dotis
531 3383 666 3420 cura
697 3367 944 3420 debebit.
983 3368 1061 3420 De
1092 3367 1309 3420 clericrs
1349 3372 1560 3432 autem,
1618 3370 1672 3420 et
1721 3366 2036 3432 monachis,

353 3460 450 3507 aut
487 3455 692 3524 puellis
717 3455 837 3522 Dei,
885 3460 986 3507 aut
1017 3454 1370 3508 secularibus
1423 3455 1636 3508 servari
1675 3454 2040 3525 precipimus

349 3543 501 3596 hunc
528 3548 809 3608 tenorem,
839 3558 1010 3612 quem
1047 3543 1274 3596 Nicaeua
1306 3543 1558 3613 synodus
1597 3542 1746 3596 circa
1794 3559 1891 3596 eos
1940 3542 2040 3612 qui

346 3632 492 3700 lapsi
536 3636 687 3697 sunt,
737 3632 823 3684 vel
865 3631 1120 3698 fuerunt,
1171 3632 1516 3684 servandum
1566 3648 1688 3685 esse
1721 3631 2038 3698 constituit,

349 3725 412 3773 ut
433 3719 667 3786 scilicet,
696 3719 797 3788 qui
828 3720 986 3772 nulla
1028 3721 1385 3786 necessitate,
1440 3720 1654 3773 nullius
1700 3720 1785 3774 rei
1832 3721 2039 3773 timore

349 3813 520 3877 atque
552 3806 824 3876 periculo,
861 3824 918 3859 se
956 3812 1019 3860 ut
1042 3807 1491 3876 rebaptizaretur
1537 3807 1826 3861 hareticis
1862 3807 2039 3878 impie

347 3896 695 3950 dediderunt
726 3914 737 3949 :
775 3896 823 3948 si
844 3901 1038 3949 tamen
1087 3913 1185 3949 eos
1215 3913 1281 3950 ex
1330 3897 1499 3950 corde
1529 3896 1825 3966 poeniteat,
1859 3896 2040 3949 tribus

348 3983 514 4036 annis
544 3983 692 4036 inter
724 3984 1018 4038 audientes
1049 3985 1178 4038 sint.
1213 3985 1439 4055 Septem
1471 4000 1603 4037 vero
1630 3983 1793 4036 annis
1854 3983 2041 4052 subja-

345 4076 509 4124 ceant
546 4071 696 4124 inter
725 4072 1062 4141 posuitentes
1091 4074 1352 4126 manibus
1375 4073 1734 4126 sacerdotum
1770 4089 1783 4125 :
1817 4072 2038 4125 duobus

347 4161 520 4212 etiam
565 4160 630 4213 ad
688 4160 1001 4214 oblationes
1049 4161 1230 4214 modis
1272 4161 1539 4215 omnibus
1584 4176 1701 4213 non
1756 4159 2035 4229 sinantur,

346 4248 445 4301 sed
474 4250 869 4302 tantummodo
899 4250 1275 4318 popularibus
1323 4250 1382 4302 in
1440 4249 1698 4302 oratione
1727 4249 2011 4302 socientur

343 4353 448 4390 nec
478 4337 860 4390 confundatur
889 4338 1002 4391 Deo
1032 4339 1177 4392 colla
1216 4337 1572 4403 submittere,
1595 4337 1729 4406 quia
1757 4353 1887 4390 eum
1919 4354 2034 4392 non

345 4425 557 4492 timuit,
617 4426 918 4496 abnegare.
971 4427 1133 4490 Quod
1179 4427 1247 4490 si,
1280 4431 1476 4496 utpote
1537 4427 1830 4492 mortales,
1881 4425 2034 4480 intra

343 4519 522 4568 metas
551 4514 871 4584 praescripti
910 4514 1184 4584 temporis
1214 4513 1452 4582 coeperit
1482 4513 1610 4566 vitae
1645 4513 1774 4567 ﬁnis
1803 4530 2029 4585 urgere,

341 4603 796 4657 subveniendum
820 4607 902 4656 est
959 4602 1315 4671 imploranti,
1371 4605 1427 4654 et
1466 4618 1566 4655 seu
1613 4602 1683 4655 ab
1739 4602 2028 4673 episcopo,

340 4692 438 4762 qui
472 4691 868 4762 pmnitentiam
903 4691 1138 4758 dederit,
1175 4706 1275 4743 seu
1305 4689 1374 4742 ab
1407 4690 1537 4757 alio,
1568 4689 1667 4760 qui
1708 4695 1903 4744 tamen
1929 4692 2032 4745 da-

335 4785 451 4835 tam
484 4798 604 4834 esse
635 4780 984 4850 probaverit,
1056 4785 1154 4833 aut
1196 4778 1461 4831 similiter
1508 4795 1541 4831 a
1569 4780 1900 4850 presbytero
1921 4781 2031 4835 via-

338 4870 515 4923 ticum
549 4869 781 4923 abeunti
804 4869 872 4922 de
904 4869 1107 4921 sazculo
1145 4883 1260 4919 non
1306 4871 1568 4937 negetur.
1614 4869 1809 4922 Pueris
1842 4873 2032 4923 autem

334 4958 544 5028 quibus
575 4958 728 5028 quod
760 4957 946 5010 adhuc
972 4957 1218 5009 investes
1258 4961 1413 5021 sunt,
1461 4973 1491 5009 a
1547 4957 1800 5026 puritate
1866 4973 2031 5010 voca-

331 5048 532 5101 bulum
557 5050 660 5112 est,
687 5062 789 5100 seu
821 5044 1058 5108 clericis,
1083 5060 1183 5096 seu
1212 5042 1393 5109 laicis,
1428 5047 1528 5096 aut
1589 5045 1764 5098 etiam
1823 5044 2028 5100 simili-

331 5135 440 5188 bus
495 5135 720 5203 puellis,
781 5133 989 5204 quibus
1045 5132 1368 5201 ignorantia
1439 5132 1785 5202 suffragatur
1823 5135 2024 5200 aetatis,

335 5223 669 5294 aliquandiu
734 5222 838 5302 sub
892 5237 1096 5273 manus
1131 5220 1499 5290 impositione
1565 5222 1834 5290 detentis,
1897 5224 2028 5276 red-

336 5313 520 5366 denda
558 5310 890 5364 communio
919 5313 1020 5376 est,
1082 5325 1187 5362 nec
1231 5325 1428 5362 eorum
1471 5310 1818 5380 expectanda
1847 5311 2032 5379 poeni-

330 5400 512 5455 tentia
532 5417 674 5471 quos
715 5398 924 5468 excipit
952 5413 984 5450 a
1013 5396 1360 5451 coercitione
1409 5413 1669 5451 censura.
1730 5398 1892 5461 Quod
1946 5404 2031 5452 est

333 5507 366 5543 a
395 5489 558 5543 nobis
586 5487 828 5559 proinde
859 5485 1255 5553 constitutum,
1290 5503 1360 5539 ne
1386 5486 1447 5539 hi
1491 5486 1698 5556 quibus
1725 5487 1785 5540 in
1815 5488 2030 5542 terreni

333 5578 462 5631 labe
503 5575 773 5646 contagii,
825 5574 953 5646 plus
999 5574 1264 5630 minusve
1321 5579 1500 5630 restat
1549 5575 1619 5630 ad
1658 5575 1853 5643 vitam,
1889 5577 2029 5630 dum

2017 4291 2101 4348 ’D

2149 3103 2250 3174 pti,
2286 3103 2557 3174 quoniam
2598 3103 2665 3156 de
2722 3120 2824 3157 suo
2879 3104 3079 3157 ordine
3107 3111 3164 3157 et
3219 3103 3626 3158 communione
3683 3104 3846 3158 vide-

2148 3191 2304 3245 bitur
2352 3191 2499 3244 ferre
2553 3191 2856 3261 judicium,
2907 3192 3166 3264 quisquis
3224 3193 3330 3246 hoc
3379 3193 3606 3246 violarit
3660 3193 3846 3246 antis-

2152 3279 2318 3333 titum
2356 3281 2479 3333 :vel
2506 3280 2604 3350 qui
2638 3296 2753 3333 non
2784 3281 3090 3334 removerit
3147 3297 3278 3334 eum
3319 3297 3490 3352 quem
3533 3297 3597 3334 ex
3627 3280 3718 3335 his
3771 3283 3849 3336 ad

2148 3367 2534 3422 ministerium
2563 3367 2821 3421 clericale
2856 3369 3175 3439 Obrepsisse
3206 3371 3557 3440 cognoverit.
3623 3370 3842 3424 Curan-

2150 3458 2291 3510 dum
2325 3474 2458 3510 vero
2490 3455 2755 3523 maxime,
2797 3461 2853 3510 et
2909 3458 3068 3511 omni
3129 3459 3351 3512 cautela
3399 3463 3483 3512 est
3532 3457 3846 3529 providen-

2148 3547 2283 3600 dum
2315 3563 2386 3599 ne
2417 3546 2546 3615 quis
2574 3546 2815 3599 fratrum
2849 3547 3432 3619 coepiscoporumque
3488 3553 3846 3614 nostrorum,

2148 3639 2247 3688 aut
2303 3635 2475 3688 etiam
2523 3635 2989 3704 presbyterorum
3052 3635 3112 3688 in
3158 3637 3392 3690 alterius
3441 3637 3689 3703 civitate,
3753 3638 3850 3690 vel

2148 3722 2377 3777 dioecesi
2407 3722 2800 3792 pmnitentem,
2854 3725 2942 3776 vel
2990 3724 3094 3777 sub
3131 3741 3306 3778 manu
3354 3727 3608 3796 positum
3663 3741 3852 3779 sacer-

2147 3812 2293 3866 dotis
2326 3818 2422 3865 aut
2451 3827 2585 3865 eum
2613 3811 2712 3882 qui
2740 3812 3108 3866 conciliatum
3158 3829 3216 3867 se
3247 3830 3371 3867 esse
3429 3814 3652 3881 dixerit,
3719 3815 3848 3868 sine

2147 3900 2403 3971 episc0pi
2433 3901 2523 3955 vel
2555 3901 2872 3972 presbyteri
2903 3902 3233 3956 testimonio
3273 3907 3326 3956 et
3368 3903 3592 3968 litteris,
3653 3908 3754 3956 aut
3785 3903 3850 3957 in

2147 3989 2416 4058 parochia
2446 3988 2761 4059 presbyter,
2795 3994 2894 4042 aut
2925 3989 3224 4060 episcopus
3265 3990 3325 4044 in
3376 3991 3621 4056 civitate,
3665 3991 3848 4045 susci-

2147 4078 2283 4148 piat.
2315 4077 2475 4141 Quod
2507 4077 2700 4148 aliqua
2728 4077 3184 4132 dissimulatione
3211 4081 3560 4149 neglectum,
3611 4080 3849 4150 culpam

2147 4166 2335 4237 tangit
2365 4166 2538 4220 etiam
2568 4166 2928 4234 clericorum,
2971 4168 3070 4237 qui
3103 4168 3162 4221 in
3201 4168 3337 4222 locis
3381 4168 3443 4222 in
3473 4169 3682 4240 quibus
3732 4171 3849 4223 hoc

2147 4257 2339 4310 minus
2370 4262 2627 4311 curatum
2679 4257 2854 4310 fuerit
2892 4262 3342 4312 commorantur.
3381 4258 3476 4312 His
3503 4258 3696 4328 itaque
3729 4259 3846 4312 rite

2145 4344 2452 4415 dispositis,
2491 4349 2546 4398 et
2607 4344 2677 4398 ad
2737 4345 3112 4400 Ecclesiarum
3177 4351 3496 4400 vestrarum
3547 4345 3847 4416 notitiam,

2141 4438 2334 4487 nostra
2391 4433 2797 4487 deliberatione
2851 4434 3108 4504 perlatis,
3149 4451 3351 4504 parere
3390 4451 3493 4489 vos
3544 4437 3836 4490 convenit.

2142 4522 2358 4586 Quibus
2386 4521 2516 4575 licet
2543 4522 2611 4575 ad
2649 4522 2973 4576 animarum
3013 4524 3435 4593 reparationem
3467 4524 3609 4578 nihil
3639 4525 3844 4580 deesse

2141 4610 2418 4675 videatur,
2450 4613 2641 4663 tamen
2672 4609 2719 4662 si
2740 4610 2830 4664 cui
2861 4611 2992 4664 novi
3012 4611 3251 4682 aliquid,
3280 4618 3338 4666 et
3355 4615 3511 4684 quod
3540 4615 3846 4684 praeterire

2141 4713 2246 4752 nos
2281 4698 2469 4767 potuit
2494 4697 2668 4751 fuerit
2699 4699 3032 4767 revelatum,
3067 4701 3384 4755 secundum
3425 4702 3658 4756 beatum
3695 4704 3846 4758 Pau-

2140 4786 2260 4839 lum
2332 4787 2654 4856 apostolum
2708 4791 2933 4841 tacente
2996 4787 3186 4858 priore
3235 4789 3480 4844 ﬁdenter
3531 4791 3843 4846 insinuet:

2142 4873 2274 4944 quia
2307 4873 2550 4943 Spiritus
2587 4879 2815 4928 sanctus
2857 4875 2955 4929 ubi
3005 4878 3125 4930 vult
3176 4878 3371 4948 spirat,
3430 4879 3678 4934 maxime
3709 4895 3849 4934 cum

2143 4978 2243 5015 sua
2273 4978 2444 5016 causa
2491 4967 2785 5019 tractatur.
2823 4965 2935 5018 Nec
2983 4981 3090 5018 nos
3135 4966 3358 5036 pigebit
3411 4967 3629 5035 audire,
3693 4974 3752 5023 et
3796 4970 3847 5023 si

2141 5066 2256 5120 qua
2282 5055 2414 5104 sunt
2442 5052 2651 5105 omissa
2690 5069 2807 5105 non
2841 5059 3174 5123 arroganter
3205 5055 3478 5121 abnuere,
3527 5054 3625 5109 sed
3664 5055 3846 5108 ratio-

2141 5139 2410 5193 nabiliter
2456 5140 2743 5195 ordinare.
2805 5141 3010 5195 Datum
3069 5143 3274 5196 Iduum
3329 5143 3660 5197 Martiarum
3727 5143 3844 5210 die,

2142 5228 2442 5298 Dynamio,
2471 5233 2526 5282 et
2555 5229 2773 5284 Sibidio
2803 5235 3076 5300 quartum
3097 5232 3445 5286 consulibus.

2176 5387 2304 5442 CAP.
2340 5387 2398 5440 C.
2437 5418 2507 5426 -—
2575 5387 2656 5440 De
2687 5403 2743 5440 eo
2791 5391 2890 5456 qui
2935 5406 3038 5458 per
3103 5391 3473 5455 ignorantiam
3515 5390 3812 5446 ordinatur

2673 5461 2965 5527 antequam
2986 5462 3311 5543 baptizgtur.

2210 5578 2316 5647 (Ea:
2347 5579 2509 5635 dictis
2538 5581 2596 5637 S.
2627 5580 2838 5637 Isidori
2877 5584 3154 5654 episcopi.)
3213 5583 3268 5638 Si
3327 5584 3457 5656 quis
3511 5601 3616 5657 per
3676 5586 3846 5658 igno-
