3956 6306
112 354 224 407 749

1098 352 1570 412 DECRETORUM
1611 358 1796 414 LIBRI
1835 360 1945 415 XX.
1979 390 2047 401 —
2086 361 2293 417 LIBER
2331 364 2644 426 QUINTUS.

3507 375 3617 426 ’750

111 478 361 531 rantiam
414 476 714 531 ordinatur
767 480 1078 548 antequam
1125 477 1466 548 baptizatur,
1500 478 1711 533 debent
1734 481 1804 534 ab
1835 484 1880 536 Α
1919 484 2287 554 perceptione
2348 485 2669 540 chrismatis
2709 504 2970 541 nummos
3016 489 3179 545 dari:
3232 492 3413 545 solere
3463 510 3615 564 quo-

111 582 180 619 eo
227 566 496 636 baptizati
540 565 840 635 baptizari,
901 570 957 620 et
1000 566 1122 635 ipse
1163 582 1279 619 non
1335 568 1653 636 ordinetur,
1710 570 1810 623 sed

112 657 404 709 Romanus
429 656 683 725 pontifex
708 656 931 726 judicat
958 673 1073 710 non
1096 657 1391 711 hominem
1409 658 1509 728 qui
1535 659 1806 728 baptizat,

109 744 212 797 sed
270 744 545 813 Spiritum
602 744 701 797 Dei
759 745 1166 798 subministare
1225 746 1469 815 gratiam
1516 747 1808 817 baptismi,

109 830 246 883 licet
275 845 533 900 paganus
574 830 647 883 sit
685 830 784 900 qui
828 830 1098 900 baptizat.

243 918 373 971 CAP.
405 918 490 973 CI.
513 948 585 959 —
612 921 686 973 De
712 919 823 972 illis
859 922 955 988 qui
981 923 1222 985 gratiam
1250 924 1429 975 sancti
1448 922 1689 990 Spiritus

695 990 923 1043 vendere
944 996 1226 1044 conantur.

185 1079 299 1145 (Ea:
346 1078 534 1131 concil.
602 1077 817 1131 Tribur.
872 1081 959 1133 cui
1019 1081 1270 1145 interfuit
1320 1095 1418 1133 rem
1474 1081 1809 1148 Amolphus,

112 1182 236 1236 cap.
267 1166 385 1235 22.)
420 1166 641 1220 Dictum
672 1170 756 1218 est
799 1167 983 1220 solere
1041 1166 1101 1220 in
1131 1167 1473 1222 duibusdam
1536 1168 1676 1221 locis
1705 1184 1811 1238 pro

1921 588 2030 641 que
2060 588 2163 643 pro
2205 574 2488 644 baptismo
2535 581 2590 629 et
2630 577 3059 633 communione.
3116 580 3232 633 Hoc
3275 583 3613 651 symoniaczr.

1920 661 2155 714 haeresis
2180 678 2375 716 semen
2405 663 2686 717 detestata
2725 670 2811 717 est
2853 670 3045 719 sancta
3075 666 3341 729 Sinodus,
3381 675 3437 722 et
3471 687 3612 724 ana-

1919 749 2326 815 thematizavit,
2356 756 2411 803 et
2442 757 2502 804 ut
2530 752 2599 805 de
2658 758 2858 806 caetero
2907 770 3013 807 nec
3065 772 3167 824 pro
3232 757 3612 825 ordinatione,

1921 852 2026 890 nec
2055 853 2158 906 pro
2210 839 2532 905 chrismate,
2576 841 2663 894 vel
2705 842 3010 911 baptismo,
3068 844 3152 896 vel
3190 860 3295 912 pro
3340 846 3613 913 balsamo,

1922 942 2026 979 nec
2081 942 2185 995 pro
2260 928 2571 997 sepultura,
2661 929 2748 982 vel
2805 931 3230 997 communione,
3307 933 3615 1004 quicquam

1922 1012 2222 1082 exigatur:
2256 1015 2353 1068 sed
2401 1016 2576 1084 gratis
2605 1016 2753 1071 dona
2800 1018 3027 1083 Christi,
3077 1020 3325 1090 gratuita
3383 1022 3617 1092 dispen-

1923 1102 2140 1155 satione
2174 1103 2478 1157 donentur.

1520 1283 1695 1322 FINIS
1741 1283 1913 1323 LIBBI
1960 1284 2225 1331 QUARTI.

981 1487 1275 1559 INDEX
1334 1486 2021 1559 CAPITULORUM
2080 1489 2333 1561 LIBRI
2396 1488 2755 1574 QUINTI.

186 1630 317 1683 CAP.
351 1630 393 1684 Ι.
437 1629 594 1692 Quod
626 1645 797 1683 omne
841 1629 1057 1683 crimen
1100 1630 1388 1683 sacrificiis
1439 1631 1552 1684 Deo
1605 1629 1810 1683 oblatis

113 1718 397 1783 deleatur,
433 1732 675 1788 quaeque
716 1717 775 1771 in
805 1718 1094 1771 sacriﬁciis
1143 1718 1352 1771 debent
1396 1717 1655 1772 adhiberi
1680 1733 1810 1787 quae

112 1806 298 1875 rejici.

183 1894 251 1946 II.
281 1893 445 1957 Quod
474 1893 534 1947 in
583 1893 935 1947 Eucharistia
967 1910 1072 1948 nec
1102 1910 1247 1965 pura
1279 1910 1427 1964 aqua
1460 1910 1564 1947 nec
1596 1909 1806 1964 purum

112 1982 316 2035 vinum
349 1982 543 2035 offerri
574 1982 795 2036 debeat.

185 2070 283 2123 III.
309 2071 379 2124 Ut
406 2070 466 2123 in
496 2070 768 2124 sacriﬁcio
799 2071 965 2140 panis
1004 2074 1060 2124 et
1084 2070 1281 2124 vinum
1305 2085 1435 2124 cum
1469 2084 1620 2139 aqua
1666 2068 1809 2121 mix-

113 2165 239 2213 tum
272 2159 565 2213 offeratur.

184 2248 276 2302 IV.
312 2249 381 2302 Ut
406 2247 551 2300 nihil
579 2247 734 2301 aliud
763 2247 823 2300 in
855 2247 1133 2301 sacriﬁcio
1181 2247 1455 2301 offeratur
1500 2245 1613 2299 nisi
1643 2244 1810 2315 panis

113 2341 168 2390 et
198 2336 400 2389 vinum
423 2352 568 2406 aqua
595 2336 858 2390 mixtum.

182 2425 243 2478 V.
277 2426 357 2478 De
404 2424 673 2494 passione
723 2424 952 2479 Domini
990 2425 1048 2479 in
1095 2424 1522 2479 consecratione
1553 2422 1810 2493 corporis

114 2512 428 2567 miscenda.

181 2601 274 2653 VI.
327 2601 465 2664 Quae
520 2600 738 2670 species
766 2602 837 2655 ad
870 2602 1045 2655 altare
1076 2618 1195 2655 non
1226 2602 1295 2656 ad
1338 2600 1683 2655 sacriﬁcium
1712 2600 1809 2654 sed

110 2687 179 2741 ad
207 2687 674 2742 benedictionem
703 2689 1021 2759 simplicem
1050 2689 1381 2743 offerantur.

183 2775 297 2829 VII.
326 2776 404 2829 De
435 2777 633 2831 eadem
669 2793 748 2831 re.

178 2864 325 2917 VIII.
361 2864 513 2918 Nihil
541 2864 602 2918 in
650 2864 927 2919 sacrificio
962 2869 1173 2935 praeter
1198 2865 1351 2935 quod
1384 2864 1663 2919 Dominus
1695 2867 1809 2917 sta—

112 2952 219 3006 tuit
263 2952 641 3007 offerendum.

180 3043 268 3095 IX.
307 3042 380 3095 Ut
407 3041 725 3111 presbyteri
744 3058 841 3094 vas
866 3042 1148 3095 mundum
1179 3041 1430 3095 habeant
1475 3039 1575 3095 ubi
1603 3054 1810 3109 corpus

116 3130 349 3184 Domini
372 3145 500 3199 cum
540 3130 840 3200 diligentia
872 3130 1239 3185 recondatur.

180 3216 245 3269 X.
277 3215 349 3268 Ut
390 3214 687 3285 presbyter
736 3214 1152 3271 Eucharistiam
1183 3215 1244 3268 in
1276 3217 1551 3283 promptu
1580 3212 1805 3267 habeat.

179 3305 272 3359 XI.
306 3305 412 3358 Tot
436 3303 752 3359 oblationes
796 3309 937 3374 quot
971 3305 1184 3375 populo
1236 3304 1523 3357 sufficiant
1562 3303 1811 3357 offeren-

116 3393 234 3459 das,
268 3392 495 3447 relictas
515 3393 576 3446 in
612 3393 923 3447 crastinum
953 3409 1068 3446 non
1125 3393 1519 3447 reservandas.

182 3482 298 3535 XII.
360 3481 687 3536 Oblationes
731 3482 799 3536 de
856 3482 1088 3535 sabbato
1144 3481 1206 3535 in
1273 3480 1570 3535 sabbatum
1633 3478 1811 3533 inno-

116 3571 349 3625 vendas.

180 3660 323 3714 XIII.
361 3660 430 3713 Ut
456 3662 737 3729 praesente
768 3662 822 3712 et
866 3658 1233 3729 praecipiente
1277 3658 1633 3729 presbytero,
1682 3656 1809 3710 dia-

117 3765 294 3802 conus
325 3746 603 3818 populum
628 3747 1032 3801 communicet.

182 3838 317 3891 XIV.
349 3835 509 3900 Quod
558 3835 821 3889 discretio
873 3852 1080 3905 magna
1130 3850 1253 3889 esse
1309 3835 1515 3889 debeat
1564 3834 1635 3888 de
1675 3849 1811 3905 per-

116 3927 379 3996 ceptione
408 3925 663 3995 corporis
697 3929 753 3978 et
782 3924 1077 3994 sanguinis
1118 3923 1417 3977 Dominici.

181 4015 289 4069 XV.
329 4014 408 4068 De
435 4013 770 4084 quotidiana
798 4013 1169 4083 perceptione
1208 4011 1595 4067 Eucharistia.

180 4104 316 4157 XVI.
353 4104 429 4156 De
461 4103 661 4157 eadem
701 4118 782 4156 re.

182 4193 345 4248 XVII.
381 4191 532 4245 Laici
562 4196 649 4246 ter
677 4190 983 4245 minimum
1014 4190 1073 4244 in
1104 4206 1254 4244 anno
1293 4187 1734 4244 communicent.

183 4280 373 4337 XVIII.
430 4283 518 4334 An
552 4278 966 4335 Eucharistiam
1024 4279 1125 4350 qui
1153 4294 1382 4349 semper
1423 4281 1637 4350 peccat,
1668 4290 1810 4329 sem-

116 4386 219 4440 per
239 4369 500 4438 accipere
532 4368 754 4423 debeat.

182 4459 317 4514 XIX.
370 4457 530 4521 Quod
588 4456 826 4527 singulis
859 4455 1059 4510 diebus
1096 4454 1408 4509 Dominicis
1454 4454 1515 4508 in
1554 4451 1809 4516 Quadra-

113 4547 335 4617 gesima
361 4545 558 4601 ﬁdeles
581 4545 1045 4600 communicandi
1074 4544 1207 4598 sint.

182 4637 285 4690 XX.
358 4635 428 4689 Ut
482 4634 543 4688 in
595 4651 757 4689 omna
804 4631 1031 4689 Domini
1076 4630 1460 4686 Eucharistia!
1516 4627 1806 4700 perceptio

113 4740 235 4779 non
256 4724 602 4794 negligatur.

180 4814 315 4868 XXI.
370 4813 447 4866 De
494 4810 865 4865 histrionibus
919 4814 975 4864 et
1000 4809 1205 4880 magis,
1239 4825 1310 4862 an
1341 4806 1805 4861 communionem

110 4918 241 4956 cum
276 4899 494 4954 ceteris
535 4898 800 4953 ﬁdelibus
848 4896 1104 4967 accipere
1136 4896 1409 4951 debeant.

177 4989 333 5043 XXII.
388 4987 568 5051 Quam
612 4986 711 5041 diu
760 4985 1158 5057 unusquisque
1206 4988 1337 5038 ante
1385 4999 1602 5037 sacram
1650 4998 1802 5037 com-

108 5077 447 5131 munionem
481 5076 550 5129 ab
579 5091 753 5130 uxore
784 5091 844 5129 se
874 5074 1163 5129 abstinere
1195 5073 1417 5127 debeat.

176 5166 357 5220 XXIII.
390 5164 552 5229 Quod
592 5164 743 5218 inter
789 5163 1104 5217 catholicos
1150 5178 1266 5217 non
1332 5164 1803 5227 connumeretur,

106 5255 207 5325 qui
248 5255 310 5307 in
360 5253 481 5306 istis
527 5252 901 5324 temporibus,
948 5251 1180 5317 Pascha,
1236 5252 1588 5317 Pentecoste,
1620 5248 1803 5302 Natali

108 5342 338 5398 Domini
364 5358 481 5396 non
508 5341 1035 5396 communicaverit.

174 5431 347 5487 XXIV.
376 5431 449 5485 Ut
476 5430 688 5485 oblatio
719 5429 914 5485 altaris
952 5428 1194 5500 singulis
1244 5426 1555 5483 Dominicis
1600 5426 1801 5481 diebus

107 5522 223 5576 fiat.

171 5609 320 5665 XXV.
351 5609 433 5664 De
463 5608 666 5665 eadem
708 5624 789 5663 re.

1988 1633 2158 1685 XXVI.
2220 1633 2295 1685 De
2344 1632 2676 1686 diaconibus
2728 1633 2883 1703 quod
2942 1634 3287 1703 presbyteris
3357 1651 3614 1690 commu-

1920 1718 2146 1773 nionem
2184 1720 2319 1773 dare
2349 1736 2469 1773 non
2500 1721 2764 1775 debeant.

1989 1807 2186 1861 XXVII.
2225 1809 2300 1861 De
2331 1808 2577 1877 eulogiis
2611 1810 2839 1878 populis
2869 1827 2902 1863 a
2949 1810 3281 1881 presbytero
3320 1812 3544 1866 dandis.

1989 1894 2210 1948 XXVIII.
2242 1895 2434 1949 Oratio
2470 1895 2711 1966 simplex
2739 1897 3002 1966 eulogize.

1988 1983 2156 2036 XXIX.
2186 1984 2265 2036 De
2294 2000 2441 2054 pane
2480 1985 2579 2054 qui
2611 1985 2939 2039 offerendus
2971 1992 3074 2039 est.

1988 2071 2134 2125 XXX.
2186 2073 2262 2124 De
2308 2072 2654 2141 presbyteris
2717 2073 2816 2142 qui
2864 2089 3070 2143 corpus
3118 2074 3480 2129 Dominicum
3541 2073 3609 2128 ad

1917 2156 2290 2212 deferendum
2320 2159 2565 2213 inﬁrmis
2598 2160 2951 2213 mulierculis
2994 2162 3244 2215 tradunt.

1988 2248 2155 2301 XXXI.
2184 2249 2253 2301 Ut
2282 2247 2562 2301 defunctis
2594 2249 2945 2302 Eucharistia
2976 2266 3088 2303 non
3121 2250 3305 2303 detur.

1987 2336 2180 2389 XXXII.
2214 2336 2281 2389 Ut
2313 2336 2630 2390 oblationes
2682 2336 2741 2390 in
2789 2337 3103 2406 majoribus
3150 2337 3307 2392 festis
3366 2339 3437 2392 ab
3494 2355 3618 2393 om-

1922 2424 2107 2490 nibus,
2144 2428 2250 2477 etc.

1988 2512 2207 2566 XXXIII.
2264 2513 2423 2576 Quod
2480 2514 2759 2567 ministris
2791 2513 2985 2567 altaris
3029 2531 3201 2584 supra
3257 2516 3433 2568 altare
3482 2516 3615 2569 solis

1919 2600 2341 2654 communicare
2368 2602 2550 2655 liceat.

1986 2688 2172 2742 XXXV.
2239 2689 2306 2742 Ut
2364 2689 2554 2741 nullus
2618 2688 2766 2742 infra
2840 2688 3239 2759 presbyterum
3316 2691 3614 2744 ordinatus

1919 2792 2042 2831 rem
2075 2793 2108 2829 a
2140 2777 2472 2846 presbytero
2503 2783 2894 2831 consecratam
2926 2778 3091 2831 alteri
3121 2779 3397 2848 porrigat.

1991 2866 2177 2919 XXXV.
2236 2866 2315 2918 De
2373 2865 2486 2918 illis
2531 2864 2629 2935 qui
2658 2870 2791 2935 post
2851 2865 3101 2936 aliquam
3159 2867 3616 2937 degustationem

1921 2952 2259 3007 sacrificium
2284 2955 2623 3022 acceperint.

1989 3043 2203 3095 XXXVI.
2230 3043 2299 3096 Ut
2342 3042 2645 3112 presbyter
2689 3042 2988 3097 illiteratus
3045 3043 3271 3097 Missam
3328 3043 3616 3098 celebrare

1843 3124 1884 3177 C
1923 3146 2039 3183 non
2071 3130 2292 3184 debeat.

1992 3219 2233 3272 XXXVII.
2280 3221 2386 3273 Pro
2438 3218 2608 3273 unius
2657 3219 2946 3274 oblatione
3004 3220 3241 3274 alterius
3289 3236 3403 3274 non
3455 3237 3613 3291 sper-

1922 3306 2191 3360 nendam.

1988 3396 2253 3467 XXXVIII.
2295 3397 2364 3449 Ut
2408 3395 2811 3450 dissidentium
2838 3397 3080 3450 fratrum
3131 3397 3447 3451 oblationes
3494 3413 3613 3451 non

1918 3484 2288 3554 recipiantur.

1990 3574 2198 3627 XXXIX.
2251 3573 2319 3626 Ut
2363 3572 2664 3626 refutanda
2712 3572 2827 3627 sint
2874 3589 3077 3627 eorum
3123 3573 3274 3627 dona
3317 3573 3418 3645 qui
3467 3590 3615 3645 pau-

1921 3678 2086 3733 peres
2116 3661 2472 3732 opprimunt.

1991 3752 2096 3805 XL.
2131 3752 2206 3804 De
2239 3749 2586 3819 presbyteris
2625 3748 3076 3805 immolantibus.

1988 3839 2119 3891 XLI.
2155 3838 2232 3891 De
2262 3837 2462 3891 eadem
2491 3853 2572 3890 re.

1988 3927 2140 3980 XLII.
2176 3927 2253 3979 De
2301 3926 2648 3997 presbyteris
2683 3924 2890 3996 quibus
2922 3926 3067 3979 solet
3091 3925 3432 3980 dormiendo
3460 3942 3612 3998 saepe

1922 4030 2119 4069 semen
2152 4015 2406 4068 effluere.

1987 4102 2166 4156 XLIII.
2200 4103 2276 4155 De
2306 4102 2505 4155 eadem
2537 4118 2615 4154 re.

1988 4190 2167 4243 XLIV.
2203 4191 2279 4243 De
2319 4189 2663 4260 presbyteris
2708 4189 2932 4243 villanis
2963 4188 3009 4242 si
3054 4188 3115 4242 in
3146 4188 3373 4243 civitate
3405 4188 3612 4243 offerre

1922 4277 2188 4331 audeant.

1838 4395 1881 4448 Β
1990 4366 2137 4419 XLV.
2176 4366 2255 4418 De
2278 4365 2476 4419 eadem
2508 4381 2587 4419 re.

1989 4454 2161 4507 XLVI.
2204 4455 2284 4507 De
2341 4453 2455 4507 illis
2511 4453 2612 4524 qui
2656 4470 2761 4524 per
2808 4454 3142 4531 ebrietatem
3202 4452 3613 4507 Eucharistiam

1920 4541 2297 4596 evomuerint.

1988 4631 2192 4685 XLVII.
2230 4632 2306 4683 De
2331 4630 2441 4683 hoc
2471 4628 2517 4682 si
2552 4628 2773 4700 aliquid
2823 4630 2891 4683 de
2948 4629 3123 4684 calice
3153 4630 3295 4684 sacri
3324 4629 3618 4701 sanguinis

1916 4718 1986 4772 sti
1994 4719 2233 4773 llaverit.

1984 4808 2212 4863 XLVIII.
2244 4808 2321 4861 De
2346 4807 2443 4861 illo
2479 4805 2578 4878 qui
2604 4805 2818 4861 evomit
2848 4806 3194 4861 sacriﬁcium
3222 4812 3281 4861 et
3310 4824 3343 4861 a
3372 4807 3609 4862 canibus

1915 4896 2297 4952 consumitur.

1982 4988 2154 5041 XLIX.
2193 4987 2269 5039 De
2301 4984 2502 5039 eadem
2529 5000 2613 5038 re.

1986 5077 2045 5130 L.
2083 5077 2160 5129 De
2197 5073 2550 5129 Eucharistia
2581 5073 2918 5125 inveterata.

1986 5164 2069 5218 LI.
2106 5164 2184 5217 De
2212 5162 2328 5217 illis
2382 5161 2480 5233 qui
2538 5177 2653 5214 non
2704 5159 2851 5214 bene
2908 5159 3289 5215 custodierint
3332 5176 3538 5231 corpus
3567 5175 3625 5226 et

1912 5252 2252 5322 sanguinem
2288 5250 2531 5305 Domini.

1986 5341 2097 5393 LII.
2136 5341 2213 5393 De
2245 5340 2445 5393 eadem
2498 5355 2579 5392 re.

1983 5427 2121 5480 LIII.
2159 5428 2236 5480 De
2283 5427 2525 5481 muliere
2565 5440 2692 5495 quas
2740 5424 3003 5495 peperit,
3051 5427 3113 5477 ut
3159 5425 3539 5480 communicet
3584 5425 3631 5479 si

1909 5514 2175 5583 voluerit.

2372 5602 2587 5656 Indicis
2609 5603 2761 5670 capit
2783 5602 2997 5655 ulorum
3026 5602 3171 5670 ﬁnis.
