  <div class='ocr_page' id='page_1' title='image "/cluster/home/n/w/nwhite01/storage/ocr_20150623/140/umn.31951002477433x/411.png"; bbox 0 0 3956 6332; ppageno 0'>
   <div class='ocr_carea' id='block_1_1' title="bbox 354 372 452 422">
    <p class='ocr_par' dir='ltr' id='par_1_1' title="bbox 354 372 452 422">
     <span class='ocr_line' id='line_1_1' title="bbox 354 372 452 422; baseline 0.01 -1"><span class='ocrx_word' id='word_1_1' title='bbox 354 372 452 422; x_wconf 79' lang='grc'>751</span> 
     </span>
    </p>
   </div>
   <div class='ocr_carea' id='block_1_2' title="bbox 1417 363 3850 466">
    <p class='ocr_par' dir='ltr' id='par_1_2' title="bbox 1417 363 3850 466">
     <span class='ocr_line' id='line_1_2' title="bbox 1417 363 3850 466; baseline 0 -47"><span class='ocrx_word' id='word_1_2' title='bbox 1417 363 1830 421; x_wconf 83' lang='lat' dir='ltr'>BURCHARDI</span> <span class='ocrx_word' id='word_1_3' title='bbox 1868 364 2400 421; x_wconf 80' lang='lat' dir='ltr'>WORMACIENSIS</span> <span class='ocrx_word' id='word_1_4' title='bbox 2438 363 2767 420; x_wconf 88' lang='lat' dir='ltr'>EPISCOPI.</span> <span class='ocrx_word' id='word_1_5' title='bbox 3385 450 3403 466; x_wconf 49' lang='grc' dir='ltr'><strong><em>ο</em></strong></span> <span class='ocrx_word' id='word_1_6' title='bbox 3753 370 3850 420; x_wconf 76' lang='lat'>75?.</span> 
     </span>
    </p>
   </div>
   <div class='ocr_carea' id='block_1_3' title="bbox 1683 629 2523 733">
    <p class='ocr_par' dir='ltr' id='par_1_3' title="bbox 1683 629 2523 733">
     <span class='ocr_line' id='line_1_3' title="bbox 1683 629 2523 733; baseline 0.001 -3"><span class='ocrx_word' id='word_1_7' title='bbox 1683 629 2523 733; x_wconf 84' lang='lat' dir='ltr'>BURCHARDI</span> 
     </span>
    </p>
   </div>
   <div class='ocr_carea' id='block_1_4' title="bbox 1343 812 2858 871">
    <p class='ocr_par' dir='ltr' id='par_1_4' title="bbox 1343 812 2858 871">
     <span class='ocr_line' id='line_1_4' title="bbox 1343 812 2858 871; baseline 0.004 -6"><span class='ocrx_word' id='word_1_8' title='bbox 1343 812 1974 870; x_wconf 86' lang='lat' dir='ltr'>WORMACIENSIS</span> <span class='ocrx_word' id='word_1_9' title='bbox 2025 814 2430 870; x_wconf 63' lang='lat' dir='ltr'>ECCLESIzE</span> <span class='ocrx_word' id='word_1_10' title='bbox 2487 815 2858 871; x_wconf 89' lang='lat' dir='ltr'>EPISCOPI</span> 
     </span>
    </p>
   </div>
   <div class='ocr_carea' id='block_1_5' title="bbox 603 998 3604 1173">
    <p class='ocr_par' dir='ltr' id='par_1_5' title="bbox 603 998 3604 1173">
     <span class='ocr_line' id='line_1_5' title="bbox 603 998 3604 1173; baseline 0.001 -28"><span class='ocrx_word' id='word_1_11' title='bbox 603 998 1952 1145; x_wconf 83' lang='lat' dir='ltr'>DECRETORUM</span> <span class='ocrx_word' id='word_1_12' title='bbox 2051 999 2642 1143; x_wconf 81' lang='lat' dir='ltr'>LIBER</span> <span class='ocrx_word' id='word_1_13' title='bbox 2746 1000 3604 1173; x_wconf 84' lang='lat' dir='ltr'>QUINTUS</span> 
     </span>
    </p>
   </div>
   <div class='ocr_carea' id='block_1_6' title="bbox 1037 1261 3158 1328">
    <p class='ocr_par' dir='ltr' id='par_1_6' title="bbox 1037 1261 3158 1328">
     <span class='ocr_line' id='line_1_6' title="bbox 1037 1261 3158 1328; baseline -0 -1"><span class='ocrx_word' id='word_1_14' title='bbox 1037 1264 1137 1327; x_wconf 91' lang='lat' dir='ltr'>DE</span> <span class='ocrx_word' id='word_1_15' title='bbox 1187 1261 1726 1328; x_wconf 82' lang='lat' dir='ltr'>SACRAMENTO</span> <span class='ocrx_word' id='word_1_16' title='bbox 1777 1261 2162 1327; x_wconf 82' lang='lat' dir='ltr'>CORPORIS</span> <span class='ocrx_word' id='word_1_17' title='bbox 2211 1263 2315 1326; x_wconf 90' lang='lat' dir='ltr'>ET</span> <span class='ocrx_word' id='word_1_18' title='bbox 2365 1261 2797 1327; x_wconf 85' lang='lat' dir='ltr'>SANGUINIS</span> <span class='ocrx_word' id='word_1_19' title='bbox 2846 1263 3158 1328; x_wconf 88' lang='lat' dir='ltr'>DOMINI.</span> 
     </span>
    </p>
   </div>
   <div class='ocr_carea' id='block_1_7' title="bbox 840 1541 1540 1596">
    <p class='ocr_par' dir='ltr' id='par_1_7' title="bbox 840 1541 1540 1596">
     <span class='ocr_line' id='line_1_7' title="bbox 840 1541 1540 1596; baseline -0.001 0"><span class='ocrx_word' id='word_1_20' title='bbox 840 1541 1322 1596; x_wconf 83' lang='lat' dir='ltr'>ARGUMENTUM</span> <span class='ocrx_word' id='word_1_21' title='bbox 1354 1541 1540 1595; x_wconf 82' lang='lat' dir='ltr'>LIBRI</span> 
     </span>
    </p>
   </div>
   <div class='ocr_carea' id='block_1_8' title="bbox 423 1647 2045 1720">
    <p class='ocr_par' dir='ltr' id='par_1_8' title="bbox 423 1647 2045 1720">
     <span class='ocr_line' id='line_1_8' title="bbox 423 1647 2045 1720; baseline -0.002 -15"><span class='ocrx_word' id='word_1_22' title='bbox 423 1651 590 1705; x_wconf 86' lang='lat' dir='ltr'>Liber</span> <span class='ocrx_word' id='word_1_23' title='bbox 626 1649 718 1703; x_wconf 90' lang='lat' dir='ltr'>hic</span> <span class='ocrx_word' id='word_1_24' title='bbox 751 1665 879 1720; x_wconf 67' lang='lat' dir='ltr'>quae</span> <span class='ocrx_word' id='word_1_25' title='bbox 925 1649 994 1703; x_wconf 91' lang='lat' dir='ltr'>ad</span> <span class='ocrx_word' id='word_1_26' title='bbox 1032 1652 1449 1701; x_wconf 80' lang='lat' dir='ltr'>sacramentum</span> <span class='ocrx_word' id='word_1_27' title='bbox 1499 1647 1868 1700; x_wconf 84' lang='lat' dir='ltr'>Eucharistiae</span> <span class='ocrx_word' id='word_1_28' title='bbox 1922 1663 2045 1718; x_wconf 90' lang='lat' dir='ltr'>spe-</span> 
     </span>
    </p>
   </div>
   <div class='ocr_carea' id='block_1_9' title="bbox 349 1734 2042 1808">
    <p class='ocr_par' dir='ltr' id='par_1_9' title="bbox 349 1734 2042 1808">
     <span class='ocr_line' id='line_1_9' title="bbox 349 1734 2042 1808; baseline -0.002 -16"><span class='ocrx_word' id='word_1_29' title='bbox 349 1744 501 1793; x_wconf 88' lang='lat' dir='ltr'>ctant</span> <span class='ocrx_word' id='word_1_30' title='bbox 528 1739 859 1808; x_wconf 83' lang='lat' dir='ltr'>plenissime</span> <span class='ocrx_word' id='word_1_31' title='bbox 888 1741 1109 1802; x_wconf 78' lang='lat' dir='ltr'>tractat,</span> <span class='ocrx_word' id='word_1_32' title='bbox 1141 1737 1282 1790; x_wconf 90' lang='lat' dir='ltr'>adeo</span> <span class='ocrx_word' id='word_1_33' title='bbox 1318 1739 1379 1788; x_wconf 91' lang='lat' dir='ltr'>ut</span> <span class='ocrx_word' id='word_1_34' title='bbox 1409 1734 1553 1788; x_wconf 88' lang='lat' dir='ltr'>nihil</span> <span class='ocrx_word' id='word_1_35' title='bbox 1603 1734 1758 1804; x_wconf 90' lang='lat' dir='ltr'>quod</span> <span class='ocrx_word' id='word_1_36' title='bbox 1787 1734 1858 1788; x_wconf 92' lang='lat' dir='ltr'>ad</span> <span class='ocrx_word' id='word_1_37' title='bbox 1893 1735 2042 1789; x_wconf 90' lang='lat' dir='ltr'>hanc</span> 
     </span>
    </p>
   </div>
   <div class='ocr_carea' id='block_1_10' title="bbox 347 1825 1003 1896">
    <p class='ocr_par' dir='ltr' id='par_1_10' title="bbox 347 1825 1003 1896">
     <span class='ocr_line' id='line_1_10' title="bbox 347 1825 1003 1896; baseline -0.008 -14"><span class='ocrx_word' id='word_1_38' title='bbox 347 1844 470 1882; x_wconf 88' lang='lat' dir='ltr'>rem</span> <span class='ocrx_word' id='word_1_39' title='bbox 497 1828 695 1880; x_wconf 91' lang='lat' dir='ltr'>attinet</span> <span class='ocrx_word' id='word_1_40' title='bbox 725 1825 1003 1896; x_wconf 82' lang='lat' dir='ltr'>requiras.</span> 
     </span>
    </p>
   </div>
   <div class='ocr_carea' id='block_1_11' title="bbox 351 1928 2040 1998">
    <p class='ocr_par' dir='ltr' id='par_1_11' title="bbox 351 1928 2040 1998">
     <span class='ocr_line' id='line_1_11' title="bbox 351 1928 2040 1998; baseline -0.004 -10"><span class='ocrx_word' id='word_1_41' title='bbox 351 1935 478 1989; x_wconf 80' lang='lat' dir='ltr'>CAP.</span> <span class='ocrx_word' id='word_1_42' title='bbox 507 1935 547 1986; x_wconf 92' lang='lat' dir='ltr'>I.</span> <span class='ocrx_word' id='word_1_43' title='bbox 578 1964 645 1971; x_wconf 97' lang='lat'><strong>—</strong></span> <span class='ocrx_word' id='word_1_44' title='bbox 676 1933 826 1998; x_wconf 84' lang='lat' dir='ltr'><em>Quod</em></span> <span class='ocrx_word' id='word_1_45' title='bbox 848 1948 997 1985; x_wconf 88' lang='lat' dir='ltr'>omne</span> <span class='ocrx_word' id='word_1_46' title='bbox 1045 1933 1244 1983; x_wconf 83' lang='lat' dir='ltr'>crimen</span> <span class='ocrx_word' id='word_1_47' title='bbox 1273 1930 1557 1998; x_wconf 86' lang='lat' dir='ltr'>sacriﬁciis</span> <span class='ocrx_word' id='word_1_48' title='bbox 1599 1931 1699 1983; x_wconf 90' lang='lat' dir='ltr'>Deo</span> <span class='ocrx_word' id='word_1_49' title='bbox 1724 1928 1918 1983; x_wconf 84' lang='lat' dir='ltr'>oblatis</span> <span class='ocrx_word' id='word_1_50' title='bbox 1950 1929 2040 1983; x_wconf 89' lang='lat' dir='ltr'>de-</span> 
     </span>
    </p>
   </div>
   <div class='ocr_carea' id='block_1_12' title="bbox 419 2000 2043 2071">
    <p class='ocr_par' dir='ltr' id='par_1_12' title="bbox 419 2000 2043 2071">
     <span class='ocr_line' id='line_1_12' title="bbox 419 2000 2043 2071; baseline -0.004 -12"><span class='ocrx_word' id='word_1_51' title='bbox 419 2007 613 2068; x_wconf 84' lang='lat' dir='ltr'>leatur,</span> <span class='ocrx_word' id='word_1_52' title='bbox 652 2019 872 2071; x_wconf 70' lang='lat' dir='ltr'>quaeque</span> <span class='ocrx_word' id='word_1_53' title='bbox 915 2005 972 2055; x_wconf 82' lang='lat' dir='ltr'>in</span> <span class='ocrx_word' id='word_1_54' title='bbox 1026 2004 1308 2069; x_wconf 80' lang='lat' dir='ltr'>sacriﬁciis</span> <span class='ocrx_word' id='word_1_55' title='bbox 1349 2001 1574 2054; x_wconf 83' lang='lat' dir='ltr'>debeant</span> <span class='ocrx_word' id='word_1_56' title='bbox 1617 2000 1896 2068; x_wconf 85' lang='lat' dir='ltr'>adhiberi,</span> <span class='ocrx_word' id='word_1_57' title='bbox 1925 2015 2043 2068; x_wconf 68' lang='lat' dir='ltr'>qua:</span> 
     </span>
    </p>
   </div>
   <div class='ocr_carea' id='block_1_13' title="bbox 420 2092 596 2142">
    <p class='ocr_par' dir='ltr' id='par_1_13' title="bbox 420 2092 596 2142">
     <span class='ocr_line' id='line_1_13' title="bbox 420 2092 596 2142; baseline -0.017 -14"><span class='ocrx_word' id='word_1_58' title='bbox 420 2092 596 2142; x_wconf 67' lang='lat' dir='ltr'>rejici.</span> 
     </span>
    </p>
   </div>
   <div class='ocr_carea' id='block_1_14' title="bbox 421 2161 2044 2231">
    <p class='ocr_par' dir='ltr' id='par_1_14' title="bbox 421 2161 2044 2231">
     <span class='ocr_line' id='line_1_14' title="bbox 421 2161 2044 2231; baseline -0.003 -15"><span class='ocrx_word' id='word_1_59' title='bbox 421 2164 533 2231; x_wconf 78' lang='lat' dir='ltr'>(Ea:</span> <span class='ocrx_word' id='word_1_60' title='bbox 580 2162 804 2215; x_wconf 77' lang='lat' dir='ltr'>decretis</span> <span class='ocrx_word' id='word_1_61' title='bbox 855 2162 988 2214; x_wconf 80' lang='lat' dir='ltr'>Julii</span> <span class='ocrx_word' id='word_1_62' title='bbox 1059 2176 1218 2228; x_wconf 58' lang='lat' dir='ltr'>papa</span> <span class='ocrx_word' id='word_1_63' title='bbox 1277 2161 1538 2227; x_wconf 82' lang='lat' dir='ltr'>episcopis</span> <span class='ocrx_word' id='word_1_64' title='bbox 1602 2173 1702 2226; x_wconf 84' lang='lat' dir='ltr'>per</span> <span class='ocrx_word' id='word_1_65' title='bbox 1750 2161 2044 2227; x_wconf 62' lang='lat' dir='ltr'>ligyptum</span> 
     </span>
    </p>
   </div>
   <div class='ocr_carea' id='block_1_15' title="bbox 350 2244 2043 2320">
    <p class='ocr_par' dir='ltr' id='par_1_15' title="bbox 350 2244 2043 2320">
     <span class='ocr_line' id='line_1_15' title="bbox 350 2244 2043 2320; baseline -0.004 -15"><span class='ocrx_word' id='word_1_66' title='bbox 350 2250 576 2320; x_wconf 85' lang='lat' dir='ltr'>missis.)</span> <span class='ocrx_word' id='word_1_67' title='bbox 609 2252 747 2303; x_wconf 90' lang='lat' dir='ltr'>Cum</span> <span class='ocrx_word' id='word_1_68' title='bbox 799 2264 968 2301; x_wconf 92' lang='lat' dir='ltr'>omne</span> <span class='ocrx_word' id='word_1_69' title='bbox 1023 2249 1240 2299; x_wconf 79' lang='lat' dir='ltr'>crimen</span> <span class='ocrx_word' id='word_1_70' title='bbox 1289 2253 1457 2316; x_wconf 89' lang='lat' dir='ltr'>atque</span> <span class='ocrx_word' id='word_1_71' title='bbox 1502 2249 1799 2315; x_wconf 88' lang='lat' dir='ltr'>peccatum</span> <span class='ocrx_word' id='word_1_72' title='bbox 1839 2244 2043 2298; x_wconf 89' lang='lat' dir='ltr'>oblatis</span> 
     </span>
    </p>
   </div>
   <div class='ocr_carea' id='block_1_16' title="bbox 352 2333 2044 2405">
    <p class='ocr_par' dir='ltr' id='par_1_16' title="bbox 352 2333 2044 2405">
     <span class='ocr_line' id='line_1_16' title="bbox 352 2333 2044 2405; baseline -0.004 -12"><span class='ocrx_word' id='word_1_73' title='bbox 352 2341 468 2393; x_wconf 91' lang='lat' dir='ltr'>Deo</span> <span class='ocrx_word' id='word_1_74' title='bbox 497 2337 786 2391; x_wconf 88' lang='lat' dir='ltr'>sacriﬁciis</span> <span class='ocrx_word' id='word_1_75' title='bbox 812 2337 1088 2403; x_wconf 84' lang='lat' dir='ltr'>deleatur,</span> <span class='ocrx_word' id='word_1_76' title='bbox 1136 2335 1272 2405; x_wconf 94' lang='lat' dir='ltr'>quid</span> <span class='ocrx_word' id='word_1_77' title='bbox 1327 2335 1397 2386; x_wconf 89' lang='lat' dir='ltr'>de</span> <span class='ocrx_word' id='word_1_78' title='bbox 1422 2340 1627 2386; x_wconf 62' lang='lat' dir='ltr'>caetero</span> <span class='ocrx_word' id='word_1_79' title='bbox 1677 2349 1780 2403; x_wconf 89' lang='lat' dir='ltr'>pro</span> <span class='ocrx_word' id='word_1_80' title='bbox 1809 2333 2044 2386; x_wconf 90' lang='lat' dir='ltr'>delicto-</span> 
     </span>
    </p>
   </div>
   <div class='ocr_carea' id='block_1_17' title="bbox 351 2420 2046 2496">
    <p class='ocr_par' dir='ltr' id='par_1_17' title="bbox 351 2420 2046 2496">
     <span class='ocr_line' id='line_1_17' title="bbox 351 2420 2046 2496; baseline -0.005 -16"><span class='ocrx_word' id='word_1_81' title='bbox 351 2444 480 2481; x_wconf 85' lang='lat' dir='ltr'>rum</span> <span class='ocrx_word' id='word_1_82' title='bbox 527 2426 850 2496; x_wconf 78' lang='lat' dir='ltr'>expiatione</span> <span class='ocrx_word' id='word_1_83' title='bbox 904 2425 1144 2477; x_wconf 87' lang='lat' dir='ltr'>Domino</span> <span class='ocrx_word' id='word_1_84' title='bbox 1216 2423 1466 2486; x_wconf 84' lang='lat' dir='ltr'>dabitur,</span> <span class='ocrx_word' id='word_1_85' title='bbox 1529 2424 1761 2491; x_wconf 81' lang='lat' dir='ltr'>quando</span> <span class='ocrx_word' id='word_1_86' title='bbox 1805 2420 1867 2473; x_wconf 91' lang='lat' dir='ltr'>in</span> <span class='ocrx_word' id='word_1_87' title='bbox 1921 2420 2046 2490; x_wconf 89' lang='lat' dir='ltr'>ipsa</span> 
     </span>
    </p>
   </div>
   <div class='ocr_carea' id='block_1_18' title="bbox 350 2509 2045 2578">
    <p class='ocr_par' dir='ltr' id='par_1_18' title="bbox 350 2509 2045 2578">
     <span class='ocr_line' id='line_1_18' title="bbox 350 2509 2045 2578; baseline -0.005 -9"><span class='ocrx_word' id='word_1_88' title='bbox 350 2515 608 2569; x_wconf 90' lang='lat' dir='ltr'>sacriﬁcii</span> <span class='ocrx_word' id='word_1_89' title='bbox 657 2513 946 2566; x_wconf 88' lang='lat' dir='ltr'>oblatione</span> <span class='ocrx_word' id='word_1_90' title='bbox 995 2513 1253 2564; x_wconf 82' lang='lat' dir='ltr'>erratur?</span> <span class='ocrx_word' id='word_1_91' title='bbox 1299 2509 1638 2564; x_wconf 88' lang='lat' dir='ltr'>Audivimus</span> <span class='ocrx_word' id='word_1_92' title='bbox 1679 2509 1834 2562; x_wconf 90' lang='lat' dir='ltr'>enim</span> <span class='ocrx_word' id='word_1_93' title='bbox 1873 2525 2045 2578; x_wconf 92' lang='lat' dir='ltr'>quos-</span> 
     </span>
    </p>
   </div>
   <div class='ocr_carea' id='block_1_19' title="bbox 351 2597 2046 2665">
    <p class='ocr_par' dir='ltr' id='par_1_19' title="bbox 351 2597 2046 2665">
     <span class='ocr_line' id='line_1_19' title="bbox 351 2597 2046 2665; baseline -0.004 -9"><span class='ocrx_word' id='word_1_94' title='bbox 351 2605 481 2658; x_wconf 88' lang='lat' dir='ltr'>dam</span> <span class='ocrx_word' id='word_1_95' title='bbox 521 2602 874 2655; x_wconf 88' lang='lat' dir='ltr'>schismatica</span> <span class='ocrx_word' id='word_1_96' title='bbox 900 2600 1212 2654; x_wconf 84' lang='lat' dir='ltr'>ambitione</span> <span class='ocrx_word' id='word_1_97' title='bbox 1246 2599 1526 2665; x_wconf 88' lang='lat' dir='ltr'>detentos,</span> <span class='ocrx_word' id='word_1_98' title='bbox 1575 2603 1770 2651; x_wconf 89' lang='lat' dir='ltr'>contra</span> <span class='ocrx_word' id='word_1_99' title='bbox 1819 2597 2046 2650; x_wconf 85' lang='lat' dir='ltr'>divinos</span> 
     </span>
    </p>
   </div>
   <div class='ocr_carea' id='block_1_20' title="bbox 348 2685 2045 2759">
    <p class='ocr_par' dir='ltr' id='par_1_20' title="bbox 348 2685 2045 2759">
     <span class='ocr_line' id='line_1_20' title="bbox 348 2685 2045 2759; baseline -0.005 -13"><span class='ocrx_word' id='word_1_100' title='bbox 348 2691 576 2746; x_wconf 88' lang='lat' dir='ltr'>ordines</span> <span class='ocrx_word' id='word_1_101' title='bbox 606 2697 662 2743; x_wconf 92' lang='lat' dir='ltr'>et</span> <span class='ocrx_word' id='word_1_102' title='bbox 690 2688 1029 2759; x_wconf 89' lang='lat' dir='ltr'>apostolicas</span> <span class='ocrx_word' id='word_1_103' title='bbox 1081 2687 1492 2754; x_wconf 82' lang='lat' dir='ltr'>institutiones,</span> <span class='ocrx_word' id='word_1_104' title='bbox 1527 2687 1614 2740; x_wconf 89' lang='lat' dir='ltr'>lac</span> <span class='ocrx_word' id='word_1_105' title='bbox 1659 2702 1763 2755; x_wconf 89' lang='lat' dir='ltr'>pro</span> <span class='ocrx_word' id='word_1_106' title='bbox 1809 2685 1941 2738; x_wconf 85' lang='lat' dir='ltr'>vino</span> <span class='ocrx_word' id='word_1_107' title='bbox 1984 2685 2045 2738; x_wconf 91' lang='lat' dir='ltr'>in</span> 
     </span>
    </p>
   </div>
   <div class='ocr_carea' id='block_1_21' title="bbox 350 2775 2042 2845">
    <p class='ocr_par' dir='ltr' id='par_1_21' title="bbox 350 2775 2042 2845">
     <span class='ocr_line' id='line_1_21' title="bbox 350 2775 2042 2845; baseline -0.004 -10"><span class='ocrx_word' id='word_1_108' title='bbox 350 2780 555 2835; x_wconf 88' lang='lat' dir='ltr'>divinis</span> <span class='ocrx_word' id='word_1_109' title='bbox 585 2779 875 2832; x_wconf 87' lang='lat' dir='ltr'>sacriﬁciis</span> <span class='ocrx_word' id='word_1_110' title='bbox 931 2777 1215 2831; x_wconf 89' lang='lat' dir='ltr'>dedicare.</span> <span class='ocrx_word' id='word_1_111' title='bbox 1268 2776 1422 2829; x_wconf 88' lang='lat' dir='ltr'>Alios</span> <span class='ocrx_word' id='word_1_112' title='bbox 1467 2791 1696 2845; x_wconf 90' lang='lat' dir='ltr'>quoque</span> <span class='ocrx_word' id='word_1_113' title='bbox 1745 2775 2042 2828; x_wconf 89' lang='lat' dir='ltr'>intinctam</span> 
     </span>
    </p>
   </div>
   <div class='ocr_carea' id='block_1_22' title="bbox 348 2863 2039 2936">
    <p class='ocr_par' dir='ltr' id='par_1_22' title="bbox 348 2863 2039 2936">
     <span class='ocr_line' id='line_1_22' title="bbox 348 2863 2039 2936; baseline -0.004 -14"><span class='ocrx_word' id='word_1_114' title='bbox 348 2868 756 2922; x_wconf 87' lang='lat' dir='ltr'>Eucharistiam</span> <span class='ocrx_word' id='word_1_115' title='bbox 793 2866 1036 2936; x_wconf 89' lang='lat' dir='ltr'>populis,</span> <span class='ocrx_word' id='word_1_116' title='bbox 1076 2881 1180 2935; x_wconf 92' lang='lat' dir='ltr'>pro</span> <span class='ocrx_word' id='word_1_117' title='bbox 1211 2865 1634 2934; x_wconf 90' lang='lat' dir='ltr'>complemento</span> <span class='ocrx_word' id='word_1_118' title='bbox 1677 2863 2039 2918; x_wconf 90' lang='lat' dir='ltr'>communio-</span> 
     </span>
    </p>
   </div>
   <div class='ocr_carea' id='block_1_23' title="bbox 347 2951 2042 3026">
    <p class='ocr_par' dir='ltr' id='par_1_23' title="bbox 347 2951 2042 3026">
     <span class='ocr_line' id='line_1_23' title="bbox 347 2951 2042 3026; baseline -0.003 -16"><span class='ocrx_word' id='word_1_119' title='bbox 347 2957 436 3010; x_wconf 87' lang='lat' dir='ltr'>nis</span> <span class='ocrx_word' id='word_1_120' title='bbox 464 2957 779 3026; x_wconf 84' lang='lat' dir='ltr'>porrigere.</span> <span class='ocrx_word' id='word_1_121' title='bbox 815 2954 1101 3018; x_wconf 83' lang='lat' dir='ltr'>Quosdam</span> <span class='ocrx_word' id='word_1_122' title='bbox 1131 2953 1302 3006; x_wconf 86' lang='lat' dir='ltr'>etiam</span> <span class='ocrx_word' id='word_1_123' title='bbox 1336 2967 1451 3004; x_wconf 90' lang='lat' dir='ltr'>non</span> <span class='ocrx_word' id='word_1_124' title='bbox 1481 2967 1812 3020; x_wconf 88' lang='lat' dir='ltr'>expressum</span> <span class='ocrx_word' id='word_1_125' title='bbox 1845 2951 2042 3005; x_wconf 90' lang='lat' dir='ltr'>vinum</span> 
     </span>
    </p>
   </div>
   <div class='ocr_carea' id='block_1_24' title="bbox 348 3039 2043 3106">
    <p class='ocr_par' dir='ltr' id='par_1_24' title="bbox 348 3039 2043 3106">
     <span class='ocr_line' id='line_1_24' title="bbox 348 3039 2043 3106; baseline -0.004 -8"><span class='ocrx_word' id='word_1_126' title='bbox 348 3045 408 3098; x_wconf 91' lang='lat' dir='ltr'>in</span> <span class='ocrx_word' id='word_1_127' title='bbox 436 3049 791 3097; x_wconf 89' lang='lat' dir='ltr'>sacramento</span> <span class='ocrx_word' id='word_1_128' title='bbox 849 3041 1129 3094; x_wconf 90' lang='lat' dir='ltr'>Dominici</span> <span class='ocrx_word' id='word_1_129' title='bbox 1175 3040 1365 3093; x_wconf 88' lang='lat' dir='ltr'>calicis</span> <span class='ocrx_word' id='word_1_130' title='bbox 1417 3041 1640 3106; x_wconf 80' lang='lat' dir='ltr'>offerre,</span> <span class='ocrx_word' id='word_1_131' title='bbox 1683 3039 1779 3093; x_wconf 91' lang='lat' dir='ltr'>sed</span> <span class='ocrx_word' id='word_1_132' title='bbox 1839 3039 2043 3092; x_wconf 90' lang='lat' dir='ltr'>oblatis</span> 
     </span>
    </p>
   </div>
   <div class='ocr_carea' id='block_1_25' title="bbox 349 3128 2042 3201">
    <p class='ocr_par' dir='ltr' id='par_1_25' title="bbox 349 3128 2042 3201">
     <span class='ocr_line' id='line_1_25' title="bbox 349 3128 2042 3201; baseline -0.003 -15"><span class='ocrx_word' id='word_1_133' title='bbox 349 3132 474 3187; x_wconf 87' lang='lat' dir='ltr'>uvis</span> <span class='ocrx_word' id='word_1_134' title='bbox 505 3134 750 3201; x_wconf 79' lang='lat' dir='ltr'>papulos</span> <span class='ocrx_word' id='word_1_135' title='bbox 797 3129 1241 3183; x_wconf 90' lang='lat' dir='ltr'>communicare.</span> <span class='ocrx_word' id='word_1_136' title='bbox 1294 3129 1449 3182; x_wconf 80' lang='lat' dir='ltr'>Alios</span> <span class='ocrx_word' id='word_1_137' title='bbox 1499 3145 1631 3181; x_wconf 89' lang='lat' dir='ltr'>vero</span> <span class='ocrx_word' id='word_1_138' title='bbox 1678 3145 1935 3198; x_wconf 90' lang='lat' dir='ltr'>pannum</span> <span class='ocrx_word' id='word_1_139' title='bbox 1972 3128 2042 3181; x_wconf 92' lang='lat' dir='ltr'>li-</span> 
     </span>
    </p>
   </div>
   <div class='ocr_carea' id='block_1_26' title="bbox 348 3218 2042 3287">
    <p class='ocr_par' dir='ltr' id='par_1_26' title="bbox 348 3218 2042 3287">
     <span class='ocr_line' id='line_1_26' title="bbox 348 3218 2042 3287; baseline -0.003 -14"><span class='ocrx_word' id='word_1_140' title='bbox 348 3236 520 3285; x_wconf 81' lang='lat' dir='ltr'>neum</span> <span class='ocrx_word' id='word_1_141' title='bbox 551 3223 739 3272; x_wconf 91' lang='lat' dir='ltr'>musto</span> <span class='ocrx_word' id='word_1_142' title='bbox 771 3218 1097 3283; x_wconf 79' lang='lat' dir='ltr'>intinctam,</span> <span class='ocrx_word' id='word_1_143' title='bbox 1133 3233 1236 3287; x_wconf 89' lang='lat' dir='ltr'>per</span> <span class='ocrx_word' id='word_1_144' title='bbox 1265 3221 1446 3269; x_wconf 89' lang='lat' dir='ltr'>totum</span> <span class='ocrx_word' id='word_1_145' title='bbox 1473 3232 1687 3269; x_wconf 90' lang='lat' dir='ltr'>annum</span> <span class='ocrx_word' id='word_1_146' title='bbox 1728 3232 2042 3285; x_wconf 89' lang='lat' dir='ltr'>reservare,</span> 
     </span>
    </p>
   </div>
   <div class='ocr_carea' id='block_1_27' title="bbox 348 3304 2038 3376">
    <p class='ocr_par' dir='ltr' id='par_1_27' title="bbox 348 3304 2038 3376">
     <span class='ocr_line' id='line_1_27' title="bbox 348 3304 2038 3376; baseline -0.003 -14"><span class='ocrx_word' id='word_1_147' title='bbox 348 3314 404 3362; x_wconf 90' lang='lat' dir='ltr'>et</span> <span class='ocrx_word' id='word_1_148' title='bbox 431 3309 489 3361; x_wconf 92' lang='lat' dir='ltr'>in</span> <span class='ocrx_word' id='word_1_149' title='bbox 519 3312 777 3376; x_wconf 90' lang='lat' dir='ltr'>tempore</span> <span class='ocrx_word' id='word_1_150' title='bbox 810 3305 1070 3359; x_wconf 90' lang='lat' dir='ltr'>sacriﬁcii</span> <span class='ocrx_word' id='word_1_151' title='bbox 1102 3322 1230 3358; x_wconf 92' lang='lat' dir='ltr'>cum</span> <span class='ocrx_word' id='word_1_152' title='bbox 1253 3321 1402 3375; x_wconf 89' lang='lat' dir='ltr'>aqua</span> <span class='ocrx_word' id='word_1_153' title='bbox 1429 3310 1650 3373; x_wconf 89' lang='lat' dir='ltr'>partem</span> <span class='ocrx_word' id='word_1_154' title='bbox 1677 3304 1799 3374; x_wconf 87' lang='lat' dir='ltr'>ejus</span> <span class='ocrx_word' id='word_1_155' title='bbox 1831 3305 2038 3371; x_wconf 89' lang='lat' dir='ltr'>lavare,</span> 
     </span>
    </p>
   </div>
   <div class='ocr_carea' id='block_1_28' title="bbox 347 3393 2042 3464">
    <p class='ocr_par' dir='ltr' id='par_1_28' title="bbox 347 3393 2042 3464">
     <span class='ocr_line' id='line_1_28' title="bbox 347 3393 2042 3464; baseline -0.002 -14"><span class='ocrx_word' id='word_1_156' title='bbox 347 3401 404 3452; x_wconf 89' lang='lat' dir='ltr'>et</span> <span class='ocrx_word' id='word_1_157' title='bbox 432 3397 510 3449; x_wconf 88' lang='lat' dir='ltr'>sic</span> <span class='ocrx_word' id='word_1_158' title='bbox 541 3396 764 3450; x_wconf 75' lang='lat' dir='ltr'>offerre.</span> <span class='ocrx_word' id='word_1_159' title='bbox 801 3395 958 3456; x_wconf 88' lang='lat' dir='ltr'>Quod</span> <span class='ocrx_word' id='word_1_160' title='bbox 993 3411 1165 3464; x_wconf 88' lang='lat' dir='ltr'>quam</span> <span class='ocrx_word' id='word_1_161' title='bbox 1198 3394 1271 3447; x_wconf 88' lang='lat' dir='ltr'>sit</span> <span class='ocrx_word' id='word_1_162' title='bbox 1313 3393 1662 3464; x_wconf 69' lang='lat' dir='ltr'>Evangelicaa</span> <span class='ocrx_word' id='word_1_163' title='bbox 1692 3401 1863 3463; x_wconf 90' lang='lat' dir='ltr'>atque</span> <span class='ocrx_word' id='word_1_164' title='bbox 1904 3410 2042 3462; x_wconf 88' lang='lat' dir='ltr'>apo-</span> 
     </span>
    </p>
   </div>
   <div class='ocr_carea' id='block_1_29' title="bbox 342 3481 2043 3542">
    <p class='ocr_par' dir='ltr' id='par_1_29' title="bbox 342 3481 2043 3542">
     <span class='ocr_line' id='line_1_29' title="bbox 342 3481 2043 3542; baseline -0.002 -4"><span class='ocrx_word' id='word_1_165' title='bbox 342 3485 559 3538; x_wconf 82' lang='lat' dir='ltr'>stolicae</span> <span class='ocrx_word' id='word_1_166' title='bbox 589 3483 860 3538; x_wconf 68' lang='lat' dir='ltr'>doctrina:</span> <span class='ocrx_word' id='word_1_167' title='bbox 912 3482 1282 3542; x_wconf 88' lang='lat' dir='ltr'>contrarium,</span> <span class='ocrx_word' id='word_1_168' title='bbox 1335 3487 1392 3535; x_wconf 95' lang='lat' dir='ltr'>et</span> <span class='ocrx_word' id='word_1_169' title='bbox 1433 3481 1836 3535; x_wconf 90' lang='lat' dir='ltr'>consuetudini</span> <span class='ocrx_word' id='word_1_170' title='bbox 1877 3482 2043 3535; x_wconf 90' lang='lat' dir='ltr'>eccle-</span> 
     </span>
    </p>
   </div>
   <div class='ocr_carea' id='block_1_30' title="bbox 346 3568 2040 3639">
    <p class='ocr_par' dir='ltr' id='par_1_30' title="bbox 346 3568 2040 3639">
     <span class='ocr_line' id='line_1_30' title="bbox 346 3568 2040 3639; baseline -0.002 -14"><span class='ocrx_word' id='word_1_171' title='bbox 346 3572 586 3626; x_wconf 70' lang='lat' dir='ltr'>siasticaa</span> <span class='ocrx_word' id='word_1_172' title='bbox 635 3572 956 3636; x_wconf 87' lang='lat' dir='ltr'>adversum,</span> <span class='ocrx_word' id='word_1_173' title='bbox 999 3586 1111 3622; x_wconf 92' lang='lat' dir='ltr'>non</span> <span class='ocrx_word' id='word_1_174' title='bbox 1144 3569 1373 3622; x_wconf 90' lang='lat' dir='ltr'>difﬁcile</span> <span class='ocrx_word' id='word_1_175' title='bbox 1421 3570 1491 3623; x_wconf 89' lang='lat' dir='ltr'>ab</span> <span class='ocrx_word' id='word_1_176' title='bbox 1519 3569 1643 3639; x_wconf 89' lang='lat' dir='ltr'>ipso</span> <span class='ocrx_word' id='word_1_177' title='bbox 1687 3569 1844 3622; x_wconf 89' lang='lat' dir='ltr'>fonte</span> <span class='ocrx_word' id='word_1_178' title='bbox 1893 3568 2040 3621; x_wconf 88' lang='lat' dir='ltr'>veri-</span> 
     </span>
    </p>
   </div>
   <div class='ocr_carea' id='block_1_31' title="bbox 344 3657 2043 3728">
    <p class='ocr_par' dir='ltr' id='par_1_31' title="bbox 344 3657 2043 3728">
     <span class='ocr_line' id='line_1_31' title="bbox 344 3657 2043 3728; baseline -0.002 -16"><span class='ocrx_word' id='word_1_179' title='bbox 344 3660 476 3713; x_wconf 86' lang='lat' dir='ltr'>tatis</span> <span class='ocrx_word' id='word_1_180' title='bbox 510 3659 867 3728; x_wconf 87' lang='lat' dir='ltr'>probabitur,</span> <span class='ocrx_word' id='word_1_181' title='bbox 925 3673 958 3709; x_wconf 93' lang='lat' dir='ltr'>a</span> <span class='ocrx_word' id='word_1_182' title='bbox 1013 3673 1127 3728; x_wconf 91' lang='lat' dir='ltr'>quo</span> <span class='ocrx_word' id='word_1_183' title='bbox 1171 3657 1431 3710; x_wconf 87' lang='lat' dir='ltr'>ordinata</span> <span class='ocrx_word' id='word_1_184' title='bbox 1489 3657 1615 3727; x_wconf 89' lang='lat' dir='ltr'>ipsa</span> <span class='ocrx_word' id='word_1_185' title='bbox 1664 3660 2043 3710; x_wconf 86' lang='lat' dir='ltr'>sacramento-</span> 
     </span>
    </p>
   </div>
   <div class='ocr_carea' id='block_1_32' title="bbox 347 3745 2043 3816">
    <p class='ocr_par' dir='ltr' id='par_1_32' title="bbox 347 3745 2043 3816">
     <span class='ocr_line' id='line_1_32' title="bbox 347 3745 2043 3816; baseline -0.001 -16"><span class='ocrx_word' id='word_1_186' title='bbox 347 3763 477 3800; x_wconf 88' lang='lat' dir='ltr'>rum</span> <span class='ocrx_word' id='word_1_187' title='bbox 534 3746 803 3816; x_wconf 86' lang='lat' dir='ltr'>mysteria</span> <span class='ocrx_word' id='word_1_188' title='bbox 870 3752 1280 3816; x_wconf 91' lang='lat' dir='ltr'>processerunt.</span> <span class='ocrx_word' id='word_1_189' title='bbox 1336 3748 1479 3810; x_wconf 18' lang='lat' dir='ltr'>Cum.</span> <span class='ocrx_word' id='word_1_190' title='bbox 1550 3745 1702 3798; x_wconf 88' lang='lat' dir='ltr'>enim</span> <span class='ocrx_word' id='word_1_191' title='bbox 1773 3745 2043 3815; x_wconf 82' lang='lat' dir='ltr'>magister</span> 
     </span>
    </p>
   </div>
   <div class='ocr_carea' id='block_1_33' title="bbox 346 3833 2042 3888">
    <p class='ocr_par' dir='ltr' id='par_1_33' title="bbox 346 3833 2042 3888">
     <span class='ocr_line' id='line_1_33' title="bbox 346 3833 2042 3888; baseline -0.001 0"><span class='ocrx_word' id='word_1_192' title='bbox 346 3834 612 3888; x_wconf 86' lang='lat' dir='ltr'>Veritatis</span> <span class='ocrx_word' id='word_1_193' title='bbox 673 3849 867 3886; x_wconf 86' lang='lat' dir='ltr'>verum</span> <span class='ocrx_word' id='word_1_194' title='bbox 945 3833 1141 3887; x_wconf 88' lang='lat' dir='ltr'>salutis</span> <span class='ocrx_word' id='word_1_195' title='bbox 1221 3838 1431 3888; x_wconf 61' lang='lat' dir='ltr'>nostra).</span> <span class='ocrx_word' id='word_1_196' title='bbox 1507 3833 1850 3888; x_wconf 89' lang='lat' dir='ltr'>sacriﬁcium</span> <span class='ocrx_word' id='word_1_197' title='bbox 1925 3833 2042 3886; x_wconf 90' lang='lat' dir='ltr'>suis</span> 
     </span>
    </p>
   </div>
   <div class='ocr_carea' id='block_1_34' title="bbox 347 3921 2042 3991">
    <p class='ocr_par' dir='ltr' id='par_1_34' title="bbox 347 3921 2042 3991">
     <span class='ocr_line' id='line_1_34' title="bbox 347 3921 2042 3991; baseline -0.002 -14"><span class='ocrx_word' id='word_1_198' title='bbox 347 3923 776 3978; x_wconf 89' lang='lat' dir='ltr'>commendaret</span> <span class='ocrx_word' id='word_1_199' title='bbox 847 3921 1161 3991; x_wconf 87' lang='lat' dir='ltr'>discipulis,</span> <span class='ocrx_word' id='word_1_200' title='bbox 1229 3939 1347 3976; x_wconf 90' lang='lat' dir='ltr'>non</span> <span class='ocrx_word' id='word_1_201' title='bbox 1429 3922 1542 3975; x_wconf 89' lang='lat' dir='ltr'>illis</span> <span class='ocrx_word' id='word_1_202' title='bbox 1598 3923 1701 3989; x_wconf 91' lang='lat' dir='ltr'>lac,</span> <span class='ocrx_word' id='word_1_203' title='bbox 1774 3921 1871 3975; x_wconf 90' lang='lat' dir='ltr'>sed</span> <span class='ocrx_word' id='word_1_204' title='bbox 1939 3937 2042 3991; x_wconf 82' lang='lat' dir='ltr'>pa—</span> 
     </span>
    </p>
   </div>
   <div class='ocr_carea' id='block_1_35' title="bbox 347 4011 2044 4079">
    <p class='ocr_par' dir='ltr' id='par_1_35' title="bbox 347 4011 2044 4079">
     <span class='ocr_line' id='line_1_35' title="bbox 347 4011 2044 4079; baseline -0.002 -13"><span class='ocrx_word' id='word_1_205' title='bbox 347 4028 480 4066; x_wconf 90' lang='lat' dir='ltr'>nem</span> <span class='ocrx_word' id='word_1_206' title='bbox 513 4014 756 4075; x_wconf 89' lang='lat' dir='ltr'>tantum,</span> <span class='ocrx_word' id='word_1_207' title='bbox 788 4015 845 4062; x_wconf 90' lang='lat' dir='ltr'>et</span> <span class='ocrx_word' id='word_1_208' title='bbox 874 4011 1108 4064; x_wconf 89' lang='lat' dir='ltr'>calicem</span> <span class='ocrx_word' id='word_1_209' title='bbox 1140 4011 1244 4064; x_wconf 90' lang='lat' dir='ltr'>sub</span> <span class='ocrx_word' id='word_1_210' title='bbox 1276 4011 1385 4064; x_wconf 90' lang='lat' dir='ltr'>hoc</span> <span class='ocrx_word' id='word_1_211' title='bbox 1435 4015 1790 4063; x_wconf 89' lang='lat' dir='ltr'>sacramento</span> <span class='ocrx_word' id='word_1_212' title='bbox 1821 4026 2044 4079; x_wconf 89' lang='lat' dir='ltr'>cogno-</span> 
     </span>
    </p>
   </div>
   <div class='ocr_carea' id='block_1_36' title="bbox 346 4098 2114 4169">
    <p class='ocr_par' dir='ltr' id='par_1_36' title="bbox 346 4098 2114 4169">
     <span class='ocr_line' id='line_1_36' title="bbox 346 4098 2114 4169; baseline 0.001 -15"><span class='ocrx_word' id='word_1_213' title='bbox 346 4101 574 4167; x_wconf 85' lang='lat' dir='ltr'>scimus,</span> <span class='ocrx_word' id='word_1_214' title='bbox 623 4100 866 4153; x_wconf 91' lang='lat' dir='ltr'>dedisse.</span> <span class='ocrx_word' id='word_1_215' title='bbox 923 4099 1152 4169; x_wconf 85' lang='lat' dir='ltr'>Legitur</span> <span class='ocrx_word' id='word_1_216' title='bbox 1205 4100 1360 4152; x_wconf 89' lang='lat' dir='ltr'>enim</span> <span class='ocrx_word' id='word_1_217' title='bbox 1403 4098 1462 4150; x_wconf 92' lang='lat' dir='ltr'>in</span> <span class='ocrx_word' id='word_1_218' title='bbox 1522 4098 1848 4169; x_wconf 86' lang='lat' dir='ltr'>evangelica</span> <span class='ocrx_word' id='word_1_219' title='bbox 1895 4099 2040 4152; x_wconf 90' lang='lat' dir='ltr'>veri-</span> <span class='ocrx_word' id='word_1_220' title='bbox 2075 4103 2114 4156; x_wconf 94' lang='lat' dir='ltr'>C</span> 
     </span>
    </p>
   </div>
   <div class='ocr_carea' id='block_1_37' title="bbox 343 4187 2038 4258">
    <p class='ocr_par' dir='ltr' id='par_1_37' title="bbox 343 4187 2038 4258">
     <span class='ocr_line' id='line_1_37' title="bbox 343 4187 2038 4258; baseline -0.002 -15"><span class='ocrx_word' id='word_1_221' title='bbox 343 4193 460 4243; x_wconf 88' lang='lat' dir='ltr'>tate</span> <span class='ocrx_word' id='word_1_222' title='bbox 489 4206 500 4242; x_wconf 93' lang='lat'>:</span> <span class='ocrx_word' id='word_1_223' title='bbox 535 4189 764 4258; x_wconf 87' lang='lat' dir='ltr'>Accepit</span> <span class='ocrx_word' id='word_1_224' title='bbox 791 4189 950 4240; x_wconf 77' lang='lat' dir='ltr'>Iesus</span> <span class='ocrx_word' id='word_1_225' title='bbox 988 4203 1197 4257; x_wconf 90' lang='lat' dir='ltr'>panem</span> <span class='ocrx_word' id='word_1_226' title='bbox 1229 4193 1285 4240; x_wconf 86' lang='lat' dir='ltr'>et</span> <span class='ocrx_word' id='word_1_227' title='bbox 1314 4187 1567 4254; x_wconf 87' lang='lat' dir='ltr'>calicem,</span> <span class='ocrx_word' id='word_1_228' title='bbox 1608 4191 1664 4240; x_wconf 90' lang='lat' dir='ltr'>et</span> <span class='ocrx_word' id='word_1_229' title='bbox 1698 4187 2038 4241; x_wconf 87' lang='lat' dir='ltr'>benedicens</span> 
     </span>
    </p>
   </div>
   <div class='ocr_carea' id='block_1_38' title="bbox 345 4275 2036 4346">
    <p class='ocr_par' dir='ltr' id='par_1_38' title="bbox 345 4275 2036 4346">
     <span class='ocr_line' id='line_1_38' title="bbox 345 4275 2036 4346; baseline -0.001 -15"><span class='ocrx_word' id='word_1_230' title='bbox 345 4277 500 4331; x_wconf 89' lang='lat' dir='ltr'>dedit</span> <span class='ocrx_word' id='word_1_231' title='bbox 558 4276 853 4346; x_wconf 89' lang='lat' dir='ltr'>discipulis</span> <span class='ocrx_word' id='word_1_232' title='bbox 911 4277 1044 4328; x_wconf 91' lang='lat' dir='ltr'>suis.</span> <span class='ocrx_word' id='word_1_233' title='bbox 1113 4277 1301 4330; x_wconf 85' lang='lat' dir='ltr'>Cesset</span> <span class='ocrx_word' id='word_1_234' title='bbox 1345 4291 1481 4345; x_wconf 89' lang='lat' dir='ltr'>ergo</span> <span class='ocrx_word' id='word_1_235' title='bbox 1528 4277 1613 4328; x_wconf 91' lang='lat' dir='ltr'>lac</span> <span class='ocrx_word' id='word_1_236' title='bbox 1665 4275 2036 4329; x_wconf 87' lang='lat' dir='ltr'>sacriﬁcando</span> 
     </span>
    </p>
   </div>
   <div class='ocr_carea' id='block_1_39' title="bbox 345 4363 2038 4434">
    <p class='ocr_par' dir='ltr' id='par_1_39' title="bbox 345 4363 2038 4434">
     <span class='ocr_line' id='line_1_39' title="bbox 345 4363 2038 4434; baseline -0.002 -15"><span class='ocrx_word' id='word_1_237' title='bbox 345 4366 555 4429; x_wconf 80' lang='lat' dir='ltr'>oﬁ&#39;erri,</span> <span class='ocrx_word' id='word_1_238' title='bbox 591 4365 726 4434; x_wconf 89' lang='lat' dir='ltr'>quia</span> <span class='ocrx_word' id='word_1_239' title='bbox 751 4364 1118 4417; x_wconf 88' lang='lat' dir='ltr'>manifestum</span> <span class='ocrx_word' id='word_1_240' title='bbox 1153 4368 1211 4416; x_wconf 93' lang='lat' dir='ltr'>et</span> <span class='ocrx_word' id='word_1_241' title='bbox 1239 4363 1471 4417; x_wconf 89' lang='lat' dir='ltr'>evidens</span> <span class='ocrx_word' id='word_1_242' title='bbox 1498 4363 1826 4432; x_wconf 89' lang='lat' dir='ltr'>exemplum</span> <span class='ocrx_word' id='word_1_243' title='bbox 1856 4363 2038 4417; x_wconf 89' lang='lat' dir='ltr'>Evan-</span> 
     </span>
    </p>
   </div>
   <div class='ocr_carea' id='block_1_40' title="bbox 344 4450 2037 4525">
    <p class='ocr_par' dir='ltr' id='par_1_40' title="bbox 344 4450 2037 4525">
     <span class='ocr_line' id='line_1_40' title="bbox 344 4450 2037 4525; baseline -0.002 -17"><span class='ocrx_word' id='word_1_244' title='bbox 344 4455 540 4525; x_wconf 73' lang='lat' dir='ltr'>gelicaa</span> <span class='ocrx_word' id='word_1_245' title='bbox 569 4454 824 4506; x_wconf 89' lang='lat' dir='ltr'>veritatis</span> <span class='ocrx_word' id='word_1_246' title='bbox 855 4453 1059 4517; x_wconf 83' lang='lat' dir='ltr'>illuxit,</span> <span class='ocrx_word' id='word_1_247' title='bbox 1095 4452 1244 4522; x_wconf 89' lang='lat' dir='ltr'>quod</span> <span class='ocrx_word' id='word_1_248' title='bbox 1276 4459 1487 4520; x_wconf 58' lang='lat' dir='ltr'>prater</span> <span class='ocrx_word' id='word_1_249' title='bbox 1515 4467 1723 4520; x_wconf 87' lang='lat' dir='ltr'>panem</span> <span class='ocrx_word' id='word_1_250' title='bbox 1759 4456 1816 4505; x_wconf 89' lang='lat' dir='ltr'>et</span> <span class='ocrx_word' id='word_1_251' title='bbox 1841 4450 2037 4506; x_wconf 89' lang='lat' dir='ltr'>vinum</span> 
     </span>
    </p>
   </div>
   <div class='ocr_carea' id='block_1_41' title="bbox 343 4539 2035 4610">
    <p class='ocr_par' dir='ltr' id='par_1_41' title="bbox 343 4539 2035 4610">
     <span class='ocr_line' id='line_1_41' title="bbox 343 4539 2035 4610; baseline -0.002 -14"><span class='ocrx_word' id='word_1_252' title='bbox 343 4543 497 4596; x_wconf 90' lang='lat' dir='ltr'>aliud</span> <span class='ocrx_word' id='word_1_253' title='bbox 549 4541 742 4595; x_wconf 71' lang='lat' dir='ltr'>offerri</span> <span class='ocrx_word' id='word_1_254' title='bbox 773 4557 889 4595; x_wconf 91' lang='lat' dir='ltr'>non</span> <span class='ocrx_word' id='word_1_255' title='bbox 936 4541 1119 4594; x_wconf 90' lang='lat' dir='ltr'>liceat.</span> <span class='ocrx_word' id='word_1_256' title='bbox 1175 4540 1323 4593; x_wconf 90' lang='lat' dir='ltr'>Illud</span> <span class='ocrx_word' id='word_1_257' title='bbox 1379 4555 1512 4592; x_wconf 88' lang='lat' dir='ltr'>vero</span> <span class='ocrx_word' id='word_1_258' title='bbox 1562 4539 1715 4610; x_wconf 89' lang='lat' dir='ltr'>quod</span> <span class='ocrx_word' id='word_1_259' title='bbox 1744 4555 1847 4610; x_wconf 90' lang='lat' dir='ltr'>pro</span> <span class='ocrx_word' id='word_1_260' title='bbox 1880 4556 2035 4593; x_wconf 91' lang='lat' dir='ltr'>eom-</span> 
     </span>
    </p>
   </div>
   <div class='ocr_carea' id='block_1_42' title="bbox 341 4627 2037 4701">
    <p class='ocr_par' dir='ltr' id='par_1_42' title="bbox 341 4627 2037 4701">
     <span class='ocr_line' id='line_1_42' title="bbox 341 4627 2037 4701; baseline -0.001 -18"><span class='ocrx_word' id='word_1_261' title='bbox 341 4631 636 4701; x_wconf 88' lang='lat' dir='ltr'>plemento</span> <span class='ocrx_word' id='word_1_262' title='bbox 706 4629 1127 4682; x_wconf 89' lang='lat' dir='ltr'>communionis</span> <span class='ocrx_word' id='word_1_263' title='bbox 1180 4627 1479 4680; x_wconf 87' lang='lat' dir='ltr'>intinctam</span> <span class='ocrx_word' id='word_1_264' title='bbox 1532 4627 1764 4680; x_wconf 88' lang='lat' dir='ltr'>tradunt</span> <span class='ocrx_word' id='word_1_265' title='bbox 1815 4628 2037 4682; x_wconf 89' lang='lat' dir='ltr'>Eucha-</span> 
     </span>
    </p>
   </div>
   <div class='ocr_carea' id='block_1_43' title="bbox 343 4715 2036 4789">
    <p class='ocr_par' dir='ltr' id='par_1_43' title="bbox 343 4715 2036 4789">
     <span class='ocr_line' id='line_1_43' title="bbox 343 4715 2036 4789; baseline -0.002 -17"><span class='ocrx_word' id='word_1_266' title='bbox 343 4719 561 4772; x_wconf 88' lang='lat' dir='ltr'>ristiam</span> <span class='ocrx_word' id='word_1_267' title='bbox 614 4718 860 4789; x_wconf 84' lang='lat' dir='ltr'>populis,</span> <span class='ocrx_word' id='word_1_268' title='bbox 919 4734 1024 4771; x_wconf 91' lang='lat' dir='ltr'>nec</span> <span class='ocrx_word' id='word_1_269' title='bbox 1074 4717 1178 4770; x_wconf 90' lang='lat' dir='ltr'>hoc</span> <span class='ocrx_word' id='word_1_270' title='bbox 1235 4716 1525 4785; x_wconf 89' lang='lat' dir='ltr'>prolatum</span> <span class='ocrx_word' id='word_1_271' title='bbox 1605 4732 1673 4768; x_wconf 90' lang='lat' dir='ltr'>ex</span> <span class='ocrx_word' id='word_1_272' title='bbox 1742 4715 2036 4786; x_wconf 89' lang='lat' dir='ltr'>evangelio</span> 
     </span>
    </p>
   </div>
   <div class='ocr_carea' id='block_1_44' title="bbox 342 4802 2038 4877">
    <p class='ocr_par' dir='ltr' id='par_1_44' title="bbox 342 4802 2038 4877">
     <span class='ocr_line' id='line_1_44' title="bbox 342 4802 2038 4877; baseline -0.001 -16"><span class='ocrx_word' id='word_1_273' title='bbox 342 4806 738 4861; x_wconf 87' lang='lat' dir='ltr'>testimonium</span> <span class='ocrx_word' id='word_1_274' title='bbox 767 4810 1126 4877; x_wconf 88' lang='lat' dir='ltr'>receperunt,</span> <span class='ocrx_word' id='word_1_275' title='bbox 1174 4804 1276 4857; x_wconf 92' lang='lat' dir='ltr'>ubi</span> <span class='ocrx_word' id='word_1_276' title='bbox 1316 4802 1586 4872; x_wconf 87' lang='lat' dir='ltr'>apostolis</span> <span class='ocrx_word' id='word_1_277' title='bbox 1616 4819 1820 4873; x_wconf 92' lang='lat' dir='ltr'>corpus</span> <span class='ocrx_word' id='word_1_278' title='bbox 1869 4820 2038 4859; x_wconf 90' lang='lat' dir='ltr'>suum</span> 
     </span>
    </p>
   </div>
   <div class='ocr_carea' id='block_1_45' title="bbox 343 4891 2040 4965">
    <p class='ocr_par' dir='ltr' id='par_1_45' title="bbox 343 4891 2040 4965">
     <span class='ocr_line' id='line_1_45' title="bbox 343 4891 2040 4965; baseline -0.001 -17"><span class='ocrx_word' id='word_1_279' title='bbox 343 4901 397 4949; x_wconf 93' lang='lat' dir='ltr'>et</span> <span class='ocrx_word' id='word_1_280' title='bbox 425 4895 765 4965; x_wconf 90' lang='lat' dir='ltr'>sanguinem</span> <span class='ocrx_word' id='word_1_281' title='bbox 791 4891 1229 4957; x_wconf 86' lang='lat' dir='ltr'>commendavit,</span> <span class='ocrx_word' id='word_1_282' title='bbox 1281 4908 1537 4945; x_wconf 90' lang='lat' dir='ltr'>seorsum</span> <span class='ocrx_word' id='word_1_283' title='bbox 1578 4891 1733 4945; x_wconf 90' lang='lat' dir='ltr'>enim</span> <span class='ocrx_word' id='word_1_284' title='bbox 1761 4892 1948 4962; x_wconf 88' lang='lat' dir='ltr'>panis,</span> <span class='ocrx_word' id='word_1_285' title='bbox 1983 4896 2040 4947; x_wconf 92' lang='lat' dir='ltr'>et</span> 
     </span>
    </p>
   </div>
   <div class='ocr_carea' id='block_1_46' title="bbox 343 4980 2036 5038">
    <p class='ocr_par' dir='ltr' id='par_1_46' title="bbox 343 4980 2036 5038">
     <span class='ocr_line' id='line_1_46' title="bbox 343 4980 2036 5038; baseline -0.001 -1"><span class='ocrx_word' id='word_1_286' title='bbox 343 5000 601 5038; x_wconf 90' lang='lat' dir='ltr'>seorsum</span> <span class='ocrx_word' id='word_1_287' title='bbox 638 4982 826 5037; x_wconf 89' lang='lat' dir='ltr'>calicis</span> <span class='ocrx_word' id='word_1_288' title='bbox 873 4980 1290 5036; x_wconf 86' lang='lat' dir='ltr'>commendatio</span> <span class='ocrx_word' id='word_1_289' title='bbox 1347 4985 1714 5034; x_wconf 86' lang='lat' dir='ltr'>memoratur.</span> <span class='ocrx_word' id='word_1_290' title='bbox 1761 4981 1901 5034; x_wconf 90' lang='lat' dir='ltr'>Nam</span> <span class='ocrx_word' id='word_1_291' title='bbox 1946 4981 2036 5035; x_wconf 80' lang='lat' dir='ltr'>in-</span> 
     </span>
    </p>
   </div>
   <div class='ocr_carea' id='block_1_47' title="bbox 339 5068 2035 5143">
    <p class='ocr_par' dir='ltr' id='par_1_47' title="bbox 339 5068 2035 5143">
     <span class='ocr_line' id='line_1_47' title="bbox 339 5068 2035 5143; baseline -0.002 -17"><span class='ocrx_word' id='word_1_292' title='bbox 339 5072 579 5127; x_wconf 90' lang='lat' dir='ltr'>tinctum</span> <span class='ocrx_word' id='word_1_293' title='bbox 612 5087 818 5143; x_wconf 89' lang='lat' dir='ltr'>panem</span> <span class='ocrx_word' id='word_1_294' title='bbox 866 5069 991 5123; x_wconf 88' lang='lat' dir='ltr'>aliis</span> <span class='ocrx_word' id='word_1_295' title='bbox 1033 5068 1318 5121; x_wconf 83' lang='lat' dir='ltr'>Christum</span> <span class='ocrx_word' id='word_1_296' title='bbox 1368 5069 1680 5137; x_wconf 70' lang='lat' dir='ltr'>praebuisse</span> <span class='ocrx_word' id='word_1_297' title='bbox 1729 5085 1848 5123; x_wconf 91' lang='lat' dir='ltr'>non</span> <span class='ocrx_word' id='word_1_298' title='bbox 1897 5069 2035 5140; x_wconf 90' lang='lat' dir='ltr'>legi-</span> 
     </span>
    </p>
   </div>
   <div class='ocr_carea' id='block_1_48' title="bbox 339 5156 2038 5230">
    <p class='ocr_par' dir='ltr' id='par_1_48' title="bbox 339 5156 2038 5230">
     <span class='ocr_line' id='line_1_48' title="bbox 339 5156 2038 5230; baseline -0.002 -15"><span class='ocrx_word' id='word_1_299' title='bbox 339 5178 487 5226; x_wconf 89' lang='lat' dir='ltr'>mus,</span> <span class='ocrx_word' id='word_1_300' title='bbox 519 5165 755 5230; x_wconf 86' lang='lat' dir='ltr'>excepto</span> <span class='ocrx_word' id='word_1_301' title='bbox 799 5159 884 5212; x_wconf 90' lang='lat' dir='ltr'>illi</span> <span class='ocrx_word' id='word_1_302' title='bbox 940 5161 1164 5209; x_wconf 90' lang='lat' dir='ltr'>tantum</span> <span class='ocrx_word' id='word_1_303' title='bbox 1222 5156 1520 5226; x_wconf 90' lang='lat' dir='ltr'>discipulo,</span> <span class='ocrx_word' id='word_1_304' title='bbox 1575 5173 1746 5227; x_wconf 90' lang='lat' dir='ltr'>quem</span> <span class='ocrx_word' id='word_1_305' title='bbox 1796 5158 2038 5213; x_wconf 90' lang='lat' dir='ltr'>intincta</span> 
     </span>
    </p>
   </div>
   <div class='ocr_carea' id='block_1_49' title="bbox 338 5244 2037 5318">
    <p class='ocr_par' dir='ltr' id='par_1_49' title="bbox 338 5244 2037 5318">
     <span class='ocr_line' id='line_1_49' title="bbox 338 5244 2037 5318; baseline -0.001 -14"><span class='ocrx_word' id='word_1_306' title='bbox 338 5251 562 5304; x_wconf 86' lang='lat' dir='ltr'>bucella</span> <span class='ocrx_word' id='word_1_307' title='bbox 600 5247 864 5318; x_wconf 84' lang='lat' dir='ltr'>magistri</span> <span class='ocrx_word' id='word_1_308' title='bbox 921 5244 1272 5316; x_wconf 89' lang='lat' dir='ltr'>proditorem</span> <span class='ocrx_word' id='word_1_309' title='bbox 1329 5247 1679 5312; x_wconf 89' lang='lat' dir='ltr'>ostenderet,</span> <span class='ocrx_word' id='word_1_310' title='bbox 1736 5263 1852 5299; x_wconf 89' lang='lat' dir='ltr'>non</span> <span class='ocrx_word' id='word_1_311' title='bbox 1907 5263 2037 5317; x_wconf 70' lang='lat' dir='ltr'>quae</span> 
     </span>
    </p>
   </div>
   <div class='ocr_carea' id='block_1_50' title="bbox 339 5332 2032 5406">
    <p class='ocr_par' dir='ltr' id='par_1_50' title="bbox 339 5332 2032 5406">
     <span class='ocr_line' id='line_1_50' title="bbox 339 5332 2032 5406; baseline -0.001 -14"><span class='ocrx_word' id='word_1_312' title='bbox 339 5337 681 5392; x_wconf 85' lang='lat' dir='ltr'>sacramenti</span> <span class='ocrx_word' id='word_1_313' title='bbox 707 5336 880 5405; x_wconf 86' lang='lat' dir='ltr'>hujus</span> <span class='ocrx_word' id='word_1_314' title='bbox 914 5332 1334 5386; x_wconf 87' lang='lat' dir='ltr'>institutionem</span> <span class='ocrx_word' id='word_1_315' title='bbox 1377 5335 1648 5404; x_wconf 86' lang='lat' dir='ltr'>signaret.</span> <span class='ocrx_word' id='word_1_316' title='bbox 1703 5336 1846 5389; x_wconf 91' lang='lat' dir='ltr'>Nam</span> <span class='ocrx_word' id='word_1_317' title='bbox 1879 5337 2032 5406; x_wconf 89' lang='lat' dir='ltr'>quod</span> 
     </span>
    </p>
   </div>
   <div class='ocr_carea' id='block_1_51' title="bbox 340 5420 2034 5496">
    <p class='ocr_par' dir='ltr' id='par_1_51' title="bbox 340 5420 2034 5496">
     <span class='ocr_line' id='line_1_51' title="bbox 340 5420 2034 5496; baseline -0.001 -16"><span class='ocrx_word' id='word_1_318' title='bbox 340 5427 410 5480; x_wconf 91' lang='lat' dir='ltr'>de</span> <span class='ocrx_word' id='word_1_319' title='bbox 440 5441 704 5496; x_wconf 89' lang='lat' dir='ltr'>expresso</span> <span class='ocrx_word' id='word_1_320' title='bbox 735 5424 922 5486; x_wconf 89' lang='lat' dir='ltr'>botro,</span> <span class='ocrx_word' id='word_1_321' title='bbox 955 5420 1013 5474; x_wconf 92' lang='lat' dir='ltr'>id</span> <span class='ocrx_word' id='word_1_322' title='bbox 1042 5427 1126 5475; x_wconf 92' lang='lat' dir='ltr'>est</span> <span class='ocrx_word' id='word_1_323' title='bbox 1162 5422 1230 5474; x_wconf 92' lang='lat' dir='ltr'>de</span> <span class='ocrx_word' id='word_1_324' title='bbox 1267 5438 1508 5476; x_wconf 90' lang='lat' dir='ltr'>uvarum</span> <span class='ocrx_word' id='word_1_325' title='bbox 1553 5423 1747 5493; x_wconf 89' lang='lat' dir='ltr'>grauis</span> <span class='ocrx_word' id='word_1_326' title='bbox 1785 5425 2034 5494; x_wconf 89' lang='lat' dir='ltr'>populus</span> 
     </span>
    </p>
   </div>
   <div class='ocr_carea' id='block_1_52' title="bbox 339 5509 2032 5580">
    <p class='ocr_par' dir='ltr' id='par_1_52' title="bbox 339 5509 2032 5580">
     <span class='ocr_line' id='line_1_52' title="bbox 339 5509 2032 5580; baseline 0 -12"><span class='ocrx_word' id='word_1_327' title='bbox 339 5513 800 5568; x_wconf 87' lang='lat' dir='ltr'>communicatur</span> <span class='ocrx_word' id='word_1_328' title='bbox 850 5509 1006 5563; x_wconf 87' lang='lat' dir='ltr'>valde</span> <span class='ocrx_word' id='word_1_329' title='bbox 1061 5515 1146 5563; x_wconf 89' lang='lat' dir='ltr'>est</span> <span class='ocrx_word' id='word_1_330' title='bbox 1193 5511 1428 5564; x_wconf 90' lang='lat' dir='ltr'>omnino</span> <span class='ocrx_word' id='word_1_331' title='bbox 1493 5512 1814 5580; x_wconf 90' lang='lat' dir='ltr'>confusum,</span> <span class='ocrx_word' id='word_1_332' title='bbox 1851 5513 1951 5568; x_wconf 91' lang='lat' dir='ltr'>sed</span> <span class='ocrx_word' id='word_1_333' title='bbox 1988 5515 2032 5567; x_wconf 91' lang='lat' dir='ltr'>si</span> 
     </span>
    </p>
   </div>
   <div class='ocr_carea' id='block_1_53' title="bbox 338 5597 2035 5671">
    <p class='ocr_par' dir='ltr' id='par_1_53' title="bbox 338 5597 2035 5671">
     <span class='ocr_line' id='line_1_53' title="bbox 338 5597 2035 5671; baseline -0.001 -15"><span class='ocrx_word' id='word_1_334' title='bbox 338 5615 566 5656; x_wconf 89' lang='lat' dir='ltr'>necesse</span> <span class='ocrx_word' id='word_1_335' title='bbox 594 5598 787 5666; x_wconf 87' lang='lat' dir='ltr'>fuerit,</span> <span class='ocrx_word' id='word_1_336' title='bbox 810 5597 1005 5652; x_wconf 89' lang='lat' dir='ltr'>botrus</span> <span class='ocrx_word' id='word_1_337' title='bbox 1032 5597 1093 5651; x_wconf 90' lang='lat' dir='ltr'>in</span> <span class='ocrx_word' id='word_1_338' title='bbox 1121 5597 1295 5652; x_wconf 88' lang='lat' dir='ltr'>calice</span> <span class='ocrx_word' id='word_1_339' title='bbox 1324 5598 1752 5669; x_wconf 84' lang='lat' dir='ltr'>comprimatur,</span> <span class='ocrx_word' id='word_1_340' title='bbox 1797 5605 1854 5654; x_wconf 91' lang='lat' dir='ltr'>et</span> <span class='ocrx_word' id='word_1_341' title='bbox 1886 5617 2035 5671; x_wconf 90' lang='lat' dir='ltr'>aqua</span> 
     </span>
    </p>
   </div>
   <div class='ocr_carea' id='block_1_54' title="bbox 2067 1540 3853 1611">
    <p class='ocr_par' dir='ltr' id='par_1_54' title="bbox 2067 1540 3853 1611">
     <span class='ocr_line' id='line_1_54' title="bbox 2067 1540 3853 1611; baseline 0.001 -15"><span class='ocrx_word' id='word_1_342' title='bbox 2067 1545 2114 1596; x_wconf 86' lang='lat' dir='ltr'><strong>A</strong></span> <span class='ocrx_word' id='word_1_343' title='bbox 2151 1541 2457 1594; x_wconf 79' lang='lat' dir='ltr'>misceatur</span> <span class='ocrx_word' id='word_1_344' title='bbox 2492 1557 2506 1594; x_wconf 90' lang='lat'><strong>:</strong></span> <span class='ocrx_word' id='word_1_345' title='bbox 2565 1541 2702 1611; x_wconf 89' lang='lat' dir='ltr'>quia</span> <span class='ocrx_word' id='word_1_346' title='bbox 2741 1540 2886 1594; x_wconf 83' lang='lat' dir='ltr'>calix</span> <span class='ocrx_word' id='word_1_347' title='bbox 2935 1540 3264 1594; x_wconf 89' lang='lat' dir='ltr'>Dominicus</span> <span class='ocrx_word' id='word_1_348' title='bbox 3307 1540 3468 1610; x_wconf 86' lang='lat' dir='ltr'>juxta</span> <span class='ocrx_word' id='word_1_349' title='bbox 3510 1541 3853 1597; x_wconf 89' lang='lat' dir='ltr'>canonicum</span> 
     </span>
    </p>
   </div>
   <div class='ocr_carea' id='block_1_55' title="bbox 2149 1629 3850 1699">
    <p class='ocr_par' dir='ltr' id='par_1_55' title="bbox 2149 1629 3850 1699">
     <span class='ocr_line' id='line_1_55' title="bbox 2149 1629 3850 1699; baseline 0.001 -17"><span class='ocrx_word' id='word_1_350' title='bbox 2149 1635 2505 1699; x_wconf 71' lang='lat' dir='ltr'>praeceptum</span> <span class='ocrx_word' id='word_1_351' title='bbox 2541 1630 2674 1682; x_wconf 90' lang='lat' dir='ltr'>vino</span> <span class='ocrx_word' id='word_1_352' title='bbox 2725 1637 2781 1682; x_wconf 88' lang='lat' dir='ltr'>et</span> <span class='ocrx_word' id='word_1_353' title='bbox 2826 1645 2975 1699; x_wconf 91' lang='lat' dir='ltr'>aqua</span> <span class='ocrx_word' id='word_1_354' title='bbox 3030 1629 3346 1698; x_wconf 81' lang='lat' dir='ltr'>permixtus</span> <span class='ocrx_word' id='word_1_355' title='bbox 3391 1629 3561 1682; x_wconf 89' lang='lat' dir='ltr'>debet</span> <span class='ocrx_word' id='word_1_356' title='bbox 3603 1629 3850 1684; x_wconf 80' lang='lat' dir='ltr'>offerri:</span> 
     </span>
    </p>
   </div>
   <div class='ocr_carea' id='block_1_56' title="bbox 2149 1717 3852 1788">
    <p class='ocr_par' dir='ltr' id='par_1_56' title="bbox 2149 1717 3852 1788">
     <span class='ocr_line' id='line_1_56' title="bbox 2149 1717 3852 1788; baseline 0 -16"><span class='ocrx_word' id='word_1_357' title='bbox 2149 1718 2283 1787; x_wconf 89' lang='lat' dir='ltr'>quia</span> <span class='ocrx_word' id='word_1_358' title='bbox 2300 1718 2559 1772; x_wconf 84' lang='lat' dir='ltr'>videmus</span> <span class='ocrx_word' id='word_1_359' title='bbox 2589 1719 2647 1771; x_wconf 91' lang='lat' dir='ltr'>in</span> <span class='ocrx_word' id='word_1_360' title='bbox 2674 1733 2822 1788; x_wconf 91' lang='lat' dir='ltr'>aqua</span> <span class='ocrx_word' id='word_1_361' title='bbox 2845 1719 3120 1787; x_wconf 82' lang='lat' dir='ltr'>populum</span> <span class='ocrx_word' id='word_1_362' title='bbox 3157 1718 3422 1787; x_wconf 90' lang='lat' dir='ltr'>intelligi,</span> <span class='ocrx_word' id='word_1_363' title='bbox 3456 1717 3514 1770; x_wconf 90' lang='lat' dir='ltr'>in</span> <span class='ocrx_word' id='word_1_364' title='bbox 3548 1717 3680 1771; x_wconf 88' lang='lat' dir='ltr'>vino</span> <span class='ocrx_word' id='word_1_365' title='bbox 3711 1735 3852 1773; x_wconf 89' lang='lat' dir='ltr'>vero</span> 
     </span>
    </p>
   </div>
   <div class='ocr_carea' id='block_1_57' title="bbox 2151 1806 3848 1876">
    <p class='ocr_par' dir='ltr' id='par_1_57' title="bbox 2151 1806 3848 1876">
     <span class='ocr_line' id='line_1_57' title="bbox 2151 1806 3848 1876; baseline 0 -16"><span class='ocrx_word' id='word_1_366' title='bbox 2151 1807 2374 1860; x_wconf 92' lang='lat' dir='ltr'>ostendi</span> <span class='ocrx_word' id='word_1_367' title='bbox 2407 1807 2746 1876; x_wconf 86' lang='lat' dir='ltr'>sanguinem</span> <span class='ocrx_word' id='word_1_368' title='bbox 2770 1807 2998 1860; x_wconf 85' lang='lat' dir='ltr'>Christi.</span> <span class='ocrx_word' id='word_1_369' title='bbox 3031 1808 3173 1875; x_wconf 87' lang='lat' dir='ltr'>Ergo</span> <span class='ocrx_word' id='word_1_370' title='bbox 3205 1822 3335 1859; x_wconf 90' lang='lat' dir='ltr'>cum</span> <span class='ocrx_word' id='word_1_371' title='bbox 3367 1806 3427 1858; x_wconf 91' lang='lat' dir='ltr'>in</span> <span class='ocrx_word' id='word_1_372' title='bbox 3448 1807 3623 1860; x_wconf 91' lang='lat' dir='ltr'>calice</span> <span class='ocrx_word' id='word_1_373' title='bbox 3647 1807 3848 1860; x_wconf 89' lang='lat' dir='ltr'>vinum</span> 
     </span>
    </p>
   </div>
   <div class='ocr_carea' id='block_1_58' title="bbox 2149 1893 3850 1964">
    <p class='ocr_par' dir='ltr' id='par_1_58' title="bbox 2149 1893 3850 1964">
     <span class='ocr_line' id='line_1_58' title="bbox 2149 1893 3850 1964; baseline 0.001 -16"><span class='ocrx_word' id='word_1_374' title='bbox 2149 1911 2298 1964; x_wconf 88' lang='lat' dir='ltr'>aqua</span> <span class='ocrx_word' id='word_1_375' title='bbox 2326 1893 2648 1960; x_wconf 89' lang='lat' dir='ltr'>misceatur,</span> <span class='ocrx_word' id='word_1_376' title='bbox 2694 1895 2916 1948; x_wconf 86' lang='lat' dir='ltr'>Christo</span> <span class='ocrx_word' id='word_1_377' title='bbox 2975 1896 3219 1964; x_wconf 88' lang='lat' dir='ltr'>populus</span> <span class='ocrx_word' id='word_1_378' title='bbox 3278 1895 3581 1959; x_wconf 89' lang='lat' dir='ltr'>adunatur,</span> <span class='ocrx_word' id='word_1_379' title='bbox 3617 1900 3676 1948; x_wconf 86' lang='lat' dir='ltr'>et</span> <span class='ocrx_word' id='word_1_380' title='bbox 3719 1912 3850 1950; x_wconf 86' lang='lat' dir='ltr'>cre-</span> 
     </span>
    </p>
   </div>
   <div class='ocr_carea' id='block_1_59' title="bbox 2151 1982 3850 2054">
    <p class='ocr_par' dir='ltr' id='par_1_59' title="bbox 2151 1982 3850 2054">
     <span class='ocr_line' id='line_1_59' title="bbox 2151 1982 3850 2054; baseline 0.001 -18"><span class='ocrx_word' id='word_1_381' title='bbox 2151 1982 2410 2036; x_wconf 91' lang='lat' dir='ltr'>dentium</span> <span class='ocrx_word' id='word_1_382' title='bbox 2444 1983 2602 2052; x_wconf 91' lang='lat' dir='ltr'>plebs</span> <span class='ocrx_word' id='word_1_383' title='bbox 2627 1982 2679 2036; x_wconf 92' lang='lat' dir='ltr'>ei</span> <span class='ocrx_word' id='word_1_384' title='bbox 2704 1983 2764 2035; x_wconf 91' lang='lat' dir='ltr'>in</span> <span class='ocrx_word' id='word_1_385' title='bbox 2795 1999 2968 2052; x_wconf 90' lang='lat' dir='ltr'>quem</span> <span class='ocrx_word' id='word_1_386' title='bbox 2998 1983 3240 2036; x_wconf 91' lang='lat' dir='ltr'>credidit</span> <span class='ocrx_word' id='word_1_387' title='bbox 3269 1983 3589 2052; x_wconf 88' lang='lat' dir='ltr'>copulatur,</span> <span class='ocrx_word' id='word_1_388' title='bbox 3625 1988 3679 2037; x_wconf 88' lang='lat' dir='ltr'>et</span> <span class='ocrx_word' id='word_1_389' title='bbox 3703 1984 3850 2054; x_wconf 90' lang='lat' dir='ltr'>jun-</span> 
     </span>
    </p>
   </div>
   <div class='ocr_carea' id='block_1_60' title="bbox 2149 2071 3855 2141">
    <p class='ocr_par' dir='ltr' id='par_1_60' title="bbox 2149 2071 3855 2141">
     <span class='ocr_line' id='line_1_60' title="bbox 2149 2071 3855 2141; baseline 0.002 -18"><span class='ocrx_word' id='word_1_390' title='bbox 2149 2071 2323 2140; x_wconf 90' lang='lat' dir='ltr'>gitur.</span> <span class='ocrx_word' id='word_1_391' title='bbox 2356 2072 2493 2134; x_wconf 68' lang='lat' dir='ltr'>Quaa</span> <span class='ocrx_word' id='word_1_392' title='bbox 2541 2071 2825 2141; x_wconf 87' lang='lat' dir='ltr'>copulatio</span> <span class='ocrx_word' id='word_1_393' title='bbox 2858 2077 2912 2124; x_wconf 92' lang='lat' dir='ltr'>et</span> <span class='ocrx_word' id='word_1_394' title='bbox 2960 2071 3286 2140; x_wconf 89' lang='lat' dir='ltr'>conjunctio</span> <span class='ocrx_word' id='word_1_395' title='bbox 3337 2087 3499 2141; x_wconf 74' lang='lat' dir='ltr'>aquae</span> <span class='ocrx_word' id='word_1_396' title='bbox 3541 2076 3594 2125; x_wconf 88' lang='lat' dir='ltr'>et</span> <span class='ocrx_word' id='word_1_397' title='bbox 3621 2072 3740 2126; x_wconf 91' lang='lat' dir='ltr'>vini</span> <span class='ocrx_word' id='word_1_398' title='bbox 3773 2073 3855 2127; x_wconf 91' lang='lat' dir='ltr'>sic</span> 
     </span>
    </p>
   </div>
   <div class='ocr_carea' id='block_1_61' title="bbox 2149 2159 3855 2226">
    <p class='ocr_par' dir='ltr' id='par_1_61' title="bbox 2149 2159 3855 2226">
     <span class='ocr_line' id='line_1_61' title="bbox 2149 2159 3855 2226; baseline 0.002 -14"><span class='ocrx_word' id='word_1_399' title='bbox 2149 2160 2422 2213; x_wconf 90' lang='lat' dir='ltr'>miscetur</span> <span class='ocrx_word' id='word_1_400' title='bbox 2451 2159 2511 2212; x_wconf 91' lang='lat' dir='ltr'>in</span> <span class='ocrx_word' id='word_1_401' title='bbox 2556 2161 2726 2212; x_wconf 88' lang='lat' dir='ltr'>calice</span> <span class='ocrx_word' id='word_1_402' title='bbox 2783 2159 3028 2226; x_wconf 89' lang='lat' dir='ltr'>Domini,</span> <span class='ocrx_word' id='word_1_403' title='bbox 3089 2164 3149 2211; x_wconf 92' lang='lat' dir='ltr'>ut</span> <span class='ocrx_word' id='word_1_404' title='bbox 3190 2159 3519 2212; x_wconf 78' lang='lat' dir='ltr'>commixtio</span> <span class='ocrx_word' id='word_1_405' title='bbox 3573 2160 3672 2213; x_wconf 89' lang='lat' dir='ltr'>illa</span> <span class='ocrx_word' id='word_1_406' title='bbox 3731 2177 3855 2215; x_wconf 90' lang='lat' dir='ltr'>non</span> 
     </span>
    </p>
   </div>
   <div class='ocr_carea' id='block_1_62' title="bbox 2148 2247 3853 2318">
    <p class='ocr_par' dir='ltr' id='par_1_62' title="bbox 2148 2247 3853 2318">
     <span class='ocr_line' id='line_1_62' title="bbox 2148 2247 3853 2318; baseline 0.002 -18"><span class='ocrx_word' id='word_1_407' title='bbox 2148 2247 2328 2317; x_wconf 90' lang='lat' dir='ltr'>possit</span> <span class='ocrx_word' id='word_1_408' title='bbox 2357 2248 2626 2316; x_wconf 85' lang='lat' dir='ltr'>separari.</span> <span class='ocrx_word' id='word_1_409' title='bbox 2690 2248 2832 2300; x_wconf 87' lang='lat' dir='ltr'>Nam</span> <span class='ocrx_word' id='word_1_410' title='bbox 2859 2247 2906 2300; x_wconf 88' lang='lat' dir='ltr'>si</span> <span class='ocrx_word' id='word_1_411' title='bbox 2936 2247 3133 2300; x_wconf 90' lang='lat' dir='ltr'>vinum</span> <span class='ocrx_word' id='word_1_412' title='bbox 3181 2251 3408 2300; x_wconf 88' lang='lat' dir='ltr'>tantum</span> <span class='ocrx_word' id='word_1_413' title='bbox 3451 2248 3581 2318; x_wconf 87' lang='lat' dir='ltr'>quis</span> <span class='ocrx_word' id='word_1_414' title='bbox 3621 2248 3853 2312; x_wconf 80' lang='lat' dir='ltr'>offerat,</span> 
     </span>
    </p>
   </div>
   <div class='ocr_carea' id='block_1_63' title="bbox 2151 2335 3850 2406">
    <p class='ocr_par' dir='ltr' id='par_1_63' title="bbox 2151 2335 3850 2406">
     <span class='ocr_line' id='line_1_63' title="bbox 2151 2335 3850 2406; baseline 0.002 -17"><span class='ocrx_word' id='word_1_415' title='bbox 2151 2336 2386 2405; x_wconf 90' lang='lat' dir='ltr'>sanguis</span> <span class='ocrx_word' id='word_1_416' title='bbox 2460 2336 2668 2389; x_wconf 88' lang='lat' dir='ltr'>Christi</span> <span class='ocrx_word' id='word_1_417' title='bbox 2715 2335 2918 2406; x_wconf 90' lang='lat' dir='ltr'>incipit</span> <span class='ocrx_word' id='word_1_418' title='bbox 2973 2351 3094 2389; x_wconf 90' lang='lat' dir='ltr'>esse</span> <span class='ocrx_word' id='word_1_419' title='bbox 3149 2335 3269 2388; x_wconf 90' lang='lat' dir='ltr'>sine</span> <span class='ocrx_word' id='word_1_420' title='bbox 3323 2336 3532 2390; x_wconf 90' lang='lat' dir='ltr'>nobis:</span> <span class='ocrx_word' id='word_1_421' title='bbox 3600 2336 3648 2389; x_wconf 90' lang='lat' dir='ltr'>si</span> <span class='ocrx_word' id='word_1_422' title='bbox 3709 2353 3850 2392; x_wconf 91' lang='lat' dir='ltr'>vero</span> 
     </span>
    </p>
   </div>
   <div class='ocr_carea' id='block_1_64' title="bbox 2151 2423 3852 2494">
    <p class='ocr_par' dir='ltr' id='par_1_64' title="bbox 2151 2423 3852 2494">
     <span class='ocr_line' id='line_1_64' title="bbox 2151 2423 3852 2494; baseline 0.001 -17"><span class='ocrx_word' id='word_1_423' title='bbox 2151 2439 2299 2494; x_wconf 88' lang='lat' dir='ltr'>aqua</span> <span class='ocrx_word' id='word_1_424' title='bbox 2328 2423 2398 2476; x_wconf 90' lang='lat' dir='ltr'>sit</span> <span class='ocrx_word' id='word_1_425' title='bbox 2426 2425 2566 2489; x_wconf 87' lang='lat' dir='ltr'>sola,</span> <span class='ocrx_word' id='word_1_426' title='bbox 2620 2424 2780 2493; x_wconf 91' lang='lat' dir='ltr'>plebs</span> <span class='ocrx_word' id='word_1_427' title='bbox 2827 2423 3029 2492; x_wconf 84' lang='lat' dir='ltr'>incipit</span> <span class='ocrx_word' id='word_1_428' title='bbox 3071 2439 3194 2476; x_wconf 87' lang='lat' dir='ltr'>esse</span> <span class='ocrx_word' id='word_1_429' title='bbox 3243 2423 3366 2476; x_wconf 90' lang='lat' dir='ltr'>sine</span> <span class='ocrx_word' id='word_1_430' title='bbox 3413 2423 3662 2478; x_wconf 89' lang='lat' dir='ltr'>Christo.</span> <span class='ocrx_word' id='word_1_431' title='bbox 3699 2425 3852 2494; x_wconf 89' lang='lat' dir='ltr'>Ergo</span> 
     </span>
    </p>
   </div>
   <div class='ocr_carea' id='block_1_65' title="bbox 2151 2510 3851 2581">
    <p class='ocr_par' dir='ltr' id='par_1_65' title="bbox 2151 2510 3851 2581">
     <span class='ocr_line' id='line_1_65' title="bbox 2151 2510 3851 2581; baseline 0.001 -18"><span class='ocrx_word' id='word_1_432' title='bbox 2151 2511 2379 2581; x_wconf 91' lang='lat' dir='ltr'>quando</span> <span class='ocrx_word' id='word_1_433' title='bbox 2409 2511 2606 2564; x_wconf 87' lang='lat' dir='ltr'>botrus</span> <span class='ocrx_word' id='word_1_434' title='bbox 2622 2512 2776 2564; x_wconf 91' lang='lat' dir='ltr'>solus</span> <span class='ocrx_word' id='word_1_435' title='bbox 2811 2511 3069 2578; x_wconf 77' lang='lat' dir='ltr'>offertur,</span> <span class='ocrx_word' id='word_1_436' title='bbox 3102 2511 3160 2564; x_wconf 91' lang='lat' dir='ltr'>in</span> <span class='ocrx_word' id='word_1_437' title='bbox 3189 2528 3302 2580; x_wconf 91' lang='lat' dir='ltr'>quo</span> <span class='ocrx_word' id='word_1_438' title='bbox 3334 2510 3454 2563; x_wconf 91' lang='lat' dir='ltr'>vini</span> <span class='ocrx_word' id='word_1_439' title='bbox 3474 2515 3704 2565; x_wconf 90' lang='lat' dir='ltr'>tantum</span> <span class='ocrx_word' id='word_1_440' title='bbox 3727 2512 3851 2565; x_wconf 87' lang='lat' dir='ltr'>efﬁ-</span> 
     </span>
    </p>
   </div>
   <div class='ocr_carea' id='block_1_66' title="bbox 2150 2598 3853 2664">
    <p class='ocr_par' dir='ltr' id='par_1_66' title="bbox 2150 2598 3853 2664">
     <span class='ocr_line' id='line_1_66' title="bbox 2150 2598 3853 2664; baseline 0.002 -14"><span class='ocrx_word' id='word_1_441' title='bbox 2150 2598 2336 2652; x_wconf 89' lang='lat' dir='ltr'>centia</span> <span class='ocrx_word' id='word_1_442' title='bbox 2399 2599 2846 2664; x_wconf 86' lang='lat' dir='ltr'>demonstratur,</span> <span class='ocrx_word' id='word_1_443' title='bbox 2907 2600 3104 2652; x_wconf 91' lang='lat' dir='ltr'>salutis</span> <span class='ocrx_word' id='word_1_444' title='bbox 3167 2605 3373 2653; x_wconf 59' lang='lat' dir='ltr'>nostra</span> <span class='ocrx_word' id='word_1_445' title='bbox 3425 2604 3853 2654; x_wconf 89' lang='lat' dir='ltr'>sacramentum</span> 
     </span>
    </p>
   </div>
   <div class='ocr_carea' id='block_1_67' title="bbox 2150 2685 3857 2758">
    <p class='ocr_par' dir='ltr' id='par_1_67' title="bbox 2150 2685 3857 2758">
     <span class='ocr_line' id='line_1_67' title="bbox 2150 2685 3857 2758; baseline 0.002 -20"><span class='ocrx_word' id='word_1_446' title='bbox 2150 2685 2480 2756; x_wconf 87' lang='lat' dir='ltr'>negligitur,</span> <span class='ocrx_word' id='word_1_447' title='bbox 2525 2688 2680 2757; x_wconf 91' lang='lat' dir='ltr'>quod</span> <span class='ocrx_word' id='word_1_448' title='bbox 2728 2702 2831 2756; x_wconf 90' lang='lat' dir='ltr'>per</span> <span class='ocrx_word' id='word_1_449' title='bbox 2861 2703 3068 2757; x_wconf 90' lang='lat' dir='ltr'>aquam</span> <span class='ocrx_word' id='word_1_450' title='bbox 3102 2687 3477 2758; x_wconf 88' lang='lat' dir='ltr'>signiﬁcatur.</span> <span class='ocrx_word' id='word_1_451' title='bbox 3527 2689 3649 2742; x_wconf 88' lang='lat' dir='ltr'>Non</span> <span class='ocrx_word' id='word_1_452' title='bbox 3695 2689 3857 2742; x_wconf 87' lang='lat' dir='ltr'>enim</span> 
     </span>
    </p>
   </div>
   <div class='ocr_carea' id='block_1_68' title="bbox 2084 2774 3855 2875">
    <p class='ocr_par' dir='ltr' id='par_1_68' title="bbox 2084 2774 3855 2875">
     <span class='ocr_line' id='line_1_68' title="bbox 2084 2774 3855 2875; baseline 0.002 -49"><span class='ocrx_word' id='word_1_453' title='bbox 2084 2822 2122 2875; x_wconf 75' lang='grc' dir='ltr'>Β</span> <span class='ocrx_word' id='word_1_454' title='bbox 2154 2778 2339 2843; x_wconf 91' lang='lat' dir='ltr'>potest</span> <span class='ocrx_word' id='word_1_455' title='bbox 2367 2774 2508 2826; x_wconf 87' lang='lat' dir='ltr'>calix</span> <span class='ocrx_word' id='word_1_456' title='bbox 2544 2774 2774 2827; x_wconf 89' lang='lat' dir='ltr'>Domini</span> <span class='ocrx_word' id='word_1_457' title='bbox 2803 2791 2924 2827; x_wconf 90' lang='lat' dir='ltr'>esse</span> <span class='ocrx_word' id='word_1_458' title='bbox 2954 2791 3103 2845; x_wconf 88' lang='lat' dir='ltr'>aqua</span> <span class='ocrx_word' id='word_1_459' title='bbox 3132 2777 3272 2840; x_wconf 90' lang='lat' dir='ltr'>sola,</span> <span class='ocrx_word' id='word_1_460' title='bbox 3299 2780 3395 2828; x_wconf 81' lang='lat' dir='ltr'>aut</span> <span class='ocrx_word' id='word_1_461' title='bbox 3416 2775 3612 2829; x_wconf 89' lang='lat' dir='ltr'>vinum</span> <span class='ocrx_word' id='word_1_462' title='bbox 3640 2777 3855 2843; x_wconf 90' lang='lat' dir='ltr'>solum,</span> 
     </span>
    </p>
   </div>
   <div class='ocr_carea' id='block_1_69' title="bbox 2151 2862 3858 2934">
    <p class='ocr_par' dir='ltr' id='par_1_69' title="bbox 2151 2862 3858 2934">
     <span class='ocr_line' id='line_1_69' title="bbox 2151 2862 3858 2934; baseline 0.002 -19"><span class='ocrx_word' id='word_1_463' title='bbox 2151 2862 2263 2916; x_wconf 92' lang='lat' dir='ltr'>nisi</span> <span class='ocrx_word' id='word_1_464' title='bbox 2297 2866 2602 2932; x_wconf 91' lang='lat' dir='ltr'>utrumque</span> <span class='ocrx_word' id='word_1_465' title='bbox 2630 2863 2955 2916; x_wconf 87' lang='lat' dir='ltr'>misceatur.</span> <span class='ocrx_word' id='word_1_466' title='bbox 3022 2865 3086 2917; x_wconf 82' lang='lat' dir='ltr'>Et</span> <span class='ocrx_word' id='word_1_467' title='bbox 3114 2863 3264 2928; x_wconf 89' lang='lat' dir='ltr'>ideo,</span> <span class='ocrx_word' id='word_1_468' title='bbox 3323 2865 3454 2934; x_wconf 91' lang='lat' dir='ltr'>quia</span> <span class='ocrx_word' id='word_1_469' title='bbox 3480 2865 3602 2934; x_wconf 91' lang='lat' dir='ltr'>jam</span> <span class='ocrx_word' id='word_1_470' title='bbox 3633 2881 3699 2917; x_wconf 88' lang='lat' dir='ltr'>ex</span> <span class='ocrx_word' id='word_1_471' title='bbox 3744 2866 3858 2918; x_wconf 85' lang='lat' dir='ltr'>hoc</span> 
     </span>
    </p>
   </div>
   <div class='ocr_carea' id='block_1_70' title="bbox 2150 2951 3851 3021">
    <p class='ocr_par' dir='ltr' id='par_1_70' title="bbox 2150 2951 3851 3021">
     <span class='ocr_line' id='line_1_70' title="bbox 2150 2951 3851 3021; baseline 0.002 -17"><span class='ocrx_word' id='word_1_472' title='bbox 2150 2951 2400 3021; x_wconf 89' lang='lat' dir='ltr'>plurima</span> <span class='ocrx_word' id='word_1_473' title='bbox 2429 2956 2485 3004; x_wconf 90' lang='lat' dir='ltr'>et</span> <span class='ocrx_word' id='word_1_474' title='bbox 2514 2951 2814 3021; x_wconf 90' lang='lat' dir='ltr'>multiplex</span> <span class='ocrx_word' id='word_1_475' title='bbox 2875 2952 3150 3021; x_wconf 89' lang='lat' dir='ltr'>majorem</span> <span class='ocrx_word' id='word_1_476' title='bbox 3210 2953 3496 3006; x_wconf 85' lang='lat' dir='ltr'>emanavit</span> <span class='ocrx_word' id='word_1_477' title='bbox 3538 2955 3851 3018; x_wconf 89' lang='lat' dir='ltr'>sententia,</span> 
     </span>
    </p>
   </div>
   <div class='ocr_carea' id='block_1_71' title="bbox 2152 3039 3852 3111">
    <p class='ocr_par' dir='ltr' id='par_1_71' title="bbox 2152 3039 3852 3111">
     <span class='ocr_line' id='line_1_71' title="bbox 2152 3039 3852 3111; baseline 0.001 -17"><span class='ocrx_word' id='word_1_478' title='bbox 2152 3039 2419 3110; x_wconf 90' lang='lat' dir='ltr'>deinceps</span> <span class='ocrx_word' id='word_1_479' title='bbox 2451 3040 2638 3093; x_wconf 91' lang='lat' dir='ltr'>omnis</span> <span class='ocrx_word' id='word_1_480' title='bbox 2665 3040 2795 3093; x_wconf 87' lang='lat' dir='ltr'>talis</span> <span class='ocrx_word' id='word_1_481' title='bbox 2823 3056 2984 3094; x_wconf 87' lang='lat' dir='ltr'>error</span> <span class='ocrx_word' id='word_1_482' title='bbox 3011 3045 3182 3110; x_wconf 89' lang='lat' dir='ltr'>atque</span> <span class='ocrx_word' id='word_1_483' title='bbox 3219 3043 3592 3111; x_wconf 60' lang='lat' dir='ltr'>praesumptio</span> <span class='ocrx_word' id='word_1_484' title='bbox 3625 3058 3852 3096; x_wconf 89' lang='lat' dir='ltr'>cessare</span> 
     </span>
    </p>
   </div>
   <div class='ocr_carea' id='block_1_72' title="bbox 2153 3128 3856 3200">
    <p class='ocr_par' dir='ltr' id='par_1_72' title="bbox 2153 3128 3856 3200">
     <span class='ocr_line' id='line_1_72' title="bbox 2153 3128 3856 3200; baseline 0.002 -19"><span class='ocrx_word' id='word_1_485' title='bbox 2153 3128 2341 3192; x_wconf 83' lang='lat' dir='ltr'>debet,</span> <span class='ocrx_word' id='word_1_486' title='bbox 2379 3144 2448 3181; x_wconf 91' lang='lat' dir='ltr'>ne</span> <span class='ocrx_word' id='word_1_487' title='bbox 2476 3144 2872 3197; x_wconf 89' lang='lat' dir='ltr'>perversorum</span> <span class='ocrx_word' id='word_1_488' title='bbox 2921 3129 3246 3183; x_wconf 87' lang='lat' dir='ltr'>inordinata</span> <span class='ocrx_word' id='word_1_489' title='bbox 3301 3146 3580 3200; x_wconf 90' lang='lat' dir='ltr'>compago</span> <span class='ocrx_word' id='word_1_490' title='bbox 3637 3135 3856 3184; x_wconf 88' lang='lat' dir='ltr'>statum</span> 
     </span>
    </p>
   </div>
   <div class='ocr_carea' id='block_1_73' title="bbox 2150 3215 3858 3289">
    <p class='ocr_par' dir='ltr' id='par_1_73' title="bbox 2150 3215 3858 3289">
     <span class='ocr_line' id='line_1_73' title="bbox 2150 3215 3858 3289; baseline 0.003 -21"><span class='ocrx_word' id='word_1_491' title='bbox 2150 3215 2406 3268; x_wconf 85' lang='lat' dir='ltr'>veritatis</span> <span class='ocrx_word' id='word_1_492' title='bbox 2463 3221 2714 3269; x_wconf 87' lang='lat' dir='ltr'>enervet.</span> <span class='ocrx_word' id='word_1_493' title='bbox 2771 3219 2833 3270; x_wconf 85' lang='lat' dir='ltr'>Et</span> <span class='ocrx_word' id='word_1_494' title='bbox 2863 3217 2988 3271; x_wconf 92' lang='lat' dir='ltr'>ideo</span> <span class='ocrx_word' id='word_1_495' title='bbox 3048 3219 3271 3271; x_wconf 91' lang='lat' dir='ltr'>nullum</span> <span class='ocrx_word' id='word_1_496' title='bbox 3321 3219 3588 3289; x_wconf 85' lang='lat' dir='ltr'>deinceps</span> <span class='ocrx_word' id='word_1_497' title='bbox 3626 3219 3858 3274; x_wconf 89' lang='lat' dir='ltr'>licitum</span> 
     </span>
    </p>
   </div>
   <div class='ocr_carea' id='block_1_74' title="bbox 2152 3303 3860 3376">
    <p class='ocr_par' dir='ltr' id='par_1_74' title="bbox 2152 3303 3860 3376">
     <span class='ocr_line' id='line_1_74' title="bbox 2152 3303 3860 3376; baseline 0.002 -19"><span class='ocrx_word' id='word_1_498' title='bbox 2152 3303 2260 3357; x_wconf 88' lang='lat' dir='ltr'>erit</span> <span class='ocrx_word' id='word_1_499' title='bbox 2293 3304 2447 3358; x_wconf 89' lang='lat' dir='ltr'>aliud</span> <span class='ocrx_word' id='word_1_500' title='bbox 2478 3304 2535 3356; x_wconf 91' lang='lat' dir='ltr'>in</span> <span class='ocrx_word' id='word_1_501' title='bbox 2579 3305 2786 3358; x_wconf 91' lang='lat' dir='ltr'>divinis</span> <span class='ocrx_word' id='word_1_502' title='bbox 2829 3307 3001 3359; x_wconf 89' lang='lat' dir='ltr'>sacris</span> <span class='ocrx_word' id='word_1_503' title='bbox 3054 3306 3277 3373; x_wconf 78' lang='lat' dir='ltr'>offerre,</span> <span class='ocrx_word' id='word_1_504' title='bbox 3327 3307 3440 3360; x_wconf 86' lang='lat' dir='ltr'>nisi</span> <span class='ocrx_word' id='word_1_505' title='bbox 3489 3309 3653 3376; x_wconf 88' lang='lat' dir='ltr'>juxta</span> <span class='ocrx_word' id='word_1_506' title='bbox 3711 3309 3860 3362; x_wconf 88' lang='lat' dir='ltr'>anti-</span> 
     </span>
    </p>
   </div>
   <div class='ocr_carea' id='block_1_75' title="bbox 2151 3391 3859 3463">
    <p class='ocr_par' dir='ltr' id='par_1_75' title="bbox 2151 3391 3859 3463">
     <span class='ocr_line' id='line_1_75' title="bbox 2151 3391 3859 3463; baseline 0.003 -21"><span class='ocrx_word' id='word_1_507' title='bbox 2151 3406 2398 3460; x_wconf 90' lang='lat' dir='ltr'>quorum</span> <span class='ocrx_word' id='word_1_508' title='bbox 2425 3391 2769 3445; x_wconf 89' lang='lat' dir='ltr'>sententiam</span> <span class='ocrx_word' id='word_1_509' title='bbox 2811 3393 3203 3461; x_wconf 90' lang='lat' dir='ltr'>conciliorum,</span> <span class='ocrx_word' id='word_1_510' title='bbox 3239 3410 3449 3463; x_wconf 90' lang='lat' dir='ltr'>panem</span> <span class='ocrx_word' id='word_1_511' title='bbox 3496 3397 3745 3461; x_wconf 80' lang='lat' dir='ltr'>tantum,</span> <span class='ocrx_word' id='word_1_512' title='bbox 3800 3399 3859 3448; x_wconf 87' lang='lat' dir='ltr'>et</span> 
     </span>
    </p>
   </div>
   <div class='ocr_carea' id='block_1_76' title="bbox 2151 3480 3860 3552">
    <p class='ocr_par' dir='ltr' id='par_1_76' title="bbox 2151 3480 3860 3552">
     <span class='ocr_line' id='line_1_76' title="bbox 2151 3480 3860 3552; baseline 0.004 -19"><span class='ocrx_word' id='word_1_513' title='bbox 2151 3480 2382 3534; x_wconf 90' lang='lat' dir='ltr'>calicem</span> <span class='ocrx_word' id='word_1_514' title='bbox 2413 3481 2544 3533; x_wconf 92' lang='lat' dir='ltr'>vino</span> <span class='ocrx_word' id='word_1_515' title='bbox 2569 3485 2625 3533; x_wconf 91' lang='lat' dir='ltr'>et</span> <span class='ocrx_word' id='word_1_516' title='bbox 2665 3497 2815 3551; x_wconf 90' lang='lat' dir='ltr'>aqua</span> <span class='ocrx_word' id='word_1_517' title='bbox 2872 3483 3238 3552; x_wconf 86' lang='lat' dir='ltr'>permixtum.</span> <span class='ocrx_word' id='word_1_518' title='bbox 3297 3485 3373 3537; x_wconf 91' lang='lat' dir='ltr'>De</span> <span class='ocrx_word' id='word_1_519' title='bbox 3423 3487 3624 3536; x_wconf 70' lang='lat' dir='ltr'>caetero</span> <span class='ocrx_word' id='word_1_520' title='bbox 3685 3483 3860 3539; x_wconf 85' lang='lat' dir='ltr'>aliter</span> 
     </span>
    </p>
   </div>
   <div class='ocr_carea' id='block_1_77' title="bbox 2151 3569 3859 3639">
    <p class='ocr_par' dir='ltr' id='par_1_77' title="bbox 2151 3569 3859 3639">
     <span class='ocr_line' id='line_1_77' title="bbox 2151 3569 3859 3639; baseline 0.003 -19"><span class='ocrx_word' id='word_1_521' title='bbox 2151 3585 2325 3639; x_wconf 90' lang='lat' dir='ltr'>quam</span> <span class='ocrx_word' id='word_1_522' title='bbox 2379 3574 2729 3637; x_wconf 65' lang='lat' dir='ltr'>praeceptum</span> <span class='ocrx_word' id='word_1_523' title='bbox 2787 3574 2874 3622; x_wconf 91' lang='lat' dir='ltr'>est</span> <span class='ocrx_word' id='word_1_524' title='bbox 2917 3569 3150 3638; x_wconf 88' lang='lat' dir='ltr'>faciens,</span> <span class='ocrx_word' id='word_1_525' title='bbox 3187 3570 3421 3624; x_wconf 71' lang='lat' dir='ltr'>&quot;tandiu</span> <span class='ocrx_word' id='word_1_526' title='bbox 3481 3569 3859 3625; x_wconf 86' lang='lat' dir='ltr'>sacriﬁcando</span> 
     </span>
    </p>
   </div>
   <div class='ocr_carea' id='block_1_78' title="bbox 2150 3655 3858 3728">
    <p class='ocr_par' dir='ltr' id='par_1_78' title="bbox 2150 3655 3858 3728">
     <span class='ocr_line' id='line_1_78' title="bbox 2150 3655 3858 3728; baseline 0.002 -19"><span class='ocrx_word' id='word_1_527' title='bbox 2150 3655 2410 3722; x_wconf 91' lang='lat' dir='ltr'>cessabit,</span> <span class='ocrx_word' id='word_1_528' title='bbox 2498 3657 2754 3726; x_wconf 90' lang='lat' dir='ltr'>quandiu</span> <span class='ocrx_word' id='word_1_529' title='bbox 2837 3658 3091 3727; x_wconf 91' lang='lat' dir='ltr'>legitima</span> <span class='ocrx_word' id='word_1_530' title='bbox 3179 3658 3532 3728; x_wconf 61' lang='lat' dir='ltr'>poenitentia;</span> <span class='ocrx_word' id='word_1_531' title='bbox 3621 3659 3858 3714; x_wconf 85' lang='lat' dir='ltr'>satisfa-</span> 
     </span>
    </p>
   </div>
   <div class='ocr_carea' id='block_1_79' title="bbox 2151 3745 3858 3819">
    <p class='ocr_par' dir='ltr' id='par_1_79' title="bbox 2151 3745 3858 3819">
     <span class='ocr_line' id='line_1_79' title="bbox 2151 3745 3858 3819; baseline 0.003 -21"><span class='ocrx_word' id='word_1_532' title='bbox 2151 3745 2339 3798; x_wconf 91' lang='lat' dir='ltr'>ctione</span> <span class='ocrx_word' id='word_1_533' title='bbox 2368 3750 2664 3814; x_wconf 86' lang='lat' dir='ltr'>correptus</span> <span class='ocrx_word' id='word_1_534' title='bbox 2697 3746 2765 3800; x_wconf 90' lang='lat' dir='ltr'>ad</span> <span class='ocrx_word' id='word_1_535' title='bbox 2814 3747 3024 3816; x_wconf 89' lang='lat' dir='ltr'>gradus</span> <span class='ocrx_word' id='word_1_536' title='bbox 3054 3747 3142 3800; x_wconf 90' lang='lat' dir='ltr'>sui</span> <span class='ocrx_word' id='word_1_537' title='bbox 3187 3746 3441 3801; x_wconf 88' lang='lat' dir='ltr'>ofﬁcium</span> <span class='ocrx_word' id='word_1_538' title='bbox 3471 3747 3667 3802; x_wconf 89' lang='lat' dir='ltr'>redeat</span> <span class='ocrx_word' id='word_1_539' title='bbox 3695 3749 3858 3819; x_wconf 88' lang='lat' dir='ltr'>quod</span> 
     </span>
    </p>
   </div>
   <div class='ocr_carea' id='block_1_80' title="bbox 2151 3832 2360 3886">
    <p class='ocr_par' dir='ltr' id='par_1_80' title="bbox 2151 3832 2360 3886">
     <span class='ocr_line' id='line_1_80' title="bbox 2151 3832 2360 3886; baseline 0.005 -1"><span class='ocrx_word' id='word_1_540' title='bbox 2151 3832 2360 3886; x_wconf 89' lang='lat' dir='ltr'>amisit.</span> 
     </span>
    </p>
   </div>
   <div class='ocr_carea' id='block_1_81' title="bbox 2152 3976 3856 4048">
    <p class='ocr_par' dir='ltr' id='par_1_81' title="bbox 2152 3976 3856 4048">
     <span class='ocr_line' id='line_1_81' title="bbox 2152 3976 3856 4048; baseline 0.002 -18"><span class='ocrx_word' id='word_1_541' title='bbox 2152 3976 2279 4030; x_wconf 80' lang='lat' dir='ltr'>CAP.</span> <span class='ocrx_word' id='word_1_542' title='bbox 2322 3976 2390 4030; x_wconf 91' lang='grc' dir='ltr'>ΙΙ.</span> <span class='ocrx_word' id='word_1_543' title='bbox 2425 4007 2494 4016; x_wconf 91' lang='lat'>—-</span> <span class='ocrx_word' id='word_1_544' title='bbox 2526 3976 2683 4041; x_wconf 84' lang='lat' dir='ltr'>Quod</span> <span class='ocrx_word' id='word_1_545' title='bbox 2727 3977 2787 4031; x_wconf 87' lang='lat' dir='ltr'>in</span> <span class='ocrx_word' id='word_1_546' title='bbox 2823 3978 3177 4032; x_wconf 83' lang='lat' dir='ltr'>Eucharistia</span> <span class='ocrx_word' id='word_1_547' title='bbox 3218 3993 3311 4032; x_wconf 86' lang='lat' dir='ltr'>nec</span> <span class='ocrx_word' id='word_1_548' title='bbox 3345 3993 3493 4048; x_wconf 84' lang='lat' dir='ltr'>pura</span> <span class='ocrx_word' id='word_1_549' title='bbox 3535 3994 3703 4048; x_wconf 85' lang='lat' dir='ltr'>aqua,</span> <span class='ocrx_word' id='word_1_550' title='bbox 3755 3994 3856 4034; x_wconf 85' lang='lat' dir='ltr'>nec</span> 
     </span>
    </p>
   </div>
   <div class='ocr_carea' id='block_1_82' title="bbox 2561 4065 3425 4134">
    <p class='ocr_par' dir='ltr' id='par_1_82' title="bbox 2561 4065 3425 4134">
     <span class='ocr_line' id='line_1_82' title="bbox 2561 4065 3425 4134; baseline 0.003 -17"><span class='ocrx_word' id='word_1_551' title='bbox 2561 4080 2764 4134; x_wconf 84' lang='lat' dir='ltr'>purum</span> <span class='ocrx_word' id='word_1_552' title='bbox 2791 4068 2976 4120; x_wconf 79' lang='lat' dir='ltr'>vinum</span> <span class='ocrx_word' id='word_1_553' title='bbox 3005 4065 3192 4134; x_wconf 82' lang='lat' dir='ltr'>offerri</span> <span class='ocrx_word' id='word_1_554' title='bbox 3219 4066 3425 4120; x_wconf 87' lang='lat' dir='ltr'>debeat.</span> 
     </span>
    </p>
   </div>
   <div class='ocr_carea' id='block_1_83' title="bbox 2221 4187 3854 4257">
    <p class='ocr_par' dir='ltr' id='par_1_83' title="bbox 2221 4187 3854 4257">
     <span class='ocr_line' id='line_1_83' title="bbox 2221 4187 3854 4257; baseline 0.003 -17"><span class='ocrx_word' id='word_1_555' title='bbox 2221 4187 2338 4256; x_wconf 74' lang='lat' dir='ltr'>(Em</span> <span class='ocrx_word' id='word_1_556' title='bbox 2366 4189 2549 4241; x_wconf 76' lang='lat' dir='ltr'>concit.</span> <span class='ocrx_word' id='word_1_557' title='bbox 2591 4188 2996 4254; x_wconf 84' lang='lat' dir='ltr'>Wormaciensi,</span> <span class='ocrx_word' id='word_1_558' title='bbox 3051 4203 3179 4257; x_wconf 83' lang='lat' dir='ltr'>cap.</span> <span class='ocrx_word' id='word_1_559' title='bbox 3247 4188 3324 4257; x_wconf 83' lang='lat'>2.)</span> <span class='ocrx_word' id='word_1_560' title='bbox 3383 4190 3443 4240; x_wconf 90' lang='lat' dir='ltr'>1n</span> <span class='ocrx_word' id='word_1_561' title='bbox 3495 4188 3854 4245; x_wconf 89' lang='lat' dir='ltr'>Eucharistia</span> 
     </span>
    </p>
   </div>
   <div class='ocr_carea' id='block_1_84' title="bbox 2149 4276 3854 4346">
    <p class='ocr_par' dir='ltr' id='par_1_84' title="bbox 2149 4276 3854 4346">
     <span class='ocr_line' id='line_1_84' title="bbox 2149 4276 3854 4346; baseline 0.003 -18"><span class='ocrx_word' id='word_1_562' title='bbox 2149 4291 2264 4329; x_wconf 89' lang='lat' dir='ltr'>non</span> <span class='ocrx_word' id='word_1_563' title='bbox 2295 4276 2464 4330; x_wconf 90' lang='lat' dir='ltr'>debet</span> <span class='ocrx_word' id='word_1_564' title='bbox 2505 4289 2652 4346; x_wconf 90' lang='lat' dir='ltr'>pura</span> <span class='ocrx_word' id='word_1_565' title='bbox 2704 4292 2852 4346; x_wconf 86' lang='lat' dir='ltr'>aqua</span> <span class='ocrx_word' id='word_1_566' title='bbox 2892 4276 3105 4343; x_wconf 78' lang='lat' dir='ltr'>offerri,</span> <span class='ocrx_word' id='word_1_567' title='bbox 3157 4281 3219 4329; x_wconf 88' lang='lat' dir='ltr'>ut</span> <span class='ocrx_word' id='word_1_568' title='bbox 3249 4277 3484 4346; x_wconf 89' lang='lat' dir='ltr'>quidam</span> <span class='ocrx_word' id='word_1_569' title='bbox 3518 4277 3854 4333; x_wconf 88' lang='lat' dir='ltr'>sobrietatis</span> 
     </span>
    </p>
   </div>
   <div class='ocr_carea' id='block_1_85' title="bbox 2145 4365 3854 4435">
    <p class='ocr_par' dir='ltr' id='par_1_85' title="bbox 2145 4365 3854 4435">
     <span class='ocr_line' id='line_1_85' title="bbox 2145 4365 3854 4435; baseline 0.002 -19"><span class='ocrx_word' id='word_1_570' title='bbox 2145 4380 2313 4418; x_wconf 88' lang='lat' dir='ltr'>causa</span> <span class='ocrx_word' id='word_1_571' title='bbox 2342 4365 2640 4428; x_wconf 90' lang='lat' dir='ltr'>falluntur,</span> <span class='ocrx_word' id='word_1_572' title='bbox 2673 4365 2774 4418; x_wconf 88' lang='lat' dir='ltr'>sed</span> <span class='ocrx_word' id='word_1_573' title='bbox 2802 4365 3002 4418; x_wconf 92' lang='lat' dir='ltr'>vinum</span> <span class='ocrx_word' id='word_1_574' title='bbox 3035 4381 3163 4417; x_wconf 92' lang='lat' dir='ltr'>cum</span> <span class='ocrx_word' id='word_1_575' title='bbox 3195 4381 3345 4435; x_wconf 88' lang='lat' dir='ltr'>aqua</span> <span class='ocrx_word' id='word_1_576' title='bbox 3377 4365 3618 4419; x_wconf 90' lang='lat' dir='ltr'>mixtum</span> <span class='ocrx_word' id='word_1_577' title='bbox 3654 4381 3666 4420; x_wconf 93' lang='lat'>:</span> <span class='ocrx_word' id='word_1_578' title='bbox 3705 4368 3854 4434; x_wconf 90' lang='lat' dir='ltr'>quia</span> 
     </span>
    </p>
   </div>
   <div class='ocr_carea' id='block_1_86' title="bbox 2148 4453 3849 4524">
    <p class='ocr_par' dir='ltr' id='par_1_86' title="bbox 2148 4453 3849 4524">
     <span class='ocr_line' id='line_1_86' title="bbox 2148 4453 3849 4524; baseline 0.002 -18"><span class='ocrx_word' id='word_1_579' title='bbox 2148 4455 2205 4506; x_wconf 91' lang='lat' dir='ltr'>et</span> <span class='ocrx_word' id='word_1_580' title='bbox 2229 4453 2428 4507; x_wconf 85' lang='lat' dir='ltr'>vinum</span> <span class='ocrx_word' id='word_1_581' title='bbox 2462 4453 2569 4506; x_wconf 92' lang='lat' dir='ltr'>fuit</span> <span class='ocrx_word' id='word_1_582' title='bbox 2597 4453 2657 4506; x_wconf 91' lang='lat' dir='ltr'>in</span> <span class='ocrx_word' id='word_1_583' title='bbox 2699 4453 3114 4524; x_wconf 90' lang='lat' dir='ltr'>redemptionis</span> <span class='ocrx_word' id='word_1_584' title='bbox 3145 4458 3355 4507; x_wconf 63' lang='lat' dir='ltr'>nostra;</span> <span class='ocrx_word' id='word_1_585' title='bbox 3397 4455 3683 4524; x_wconf 89' lang='lat' dir='ltr'>mysterio,</span> <span class='ocrx_word' id='word_1_586' title='bbox 3711 4470 3849 4509; x_wconf 88' lang='lat' dir='ltr'>cum</span> 
     </span>
    </p>
   </div>
   <div class='ocr_carea' id='block_1_87' title="bbox 2149 4541 3855 4613">
    <p class='ocr_par' dir='ltr' id='par_1_87' title="bbox 2149 4541 3855 4613">
     <span class='ocr_line' id='line_1_87' title="bbox 2149 4541 3855 4613; baseline 0.002 -19"><span class='ocrx_word' id='word_1_587' title='bbox 2149 4541 2285 4595; x_wconf 92' lang='lat' dir='ltr'>dicit</span> <span class='ocrx_word' id='word_1_588' title='bbox 2319 4557 2330 4594; x_wconf 92' lang='lat'>:</span> <span class='ocrx_word' id='word_1_589' title='bbox 2363 4543 2484 4595; x_wconf 88' lang='lat' dir='ltr'>Non</span> <span class='ocrx_word' id='word_1_590' title='bbox 2515 4541 2708 4595; x_wconf 89' lang='lat' dir='ltr'>bibam</span> <span class='ocrx_word' id='word_1_591' title='bbox 2741 4543 2810 4596; x_wconf 91' lang='lat' dir='ltr'>de</span> <span class='ocrx_word' id='word_1_592' title='bbox 2839 4543 2946 4596; x_wconf 93' lang='lat' dir='ltr'>hoc</span> <span class='ocrx_word' id='word_1_593' title='bbox 2977 4541 3270 4612; x_wconf 86' lang='lat' dir='ltr'>genimine</span> <span class='ocrx_word' id='word_1_594' title='bbox 3300 4543 3447 4609; x_wconf 85' lang='lat' dir='ltr'>vitis,</span> <span class='ocrx_word' id='word_1_595' title='bbox 3480 4549 3537 4596; x_wconf 88' lang='lat' dir='ltr'>et</span> <span class='ocrx_word' id='word_1_596' title='bbox 3567 4559 3715 4613; x_wconf 89' lang='lat' dir='ltr'>aqua</span> <span class='ocrx_word' id='word_1_597' title='bbox 3743 4544 3855 4597; x_wconf 85' lang='lat' dir='ltr'>mi-</span> 
     </span>
    </p>
   </div>
   <div class='ocr_carea' id='block_1_88' title="bbox 2146 4630 3854 4702">
    <p class='ocr_par' dir='ltr' id='par_1_88' title="bbox 2146 4630 3854 4702">
     <span class='ocr_line' id='line_1_88' title="bbox 2146 4630 3854 4702; baseline 0.003 -20"><span class='ocrx_word' id='word_1_598' title='bbox 2146 4635 2331 4700; x_wconf 89' lang='lat' dir='ltr'>xtum,</span> <span class='ocrx_word' id='word_1_599' title='bbox 2358 4630 2510 4701; x_wconf 88' lang='lat' dir='ltr'>quod</span> <span class='ocrx_word' id='word_1_600' title='bbox 2559 4636 2689 4700; x_wconf 88' lang='lat' dir='ltr'>post</span> <span class='ocrx_word' id='word_1_601' title='bbox 2743 4647 2960 4686; x_wconf 62' lang='lat' dir='ltr'>caenam</span> <span class='ocrx_word' id='word_1_602' title='bbox 3019 4631 3206 4686; x_wconf 91' lang='lat' dir='ltr'>dabat.</span> <span class='ocrx_word' id='word_1_603' title='bbox 3264 4631 3376 4686; x_wconf 91' lang='lat' dir='ltr'>Sed</span> <span class='ocrx_word' id='word_1_604' title='bbox 3415 4632 3483 4686; x_wconf 90' lang='lat' dir='ltr'>de</span> <span class='ocrx_word' id='word_1_605' title='bbox 3512 4632 3689 4685; x_wconf 86' lang='lat' dir='ltr'>latere</span> <span class='ocrx_word' id='word_1_606' title='bbox 3722 4634 3854 4702; x_wconf 85' lang='lat' dir='ltr'>ejus</span> 
     </span>
    </p>
   </div>
   <div class='ocr_carea' id='block_1_89' title="bbox 2147 4720 3854 4789">
    <p class='ocr_par' dir='ltr' id='par_1_89' title="bbox 2147 4720 3854 4789">
     <span class='ocr_line' id='line_1_89' title="bbox 2147 4720 3854 4789; baseline 0.002 -17"><span class='ocrx_word' id='word_1_607' title='bbox 2147 4734 2297 4789; x_wconf 87' lang='lat' dir='ltr'>aqua</span> <span class='ocrx_word' id='word_1_608' title='bbox 2340 4735 2470 4772; x_wconf 91' lang='lat' dir='ltr'>cum</span> <span class='ocrx_word' id='word_1_609' title='bbox 2521 4720 2796 4789; x_wconf 87' lang='lat' dir='ltr'>sanguine</span> <span class='ocrx_word' id='word_1_610' title='bbox 2847 4736 3096 4789; x_wconf 89' lang='lat' dir='ltr'>egressa,</span> <span class='ocrx_word' id='word_1_611' title='bbox 3139 4720 3338 4773; x_wconf 90' lang='lat' dir='ltr'>vinum</span> <span class='ocrx_word' id='word_1_612' title='bbox 3384 4721 3454 4774; x_wconf 91' lang='lat' dir='ltr'>de</span> <span class='ocrx_word' id='word_1_613' title='bbox 3481 4736 3614 4774; x_wconf 89' lang='lat' dir='ltr'>vera</span> <span class='ocrx_word' id='word_1_614' title='bbox 3657 4722 3854 4775; x_wconf 88' lang='lat' dir='ltr'>carnis</span> 
     </span>
    </p>
   </div>
   <div class='ocr_carea' id='block_1_90' title="bbox 2148 4807 3857 4880">
    <p class='ocr_par' dir='ltr' id='par_1_90' title="bbox 2148 4807 3857 4880">
     <span class='ocr_line' id='line_1_90' title="bbox 2148 4807 3857 4880; baseline 0.001 -18"><span class='ocrx_word' id='word_1_615' title='bbox 2148 4809 2269 4878; x_wconf 88' lang='lat' dir='ltr'>ejus</span> <span class='ocrx_word' id='word_1_616' title='bbox 2303 4807 2415 4861; x_wconf 90' lang='lat' dir='ltr'>vite</span> <span class='ocrx_word' id='word_1_617' title='bbox 2449 4824 2579 4861; x_wconf 91' lang='lat' dir='ltr'>cum</span> <span class='ocrx_word' id='word_1_618' title='bbox 2623 4825 2774 4877; x_wconf 86' lang='lat' dir='ltr'>aqua</span> <span class='ocrx_word' id='word_1_619' title='bbox 2803 4825 3133 4877; x_wconf 84' lang='lat' dir='ltr'>expressum</span> <span class='ocrx_word' id='word_1_620' title='bbox 3183 4809 3449 4863; x_wconf 88' lang='lat' dir='ltr'>ostendit.</span> <span class='ocrx_word' id='word_1_621' title='bbox 3488 4809 3629 4863; x_wconf 88' lang='lat' dir='ltr'>Cum</span> <span class='ocrx_word' id='word_1_622' title='bbox 3669 4809 3857 4880; x_wconf 90' lang='lat' dir='ltr'>igitur</span> 
     </span>
    </p>
   </div>
   <div class='ocr_carea' id='block_1_91' title="bbox 2147 4896 3856 4967">
    <p class='ocr_par' dir='ltr' id='par_1_91' title="bbox 2147 4896 3856 4967">
     <span class='ocr_line' id='line_1_91' title="bbox 2147 4896 3856 4967; baseline 0.001 -17"><span class='ocrx_word' id='word_1_623' title='bbox 2147 4896 2416 4967; x_wconf 89' lang='lat' dir='ltr'>magister</span> <span class='ocrx_word' id='word_1_624' title='bbox 2464 4897 2720 4950; x_wconf 84' lang='lat' dir='ltr'>veritatis</span> <span class='ocrx_word' id='word_1_625' title='bbox 2762 4914 2963 4951; x_wconf 90' lang='lat' dir='ltr'>verum</span> <span class='ocrx_word' id='word_1_626' title='bbox 3012 4896 3208 4951; x_wconf 87' lang='lat' dir='ltr'>salutis</span> <span class='ocrx_word' id='word_1_627' title='bbox 3250 4903 3458 4951; x_wconf 70' lang='lat' dir='ltr'>nostra:</span> <span class='ocrx_word' id='word_1_628' title='bbox 3503 4898 3856 4954; x_wconf 88' lang='lat' dir='ltr'>sacriﬁcium</span> 
     </span>
    </p>
   </div>
   <div class='ocr_carea' id='block_1_92' title="bbox 2149 4986 3856 5056">
    <p class='ocr_par' dir='ltr' id='par_1_92' title="bbox 2149 4986 3856 5056">
     <span class='ocr_line' id='line_1_92' title="bbox 2149 4986 3856 5056; baseline 0.001 -17"><span class='ocrx_word' id='word_1_629' title='bbox 2149 4986 2264 5040; x_wconf 90' lang='lat' dir='ltr'>suis</span> <span class='ocrx_word' id='word_1_630' title='bbox 2291 4988 2720 5041; x_wconf 90' lang='lat' dir='ltr'>commendaret</span> <span class='ocrx_word' id='word_1_631' title='bbox 2750 4987 3060 5056; x_wconf 91' lang='lat' dir='ltr'>discipulis,</span> <span class='ocrx_word' id='word_1_632' title='bbox 3102 5002 3310 5056; x_wconf 89' lang='lat' dir='ltr'>panem</span> <span class='ocrx_word' id='word_1_633' title='bbox 3361 4991 3582 5040; x_wconf 86' lang='lat' dir='ltr'>tantum</span> <span class='ocrx_word' id='word_1_634' title='bbox 3623 4993 3680 5040; x_wconf 91' lang='lat' dir='ltr'>et</span> <span class='ocrx_word' id='word_1_635' title='bbox 3712 4989 3856 5041; x_wconf 87' lang='lat' dir='ltr'>cali-</span> 
     </span>
    </p>
   </div>
   <div class='ocr_carea' id='block_1_93' title="bbox 2147 5074 3850 5145">
    <p class='ocr_par' dir='ltr' id='par_1_93' title="bbox 2147 5074 3850 5145">
     <span class='ocr_line' id='line_1_93' title="bbox 2147 5074 3850 5145; baseline 0.001 -15"><span class='ocrx_word' id='word_1_636' title='bbox 2147 5091 2270 5130; x_wconf 91' lang='lat' dir='ltr'>cem</span> <span class='ocrx_word' id='word_1_637' title='bbox 2311 5077 2416 5130; x_wconf 91' lang='lat' dir='ltr'>sub</span> <span class='ocrx_word' id='word_1_638' title='bbox 2474 5077 2581 5128; x_wconf 89' lang='lat' dir='ltr'>hoc</span> <span class='ocrx_word' id='word_1_639' title='bbox 2628 5080 2982 5128; x_wconf 89' lang='lat' dir='ltr'>sacramento</span> <span class='ocrx_word' id='word_1_640' title='bbox 3050 5074 3360 5145; x_wconf 82' lang='lat' dir='ltr'>praebuisse</span> <span class='ocrx_word' id='word_1_641' title='bbox 3409 5077 3850 5144; x_wconf 86' lang='lat' dir='ltr'>cognoscimus:</span> 
     </span>
    </p>
   </div>
   <div class='ocr_carea' id='block_1_94' title="bbox 2147 5164 3851 5235">
    <p class='ocr_par' dir='ltr' id='par_1_94' title="bbox 2147 5164 3851 5235">
     <span class='ocr_line' id='line_1_94' title="bbox 2147 5164 3851 5235; baseline 0.001 -18"><span class='ocrx_word' id='word_1_642' title='bbox 2147 5164 2391 5234; x_wconf 89' lang='lat' dir='ltr'>ideoque</span> <span class='ocrx_word' id='word_1_643' title='bbox 2422 5170 2633 5233; x_wconf 64' lang='lat' dir='ltr'>printer</span> <span class='ocrx_word' id='word_1_644' title='bbox 2663 5181 2871 5235; x_wconf 88' lang='lat' dir='ltr'>panem</span> <span class='ocrx_word' id='word_1_645' title='bbox 2901 5168 2956 5217; x_wconf 90' lang='lat' dir='ltr'>et</span> <span class='ocrx_word' id='word_1_646' title='bbox 2981 5164 3177 5217; x_wconf 89' lang='lat' dir='ltr'>vinum</span> <span class='ocrx_word' id='word_1_647' title='bbox 3219 5179 3348 5217; x_wconf 91' lang='lat' dir='ltr'>cum</span> <span class='ocrx_word' id='word_1_648' title='bbox 3381 5180 3531 5234; x_wconf 89' lang='lat' dir='ltr'>aqua</span> <span class='ocrx_word' id='word_1_649' title='bbox 3575 5164 3851 5234; x_wconf 90' lang='lat' dir='ltr'>mixtum,</span> 
     </span>
    </p>
   </div>
   <div class='ocr_carea' id='block_1_95' title="bbox 2146 5251 3854 5308">
    <p class='ocr_par' dir='ltr' id='par_1_95' title="bbox 2146 5251 3854 5308">
     <span class='ocr_line' id='line_1_95' title="bbox 2146 5251 3854 5308; baseline 0.002 -3"><span class='ocrx_word' id='word_1_650' title='bbox 2146 5251 2302 5306; x_wconf 88' lang='lat' dir='ltr'>aliud</span> <span class='ocrx_word' id='word_1_651' title='bbox 2333 5252 2522 5305; x_wconf 82' lang='lat' dir='ltr'>oﬁ&#39;erri</span> <span class='ocrx_word' id='word_1_652' title='bbox 2552 5268 2667 5304; x_wconf 93' lang='lat' dir='ltr'>non</span> <span class='ocrx_word' id='word_1_653' title='bbox 2700 5253 2886 5306; x_wconf 89' lang='lat' dir='ltr'>debet.</span> <span class='ocrx_word' id='word_1_654' title='bbox 2934 5252 3091 5306; x_wconf 88' lang='lat' dir='ltr'>Calix</span> <span class='ocrx_word' id='word_1_655' title='bbox 3138 5251 3292 5306; x_wconf 91' lang='lat' dir='ltr'>enim</span> <span class='ocrx_word' id='word_1_656' title='bbox 3345 5252 3674 5306; x_wconf 88' lang='lat' dir='ltr'>Dominicus</span> <span class='ocrx_word' id='word_1_657' title='bbox 3714 5256 3854 5308; x_wconf 93' lang='lat' dir='ltr'>vino</span> 
     </span>
    </p>
   </div>
   <div class='ocr_carea' id='block_1_96' title="bbox 2147 5337 3853 5408">
    <p class='ocr_par' dir='ltr' id='par_1_96' title="bbox 2147 5337 3853 5408">
     <span class='ocr_line' id='line_1_96' title="bbox 2147 5337 3853 5408; baseline 0.002 -17"><span class='ocrx_word' id='word_1_658' title='bbox 2147 5343 2204 5392; x_wconf 87' lang='lat' dir='ltr'>et</span> <span class='ocrx_word' id='word_1_659' title='bbox 2229 5355 2377 5408; x_wconf 87' lang='lat' dir='ltr'>aqua</span> <span class='ocrx_word' id='word_1_660' title='bbox 2425 5338 2765 5391; x_wconf 84' lang='lat' dir='ltr'>commixtus</span> <span class='ocrx_word' id='word_1_661' title='bbox 2818 5338 2985 5391; x_wconf 90' lang='lat' dir='ltr'>debet</span> <span class='ocrx_word' id='word_1_662' title='bbox 3023 5337 3216 5391; x_wconf 79' lang='lat' dir='ltr'>offerri</span> <span class='ocrx_word' id='word_1_663' title='bbox 3249 5353 3261 5390; x_wconf 94' lang='lat'><strong>:</strong></span> <span class='ocrx_word' id='word_1_664' title='bbox 3295 5337 3432 5408; x_wconf 88' lang='lat' dir='ltr'>quia</span> <span class='ocrx_word' id='word_1_665' title='bbox 3477 5337 3739 5392; x_wconf 87' lang='lat' dir='ltr'>videmus</span> <span class='ocrx_word' id='word_1_666' title='bbox 3791 5342 3853 5395; x_wconf 91' lang='lat' dir='ltr'>in</span> 
     </span>
    </p>
   </div>
   <div class='ocr_carea' id='block_1_97' title="bbox 2145 5425 3852 5498">
    <p class='ocr_par' dir='ltr' id='par_1_97' title="bbox 2145 5425 3852 5498">
     <span class='ocr_line' id='line_1_97' title="bbox 2145 5425 3852 5498; baseline 0.002 -18"><span class='ocrx_word' id='word_1_667' title='bbox 2145 5442 2295 5497; x_wconf 87' lang='lat' dir='ltr'>aqua</span> <span class='ocrx_word' id='word_1_668' title='bbox 2325 5427 2606 5496; x_wconf 91' lang='lat' dir='ltr'>populum</span> <span class='ocrx_word' id='word_1_669' title='bbox 2637 5425 2902 5496; x_wconf 87' lang='lat' dir='ltr'>intelligi,</span> <span class='ocrx_word' id='word_1_670' title='bbox 2929 5426 2990 5479; x_wconf 92' lang='lat' dir='ltr'>in</span> <span class='ocrx_word' id='word_1_671' title='bbox 3019 5427 3148 5480; x_wconf 90' lang='lat' dir='ltr'>vino</span> <span class='ocrx_word' id='word_1_672' title='bbox 3179 5442 3312 5480; x_wconf 89' lang='lat' dir='ltr'>vero</span> <span class='ocrx_word' id='word_1_673' title='bbox 3353 5426 3573 5480; x_wconf 89' lang='lat' dir='ltr'>ostendi</span> <span class='ocrx_word' id='word_1_674' title='bbox 3611 5430 3852 5498; x_wconf 86' lang='lat' dir='ltr'>sangui-</span> 
     </span>
    </p>
   </div>
   <div class='ocr_carea' id='block_1_98' title="bbox 2143 5513 3852 5586">
    <p class='ocr_par' dir='ltr' id='par_1_98' title="bbox 2143 5513 3852 5586">
     <span class='ocr_line' id='line_1_98' title="bbox 2143 5513 3852 5586; baseline 0.002 -17"><span class='ocrx_word' id='word_1_675' title='bbox 2143 5531 2278 5569; x_wconf 91' lang='lat' dir='ltr'>nem</span> <span class='ocrx_word' id='word_1_676' title='bbox 2307 5513 2533 5569; x_wconf 88' lang='lat' dir='ltr'>Christi.</span> <span class='ocrx_word' id='word_1_677' title='bbox 2570 5515 2717 5584; x_wconf 88' lang='lat' dir='ltr'>Ergo</span> <span class='ocrx_word' id='word_1_678' title='bbox 2752 5515 2982 5586; x_wconf 86' lang='lat' dir='ltr'>quando</span> <span class='ocrx_word' id='word_1_679' title='bbox 3012 5514 3075 5568; x_wconf 91' lang='lat' dir='ltr'>in</span> <span class='ocrx_word' id='word_1_680' title='bbox 3096 5515 3270 5569; x_wconf 90' lang='lat' dir='ltr'>calice</span> <span class='ocrx_word' id='word_1_681' title='bbox 3303 5515 3433 5569; x_wconf 90' lang='lat' dir='ltr'>vino</span> <span class='ocrx_word' id='word_1_682' title='bbox 3465 5531 3614 5586; x_wconf 88' lang='lat' dir='ltr'>aqua</span> <span class='ocrx_word' id='word_1_683' title='bbox 3635 5517 3852 5572; x_wconf 78' lang='lat' dir='ltr'>misce-</span> 
     </span>
    </p>
   </div>
   <div class='ocr_carea' id='block_1_99' title="bbox 2141 5602 3856 5676">
    <p class='ocr_par' dir='ltr' id='par_1_99' title="bbox 2141 5602 3856 5676">
     <span class='ocr_line' id='line_1_99' title="bbox 2141 5602 3856 5676; baseline 0.005 -20"><span class='ocrx_word' id='word_1_684' title='bbox 2141 5606 2255 5670; x_wconf 88' lang='lat' dir='ltr'>tur,</span> <span class='ocrx_word' id='word_1_685' title='bbox 2298 5602 2518 5658; x_wconf 89' lang='lat' dir='ltr'>Christo</span> <span class='ocrx_word' id='word_1_686' title='bbox 2558 5602 2804 5674; x_wconf 88' lang='lat' dir='ltr'>populus</span> <span class='ocrx_word' id='word_1_687' title='bbox 2843 5602 3152 5674; x_wconf 88' lang='lat' dir='ltr'>adunatur,</span> <span class='ocrx_word' id='word_1_688' title='bbox 3185 5607 3242 5660; x_wconf 87' lang='lat' dir='ltr'>et</span> <span class='ocrx_word' id='word_1_689' title='bbox 3275 5603 3631 5660; x_wconf 88' lang='lat' dir='ltr'>credentium</span> <span class='ocrx_word' id='word_1_690' title='bbox 3683 5607 3856 5676; x_wconf 88' lang='lat' dir='ltr'>plebs</span> 
     </span>
    </p>
   </div>
  </div>
