3956 6334
116 358 215 411 753

1086 360 1560 417 DECRETOBUM
1600 362 1787 418 LIBRI
1821 364 1929 419 XX.
1959 395 2028 403 ——
2067 366 2279 420 LIBER
2317 366 2629 430 QUINTUS.

3501 372 3610 424 754

115 480 166 532 ei
196 479 257 533 in
287 495 463 551 quem
494 480 734 535 credidit
774 482 1075 552 copulatur
1105 487 1160 536 et
1198 484 1484 553 jungitur.
1537 484 1672 548 Quae
1703 502 1804 539 co-
1837 489 1882 541 Α
1921 488 2187 542 omnibus
2237 490 2580 543 veneranda.
2616 491 2683 543 Et
2725 490 2870 545 sicut
2897 492 3088 561 potior
3117 498 3203 547 est
3233 493 3452 548 caeteris
3482 511 3495 548 :
3528 494 3609 548 ita

113 568 330 637 pulatio
376 572 431 621 et
480 571 808 639 conjunctio
859 587 1024 641 aquae
1056 581 1112 625 et
1156 573 1274 624 vini
1307 574 1384 624 sic
1442 577 1710 627 miscetur
1754 574 1814 627 in

115 656 284 708 calice
320 656 576 724 Domini,
602 662 666 709 ut
695 659 1021 712 commixtio
1058 660 1155 712 illa
1186 676 1298 713 non
1330 662 1508 730 possit
1536 661 1808 730 separari.

116 745 254 797 Nam
286 745 334 797 si
365 745 562 797 vinum
607 749 832 799 tantum
877 746 1005 817 quis
1054 748 1273 817 offerat,
1321 750 1554 818 sanguis
1604 742 1813 803 Christi

110 832 315 903 incipit
345 848 465 886 esse
517 836 641 887 sine
688 834 872 887 nobis.
906 835 961 888 Si
992 851 1124 888 vero
1169 853 1317 906 aqua
1351 836 1422 889 sit
1468 839 1606 902 sola,
1652 838 1812 907 plebs

111 920 313 989 incipit
339 937 459 973 esse
504 922 625 974 sine
654 922 895 976 Christo.
939 924 1063 976 Non
1100 930 1288 992 potest
1321 924 1473 977 enim
1520 925 1662 978 calix
1695 926 1811 979 Do-

115 1009 259 1062 mini
293 1026 415 1063 esse
448 1027 596 1080 aqua
639 1012 761 1064 sola
784 1016 883 1065 aut
902 1011 1097 1065 vinum
1124 1013 1329 1079 solum,
1360 1012 1469 1065 nisi
1497 1020 1810 1084 utrumque

114 1097 223 1151 sibi
253 1098 579 1153 misceatur.

114 1222 241 1275 CAP.
277 1222 371 1276 ΙΙΙ.
408 1253 469 1261 -
508 1224 575 1277 Ut
621 1225 680 1277 in
705 1225 970 1291 sacriﬁcio
1012 1226 1177 1293 panis
1206 1229 1256 1277 et
1295 1229 1480 1283 uinum
1516 1241 1634 1280 cum
1664 1242 1808 1295 aqua

792 1297 1025 1349 mixtum
1064 1295 1344 1363 offeratur.

183 1398 295 1468 (Ea:
338 1400 526 1453 concil.
577 1402 858 1469 Carthag.,
893 1417 1012 1469 cap.
1069 1401 1183 1470 23.)
1220 1403 1290 1456 Ut
1336 1401 1396 1454 in
1439 1401 1808 1455 sacramentis

112 1485 370 1555 corporis
400 1491 457 1539 et
484 1487 780 1557 sanguinis
812 1488 1038 1541 Domini
1086 1488 1227 1541 nihil
1259 1488 1504 1558 amplius
1535 1489 1809 1542 offeratur

112 1588 290 1642 quam
338 1574 492 1643 quod
541 1575 663 1643 ipse
705 1574 978 1628 Dominus
1029 1574 1184 1639 dicit,
1237 1576 1345 1628 hoc
1388 1581 1490 1642 est,
1540 1576 1703 1646 panis
1753 1581 1809 1630 et

106 1662 308 1715 vinum
353 1677 505 1731 aqua
526 1662 765 1716 mixtum
794 1679 807 1715 :
842 1678 947 1716 nec
979 1663 1225 1733 amplius
1272 1664 1328 1716 in
1359 1664 1632 1733 primitiis
1665 1665 1804 1719 offe-

110 1753 273 1803 ratur
303 1751 419 1803 Deo
450 1749 584 1803 vino
616 1756 671 1804 et
698 1751 1010 1805 frumento.

112 1875 240 1928 CAP.
280 1874 369 1929 IV.
402 1904 471 1913 —
503 1876 568 1929 Ut
601 1876 738 1929 nihil
785 1875 941 1929 aliud
967 1877 1027 1929 in
1070 1878 1336 1943 sacriﬁcio
1369 1877 1653 1947 offeratur,
1694 1880 1808 1933 nisi

498 1948 663 2014 panis
693 1950 742 1999 et
769 1950 955 1999 vinum
984 1962 1130 2014 aqua
1161 1950 1411 2002 mixtum.

179 2052 304 2120 (Ea:
331 2053 519 2106 concil.
548 2054 832 2120 Africam,
860 2069 980 2121 cap.
1013 2054 1091 2120 4.)
1116 2054 1187 2107 Ut
1214 2055 1274 2106 in
1301 2054 1667 2108 sacramentis
1687 2071 1807 2108 cor-

105 2139 262 2208 poris
312 2143 369 2191 et
424 2140 720 2208 sanguinis
766 2139 992 2193 Domini
1041 2140 1183 2194 nihil
1230 2142 1476 2210 amplius
1534 2142 1807 2197 offeratur

108 2243 285 2297 quam
317 2227 469 2297 quod
519 2228 639 2297 ipse
673 2228 951 2282 Dominus
981 2229 1238 2296 tradidit,
1279 2231 1388 2283 hoc
1417 2234 1520 2294 est,
1554 2232 1719 2300 panis
1748 2237 1806 2285 et

106 2315 308 2368 vinum
341 2331 490 2385 aqua
537 2316 803 2368 mixtum.
838 2316 1114 2371 Primitias
1154 2334 1306 2382 vero,
1343 2334 1445 2371 ceu
1492 2320 1602 2373 mel
1634 2323 1688 2373 et
1722 2321 1805 2374 lac

108 2404 263 2473 quod
305 2419 421 2456 uno
473 2403 563 2457 die
614 2404 1035 2458 solemnissimo
1090 2405 1150 2458 in
1199 2406 1482 2459 infantum
1529 2409 1802 2478 mysterio

107 2491 253 2544 solet
280 2490 494 2558 offerri,
519 2492 779 2561 quamvis
807 2492 867 2545 in
888 2493 1053 2546 altari
1074 2494 1404 2561 offerantur,
1430 2512 1589 2549 suam
1612 2501 1804 2551 tamen

108 2580 362 2633 habeant
404 2581 697 2650 propriam
742 2580 1221 2648 benedictionem,
1266 2590 1329 2637 ut
1368 2601 1401 2636 a
1447 2591 1801 2639 sacramento

108 2668 367 2739 corporis
415 2668 697 2722 Dominici
745 2675 802 2723 et
856 2670 1152 2740 sanguinis
1202 2671 1646 2742 distinguantur,
1698 2691 1803 2728 nec

108 2757 358 2827 amplius
397 2756 456 2809 in
488 2757 758 2827 primitiis
804 2757 1093 2827 offeratur,
1127 2776 1300 2829 quam
1324 2760 1393 2814 de
1425 2761 1548 2814 uvis
1595 2766 1652 2815 et
1682 2762 1798 2815 fru-

108 2844 337 2898 mentis.

109 2952 234 3005 CAP.
300 2952 363 3003 V.
428 2982 496 2990 —
546 2954 618 3005 De
669 2954 925 3021 passione
998 2955 1219 3008 Domini
1278 2959 1337 3009 in
1410 2957 1802 3011 consecratione

676 3026 914 3092 corporis
942 3025 1233 3079 miscenda.

179 3130 289 3197 (Eat
334 3127 479 3181 decr.
530 3129 771 3183 Alcman.
814 3146 947 3198 pap.
1003 3147 1125 3200 cap.
1182 3131 1257 3201 5.)
1308 3132 1370 3185 In
1419 3138 1803 3187 sacramento-

109 3233 235 3270 rum
291 3232 523 3286 quoque
569 3217 972 3287 oblationibus,
1023 3236 1149 3289 qua:
1197 3220 1348 3272 inter
1392 3220 1685 3274 Missarum
1716 3238 1800 3274 so-

112 3304 326 3358 lemnia
356 3304 602 3357 Domino
652 3306 989 3372 offeruntur,
1022 3308 1208 3376 passio
1238 3308 1467 3361 Domini
1516 3310 1804 3363 miscenda

110 3399 207 3460 est,
268 3398 335 3446 ut
396 3393 537 3463 ejus,
604 3394 763 3463 cujus
821 3411 1027 3465 corpus
1085 3400 1141 3449 et
1187 3398 1418 3465 sanguis
1475 3397 1798 3465 conficitur,

110 3482 297 3552 passio
332 3482 671 3549 celebretur,
705 3482 785 3536 ita
812 3488 876 3536 ut
905 3484 1151 3553 repulsis
1200 3485 1573 3555 opinionibus
1603 3503 1801 3555 super-

109 3570 428 3636 stitionum,
478 3570 642 3640 panis
671 3576 894 3624 tantum
942 3577 999 3625 et
1027 3572 1227 3625 vinum
1277 3589 1424 3642 aqua
1452 3573 1800 3643 permixtum

108 3659 163 3712 in
194 3658 477 3712 sacriﬁcio
514 3658 846 3713 offerantur.
896 3661 1016 3713 Non
1047 3660 1217 3713 debet
1251 3662 1427 3725 enim,
1462 3665 1527 3714 ut
1556 3678 1588 3713 a
1626 3662 1800 3731 patri-

107 3747 209 3800 bus
256 3746 604 3816 accepimus,
658 3753 715 3799 et
761 3748 886 3817 ipsa
936 3748 1081 3801 ratio
1131 3749 1317 3814 docet,
1365 3749 1422 3801 in
1474 3749 1645 3802 calice
1694 3751 1798 3803 Do—

108 3835 248 3889 mini
301 3840 403 3888 aut
444 3835 642 3889 vinum
677 3836 882 3900 solum,
935 3842 1034 3889 aut
1080 3853 1229 3906 aqua
1284 3838 1402 3889 sola
1451 3837 1664 3905 offerri,
1702 3837 1802 3891 sed

106 3929 423 3995 utrumque
453 3925 820 3993 permixtum,
858 3924 989 3993 quia
1018 3930 1329 3995 utrumque
1365 3941 1429 3977 ex
1474 3926 1649 3979 latere
1681 3927 1801 3995 ejus

105 4012 161 4065 in
192 4029 299 4065 sua
342 4012 601 4083 passione
649 4013 983 4083 profluxisse
1012 4014 1242 4082 legitur.
1297 4015 1422 4083 Ipsa
1452 4030 1581 4067 vero
1636 4015 1799 4067 Veri-

106 4106 187 4154 tas
229 4117 335 4154 nos
384 4100 669 4161 instruxit,
713 4101 944 4154 calicem
984 4107 1041 4153 et
1084 4117 1289 4170 panem
1340 4101 1398 4155 in
1442 4108 1798 4156 sacramento

106 4189 334 4258 offerre,
368 4189 598 4259 quando
647 4189 728 4242 ait
764 4206 775 4243 :
810 4189 1042 4258 Accepit
1072 4190 1235 4243 Jesus
1282 4206 1491 4259 panem
1525 4198 1582 4244 et
1624 4191 1799 4244 bene-

104 4277 261 4343 dixit,
311 4277 584 4346 deditque
631 4276 925 4347 discipulis
972 4278 1111 4342 suis,
1160 4278 1354 4331 dicens
1398 4295 1410 4331 :
1451 4278 1703 4347 Accipite
1743 4282 1799 4331 et
1829 4316 1869 4369 Β

107 4366 473 4431 manducate,
520 4365 627 4418 hoc
674 4371 760 4419 est
805 4381 1008 4435 corpus
1057 4381 1249 4419 meum
1293 4366 1442 4436 quod
1494 4382 1598 4435 pro
1640 4366 1801 4419 vobis

109 4454 388 4508 tradetur.
441 4452 736 4519 Similiter,
783 4458 1088 4523 postquam
1134 4455 1395 4520 coenavit,
1449 4454 1664 4524 accepit
1704 4470 1802 4507 ca—

106 4542 294 4607 licem,
351 4540 621 4611 deditque
675 4540 968 4610 discipulis
1010 4541 1126 4594 suis
1168 4541 1362 4594 dicens
1404 4558 1417 4595 :
1453 4541 1703 4611 Accipite
1750 4547 1805 4595 et

104 4629 281 4684 bibite
339 4646 405 4682 ex
453 4645 518 4681 eo
562 4645 778 4695 omnes,
845 4630 980 4699 quia
1028 4629 1117 4681 hic
1164 4633 1248 4681 est
1312 4629 1453 4683 calix
1510 4629 1811 4700 sanguinis

108 4719 243 4784 mei,
293 4717 398 4788 qui
430 4733 534 4787 pro
585 4718 739 4770 vobis
774 4717 1099 4771 effundetur
1128 4717 1185 4771 in
1231 4718 1627 4773 remissionem
1669 4734 1802 4789 pec-

108 4814 390 4859 catorum.
450 4806 702 4859 Crimina
755 4806 908 4859 enim
960 4812 1132 4876 atque
1180 4812 1412 4875 peccata
1460 4807 1661 4860 oblatis
1716 4806 1804 4860 his

108 4896 357 4949 Domino
406 4894 691 4949 sacrificiis
745 4895 1028 4948 delentur.
1087 4895 1298 4949 ldcirco
1344 4896 1632 4965 etvpassio
1683 4896 1805 4964 ejus

110 4984 166 5037 in
220 4984 312 5037 his
364 4983 873 5036 commemoranda
926 4988 1033 5051 est,
1088 4999 1199 5053 qua
1250 4982 1535 5052 redempti
1585 4999 1803 5048 sumus,

109 5079 162 5126 et
193 5071 406 5142 saepius
459 5071 770 5138 recitanda,
820 5076 990 5141 atque
1031 5072 1153 5126 haec
1203 5072 1444 5125 Domino
1496 5072 1801 5127 offerenda.

109 5160 343 5214 Talibus
404 5159 603 5212 hostiis
662 5161 1042 5214 delectabitur
1110 5165 1163 5214 et
1227 5159 1546 5229 placabitur
1612 5161 1804 5213 Domi-

108 5263 235 5315 nus,
303 5253 362 5301 et
422 5256 650 5317 peccata
698 5248 947 5303 dimittet
1004 5249 1276 5319 ingentia.
1338 5247 1487 5301 Nihil
1546 5248 1696 5301 enim
1747 5248 1806 5302 in

109 5337 399 5390 sacrificiis
448 5338 634 5407 majus
685 5354 806 5391 esse
854 5342 1060 5406 potest,
1111 5353 1282 5407 quam
1338 5352 1545 5406 corpus
1572 5341 1629 5389 et
1672 5353 1803 5389 san-

110 5426 236 5489 guis
268 5425 495 5491 Christi,
538 5440 642 5478 nec
675 5426 790 5479 ulla
821 5425 1033 5479 oblatio
1062 5426 1169 5479 hac
1198 5423 1390 5494 potior
1420 5430 1522 5489 est,
1556 5423 1655 5476 sed
1686 5424 1807 5477 haec

110 5527 310 5564 omnes
341 5510 617 5580 praecellit
641 5529 657 5563 :
690 5527 819 5580 quae
845 5526 992 5579 pura
1011 5510 1354 5564 conscientia
1378 5507 1639 5573 Domino,
1675 5507 1810 5561 offe-

109 5600 290 5655 renda
325 5603 431 5665 est,
482 5604 539 5653 et
588 5615 732 5669 pura
776 5605 968 5654 mente
1016 5597 1482 5664 consummanda,
1534 5602 1705 5667 atque
1738 5596 1806 5651 ab

1922 577 2111 647 potius
2140 578 2338 644 excoli,
2374 584 2431 631 et
2456 578 2715 631 venerari
2748 580 2939 634 debet.

1923 683 2053 755 CAP.
2083 685 2171 737 VI.
2205 714 2270 722 —
2316 684 2440 748 Quae
2487 688 2687 752 species
2728 686 2802 738 ad
2831 687 3005 739 altare
3048 702 3152 740 non
3186 688 3260 740 ad
3301 690 3609 755 sacriﬁcan-

2020 754 2168 821 dum,
2199 754 2292 808 sed
2323 756 2393 807 ad
2424 756 2838 811 benedictionem
2870 759 3166 825 simplicem
3194 754 3511 826 offerantur.

1991 841 2101 908 (Eae
2143 856 2332 895 canon.
2386 845 2637 910 apostol.,
2692 846 2869 912 capite
2910 844 2987 913 4.)
3043 844 3244 898 Offerri
3290 862 3405 899 non
3446 846 3614 898 liceat

1922 927 2140 997 aliquid
2187 929 2256 982 ad
2313 929 2488 982 altare
2536 934 2745 999 praeter
2789 945 2967 983 novas
3024 931 3227 999 spicas,
3264 937 3321 985 et
3369 948 3521 993 uvas,
3557 938 3613 984 et

1920 1017 2111 1069 oleum
2138 1016 2210 1070 ad
2238 1017 2565 1082 luminaria,
2590 1023 2645 1070 et
2674 1017 2851 1081 fabas,
2884 1022 2938 1069 et
2966 1018 3282 1087 thymiama
3310 1019 3382 1073 ad
3408 1020 3610 1073 incen-

1917 1119 2064 1166 sum,
2098 1109 2355 1174 tempore
2386 1121 2497 1174 quo
2534 1109 2727 1157 sancta
2758 1105 3077 1159 celebratur
3108 1106 3341 1160 oblatio.

2366 1193 2496 1247 CAP.
2524 1194 2634 1246 VII.
2667 1222 2736 1231 —-
2770 1196 2843 1247 De
2868 1194 3051 1247 eadem
3076 1210 3151 1247 re.

1988 1281 2095 1351 (Ea:
2134 1281 2274 1335 decr.
2310 1282 2502 1336 Melch.
2528 1297 2688 1349 pap.,
2720 1285 2895 1349 capite
2944 1286 3019 1349 1.)
3055 1283 3187 1336 Haec
3216 1282 3434 1352 species
3467 1300 3609 1352 quas

1916 1384 2035 1421 non
2067 1369 2198 1422 licet
2249 1368 2451 1422 offerre
2503 1385 2675 1437 super
2707 1370 2883 1422 altare
2932 1370 3095 1439 juxta
3143 1371 3609 1425 constitutionem

1918 1457 2305 1527 apostolorum
2353 1472 2673 1527 eorumque
2706 1473 3114 1525 successorum,
3148 1458 3218 1512 ad
3252 1459 3488 1512 domum
3519 1477 3609 1512 sa-

1917 1546 2214 1599 cerdotum
2266 1545 2616 1613 deferantur,
2668 1550 2786 1598 eta
2830 1546 3215 1599 sacerdotibus
3265 1547 3607 1601 benedicen-

1915 1638 2029 1699 tur,
2070 1637 2127 1687 et
2156 1634 2399 1704 simplici
2432 1634 2834 1688 benedictione
2863 1634 3161 1688 benedicta
3190 1635 3420 1688 demum
3447 1653 3480 1689 a
3504 1652 3606 1705 po-

1838 1759 1878 1812 B
1916 1722 2068 1791 pulis
2108 1726 2428 1776 sumantur.
2484 1722 2649 1775 Fabae
2687 1726 2911 1775 tantum
2960 1727 3015 1775 et
3045 1738 3187 1787 uvae,
3220 1739 3383 1776 nova:
3413 1720 3607 1792 spicae,

1917 1815 1975 1863 et
2023 1810 2235 1877 oleum,
2284 1814 2340 1863 et
2393 1810 2766 1864 odoramenta
2810 1810 2879 1864 ad
2931 1810 3249 1872 incensum,
3301 1815 3358 1864 et
3408 1815 3610 1864 caetera

1916 1914 2045 1969 quae
2074 1898 2320 1968 apostoli
2350 1899 2768 1952 constituerunt
2796 1914 2968 1969 super
2997 1899 3173 1953 altare
3204 1898 3532 1952 offerantur.

1916 2006 2046 2059 CAP.
2092 2006 2235 2061 VIII.
2286 2006 2437 2062 Nihil
2488 2007 2548 2058 in
2596 2006 2865 2073 sacriﬁcio
2905 2009 3106 2074 praeter
3153 2007 3296 2073 quod
3348 2008 3606 2060 Dominus

2470 2078 2666 2130 statuit
2697 2076 3046 2143 offerendum.

1990 2164 2100 2235 (Ea:
2147 2180 2334 2219 canon.
2386 2167 2637 2233 apostol.,
2688 2169 2860 2233 capite
2910 2168 2982 2229 3.)
3014 2165 3072 2219 Si
3102 2163 3229 2235 quis
3282 2164 3601 2235 episcopus,

1914 2258 2013 2307 aut
2040 2254 2352 2323 presbyter,
2380 2257 2585 2323 praeter
2612 2253 3031 2307 ordinationem
3057 2253 3284 2306 Domini
3316 2253 3425 2307 alia
3454 2270 3609 2323 quae-

1916 2343 2047 2397 dam
2095 2342 2156 2395 in
2207 2341 2484 2395 sacriﬁcio
2519 2341 2738 2408 offerat,
2790 2358 2960 2412 super
3016 2343 3213 2407 altare,
3267 2341 3325 2395 id
3357 2346 3460 2409 est,
3512 2346 3609 2395 aut

1914 2430 2048 2496 mel,
2106 2434 2204 2483 aut
2251 2431 2357 2496 lac,
2419 2433 2517 2483 aut
2563 2446 2668 2499 pro
2724 2430 2858 2482 vino
2899 2429 3157 2496 siceram,
3208 2435 3306 2482 aut
3353 2429 3608 2483 confecta

1914 2518 2201 2588 quaedam,
2267 2523 2366 2570 aut
2420 2517 2691 2583 volatilia,
2751 2525 2848 2571 aut
2914 2517 3186 2570 animalia
3242 2517 3453 2587 aliqua,
3510 2520 3607 2569 aut

1912 2606 2231 2675 legumina,
2293 2612 2493 2660 contra
2542 2607 3007 2659 constitutionem
3066 2606 3293 2659 Domini
3351 2604 3603 2670 faciens,

1912 2694 2251 2762 deponatur.

1913 2802 2040 2855 CAP.
2075 2802 2158 2853 1X.
2191 2830 2261 2838 —
2312 2802 2380 2853 Ut
2424 2799 2728 2866 presbyteri
2769 2815 2865 2852 vas
2910 2800 3169 2853 mundum
3218 2799 3469 2865 habeant,
3510 2799 3607 2852 ubi

2122 2885 2313 2938 corpus
2350 2871 2567 2923 Domini
2592 2885 2709 2922 cum
2731 2870 3019 2937 diligentia
3044 2871 3387 2924 recondatur.

1981 2960 2090 3024 (Ea:
2121 2958 2308 3011 concil.
2356 2960 2643 3025 Tura—nem,
2679 2961 2856 3025 capite
2883 2959 2959 3027 4.)
2996 2960 3063 3012 Ut
3090 2959 3276 3011 omnis
3304 2957 3605 3027 presbyter

1911 3046 2119 3099 habeat
2162 3046 2436 3115 pixidem,
2470 3049 2566 3098 aut
2615 3061 2711 3098 vas
2755 3050 2912 3099 tanto
2955 3052 3310 3099 sacramento
3339 3045 3600 3115 dignum,

1913 3133 2012 3186 ubi
2041 3148 2246 3203 corpus
2271 3132 2630 3186 Dominicum
2654 3133 2958 3202 diligenter
2980 3136 3341 3199 recondatur,
3362 3134 3429 3186 ad
3454 3133 3606 3187 viati-

1910 3236 2040 3273 cum
2070 3221 2469 3274 recedentibus
2487 3237 2521 3273 a
2548 3222 2772 3274 saeculo.
2803 3223 2939 3285 Quae
2963 3227 3184 3275 tantum
3213 3239 3368 3275 sacra
3389 3223 3602 3277 oblatio

1911 3308 2151 3360 intincta
2181 3308 2352 3361 debet
2400 3323 2520 3360 esse
2554 3306 2612 3359 in
2646 3309 2927 3376 sanguine
2974 3309 3203 3373 Christi,
3236 3314 3298 3361 ut
3328 3308 3605 3362 veraciter

1911 3395 2209 3465 presbyter
2256 3394 2437 3465 possit
2480 3395 2667 3449 dicere
2718 3395 2971 3460 infirmo,
3017 3412 3224 3465 corpus
3269 3401 3324 3450 et
3371 3396 3601 3465 sanguis

1911 3483 2138 3537 Domini
2184 3483 2444 3553 proficiat
2491 3483 2616 3549 tibi,
2651 3487 2755 3535 etc.
2804 3484 3152 3553 Semperque
3193 3486 3262 3537 sit
3311 3501 3483 3553 super
3512 3485 3602 3537 al-

1912 3577 2028 3624 tare
2062 3571 2323 3624 obserata
2366 3575 2601 3640 propter
2633 3587 2823 3624 mures
2853 3577 2903 3624 et
2937 3572 3183 3625 nefarios
3230 3572 3513 3637 homines,
3546 3576 3602 3625 et

1910 3660 1981 3713 de
2013 3659 2255 3729 septimo
2301 3659 2360 3711 in
2405 3659 2715 3728 septimum
2765 3660 2915 3713 diem
2965 3677 3190 3730 semper
3236 3667 3507 3726 mutetur,
3543 3660 3600 3714 id

1909 3753 2011 3815 est,
2058 3748 2157 3801 illa
2186 3765 2217 3801 a
2248 3747 2582 3818 presbytero
2623 3753 2902 3813 sumatur,
2954 3754 3007 3802 et
3043 3749 3172 3815 alia,
3221 3766 3350 3819 quae
3398 3749 3600 3803 eodem

1908 3837 1997 3889 die
2056 3842 2381 3890 consecrata
2433 3842 2535 3901 est,
2592 3837 2652 3889 in
2700 3837 2890 3890 locum
2940 3838 3062 3906 ejus
3113 3838 3474 3908 subrogetur,
3529 3853 3599 3891 ne

1908 3926 2054 3978 forte
2084 3924 2296 3978 diutius
2327 3929 2628 3991 reservata,
2657 3926 2905 3993 mucida,
2939 3927 3087 3996 quod
3120 3927 3283 3993 absit,
3316 3927 3431 3980 fiat.

1910 4034 2035 4086 CAP.
2086 4033 2147 4085 X.
2198 4062 2266 4069 —
2317 4034 2385 4086 Ut
2424 4033 3175 4156 presbytzrbEucharistiam
3234 4037 3291 4087 in
3342 4038 3601 4103 promptu

2688 4119 2721 4156 a
2759 4120 2819 4156 ea
2850 4148 2860 4156 .

2688 4110 2860 4158 abeat.

1979 4190 2086 4259 (Ea:
2129 4190 2312 4243 concil.
2358 4190 2654 4257 Wormac.,
2687 4206 2805 4259 cap.
2840 4191 2915 4261 5.)
2950 4194 3021 4245 Ut
3050 4193 3344 4263 presbyter
3374 4207 3601 4260 semper

1909 4273 2316 4328 Eucharistiam
2372 4273 2581 4327 habeat
2630 4279 2912 4343 paratam,
2957 4282 3017 4330 ut
3045 4278 3275 4346 quando
3337 4277 3461 4347 quis
3513 4277 3600 4329 in-

1908 4364 2168 4417 firmatus
2198 4361 2391 4429 fuerit,
2426 4367 2525 4415 aut
2571 4363 2841 4432 parvulus
2886 4363 3153 4418 inﬁrmus
3205 4366 3377 4419 fuerit
3409 4365 3600 4419 statim

1910 4466 2042 4503 eum
2130 4449 2533 4515 communicet,
2618 4466 2690 4503 ne
2780 4450 2901 4504 sine
2993 4453 3399 4507 communione
3476 4468 3599 4507 mo-

1912 4538 2110 4591 riatur.

1912 4645 2039 4699 CAP.
2073 4644 2274 4717 Xl._—
2314 4645 2409 4717 Tot
2439 4644 2729 4699 oblationes
2768 4650 2897 4713 quot
2920 4647 3121 4715 populo
3165 4649 3443 4714 sufﬁciant
3472 4648 3599 4717 offe-

2051 4714 2270 4779 rendas,
2294 4716 2510 4769 relictas
2530 4717 2588 4767 in
2617 4714 3051 4771 crastinum’non
3078 4719 3454 4772 reservandus.

1983 4804 2088 4872 (Em
2115 4804 2270 4870 epist.
2304 4802 2583 4856 Clementis
2606 4819 2728 4871 pa.,
2756 4820 2800 4857 c.
2836 4804 2950 4875 28.)
2987 4806 3146 4860 Certe
3180 4811 3338 4859 tanta
3367 4807 3427 4859 in
3459 4807 3600 4860 alta-

1913 4892 1960 4944 ri
1990 4891 2315 4944 holocausta
2343 4890 2656 4944 offerentur
2688 4898 2903 4961 quanta
2939 4894 3155 4962 populo
3204 4894 3464 4948 sufficere
3505 4896 3602 4949 de-

1912 4979 2130 5032 beant:
2168 4978 2320 5048 quod
2361 4977 2405 5030 si
2434 4979 2773 5032 remanserit
2817 4980 2875 5033 id
2905 4982 3218 5034 crastinum
3262 4998 3379 5035 non
3426 4999 3604 5036 reser-

1913 5072 2138 5132 ventur,
2173 5067 2269 5119 sed
2319 5082 2448 5119 cum
2482 5066 2687 5120 timore
2721 5072 2776 5120 et
2822 5072 3071 5121 tremore
3102 5069 3441 5123 clericorum
3472 5071 3601 5124 dili-

1913 5156 2107 5227 gentia
2163 5160 2591 5208 consumantur.
2654 5155 2763 5218 Qui
2818 5162 3007 5210 autem
3065 5158 3292 5211 residua
3347 5159 3602 5229 corporis

1915 5243 2163 5308 Domini,
2214 5259 2339 5313 qua
2388 5243 2447 5295 in
2504 5243 2747 5297 sacrario
2801 5245 2997 5298 relicta
3053 5251 3188 5299 sunt
3232 5252 3598 5313 consumunt,

1913 5347 2029 5384 non
2087 5331 2279 5385 statim
2329 5332 2400 5385 ad
2453 5348 2787 5386 communes
2838 5334 3147 5387 sumendos
3194 5334 3349 5388 cibos
3399 5351 3601 5388 conve-

1914 5419 2096 5484 niant,
2130 5436 2233 5473 nec
2262 5425 2467 5490 putent
2493 5424 2706 5474 sancta:
2735 5420 2989 5491 portioni
3016 5423 3383 5477 commiscere
3409 5423 3600 5476 cibum

1914 5507 2015 5577 qui
2044 5524 2145 5577 per
2169 5508 2520 5578 aqualiculus
2541 5509 2792 5578 digestus
2823 5510 2882 5563 in
2912 5526 3192 5564 secessum
3220 5512 3519 5566 emittitur.
3544 5512 3602 5567 Si

1914 5596 2091 5666 igitur
2126 5613 2294 5650 mane
2342 5596 2640 5652 Dominica
2684 5599 3021 5670 porrigitur,
3069 5616 3251 5671 usque
3281 5601 3354 5655 ad
3385 5606 3601 5655 sextam
