3956 6298
331 335 433 386 755

330 545 420 597 vel
452 548 654 614 quarta
685 544 829 598 hora
860 542 1204 612 acceperint,
1232 543 1496 612 jejunent
1523 557 1706 613 usque
1739 543 1810 596 ad
1836 557 2033 610 vespe-

333 647 478 685 ram.
509 631 598 684 Sic
629 635 847 684 secreta
897 629 1366 696 sanctificatione,
1403 635 1616 684 aeterna
1660 629 2034 684 custodienda

335 723 467 771 sunt
496 725 869 770 sacramenta.

339 825 466 878 CAP.
516 823 630 876 XII.
683 853 752 862 —
803 822 1108 877 Oblationes
1149 821 1214 875 de
1251 821 1474 876 sabbato
1524 822 1584 874 in
1623 820 1910 874 sabbatum
1951 821 2034 872 in-

1031 892 1334 946 novandas.

411 982 517 1050 (Εω
567 981 790 1035 concilio
833 981 1046 1048 Aurel.,
1083 983 1260 1049 capite
1307 980 1384 1047 4.)
1430 979 1576 1032 Illud
1606 978 1780 1032 etiam
1827 993 2034 1032 annec-

340 1069 579 1123 tendum
631 1068 872 1134 videtur,
921 1073 986 1122 ut
1033 1068 1350 1122 oblationes
1401 1083 1530 1136 quae
1573 1067 1633 1119 in
1689 1065 1856 1119 altari
1903 1065 2039 1118 offe-

341 1163 564 1225 runtur,
597 1157 664 1210 de
696 1157 929 1210 sabbato
961 1156 1022 1209 in
1055 1156 1356 1209 sabbatum
1383 1169 1608 1225 semper
1640 1154 1987 1207 innoventur
2020 1167 2033 1204 :

343 1246 478 1317 quia
508 1261 689 1314 panes
729 1243 1134 1314 propositionis
1167 1244 1268 1314 qui
1298 1259 1471 1313 super
1518 1259 1775 1296 mensam
1809 1239 2037 1295 Domini

341 1333 725 1404 ponebantur,
789 1349 821 1385 a
868 1332 1098 1386 sabbato
1141 1331 1200 1384 in
1232 1331 1530 1384 sabbatum
1567 1345 1792 1399 semper
1849 1334 2037 1383 muta-

342 1423 574 1486 bantur,
605 1436 678 1474 ne
726 1419 822 1473 diu
874 1419 1078 1473 servati
1127 1419 1339 1472 mucidi
1386 1418 1549 1483 fiant,
1581 1423 1656 1484 et,
1690 1423 1753 1471 ut
1806 1417 2040 1488 quidam

344 1509 607 1574 saeviunt,
663 1506 798 1576 igne
839 1513 1220 1562 concrement.
1273 1507 1435 1571 Quod
1485 1507 1532 1560 si
1564 1506 1772 1576 aliquis
1812 1505 2038 1559 diabolo

345 1597 656 1666 instigante
682 1593 789 1648 hoc
817 1595 1000 1649 facere
1031 1594 1487 1665 praesumpserit,
1522 1595 1828 1648 anathema
1849 1594 1941 1646 sit.

347 1704 474 1757 CAP.
520 1701 660 1756 XIII.
713 1731 781 1739 —
816 1703 881 1755 Ut
924 1707 1187 1769 prasente
1225 1705 1274 1754 et
1298 1703 1645 1769 pracipiente
1691 1699 2002 1769 presbytero

720 1771 979 1824 diaconus
1011 1773 1270 1840 populum
1299 1773 1666 1826 communicet.

417 1861 532 1929 (Ea:
561 1861 786 1914 concilio
817 1860 1101 1926 Carthag.,
1140 1861 1317 1928 capite
1345 1859 1455 1927 38.)
1487 1860 1556 1912 Ut
1584 1859 1858 1912 diaconus
1886 1874 2040 1928 prae-

348 1954 506 2002 sente
553 1947 882 2017 presbytero
939 1946 1355 2000 Eucharistiam
1404 1945 1658 2016 corporis
1703 1945 1909 2000 Christi
1939 1961 2041 2016 po-

349 2038 503 2108 pulo,
538 2037 586 2088 si
611 2035 916 2090 necessitas
941 2035 1112 2105 cogit,
1141 2036 1333 2106 jussus
1363 2040 1578 2105 eroget.

351 2143 478 2195 CAP.
527 2140 661 2194 XIV.
710 2170 778 2180 —
826 2141 976 2205 Quod
1028 2157 1229 2206 magna
1272 2141 1526 2195 discretio
1581 2155 1692 2194 esse
1739 2129 1927 2194 debeat
1977 2139 2044 2194 de

538 2213 877 2280 perceptione
906 2215 1143 2280 corporis
1170 2217 1220 2265 et
1243 2215 1531 2280 sanguinis
1562 2213 1844 2265 Dominici.

424 2298 544 2366 (Ea:
568 2300 725 2366 epist.
760 2300 1050 2353 Clementis
1076 2315 1196 2368 pa.,
1227 2303 1402 2368 capite
1431 2302 1544 2365 32.)
1574 2300 1637 2352 In
1676 2298 2044 2369 perceptione

351 2385 608 2454 corporis
671 2389 726 2438 et
792 2386 1086 2456 sanguinis
1151 2386 1436 2440 Dominici
1493 2402 1702 2455 magna
1760 2385 2041 2452 discretio,

351 2473 681 2527 adhibenda
730 2479 833 2528 est.
868 2475 1194 2528 Cavendum
1227 2482 1314 2528 est
1343 2475 1497 2527 enim
1529 2491 1600 2527 ne
1631 2475 1677 2527 si
1708 2474 1954 2527 nimium
1984 2474 2044 2526 in

353 2561 590 2630 longum
647 2561 940 2616 differatur
988 2564 1058 2616 ad
1102 2562 1416 2632 perniciem
1460 2563 1668 2616 anima:
1716 2563 2042 2633 pertineat,

355 2649 574 2703 dicente
623 2649 866 2703 Domino
903 2666 915 2703 :
950 2650 1068 2704 Nisi
1114 2651 1590 2705 manducaveritis
1640 2667 1870 2705 carnem
1920 2650 2046 2705 Filii

355 2735 626 2803 hominis,
672 2740 728 2789 et
756 2736 1016 2790 biberitis
1045 2737 1168 2806 ejus
1200 2739 1563 2808 sanguinem,
1614 2755 1729 2792 non
1767 2738 2047 2793 habebitis

357 2823 532 2876 vitam
562 2823 622 2876 in
650 2823 828 2876 vobis.
875 2825 932 2879 Si
962 2840 1094 2878 vero
1143 2825 1443 2879 indiscrete
1476 2825 1804 2895 accipiatur,
1838 2827 2045 2880 timen-

357 2910 495 2964 dum
545 2915 628 2963 est
669 2911 810 2964 illud
867 2912 1018 2981 quod
1067 2913 1144 2965 ait
1188 2914 1538 2982 Apostolus:
1573 2912 1682 2976 Qui
1739 2914 2048 2968 manducat

1402 329 1810 387 BURCHARDI
1847 329 2379 386 WOBMACIENSIS
2417 327 2752 385 EPISCOPI.

217 526 236 536 δ
322 456 593 528 jejunent
617 453 865 509 ministri
896 453 998 524 qui
1025 469 1151 508 eam
1183 454 1659 523 consumpserint.
1687 455 1755 508 Et
1783 453 1830 506 si
1857 452 2028 507 tertia
2055 457 2102 509 Α
2142 468 2302 520 num,
2356 452 2501 506 alter
2547 450 2757 505 dixerit
2799 467 2812 504 :
2860 450 3121 517 Domine,
3172 465 3288 503 non
3338 465 3464 503 sum
3513 448 3726 520 dignus
3776 455 3851 502 ut

3734 331 3844 382 ’756

2139 541 2317 594 intres
2347 540 2453 594 sub
2480 544 2690 592 tectum
2738 554 2934 593 meum
2970 555 2983 593 :
3016 539 3184 592 ambo
3228 537 3577 593 Salvatorem
3613 539 3849 592 honori-

2140 630 2396 694 ﬁcantes,
2443 626 2702 697 quamvis
2748 642 2865 680 non
2907 643 3025 680 uno
3077 627 3250 680 modo
3303 643 3315 680 :
3363 627 3532 681 ambo
3591 626 3846 696 peccatis

2142 715 2360 784 miseri,
2420 715 2590 768 ambo
2653 714 3102 768 misericordiam
3165 714 3524 784 consequuti.
3585 715 3671 767 Ad
3735 714 3850 767 hoc

2143 805 2310 869 valet,
2364 803 2512 873 quod
2546 819 2754 869 magna
2801 803 3116 857 secundum
3159 801 3452 874 propriam
3484 801 3847 856 voluntatem

2143 892 2204 945 in
2234 907 2331 944 ore
2361 890 2642 960 cujusque
2673 891 2946 960 sapit-bat.

2146 981 2272 1034 CAP.
2305 981 2464 1033 XVII.
2498 1009 2566 1018 —
2593 981 2745 1033 Laici
2773 985 2851 1032 ter
2870 981 3154 1032 minimum
3182 981 3242 1032 in
3271 994 3410 1032 anno
3432 982 3849 1032 communicent.

2216 1071 2324 1134 (Eo:
2353 1070 2510 1137 epist.
2548 1067 2711 1120 Fabii
2733 1083 2858 1136 pa.,
2887 1070 3063 1136 capite
3106 1066 3182 1137 4.)
3239 1067 3309 1120 Ut
3338 1067 3381 1119 si
3415 1083 3532 1120 non
3578 1067 3854 1137 frequen-

2145 1157 2278 1223 tius,
2327 1158 2415 1210 vel
2453 1161 2542 1209 ter
2591 1154 2724 1208 laici
2773 1155 3037 1209 homines
3083 1156 3514 1208 communicent
3546 1156 3603 1208 in
3663 1172 3848 1219 anno,

2148 1243 2259 1298 nisi
2289 1244 2433 1297 forte
2464 1243 2592 1313 quis
2624 1242 2936 1313 majoribus
2968 1241 3320 1312 quibuslibet
3366 1241 3704 1296 criminibus
3745 1243 3857 1296 im-

2147 1332 2432 1403 pediatur,
2468 1332 2525 1385 id
2577 1337 2680 1399 est,
2713 1331 2774 1384 in
2805 1331 3020 1385 Pascha
3065 1343 3122 1384 et
3153 1332 3503 1397 Pentecoste,
3553 1335 3610 1385 et
3656 1331 3854 1384 Natali

2149 1420 2398 1474 Domini.

2151 1511 2277 1565 Cap.
2326 1509 2512 1563 XVIII.
2548 1537 2616 1546 -ο
2652 1509 2743 1562 An
2789 1508 3195 1562 Eucharistiam
3247 1509 3345 1575 qui
3379 1523 3588 1576 semper
3630 1511 3851 1576 peccat,

2643 1593 2849 1647 semper
2875 1581 3116 1647 accipere
3135 1578 3341 1632 debeat.

2221 1671 2328 1736 (Ea:
2360 1668 2524 1722 dictis
2571 1669 2841 1737 Cyprian.
2872 1672 2922 1721 et
2954 1669 3187 1722 aliorum
3219 1672 3526 1721 sanctorum
3565 1668 3851 1737 Patrum.)

2022 1741 2036 1766 ’
2071 1739 2110 1793 Β
2151 1757 2391 1812 Sanctus
2439 1756 2758 1827 Cyprianus
2815 1755 2956 1810 dixit
2997 1773 3011 1810 :
3061 1756 3413 1810 Eucharistia
3461 1755 3721 1825 quotidie
3778 1757 3857 1810 ad

2150 1845 2338 1899 cibum
2389 1845 2585 1898 salutis
2640 1843 2935 1914 accipitur.
2995 1845 3234 1898 Sanctus
3284 1843 3618 1898 Ambrosius
3657 1843 3854 1898 dixit:

2149 1933 2207 1988 Si
2261 1933 2737 2004 quotiescumque
2783 1931 3097 1986 effunditur
3123 1931 3356 2002 sanguis
3404 1931 3610 1986 Christi
3643 1931 3706 1985 in
3758 1949 3858 1986 re-

2150 2019 2484 2073 missionem
2512 2023 2877 2088 peccatorum
2899 2018 3228 2085 effunditur,
3253 2019 3432 2073 debeo
3456 2034 3684 2089 semper
3705 2020 3857 2073 acci-

2148 2124 2307 2178 pere,
2334 2107 2432 2178 qui
2455 2123 2683 2178 semper
2701 2123 2892 2178 pecco,
2926 2107 3106 2161 debeo
3129 2123 3356 2178 semper
3385 2107 3594 2161 habere
3615 2105 3859 2159 medici-

2150 2212 2306 2250 nam.
2339 2196 2392 2250 S.
2431 2195 2680 2252 Hilarius
2729 2195 3029 2266 episcopus
3059 2195 3204 2250 dixit
3235 2213 3248 2250 :
3283 2196 3341 2250 Si
3369 2201 3527 2249 tanta
3564 2211 3684 2248 non
3715 2199 3858 2248 sunt

2150 2289 2380 2354 peccata
2407 2289 2473 2338 ut
2501 2283 3023 2338 excommunicetur
3053 2284 3201 2354 quis,
3233 2300 3349 2338 non
3379 2299 3438 2337 se
3473 2283 3642 2338 debet
3675 2300 3711 2337 a
3740 2300 3859 2337 me-

2152 2368 2342 2423 dicina
2361 2371 2619 2441 corporis
2642 2371 2870 2425 Domini
2891 2387 3177 2441 separare.
3212 2372 3369 2426 Unde
3391 2371 3718 2426 timendum
3742 2377 3852 2436 est,

2151 2472 2224 2510 ne
2245 2459 2347 2512 diu
2367 2459 2682 2513 abstractus
2708 2476 2742 2512 a
2766 2459 2974 2513 Christi
2995 2475 3252 2530 corpore,
3269 2459 3486 2514 alienus
3499 2466 3802 2514 remaneat
3822 2478 3858 2514 a

2151 2547 2351 2600 salute.
2387 2547 2527 2600 Nam
2573 2547 2941 2602 manifestum
2973 2553 3057 2601 est
3085 2563 3182 2600 eos
3224 2548 3437 2612 vivere,
3489 2547 3587 2617 qui
3638 2563 3856 2617 corpus

2153 2635 2276 2704 ejus
2297 2634 2610 2705 attingunt,
2645 2635 2768 2705 ipso
2799 2635 3044 2688 Domino
3078 2635 3300 2689 dicente
3332 2651 3345 2688 :
3381 2635 3497 2689 Nisi
3532 2636 3856 2690 manduca-

2151 2723 2347 2777 veritis
2397 2739 2628 2778 carnem
2658 2722 2785 2777 Filii
2835 2723 3108 2790 hominis,
3149 2728 3206 2777 et
3253 2723 3511 2776 biberitis
3541 2724 3663 2792 ejus
3715 2741 3855 2778 san-

2153 2807 2414 2878 guinem,
2446 2823 2564 2861 non
2597 2807 2879 2862 habebitis
2910 2809 3080 2861 vitam
3111 2808 3170 2861 in
3197 2808 3376 2862 vobis.
3410 2808 3518 2872 Qui
3548 2809 3703 2862 enim
3725 2810 3858 2880 jam

2152 2910 2387 2965 peccare
2417 2893 2633 2964 quievit
2661 2894 3083 2948 communicare
3113 2910 3229 2947 non
3255 2895 3496 2949 desinat.

359 3003 418 3052 et
443 2997 590 3051 bibit
631 3013 838 3068 corpus
867 3004 924 3051 et
960 3001 1300 3069 sanguinem
1351 3000 1575 3054 Domini
1603 3000 1859 3072 indigne,
1890 3001 2028 3070 judi-

2228 2999 2284 3035 p.
2312 2983 2540 3072 XIX.J—
2572 2982 2724 3048 Quod
2764 2985 2996 3072 singulis
3036 2983 3240 3066 diebus.
3269 2984 3571 3072 Dominicis
3603 2987 3661 3038 in
3703 2986 3858 3050 Qua-

358 3086 512 3140 cium
555 3086 661 3140 sibi
693 3087 999 3140 manducet
1029 3094 1084 3141 et
1123 3088 1286 3142 bibit.
1316 3090 1481 3142 Juxta
1511 3089 1765 3158 ejusdem
1800 3089 2046 3159 apostoli

358 3189 575 3240 vocem,
625 3175 872 3244 probare
917 3191 975 3228 se
1006 3175 1174 3230 debet
1221 3177 1414 3242 homo,
1457 3182 1512 3230 et
1562 3177 1640 3230 sic
1673 3177 1742 3230 de
1773 3193 1918 3248 pane
1947 3177 2045 3230 illo

360 3264 511 3332 edat,
564 3268 619 3316 et
647 3263 715 3317 de
747 3264 919 3318 calice
963 3263 1142 3331 bibat,
1185 3271 1248 3318 ut
1294 3266 1556 3319 videlicet
1599 3267 1890 3320 abstinens
1943 3266 2046 3320 ali-

361 3358 503 3422 quot
534 3351 735 3405 diebus
777 3353 849 3406 ab
883 3352 1154 3423 operibus
1183 3353 1383 3416 carnis,
1417 3358 1472 3406 et
1501 3353 1811 3423 puriﬁcans
1841 3370 2049 3424 corpus

359 3440 728 3510 animamque
785 3456 947 3494 suam
1021 3446 1305 3510 praeparet
1363 3458 1420 3494 se
1478 3442 1549 3494 ad
1614 3442 2049 3512 percipiendum

362 3531 584 3581 tantum
618 3534 1038 3582 sacramentum
1089 3529 1348 3599 exemplo
1381 3530 1579 3597 David,
1624 3530 1742 3600 qui,
1778 3530 1884 3583 nisi
1914 3547 2050 3584 con-

360 3611 543 3666 fessus
581 3612 755 3665 fuerit
802 3629 860 3666 se
901 3613 1240 3667 abstinuisse
1281 3613 1352 3667 ab
1400 3631 1572 3684 opere
1618 3615 1928 3685 conjugali,
1981 3615 2050 3669 ab

361 3699 489 3753 heri
519 3705 574 3752 et
603 3700 812 3774 npdius
841 3701 1064 3767 tertius,
1099 3717 1461 3773 nequaquam
1511 3718 1688 3772 panes
1717 3703 2054 3773 propositio-

364 3787 455 3840 nis
484 3804 514 3839 a
547 3789 834 3843 sacerdote
865 3790 1187 3860 accepisset.

365 3875 493 3928 CAP.
547 3876 653 3930 XV.
705 3905 771 3916 -
804 3880 881 3931 De
928 3879 1229 3946 quotidana
1271 3881 1615 3949 perceptione
1660 3880 2050 3932 Eucharistiw.

435 3963 553 4033 (Ea:
582 3964 742 4018 dictis
771 3967 1034 4034 August.)
1079 3967 1340 4030 Quotidie
1392 3967 1758 4020 Eucharistiaa
1801 3983 2056 4020 commu-

365 4051 600 4105 nionem
650 4054 965 4123 percipere,
1008 4071 1112 4108 nec
1153 4056 1342 4121 laudo,
1376 4072 1480 4108 nec
1529 4056 1792 4126 vitupero
1821 4072 1834 4109 :
1865 4056 2058 4110 Omni-

363 4140 468 4194 bus
513 4146 706 4195 tamen
759 4143 1065 4196 Dominicis
1095 4144 1292 4198 diebus
1336 4144 1882 4197 communicandum
1929 4143 2058 4197 hor-

363 4235 472 4282 tor.
504 4228 561 4282 Si
591 4235 784 4284 tamen
814 4236 1001 4284 metus
1032 4231 1092 4286 in
1143 4233 1349 4286 affectu
1377 4232 1648 4302 peccandi
1699 4237 1801 4299 est,
1833 4233 2055 4302 gravari

363 4317 546 4386 magis
579 4317 704 4371 dico
735 4310 1103 4373 Eucharistiaa
1131 4321 1496 4390 perceptione
1535 4336 1707 4390 quam
1739 4320 2048 4391 purificari.

366 4405 433 4457 Et
458 4405 585 4458 ideo
634 4407 897 4476 quamvis
927 4407 1055 4478 quis
1110 4415 1344 4478 peccato
1402 4409 1735 4462 mordeatur
1783 4410 2053 4479 peccandi

365 4507 481 4544 non
511 4491 713 4546 habeat
737 4493 806 4546 de
823 4499 1028 4549 caetero
1050 4495 1424 4562 voluntatem,
1455 4502 1510 4550 et
1530 4497 2053 4552 communicaturus

366 4579 504 4633 satis
561 4580 729 4635 faciat
784 4583 1048 4654 lacrymis
1103 4589 1161 4638 et
1215 4583 1595 4652 orationibus,
1650 4589 1706 4638 et
1760 4585 2052 4640 conﬁdens

367 4667 436 4721 de
469 4669 695 4722 Domini
728 4671 1114 4739 miseratione,
1157 4673 1386 4727 accedat
1416 4674 1482 4727 ad
1517 4674 1927 4728 Eucharistiam
1963 4675 2052 4729 in-

365 4755 624 4826 trepidus
655 4763 711 4812 et
738 4775 990 4814 securus.
1022 4761 1132 4815 Sed
1162 4762 1270 4816 hoc
1299 4762 1367 4816 de
1397 4762 1493 4815 illo
1537 4763 1663 4818 dico
1693 4778 1864 4833 quem
1899 4779 2054 4817 mor-

367 4844 506 4898 talia
537 4851 767 4916 peccata
795 4864 912 4902 non
943 4854 1202 4918 gravant.

800 4937 926 4992 CAP.
954 4938 1086 4992 XVI.
1118 4965 1191 4978 —
1215 4939 1298 4992 De
1327 4937 1511 4992 eadem
1539 4953 1615 4992 re.

439 5025 562 5092 (Ea:
607 5025 767 5080 dictis
815 5026 1056 5094 ejusdem
1101 5026 1176 5080 ad
1217 5027 1589 5097 Ianuarium.)
1636 5027 1849 5082 Dixerit
1891 5027 2055 5098 quis-

366 5110 544 5182 piam,
575 5128 689 5166 non
733 5114 992 5184 quotidie
1025 5113 1416 5182 accipiendam
1448 5114 1884 5179 Eucharistiam,
1912 5115 2055 5169 alius

366 5200 617 5254 afﬁrmet
662 5201 937 5271 quotidie.
985 5203 1173 5255 Faciat
1217 5203 1614 5273 unusquisque
1659 5203 1814 5273 quod
1853 5219 2052 5256 secun-

366 5289 501 5344 dum
548 5289 721 5344 fidem
770 5307 932 5344 suam
965 5289 1056 5359 pie
1101 5292 1277 5345 credit
1318 5308 1438 5346 esse
1477 5291 1822 5346 faciendum.
1861 5293 2054 5363 Neque

366 5378 521 5432 enim
564 5377 933 5450 litigaverunt
960 5379 1111 5432 inter
1145 5396 1225 5448 se,
1264 5385 1364 5434 aut
1409 5380 1713 5451 quisquam
1763 5397 1962 5435 eorum
1994 5398 2053 5435 se

364 5467 528 5520 alteri
576 5466 906 5538 praeposuit,
965 5467 1228 5522 Zachaaus
1272 5473 1326 5522 et
1372 5468 1466 5522 ille
1519 5468 1818 5531 centurio;
1873 5486 2054 5540 quum

364 5556 507 5610 alter
535 5571 736 5612 eorum
766 5557 1021 5626 gaudens
1063 5556 1123 5612 in
1155 5557 1323 5612 domo
1354 5575 1457 5613 sua
1495 5557 1809 5630 susceperit
1853 5559 2052 5613 Domi-

2438 3052 2749 3120 drages-ima
2771 3052 2954 3122 ﬁdeles
2976 3055 3406 3108 communicandi
3427 3057 3556 3108 sint.

2229 3139 2336 3210 (Ea:
2366 3139 2527 3194 dictis
2573 3141 2796 3196 Silverii
2833 3157 2993 3211 pap.,
3027 3145 3203 3211 capite
3250 3142 3325 3212 3.)
3356 3143 3608 3212 Singulis
3648 3143 3865 3197 diebus

2160 3228 2469 3282 Dominicis
2498 3228 2557 3282 in
2602 3229 3067 3299 Quadragesima,
3101 3235 3313 3298 praeter
3357 3231 3460 3284 hos
3491 3231 3589 3300 qui
3632 3247 3864 3291 excom-

2161 3316 2437 3370 municati
2484 3322 2638 3386 sunt,
2669 3323 2725 3370 et
2767 3323 2974 3388 praeter
3005 3319 3132 3371 illos
3178 3318 3277 3387 qui
3307 3319 3365 3372 in
3409 3318 3638 3388 publica
3665 3321 3864 3390 poeni-

2159 3405 2340 3459 tentia
2373 3410 2526 3472 sunt,
2559 3412 2913 3460 sacramenta
2943 3406 3198 3476 corporis
3229 3412 3284 3460 et
3314 3407 3610 3477 sanguinis
3641 3408 3863 3462 Christi

2163 3493 2440 3548 sumenda
2507 3498 2641 3548 sunt
2693 3511 2707 3548 :
2757 3500 2813 3547 et
2867 3495 2928 3548 in
2981 3511 3140 3548 coena
3208 3495 3475 3562 Domini,
3543 3495 3603 3548 in
3657 3496 3868 3566 vigilia

2162 3583 2411 3648 Paschaa,
2461 3587 2518 3636 et
2547 3583 2605 3635 in
2638 3583 2730 3637 die
2779 3583 3233 3637 Resurrectionis
3283 3584 3528 3648 Domini,
3567 3589 3624 3637 et
3653 3586 3868 3638 Pente-

2163 3676 2364 3738 costes,
2410 3676 2467 3724 et
2519 3671 2578 3724 in
2636 3671 2822 3725 Natali
2883 3671 3128 3738 Domini,
3185 3671 3416 3742 penitus
3464 3673 3557 3726 ab.
3588 3673 3867 3727 omnibus

2163 3759 2704 3813 communicandum
2737 3765 2841 3814 est.

2167 3847 2294 3902 Cap.
2337 3829 2440 3901 XX.
2490 3879 2558 3887 ——
2618 3851 2684 3903 Ut
2736 3852 2794 3902 in
2841 3864 2989 3902 caena
3039 3851 3254 3904 Domini
3305 3850 3675 3904 Eucharistiz
3729 3866 3866 3919 per-

2678 3922 2847 3987 ceptio
2870 3936 2976 3973 non
3007 3922 3336 3988 negligatur.

2240 3989 2351 4058 (Ea:
2403 3989 2546 4042 decr.
2599 3990 2838 4045 Sotheris
2890 4007 3044 4060 pap.,
3095 4007 3214 4060 cap.
3274 3995 3352 4060 5.)
3409 3992 3470 4045 In
3529 4007 3687 4044 coena
3750 3993 3866 4046 Do-

2166 4077 2310 4130 mini
2342 4095 2372 4131 a
2408 4078 2752 4148 quibusdam
2784 4081 3072 4150 perceptio
3104 4080 3473 4134 Eucharistiaa
3521 4079 3862 4149 negligitur.

2169 4166 2306 4229 Quae
2337 4167 2610 4237 quoniam
2657 4167 2717 4220 in
2748 4168 2945 4222 eadem
2995 4168 3086 4222 die
3144 4169 3214 4222 ab
3266 4169 3534 4222 omnibus
3565 4168 3860 4236 fidelibus,

2169 4255 2416 4326 exceptis
2445 4255 2535 4310 his
2581 4256 2788 4326 quibus
2817 4273 2922 4326 pro
2963 4257 3230 4326 gravibus
3261 4255 3597 4311 criminibus
3645 4257 3868 4310 inhibi-

2164 4349 2287 4397 tum
2343 4349 2446 4411 est,
2516 4343 2886 4414 percipienda
2941 4345 3042 4412 sit,
3103 4345 3514 4400 ecclesiasticus
3571 4361 3705 4398 usus
3763 4347 3863 4399 de-

2163 4437 2462 4497 monstrat,
2495 4448 2624 4485 cum
2657 4432 2829 4486 etiam
2873 4434 3220 4502 pmnitentes
3261 4434 3458 4487 eadem
3490 4433 3581 4487 die
3612 4433 3682 4486 ad
3728 4449 3860 4503 per-

2162 4519 2426 4589 cipienda
2454 4521 2711 4590 corporis
2742 4526 2800 4575 et
2830 4522 3126 4592 sanguinis
3159 4522 3440 4576 Dominici
3478 4529 3856 4592 sacramenta,

2159 4607 2617 4664 reconcilientur.

2164 4698 2290 4752 CAP.
2342 4697 2473 4751 XXI.
2521 4727 2590 4736 -
2644 4701 2718 4752 De
2746 4698 3102 4752 histrionibus
3131 4702 3182 4751 et
3211 4701 3407 4764 magis,
3454 4701 3505 4752 si
3533 4702 3864 4754 communio-

2339 4783 2458 4821 nem
2496 4783 2615 4822 cum
2644 4772 2848 4823 caeteris
2876 4769 3129 4839 ﬁdelibus
3157 4773 3395 4838 accipere
3429 4769 3672 4823 debeant.

2234 4856 2350 4922 (Ea:
2403 4857 2562 4924 epist.
2612 4859 2789 4911 sancti
2839 4858 3097 4925 Cyprian.
3143 4860 3305 4925 episc.
3362 4858 3436 4911 ad
3486 4860 3865 4929 Eucratium.)

2166 4942 2480 5014 Cyprianus
2511 4943 2772 4997 Eucratio
2815 4944 3089 4997 confratri
3115 4945 3378 4998 salutem.
3411 4946 3520 4998 Pro
3553 4945 3862 5002 dilectione

2163 5035 2261 5085 tua
2290 5036 2347 5086 et
2375 5033 2696 5086 reverentia
2721 5037 2786 5086 ut
2822 5032 2892 5086 ad
2941 5033 3352 5088 consulendum
3384 5050 3474 5086 me
3522 5034 3863 5091 existimasti

2165 5117 2336 5174 frater
2365 5119 2718 5188 charissime,
2753 5120 2890 5190 quid
2921 5121 3064 5174 mihi
3106 5121 3368 5176 videatur
3402 5123 3470 5177 de
3503 5122 3777 5177 histrione
3805 5129 3862 5179 et

2164 5219 2331 5273 mago
2382 5205 2500 5266 illo,
2534 5204 2633 5275 qui
2662 5205 2814 5274 apud
2845 5221 2942 5259 vos
2994 5206 3356 5272 constitutus,
3399 5207 3583 5260 adhuc
3613 5207 3672 5260 in
3722 5212 3862 5264 artis

2163 5309 2279 5345 sua:
2347 5292 2623 5346 dedecore
2687 5299 3028 5364 perseverat,
3086 5299 3142 5348 et
3207 5295 3478 5365 magister
3538 5301 3596 5349 et
3663 5297 3864 5353 doctor

2163 5379 2632 5448 erudiendorum,
2664 5382 2780 5435 imo
2812 5382 3237 5452 perdendorum
3270 5399 3583 5453 puerorum
3614 5383 3670 5438 id
3705 5389 3860 5456 quod

2164 5471 2311 5524 male
2345 5469 2564 5539 didicit,
2613 5471 2829 5525 caeteris
2859 5488 3091 5542 quoque
3135 5471 3408 5535 insinuat,
3459 5489 3532 5526 an
3565 5473 3666 5527 tali
3699 5492 3863 5531 sacra

2164 5559 2569 5614 communione
2615 5575 2748 5614 cum
2803 5561 3023 5615 caeteris
3067 5560 3401 5616 Christianis
3460 5561 3662 5616 debeat
3709 5564 3857 5635 dari,
