3956 6308
164 343 274 393 757

151 468 254 517 aut
313 462 616 517 nobiscum
689 464 1151 519 communicare:
1203 471 1342 536 puto
1410 483 1512 519 nec
1578 465 1939 535 majestatiA

152 548 387 616 divinae,
421 566 526 603 nec
551 549 907 619 Evangelicaa
939 550 1257 619 disciplinae
1282 567 1617 621 congruere,
1651 556 1712 603 ut
1740 568 1854 620 pu—

154 638 261 691 dor
296 643 351 691 et
396 639 585 692 honor
634 638 911 705 Ecclesiae,
962 643 1081 691 tam
1127 640 1282 709 turpi
1331 648 1385 694 et
1423 639 1626 692 infami
1655 644 1855 692 conta—

152 727 329 797 gione
360 726 623 780 fcedetur.

150 817 279 869 CAP.
326 816 484 869 XXII.
546 845 612 854 —
690 816 950 885 Quandiu
1022 819 1394 885 unusquisque
1450 822 1575 869 ante
1640 832 1853 871 sacram

327 888 748 940 communionem
790 887 858 940 ab
897 903 1065 941 umore
1094 903 1148 941 se
1173 889 1441 941 abstinere
1466 888 1671 941 debeat.

218 973 327 1043 (Ea:
376 976 563 1027 concil.
617 974 942 1039 Elibertan.,
984 990 1104 1043 cap.
1149 975 1227 1042 3.)
1260 973 1457 1028 Omnis
1514 973 1688 1026 homo
1722 977 1850 1026 ante

146 1077 368 1115 sacram
421 1063 889 1116 communionem
950 1080 983 1116 a
1039 1063 1273 1131 prOpria
1331 1078 1507 1115 uxore
1568 1063 1850 1116 abstinere

143 1150 315 1203 debet
341 1156 473 1215 tres,
508 1156 607 1204 aut
638 1151 915 1221 quinque,
949 1156 1047 1203 aut
1084 1157 1303 1220 septem
1341 1150 1480 1204 dies.

142 1239 275 1292 CAP.
321 1240 477 1293 XXII.
527 1268 596 1279 —
660 1240 813 1304 Quod
854 1242 995 1292 inter
1040 1240 1328 1293 catholicos
1392 1255 1499 1292 non
1561 1255 1848 1293 connume-

209 1315 383 1368 retur.
418 1313 513 1377 qui
548 1314 606 1362 in
654 1313 777 1363 istis
828 1312 1002 1363 tribus
1054 1311 1399 1377 temporibus,
1441 1312 1667 1375 Pascha,
1714 1314 1847 1365 Pen-

213 1386 423 1444 tecoste,
455 1382 643 1437 Natali
672 1383 905 1446 Domini,
932 1396 1038 1434 non
1081 1384 1454 1435 communicat.

215 1468 321 1537 (Ea:
385 1485 582 1523 canone
646 1470 948 1535 Agathen.)
1016 1469 1326 1523 Saeculares
1402 1486 1554 1536 vero,
1629 1470 1728 1540 qui
1784 1470 1845 1523 in

142 1556 331 1609 Natali
366 1558 667 1621 Dominici,
717 1558 948 1623 Pascha,
983 1562 1038 1611 et
1068 1557 1126 1610 in
1159 1560 1489 1612 Pentecoste
1540 1575 1655 1611 non
1689 1576 1845 1612 com-

141 1646 582 1712 municaverint,
616 1646 881 1700 catholici
910 1662 1026 1700 non
1072 1647 1401 1714 credantur,
1432 1664 1536 1700 nec
1566 1647 1717 1701 inter
1746 1663 1845 1700 ca-

141 1732 383 1788 tholicos
412 1734 747 1788 habeantur.

141 1824 272 1877 CAP.
325 1824 497 1877 XXIV.
546 1853 615 1863 —
668 1826 734 1878 Ut
779 1824 976 1877 oblatio
1024 1825 1219 1878 altaris
1265 1826 1497 1892 singulis
1549 1827 1837 1879 Dominicis

817 1895 1003 1948 diebus
1043 1898 1159 1963 ﬁat.

210 1984 317 2047 (Ea:
372 1982 515 2035 decr.
564 1982 723 2036 Fabii
754 1998 937 2051 papae,
969 1999 1090 2051 cap.
1129 1984 1203 2053 5.)
1264 1983 1634 2037 Decernimus
1682 1988 1748 2037 ut
1776 1983 1836 2037 in

140 2070 453 2124 Dominicis
474 2070 740 2124 omnibus
771 2072 969 2126 diebus
991 2072 1187 2126 altaris
1209 2072 1439 2138 oblatio,
1473 2072 1543 2125 ab
1570 2072 1835 2125 omnibus

137 2159 293 2226 viris,
326 2159 414 2213 vel
436 2160 773 2213 mulieribus
794 2159 913 2226 ﬁat,
948 2165 1064 2214 tam
1082 2161 1246 2232 panis
1277 2177 1451 2231 quam
1479 2160 1619 2226 vini,
1642 2164 1705 2214 ut
1733 2176 1837 2229 per

136 2247 239 2301 has
306 2247 732 2302 immolationes
780 2264 813 2301 a
862 2254 1228 2317 peccatorum
1295 2264 1531 2303 suorum
1590 2247 1834 2301 fascibus

137 2336 477 2391 liberentur.

565 2425 696 2479 CAP.
727 2426 873 2480 XXV.
907 2456 974 2463 —
1004 2429 1078 2480 De
1116 2426 1300 2479 eadem
1327 2442 1405 2479 re.

212 2514 326 2582 (Ea:
383 2514 524 2567 decr.
576 2514 835 2582 ejusdem,
884 2530 1003 2583 cap.
1055 2515 1160 2581 10.)
1190 2514 1550 2570 Oblationem
1605 2530 1832 2585 quoque

143 2607 198 2657 et
228 2619 429 2671 pacem
468 2602 527 2655 in
562 2590 807 2655 Ecclesia
848 2603 1031 2656 facere
1073 2603 1291 2673 jugiter
1321 2603 1699 2656 admoneatur
1727 2620 1829 2673 po-

136 2692 311 2761 pulus
369 2690 770 2745 Christianus:
829 2692 965 2761 quia
1003 2691 1126 2761 ipsa
1180 2692 1394 2745 oblatio
1449 2691 1557 2745 sibi
1615 2697 1669 2745 et
1715 2691 1830 2744 suis

136 2792 415 2847 magnum
448 2778 760 2832 remedium
793 2784 876 2831 est
923 2780 1267 2845 animarum,
1318 2786 1374 2833 et
1426 2780 1484 2833 in
1535 2779 1660 2850 ipsa
1689 2796 1828 2849 pace

132 2881 266 2919 vera
296 2867 647 2920 unanimitas
677 2872 735 2920 et
762 2868 1065 2921 concordia
1094 2868 1537 2921 demonstratur.

126 2973 255 3026 CAP.
284 2973 462 3027 XXVI.
496 3002 563 3013 —
618 2976 693 3026 De
736 2973 1054 3027 diaconibus
1111 2974 1255 3042 quod
1307 2975 1636 3042 presbyteris
1685 2990 1823 3029 com-

553 3046 857 3097 munionem
885 3045 1016 3097 dare
1034 3060 1140 3098 non
1156 3045 1397 3098 debeant.

194 3132 306 3201 (Εω
335 3133 550 3187 Nicaeno
571 3134 813 3197 concilio,
836 3148 957 3201 cap.
996 3133 1103 3201 l8.)
1136 3133 1396 3187 Pervenit
1427 3134 1496 3187 ad
1527 3150 1825 3203 magnum,

124 3226 503 3289 sanctumque
554 3221 881 3285 concilium,
937 3221 1089 3290 quod
1133 3221 1192 3274 in
1218 3221 1560 3291 quibusdam
1609 3222 1749 3275 locis
1775 3227 1830 3275 et

124 3307 451 3361 civitatibus
507 3309 854 3379 presbyteris
908 3309 1152 3378 gratiam
1184 3326 1360 3363 sacrae
1410 3310 1827 3363 communionis

124 3396 351 3449 diaconi
374 3396 673 3466 porrigant
698 3439 712 3463 ,
751 3399 903 3467 quod
937 3414 1038 3451 nec
1078 3399 1295 3467 regula,
1332 3414 1432 3451 nec
1473 3398 1826 3451 consuetudo

126 3484 385 3549 tradidit,
420 3490 481 3538 ut
540 3486 608 3539 ab
646 3485 734 3538 his
781 3486 881 3555 qui
932 3491 1271 3556 potestatem
1304 3503 1419 3540 non
1448 3486 1661 3539 habent
1689 3486 1825 3539 offe-

126 3573 312 3637 rendi,
387 3572 471 3625 illi
524 3573 623 3643 qui
669 3574 918 3628 offerunt
970 3575 1176 3629 Christi
1257 3591 1465 3645 corpus
1523 3574 1823 3644 accipiant.

127 3663 360 3714 Necnon
401 3666 457 3715 et
489 3661 631 3715 illud
667 3662 937 3729 innotuit,
966 3664 1119 3733 quod
1152 3663 1383 3733 quidam
1426 3662 1648 3717 diaconi
1695 3669 1829 3716 ante

127 3750 427 3820 episcopos
457 3766 616 3803 sacra
643 3751 835 3804 oblata
863 3752 1212 3821 contingant.
1248 3754 1376 3806 Haec
1419 3751 1595 3821 igitur
1635 3751 1829 3804 omnia

125 3842 477 3903 resecentur,
521 3844 577 3891 et
607 3839 667 3891 in
700 3854 801 3891 sua
840 3840 1064 3893 diaconi
1116 3856 1386 3893 mensura
1434 3847 1825 3909 permaneant,

126 3926 372 3979 scientes
431 3926 582 3994 quod
634 3926 1035 3997 episcoporum
1083 3928 1315 3997 quidem
1376 3928 1625 3980 ministri
1692 3928 1825 3993 sint,

126 4013 430 4067 inferiores
483 4020 672 4067 autem
723 4016 1068 4086 presbyteris
1108 4016 1445 4069 habeantur.
1474 4018 1581 4069 Per
1631 4017 1828 4069 orbem

126 4119 265 4173 ergo
310 4108 439 4172 post
482 4104 840 4174 presbyteros
893 4105 1135 4174 gratiam
1186 4121 1359 4158 sacrae
1407 4105 1827 4158 communionis

126 4191 429 4261 accipiant,
480 4197 577 4243 aut
624 4192 894 4262 episcopo
957 4192 1056 4258 eis,
1106 4199 1204 4246 aut
1264 4194 1593 4265 presbytero
1641 4192 1829 4263 porri-

127 4285 320 4351 gente.
354 4279 462 4333 Sed
494 4296 595 4333 nec
635 4282 831 4334 sedere
877 4281 937 4334 in
969 4282 1156 4334 medio
1207 4283 1668 4353 presbyterorum
1702 4281 1823 4335 dia-
1856 4302 1898 4355 ι)

125 4367 285 4421 conis
317 4367 486 4421 liceat
518 4384 531 4421 :
567 4368 702 4438 quia
732 4368 779 4421 si
806 4370 915 4422 hoc
958 4369 1076 4431 ﬁat,
1122 4374 1329 4440 prater
1360 4370 1618 4440 regulam
1650 4376 1707 4424 et
1736 4386 1826 4423 or-

126 4456 323 4510 dinem
352 4456 627 4525 probatur
656 4456 916 4511 existere.
967 4458 1022 4512 Si
1055 4459 1183 4528 quis
1244 4468 1435 4512 autem
1472 4459 1641 4512 etiam
1699 4463 1829 4528 post

126 4546 232 4600 has
258 4544 623 4599 definitiones
646 4546 875 4601 obedire
905 4548 1173 4613 noluerit,
1205 4564 1237 4601 a
1266 4548 1585 4602 ministerio
1607 4563 1825 4601 cessare

132 4633 385 4687 debebit.

132 4722 264 4775 CAP.
334 4722 535 4775 XXVII.
606 4750 675 4762 -
734 4723 814 4777 De
882 4725 1105 4805 eulogiis
1146 4723 1347 4792 populo
1395 4741 1429 4777 a
1498 4725 1825 4793 presbyteris

203 4861 312 4932 (Εςτ
338 4861 478 4915 decr.
514 4864 601 4916 Pii
652 4880 830 4933 papae,
872 4794 1135 4933 ἕὲιῗῗίιῖ.)
1194 4865 1263 4917 Ut
1319 4865 1387 4918 de
1446 4865 1827 4919 oblationibus

131 4966 261 5019 quae
294 4950 613 5003 offeruntur
638 4968 670 5004 a
702 4954 915 5021 populo
958 4959 1013 5005 et
1046 4952 1456 5006 consecrationi
1498 4959 1825 5024 supersunt,

128 5038 217 5091 vel
250 5037 319 5090 de
378 5040 623 5107 panibus
689 5057 832 5110 quos
897 5041 1147 5094 offerunt
1171 5042 1364 5094 ﬁdeles
1396 5042 1466 5094 ad
1500 5044 1823 5108 Ecclesiam,

127 5126 217 5179 vel
248 5129 398 5177 certe
432 5125 500 5178 de
531 5126 648 5178 suis
701 5127 1001 5196 presbyter
1048 5127 1451 5181 convenienter
1507 5135 1697 5197 partes
1736 5130 1825 5182 in-

128 5213 273 5266 cisas
306 5213 513 5266 habeat
543 5213 599 5266 in
625 5231 753 5267 vase
786 5214 992 5280 nitido,
1028 5222 1090 5269 ut
1135 5221 1261 5286 post
1284 5216 1574 5269 Missarum
1617 5218 1828 5270 solem-

126 5300 246 5369 nia,
298 5300 397 5370 qui
444 5302 874 5356 communicare
924 5320 1033 5357 non
1063 5304 1295 5357 fuerunt
1324 5304 1528 5373 parati,
1574 5305 1829 5373 eulogias

130 5387 291 5442 omni
323 5388 413 5441 die
440 5390 752 5453 Dominico,
786 5397 840 5445 et
873 5392 929 5445 in
966 5392 1166 5445 diebus
1183 5394 1339 5446 festis
1370 5392 1504 5445 inde
1527 5394 1828 5462 accipiant,

130 5481 186 5529 et
214 5477 329 5543 illa,
366 5478 513 5531 unde
549 5479 805 5549 eulogias
853 5482 1149 5551 presbyter
1179 5482 1413 5535 daturus
1460 5487 1563 5547 est,
1610 5487 1738 5533 ante
1772 5480 1829 5532 in

134 5568 254 5619 hzec
286 5566 456 5619 verba
490 5566 812 5621 benedicat.

1138 342 1616 398 DECRETORUM
1657 344 1841 399 LIBRI
1880 344 1987 398 XX.
2030 374 2096 380 —
2140 344 2351 399 LIBER
2390 343 2703 409 QUINTUS.

3566 352 3673 404 758

2205 469 2336 522 CAP.
2368 468 2591 521 XXVIII.
2626 498 2694 507 —
2723 470 2909 524 Oratio
2938 471 3168 539 simplezc
3194 473 3430 537 eulogia.

2036 574 2273 627 Domine
2324 580 2538 643 sancte,
2574 577 2739 629 Pater
2771 577 3153 646 omnipotens,
3211 582 3424 633 aeterne
3485 581 3650 646 Deus,

1959 660 2295 716 benedicere
2320 662 2571 733 digneris
2602 665 2755 717 hunc
2785 670 3099 734 panemtua
3119 672 3310 718 sancta
3332 672 3387 719 et
3417 667 3657 736 spiritali

1959 750 2378 820 benedictione,
2408 756 2473 805 ut
2506 752 2577 804 sit
2598 752 2867 805 omnibus
2888 754 3039 805 salus
3066 753 3276 805 mentis
3298 758 3353 807 et
3382 756 3653 824 corporis,

1958 847 2129 908 atque
2159 845 2354 893 contra
2380 856 2581 893 omnes
2612 841 2843 895 morbos
2879 846 2937 894 et
2967 841 3260 895 universas
3292 842 3657 897 inimicorum

1957 926 2192 981 insidias
2248 932 2524 982 tutamen.
2602 930 2710 982 Per
2772 929 3082 982 Dominum
3140 934 3403 983 nostrum
3461 932 3656 985 Iesum

1958 1014 2248 1069 Christum
2305 1017 2511 1070 Filium
2570 1021 2733 1070 tuum
2783 1033 2992 1086 panem
3046 1018 3193 1083 vitae,
3258 1018 3359 1087 qui
3401 1019 3470 1071 de
3514 1020 3654 1073 caelo

1957 1103 2252 1157 descendit
2280 1108 2332 1157 et
2362 1104 2459 1158 dat
2503 1105 2677 1158 vitam
2710 1110 2765 1158 et
2820 1106 3062 1158 salutem
3108 1105 3342 1171 mundo,
3377 1110 3434 1159 et
3462 1110 3652 1161 tecum

1956 1191 2093 1245 vivit
2122 1198 2179 1245 et
2203 1198 2424 1262 regnat.
2464 1195 2589 1258 Per,
2621 1198 2726 1247 etc.

2131 1317 2259 1371 CAP.
2308 1318 2483 1372 XXIX.
2510 1348 2577 1357 —
2629 1322 2703 1371 De
2734 1335 2877 1388 pane
2919 1320 3015 1387 qui
3042 1318 3343 1385 efferendus
3372 1324 3468 1373 est.

2026 1422 2131 1493 (Ea:
2161 1424 2302 1476 decr.
2339 1424 2517 1477 Anitii
2555 1440 2733 1492 papae,
2787 1440 2906 1492 cap.
2939 1425 3012 1488 3.)
3046 1426 3226 1476 Panes
3256 1440 3401 1494 quos
3450 1426 3563 1478 Deo
3588 1425 3647 1479 in

1952 1510 2293 1564 sacrificium
2326 1512 2561 1578 offertis,
2591 1516 2688 1564 aut
2727 1529 2761 1565 a
2790 1512 3227 1582 vobismetipsis,
3257 1518 3356 1566 aut
3385 1530 3418 1566 a
3446 1514 3646 1567 vestris

1950 1600 2145 1669 pueris
2174 1615 2366 1653 coram
2396 1600 2555 1654 vobis
2596 1600 2775 1653 nitide
2823 1617 2887 1653 ac
2926 1601 3175 1653 studiose
3218 1601 3379 1666 fiant,
3433 1607 3487 1655 et
3515 1602 3644 1655 dili-

1952 1693 2152 1757 genter
2182 1688 2533 1755 observetur,
2566 1693 2631 1741 ut
2659 1689 2845 1758 panis,
2879 1694 2934 1742 et
2962 1689 3181 1755 vinum,
3212 1693 3267 1741 et
3304 1706 3473 1759 aqua,
3524 1691 3645 1744 sine

1949 1776 2158 1847 quibus
2189 1777 2367 1831 Missas
2415 1782 2714 1847 nequeunt
2742 1777 3040 1843 celebrari,
3066 1776 3442 1831 mundissima
3473 1783 3644 1849 atque

1947 1864 2198 1918 studiose
2259 1870 2595 1931 tractentur,
2654 1870 2709 1918 et
2740 1866 2882 1919 nihil
2940 1866 3001 1918 in
3053 1866 3134 1918 eis
3180 1866 3311 1934 vile,
3342 1866 3485 1919 nihil
3525 1883 3644 1921 non

1945 1953 2251 2021 probatum
2290 1953 2636 2019 inveniatur,
2664 1954 2831 2023 juxta
2855 1954 2997 2007 illud
3020 1954 3171 2023 quod
3204 1954 3280 2007 ait
3305 1954 3594 2023 Scriptura
3628 1972 3641 2009 :

1945 2039 2027 2093 Sit
2056 2040 2228 2092 timor
2284 2039 2512 2093 Domini
2541 2039 2857 2106 vobiscum,
2892 2045 2949 2093 et
2983 2056 3111 2093 cum
3161 2040 3460 2109 diligentia
3499 2057 3638 2095 cun-

1945 2132 2035 2181 cta
2063 2128 2250 2181 facite.

1944 2237 2072 2289 CAP.
2104 2235 2250 2287 XXX.
2294 2263 2362 2275 —
2407 2237 2480 2288 De
2525 2234 2855 2302 presbyteris
2903 2236 3000 2302 qui
3046 2250 3237 2302 corpus
3294 2235 3641 2288 Dominicum

2121 2306 2194 2359 ad
2222 2305 2573 2371 deferendum
2593 2306 2826 2372 inﬁrmis
2854 2306 3185 2358 mulierculis
3215 2305 3459 2358 tradunt.

2014 2414 2118 2480 (Ea:
2174 2412 2360 2465 concil.
2397 2413 2664 2477 Remensi,
2698 2426 2816 2479 cap.
2873 2410 2951 2481 2.)
2986 2410 3251 2464 Pervenit
3277 2411 3345 2464 ad
3372 2410 3638 2465 notitiam

1942 2505 2219 2563 nostram,
2253 2499 2406 2570 quod
2437 2500 2675 2569 quidam
2705 2499 3024 2568 presbyteri
3071 2499 3130 2551 in
3190 2503 3415 2552 tantum
3447 2500 3636 2569 parvi-

1939 2589 2195 2659 pendant
2248 2589 2440 2642 divina
2492 2587 2781 2657 mysteria,
2824 2593 2889 2640 ut
2944 2587 3107 2652 laico,
3142 2592 3240 2639 aut
3270 2588 3498 2641 feminas
3541 2606 3636 2641 sa-

1939 2694 2099 2731 crum
2151 2693 2353 2747 corpus
2403 2675 2629 2729 Domini
2678 2675 2907 2729 tradant
2928 2675 2999 2728 ad
3046 2675 3421 2729 deferendum
3478 2676 3637 2729 inﬁr-

1940 2763 2068 2827 mis,
2102 2768 2158 2815 et
2183 2763 2391 2833 quibus
2441 2762 2796 2832 prohibetur,
2831 2778 2901 2814 ne
2958 2761 3270 2814 sacrarium
3301 2762 3631 2830 ingredian-

1937 2855 2050 2917 tur,
2100 2867 2205 2904 nec
2254 2851 2323 2904 ad
2382 2852 2559 2903 altare
2611 2851 3095 2920 appropinqueut,
3143 2850 3257 2903 illis
3286 2856 3479 2904 sancta
3509 2868 3633 2904 san-

1939 2944 2159 2993 ctorum
2182 2939 2641 2992 committuntur.
2672 2939 2831 3001 Quod
2849 2954 3020 3007 quam
3043 2937 3117 2991 sit
3137 2938 3428 3001 horribile,
3457 2955 3629 3009 quam

1860 3023 1900 3077 C
1939 3029 2271 3082 detestabile
2314 3027 2573 3080 omnium
2612 3025 3012 3096 religiosorum
3053 3026 3455 3080 animadvertit
3492 3043 3630 3097 pru-

1938 3116 2150 3170 dentia.
2186 3116 2364 3185 Igitur
2394 3115 2681 3169 interdicit
2710 3130 2811 3184 per
2837 3114 3030 3167 omnia
3061 3116 3333 3184 synodus,
3380 3132 3451 3168 ne
3502 3115 3630 3169 talis

1937 3205 2243 3259 temeraria
2290 3205 2663 3275 prassumptio
2716 3203 2955 3257 ulterius
3008 3204 3126 3261 fiat.
3187 3205 3280 3257 sed
3342 3204 3629 3257 omnimo-

1936 3294 2022 3348 dis
2051 3293 2346 3363 presbyter
2375 3309 2477 3362 per
2536 3292 2932 3361 semetipstum
2965 3291 3262 3344 infirmum
3313 3291 3632 3345 communi-

1936 3388 2045 3435 cet.
2079 3380 2241 3445 Quod
2295 3380 2342 3432 si
2374 3380 2538 3433 aliter
2590 3379 2806 3446 fecerit,
2841 3380 3054 3447 gradus
3085 3378 3173 3432 sui
3203 3379 3457 3449 periculo
3490 3380 3629 3432 sub—

1938 3470 2158 3524 iacebit.

1959 3489 2158 3524 acemt.

1931 3489 2063 3631 iiiP.
2118 3576 2291 3630 XXXI.
2351 3604 2412 3613 —
2469 3576 2535 3629 Ut
2564 3574 2834 3639 defunctis
2889 3575 3237 3627 Eucharistia
3283 3588 3389 3626 non
3445 3573 3622 3627 detur.

2008 3685 2118 3751 (Ea:
2157 3681 2343 3735 concil.
2409 3681 2688 3744 Carthag.,
2737 3694 2856 3746 cap.
2923 3682 3001 3744 6.)
3060 3680 3201 3731 Item
3258 3678 3490 3747 placuit,
3570 3683 3629 3732 ut

1936 3769 2267 3839 corporibus
2341 3768 2738 3822 defunctorum
2834 3766 3184 3820 Eucharistia
3249 3782 3365 3819 non
3439 3767 3623 3820 detur.

1935 3859 2220 3928 Scriptum
2265 3862 2350 3910 est
2401 3856 2602 3909 enim:
2664 3855 2937 3924 Accipite,
2997 3862 3054 3907 et
3110 3855 3281 3907 edite.
3342 3855 3629 3908 Cadavera

1938 3953 2150 4012 autem,
2211 3962 2315 3999 nec
2369 3946 2622 4014 accipere
2681 3948 2935 4013 possunt,
2999 3959 3098 3996 nec
3152 3943 3360 3997 edere:
3418 3948 3474 3996 et
3528 3960 3629 3997 nec

1934 4036 2051 4106 jam
2101 4041 2356 4089 mortuos
2387 4034 2648 4087 homines
2702 4032 2981 4101 baptizari
3033 4031 3202 4084 faciat
3267 4033 3624 4101 presbytero-

1936 4141 2065 4177 rum
2098 4123 2342 4190 ignavia.

1937 4230 2062 4283 CAP.
2094 4230 2382 4282 XXXII.—
2438 4230 2503 4281 Ut
2561 4227 2851 4279 oblationes
2902 4228 2962 4277 in
3014 4224 3311 4290 majoribus
3359 4226 3519 4289 festis
3561 4226 3628 4277 ab

2360 4298 2603 4351 omnibus
2630 4298 3007 4363 aequanimiter
3034 4296 3199 4361 ﬁant.

2010 4408 2116 4471 (Ea:
2178 4388 2363 4458 concil.
2425 4404 2705 4456 Matiscen.
2764 4416 2882 4469 cap.
2939 4402 3043 4464 50.)
3092 4400 3155 4451 In
3214 4398 3427 4468 synodo
3469 4396 3628 4451 Mati-

1937 4493 2118 4547 scensi
2149 4493 2439 4546 decretum
2470 4496 2569 4554 est,
2612 4496 2670 4543 ut
2699 4489 2760 4542 in
2805 4488 3071 4541 omnibus
3113 4487 3316 4540 diebus
3364 4486 3629 4540 Domini-

1935 4582 2015 4636 cis
2071 4581 2311 4651 aliisque
2368 4578 2766 4631 festivitatibus
2821 4576 3032 4630 oblatio
3088 4576 3158 4628 ab
3195 4574 3484 4643 omnibus,
3529 4574 3629 4644 qui

1937 4672 2009 4725 ad
2060 4670 2282 4724 Missam
2339 4666 2729 4732 convenerint,
2792 4666 3091 4734 utriusque
3150 4681 3313 4717 sexus
3360 4665 3629 4717 offeratur

1936 4760 1998 4813 in
2050 4758 2311 4822 Ecclesia,
2366 4756 2579 4824 singuli
2628 4754 2882 4821 singulas
2940 4753 3257 4806 oblationes
3303 4753 3627 4816 offerentes,

1939 4847 2121 4901 Finita
2152 4847 2310 4900 Missa
2342 4863 2373 4898 a
2406 4844 2732 4915 presbytero
2782 4842 3099 4895 oblationes
3144 4842 3442 4911 accipiant.
3495 4841 3627 4893 Om-

1938 4936 2027 4989 nis
2079 4940 2270 4989 autem
2329 4934 2427 5004 qui
2478 4933 2622 4985 hanc
2683 4930 3088 4983 diffinitionem
3142 4946 3245 5000 per
3295 4929 3627 4982 inobedien-

1936 5026 2078 5077 tiam
2128 5039 2399 5077 evacuare
2472 5018 2920 5091 praesumpserit,
2983 5020 3347 5071 anathemate
3419 5015 3632 5087 percel-

1935 5113 2107 5166 latur.

1941 5220 2067 5271 (ΖΑΡ.
2104 5218 2329 5270 XXXIII.
2365 5246 2431 5254 —-
2486 5214 2641 5278 Quod
2687 5215 2953 5267 ministris
2996 5213 3192 5265 altaris
3244 5226 3414 5279 supra
3459 5211 3633 5263 altare

2400 5288 2527 5339 solis
2568 5287 2956 5340 communicare
2993 5284 3168 5336 liceat.

2011 5394 2126 5464 (Ea:
2154 5393 2341 5446 concil.
2379 5391 2660 5446 Laodiccn.
2707 5406 2824 5459 cap.
2886 5388 2992 5459 19.)
3044 5386 3191 5442 Solis
3242 5389 3433 5439 autem
3461 5383 3633 5437 mini-

1943 5481 2071 5533 stris
2103 5497 2261 5534 sacro
2294 5479 2485 5533 ordini
2524 5479 2729 5533 deditis
2761 5480 2829 5532 ad
2875 5479 3048 5531 altare
3079 5474 3365 5540 accedere,
3394 5477 3449 5526 et
3480 5489 3637 5525 com-

1946 5569 2237 5622 municare
2290 5569 2469 5621 liceat.
