3956 6362
259 299 367 350 ’759

1336 290 1736 347 BURCHARDI
1774 287 2305 345 WORMACIENSIS
2346 284 2680 342 EPISCOPI.

3657 289 3762 340 760

262 420 390 474 CAP.
423 417 646 473 XXXIV.
693 445 760 456 —
820 417 889 470 Ut
944 415 1126 469 nullus
1182 415 1338 480 infra
1387 415 1759 484 presbyterum
1809 413 1955 468 ordi-
1988 413 2034 465 A
2071 411 2359 480 pollutum
2437 408 2591 474 dicit,
2672 407 2783 460 nisi
2860 407 3041 460 lotum
3119 422 3269 477 aqua
3325 406 3376 459 ei
3444 423 3626 478 usque
3694 409 3762 461 ad

331 493 514 554 natus,
575 503 686 542 rem
739 503 778 540 a
825 486 1136 556 presbytero
1199 490 1559 540 consecratam
1616 487 1776 539 alteri
1822 499 1952 553 por-

333 563 499 626 rigat.

336 647 444 717 (Ea:
500 645 643 700 decr.
704 645 951 711 Silyestr.
1007 658 1180 712 papa,
1229 659 1346 711 cap.
1399 643 1471 709 '7.)
1528 643 1727 695 Nullus
1774 642 1956 711 acoly-

261 735 518 796 thorum,
553 733 636 797 vel
675 732 1149 785 subdiaconorum
1191 746 1311 783 rem
1351 735 1737 783 consecratam
1772 746 1804 782 a
1831 745 1956 798 pre-

265 823 490 892 sbytero
519 823 640 890 jam
667 820 791 874 aliis
840 819 1135 890 porrigat:
1171 819 1306 888 quia
1331 818 1485 871 aliud
1533 823 1619 870 est
1673 817 1954 882 minister,

265 911 420 965 aliud
453 910 750 975 adsistens,
793 907 901 960 nisi
953 913 1174 960 tantum
1220 910 1538 975 supportet,
1571 906 1724 976 quod
1759 905 1812 958 ei
1868 921 1950 957 sa-

270 998 468 1052 cerdos
493 995 849 1067 imposuerit,
891 1010 988 1048 ore
1017 1010 1118 1046 suo
1150 993 1532 1046 benedictum.

271 1105 398 1160 CAP.
433 1103 622 1157 XXXV.
651 1131 719 1140 —-
773 1102 849 1154 De
902 1100 1015 1154 illis
1075 1102 1171 1167 qui
1221 1103 1346 1168 post
1396 1101 1640 1168 aliquam
1703 1099 1956 1164 degusta-

657 1175 850 1224 tionem
887 1173 1213 1238 sacriﬁcium
1240 1173 1559 1238 acceperint.

338 1262 445 1331 (Ea:
474 1261 617 1314 decr.
669 1259 924 1326 Eutychii
973 1273 1150 1326 papa,
1185 1261 1360 1326 capite
1408 1258 1479 1325 2.)
1512 1257 1620 1320 Qui
1679 1257 1960 1326 acceperit

267 1348 605 1402 sacrificium
656 1352 783 1416 post
831 1346 1040 1408 cibum,
1104 1351 1203 1398 aut
1234 1351 1362 1414 post
1391 1346 1641 1416 aliquam
1698 1347 1957 1416 parvissi-

267 1453 419 1490 mam
460 1435 852 1499 refectionem,
902 1432 1011 1485 nisi
1042 1448 1144 1502 pro
1201 1433 1429 1497 viatico,
1466 1433 1626 1501 pueri
1654 1439 1768 1486 tres
1816 1433 1956 1498 dies,

267 1524 512 1593 majores
543 1530 781 1592 septem,
809 1520 1000 1574 clerici
1022 1520 1229 1589 viginti
1260 1521 1378 1573 dies
1399 1521 1714 1590 poeniteant

270 1631 399 1685 CAP.
439 1629 650 1683 XXXVI.
693 1656 759 1667 —
800 1629 867 1680 Ut
903 1627 1182 1694 presbyter
1229 1627 1518 1680 illiteratus
1560 1629 1783 1682 Missam
1823 1628 1960 1681 cele-

838 1701 995 1749 brare
1023 1712 1128 1750 non
1169 1697 1378 1753 debeat.

339 1789 449 1855 (Ea:
509 1786 651 1840 decr.
713 1785 955 1838 Fabiani
976 1799 1155 1852 papae,
1216 1787 1392 1852 capite
1448 1787 1557 1852 10.)
1610 1784 1963 1839 Sacriﬁcium

277 1892 389 1929 non
424 1879 511 1928 est
569 1873 969 1942 accipiendum
1016 1873 1084 1925 de
1115 1888 1288 1925 manu
1336 1873 1668 1941 sacerdotis,
1699 1874 1798 1943 qui
1842 1891 1967 1927 ora-

272 1964 478 2029 tiones,
537 1961 623 2015 vel
678 1961 969 2026 lectiones,
1027 1965 1083 2013 et
1137 1960 1387 2029 reliquas
1443 1961 1862 2014 observationes
1905 1962 1966 2014 in

273 2051 454 2115 Missa,
488 2049 802 2102 secundum
839 2047 1015 2101 ritum
1046 2047 1284 2118 implere
1321 2064 1435 2101 non
1469 2053 1677 2116 posset.

277 2139 404 2193 CAP.
463 2137 700 2191 XXXVII.
759 2167 827 2174 -—-
882 2139 985 2189 Pro
1037 2138 1199 2188 unius
1265 2136 1532 2191 oblatione
1587 2138 1812 2192 alterius
1860 2154 1969 2192 non

930 2206 1307 2276 spernendam.

348 2298 600 2378 (Eugenii
624 2311 801 2363 papae,
845 2297 1022 2362 capite
1071 2295 1180 2364 l7.)
1200 2295 1500 2364 Presbyter
1529 2309 1632 2364 pro
1666 2294 1836 2348 unius
1868 2296 1969 2350 ob-

275 2385 507 2448 latione,
542 2383 768 2436 alterius
794 2399 909 2435 non
936 2388 1186 2452 spernat.

279 2474 409 2528 CAP.
442 2472 711 2526 XXXVIII.
749 2501 818 2510 —
871 2472 936 2524 Ut
973 2471 1353 2523 dissidentium
1386 2473 1627 2536 fratrum
1681 2471 1970 2527 oblationes

877 2556 983 2594 non
1011 2543 1367 2608 recipiantur.

349 2632 457 2696 (Ea:
496 2630 714 2683 concilio
747 2629 1035 2694 Africano,
1082 2632 1258 2696 capite
1288 2628 1398 2698 93.)
1441 2628 1769 2682 Oblationes
1804 2629 1968 2683 dissi-

281 2719 536 2774 dentium
569 2718 831 2784 fratrum,
864 2732 1050 2786 neque
1077 2716 1137 2769 in
1179 2717 1446 2784 sacrario,
1489 2733 1678 2788 neque
1717 2717 1778 2771 in
1807 2734 1969 2788 gazo-

279 2805 537 2876 phylacio
569 2805 939 2873 recipiantur.

283 2895 407 2948 CAP.
444 2891 658 2946 XXXIX.
687 2920 759 2931 —
819 2893 885 2945 Ut
930 2891 1228 2956 refutanda
1277 2892 1386 2943 sint
1441 2906 1621 2945 eorum
1667 2892 1828 2960 dona,
1875 2896 1971 2962 qui

809 2976 1074 3029 pauperes
1105 2963 1438 3029 opprimunt.

351 3050 465 3120 (Ea:
493 3050 689 3116 eodem,
725 3051 901 3116 capite
922 3049 1028 3108 94.)
1060 3049 1290 3112 Eorum,
1336 3049 1433 3118 qui
1476 3066 1752 3120 pauperes
1779 3051 1970 3121 oppri-

287 3145 470 3203 munt,
505 3139 654 3191 dona
683 3154 715 3190 a
737 3136 1126 3190 sacerdotibus
1158 3137 1476 3190 refutanda.

496 3227 622 3280 CAP.
651 3226 751 3279 XL.
781 3254 850 3264 —
882 3229 954 3278 De
983 3226 1310 3292 presbyteris
1337 3227 1758 3281 immolantibus.

357 3317 464 3385 (E1:
495 3316 715 3368 concilio
743 3315 1055 3380 Ancyrano,
1106 3313 1286 3382 capite
1331 3314 1402 3380 l.)
1457 3315 1818 3384 Presbyteros
1871 3315 1974 3369 im-

288 3404 586 3467 molantes,
619 3406 672 3455 et
722 3402 933 3454 iterum
984 3401 1265 3454 luctamen
1306 3402 1600 3467 adeuntes,
1633 3403 1678 3456 si
1722 3405 1827 3457 hoc
1857 3420 1974 3457 non

289 3509 389 3562 per
417 3491 742 3544 illusionem
774 3489 1023 3558 aliquam
1065 3489 1158 3542 sed
1193 3506 1258 3541 ex
1293 3491 1528 3544 veritate
1561 3491 1837 3558 fecerunt,
1872 3509 1975 3546 nec

288 3587 419 3633 ante
475 3583 738 3649 parentes
787 3582 842 3629 et
894 3578 1244 3641 alfectantes,
1299 3583 1470 3647 atque
1537 3580 1856 3643 suadentes,
1913 3586 1978 3634 ut

290 3669 639 3721 aestimarent
709 3665 940 3733 quidem
997 3665 1292 3718 tormentis
1326 3667 1528 3735 aptari,
1579 3668 1676 3721 sed
1715 3669 1802 3721 his
1852 3669 1974 3721 visu

289 3761 508 3809 tantum
541 3759 598 3806 et
635 3753 829 3806 habitu
861 3753 1080 3821 subjici,
1127 3755 1234 3806 hoc
1284 3755 1494 3823 placuit
1540 3756 1818 3810 honorem
1847 3757 1976 3826 qui-

287 3844 416 3896 dem
447 3842 695 3912 propriai
727 3840 874 3894 sedis
919 3841 1162 3894 retinere
1199 3857 1210 3894 :
1261 3843 1462 3896 olferre
1499 3849 1712 3910 autem,
1760 3849 1860 3898 aut
1903 3846 1976 3898 al-

288 3930 443 4000 loqui
498 3930 794 3999 populum,
852 3935 950 3983 aut
1009 3931 1244 3983 omnino
1302 3932 1749 3986 sacerdotalibus
1811 3932 1974 4002 fungi

287 4018 488 4072 officiis
518 4034 633 4070 non
667 4018 856 4070 licere.

730 4106 856 4159 CAP.
889 4105 1019 4158 XLI.
1051 4135 1118 4144 -—
1153 4105 1231 4158 De
1258 4107 1527 4160 eademre.

2063 513 2365 568 vesperum
2414 496 2629 550 intrare
2673 494 2978 548 Ecclesiam
3028 511 3142 548 non
3191 493 3542 548 conceditur.
3599 495 3764 558 Quod

2064 592 2259 640 tamen
2287 586 2452 639 aliter
2474 584 2724 654 populus
2753 581 3022 652 spiritalis
3047 582 3394 652 intelligens,
3427 582 3529 635 sub
3557 583 3763 636 eodem

2062 674 2358 728 intellectu
2417 672 2674 741 accipiet,
2737 686 2849 740 quo
2893 669 3114 740 praefati
3169 685 3367 723 sumus
3415 670 3551 740 quia
3602 670 3764 740 quasi

2066 779 2168 832 per
2197 761 2484 814 somnium
2509 761 2794 826 illuditur,
2823 760 2922 830 qui
2945 764 3193 812 tentatus
3214 758 3590 812 immundicia
3616 759 3766 812 veris

2067 843 2410 920 imaginibus
2431 849 2489 902 in
2509 849 2853 919 COgitaliune
2873 848 3229 918 inquinatur.
3252 847 3360 902 Sed
3384 848 3656 901 lavandus
3685 852 3769 900 est

2065 954 2234 1008 aqua,
2273 937 2552 1006 ut'culpas
2577 936 2936 1006 cogitationis
2972 935 3236 1005 lacrymis
3292 936 3506 998 abluat,
3552 940 3607 988 et
3656 935 3771 988 nisi

2065 1025 2226 1097 prius
2254 1025 2404 1095 ignis
2434 1024 2768 1080 tentationis
2794 1022 3109 1083 recesserit,
3136 1038 3294 1075 reum
3320 1038 3377 1076 se
3401 1021 3564 1091 quasi
3585 1039 3770 1093 usque

2066 1114 2138 1167 ad
2172 1128 2474 1182 vesperum
2506 1119 2827 1182 cognoscat.
2855 1111 2962 1164 Sed
2986 1117 3070 1163 est
3092 1110 3149 1162 in
3173 1110 3370 1162 eadem
3387 1110 3651 1163 illusione
3675 1127 3772 1163 ne-

2067 1201 2310 1253 cessaria
2338 1200 2500 1253 valde
2541 1199 2831 1264 discretio,
2879 1215 3009 1268 qua:
3053 1198 3338 1250 subtiliter
3384 1198 3618 1268 pensari
3665 1199 3768 1251 de-

2067 1289 2219 1356 beat,
2291 1304 2358 1341 ex
2419 1305 2533 1358 qua
2585 1303 2644 1340 re
2703 1287 2916 1340 accidat
2967 1285 3144 1340 menti
3204 1286 3561 1340 dormientis.
3624 1287 3770 1340 Nam

2068 1377 2380 1447 aliquando
2413 1393 2481 1429 ex
2525 1376 2778 1445 crapula,
2839 1375 3148 1446 aliquando
3201 1372 3265 1428 ex
3297 1381 3520 1428 natura:
3567 1392 3772 1444 super-

2069 1465 2307 1531 ﬂuitate,
2367 1464 2456 1517 vel
2530 1463 2887 1529 inﬁrmitate,
2947 1463 3257 1532 aliquando
3313 1479 3377 1516 ex
3424 1463 3773 1532 cogitatione

2069 1552 2368 1620 contingit.
2406 1553 2469 1605 Et
2521 1552 2752 1622 quidem
2783 1567 2962 1621 quum
3002 1567 3066 1604 ex
3100 1557 3320 1604 natura:
3353 1550 3770 1620 superﬂuitate,

2071 1641 2158 1693 vel
2195 1639 2529 1693 inﬁrmitate
2556 1639 2826 1702 evenerit,
2885 1639 3216 1692 omnimodo
3260 1639 3382 1692 haec
3430 1638 3618 1691 illusio
3654 1654 3771 1692 non

2073 1733 2158 1782 est
2185 1728 2490 1781 timenda:
2545 1728 2642 1798 qui
2689 1727 2835 1780 hanc
2881 1727 3107 1780 animus
3157 1727 3416 1780 nesciens
3471 1726 3774 1797 pertulisse

2074 1815 2257 1883 magis
2289 1815 2568 1869 dolendus
2615 1819 2700 1867 est
2752 1831 2926 1885 quam
2976 1813 3192 1867 fecisse.
3231 1815 3416 1879 Quum
3461 1831 3594 1868 vero
3623 1814 3776 1869 ultra

2073 1904 2312 1957 modum
2356 1903 2645 1972 appetitus
2699 1904 2848 1972 gulae
2894 1904 2954 1956 in
2999 1903 3292 1956 sumendis
3339 1903 3624 1956 alimentis
3681 1919 3777 1956 ra-

2075 1992 2250 2062 pitur,
2283 1997 2454 2060 atque
2497 1991 2706 2044 idcirco
2759 1991 3067 2044 humerum
3119 1990 3476 2060 receptacula
3527 2006 3775 2059 gravan-

2075 2083 2186 2147 tur,
2247 2079 2419 2133 habet
2471 2079 2673 2131 exinde
2732 2079 2958 2131 animus
3018 2078 3271 2146 aliquem
3338 2081 3583 2140 reatum,
3654 2093 3776 2130 non

2076 2172 2267 2220 tamen
2303 2183 2484 2236 usque
2526 2167 2593 2220 ad
2639 2166 3084 2236 prohibitionem
3123 2166 3480 2235 percipiendi
3518 2165 3778 2234 corporis

2078 2255 2286 2309 Christi
2333 2256 2421 2307 vel
2491 2255 2797 2308 missarum
2853 2255 3130 2308 solemnia
3186 2253 3536 2323 celebrandi,
3593 2270 3776 2323 quum

2077 2343 2330 2409 fortasse,
2359 2349 2456 2396 aut
2487 2343 2664 2396 festus
2697 2343 2815 2396 dies
2857 2342 3052 2410 exigit,
3101 2348 3200 2396 aut
3249 2341 3505 2394 exhiberi
3561 2346 3777 2410 myste-

2077 2434 2227 2486 rium
2258 2450 2360 2502 pro
2420 2450 2486 2486 eo
2519 2434 2672 2504 quod
2704 2434 2965 2487 sacerdos
3012 2433 3155 2487 alius
3196 2434 3256 2486 in
3288 2434 3411 2486 loco
3444 2433 3621 2498 deest,
3653 2433 3778 2502 ipsa

2077 2522 2384 2575 necessitas
2437 2521 2750 2591 compellit,
2781 2521 3017 2574 mutatis
3071 2521 3322 2573 vestibus
3368 2525 3570 2574 cantet.
3634 2522 3778 2574 Nam

2077 2609 2126 2662 si
2147 2610 2352 2663 adsunt
2381 2609 2500 2676 alii,
2534 2609 2632 2679 qui
2663 2609 2902 2678 implere
2945 2608 3281 2678 mysterium
3310 2608 3554 2674 valeant,
3584 2609 3777 2661 illusio

2077 2713 2180 2767 per
2230 2698 2522 2766 crapulam
2578 2697 2725 2750 facta
2806 2713 2835 2750 α
2877 2697 3242 2766 perceptione
3319 2697 3461 2748 sacri
3517 2696 3780 2766 mysterii

2077 2787 2384 2856 prohibere
2440 2803 2557 2839 non
2618 2786 2808 2854 debet,
2861 2786 2956 2839 sed
3015 2787 3083 2839 ab
3159 2785 3554 2839 immolatione
3628 2786 3780 2839 sacri

2080 2875 2336 2944 mysterii
2381 2874 2689 2938 abstinere,
2732 2883 2796 2926 ut
2833 2873 3097 2940 arbitror,
3148 2874 3443 2927 humiliter
3499 2873 3685 2939 debet,
3734 2875 3780 2926 si

2003 2952 2044 3006 C
2083 2967 2272 3014 tamen
2305 2961 2640 3015 dormientis
2697 2967 2945 3014 mentem
2996 2961 3150 3030 turpi
3200 2961 3609 3030 imaginatione
3663 2978 3780 3014 non

2083 3049 2447 3102 concusserit.
2489 3051 2627 3102 Nam
2677 3055 2811 3103 sunt
2841 3049 3048 3119 quibus
3080 3050 3158 3102 ita
3198 3051 3537 3119 plerumque
3588 3050 3780 3104 illusio

2083 3138 2354 3200 nascitur,
2391 3142 2454 3190 ut
2493 3152 2694 3190 eorum
2748 3137 2992 3203 animus,
3053 3137 3218 3190 etiam
3285 3137 3343 3190 in
3393 3154 3590 3190 somno
3651 3153 3779 3190 cor-

2083 3226 2241 3294 poris
2267 3225 2502 3294 positus,
2536 3226 2798 3294 turpibus
2829 3225 3334 3294 imaginationibus
3366 3242 3478 3278 non
3514 3225 3777 3279 foedatur.

2083 3314 2204 3377 Qua
2234 3313 2294 3366 in
2324 3329 2385 3367 re
2434 3329 2614 3366 unum
2668 3313 2748 3366 lbl
2794 3314 3129 3380 ostenditur,
3181 3313 3304 3383 ipsa
3334 3330 3494 3366 mens
3530 3331 3624 3366 rea
3660 3330 3778 3366 non

2083 3406 2277 3454 tamen
2313 3403 2401 3465 sit,
2447 3401 2532 3453 vel
2572 3417 2674 3453 suo
2701 3401 2917 3471 judicio
2967 3400 3185 3454 libera:
3238 3417 3416 3470 quum
3457 3417 3516 3454 se
3546 3407 3602 3454 et
3641 3401 3776 3454 dor-

2085 3489 2286 3542 mienti
2339 3505 2578 3558 corpore
2637 3489 2779 3542 nihil
2842 3489 3109 3542 meminit
3161 3488 3391 3555 vidisse,
3463 3494 3658 3542 tamen
3715 3490 3776 3544 in

2085 3577 2292 3647 vigiliis
2335 3577 2626 3646 corporeis
2683 3578 2947 3630 meminit
2996 3577 3056 3630 in
3107 3576 3424 3647 ingluviem
3488 3577 3777 3632 cecidisse.

2087 3665 2184 3720 Sin
2214 3681 2346 3718 vero
2381 3681 2448 3718 ex
2469 3666 2623 3736 turpi
2654 3666 2998 3735 cogitatione
3028 3666 3316 3737 vigilantis
3363 3666 3549 3719 oritur
3589 3667 3782 3720 illusio

2087 3754 2442 3820 dormientis,
2473 3760 2630 3823 patet
2671 3755 2864 3807 animo
2913 3761 3105 3807 reatus
3149 3771 3302 3806 suus.
3346 3755 3506 3808 Videt
3553 3755 3707 3808 enim
3749 3773 3784 3809 a

2087 3859 2197 3912 qua
2231 3843 2416 3896 radice
2471 3842 2792 3912 inquinatio
2840 3842 2938 3896 illa
2996 3842 3367 3912 processerit:
3424 3843 3558 3912 quia
3624 3845 3783 3912 quod

2087 3931 2357 4000 cogitavit
2426 3931 2628 3999 sciens,
2701 3931 2807 3984 hoc
2859 3932 3098 4000 pertulit
3173 3933 3448 3985 nesciens.
3504 3933 3783 4001 Proptera

2085 4021 2258 4073 talem
2288 4019 2688 4088 pollutionem,
2724 4035 2756 4071 a
2777 4035 2934 4072 sacro
2964 4020 3235 4089 mysterio
3263 4036 3330 4072 eo
3362 4020 3454 4073 die
3490 4020 3780 4075 abstinere

2087 4112 2327 4176 oportet.
2386 4107 2491 4160 Sed
2542 4107 2900 4176 pensandum
2951 4112 3055 4173 est,
3110 4107 3234 4176 ipsa
3265 4107 3534 4178 cogitatio
3581 4113 3782 4164 utrum

360 4197 467 4260 (Ea:
494 4193 691 4257 eodem,
733 4209 852 4261 cap.
902 4197 1003 4260 1'2.)
1049 4193 1280 4246 Diaconi
1311 4193 1596 4259 similiter,
1636 4192 1735 4263 qui
1767 4193 1973 4246 immo-
2001 4229 2046 4282 Β
2087 4197 2143 4248 in
2174 4195 2560 4264 suggestione,
2595 4196 2700 4248 hac
2731 4196 2790 4248 in
2833 4195 3225 4260 delectatione,
3261 4198 3369 4260 vel,
3403 4197 3558 4266 quod
3595 4198 3784 4267 majus

288 4285 569 4347 laverunt,
598 4281 875 4334 honorem
905 4281 1135 4350 quidem
1169 4282 1437 4346 habeant,
1469 4287 1691 4335 cessent
1733 4297 1862 4333 vero
1905 4281 1975 4335 ab

287 4372 446 4426 omni
477 4387 634 4424 sacro
667 4370 954 4440 mysterio,
1004 4370 1119 4422 sive
1171 4387 1202 4423 a
1236 4387 1405 4439 pane,
1461 4370 1577 4422 sive
1610 4385 1643 4421 a
1701 4371 1869 4423 calice
1899 4370 1974 4424 of-

284 4460 543 4526 ferendo,
578 4460 664 4512 vel
694 4458 1076 4529 praedicando.
1114 4459 1271 4521 Quod
1325 4458 1372 4510 si
1415 4457 1651 4527 quidam
1683 4459 1973 4528 episcopo-

286 4565 414 4602 rum
437 4546 647 4600 conscii
703 4551 836 4599 sunt
873 4545 1084 4599 laboris
1133 4561 1356 4609 eorum,
1405 4549 1462 4598 et
1511 4545 1871 4612 humilitatis,
1920 4551 1975 4600 et

286 4635 757 4700 mansuetudinis,
809 4639 865 4687 et
907 4634 1194 4687 voluerint
1223 4633 1304 4686 eis
1347 4633 1560 4702 aliquid
1593 4633 1841 4703 amplius
1870 4635 1970 4688 tri-

285 4725 482 4790 buere,
517 4723 599 4776 vel
627 4723 898 4787 adimere,
926 4738 1100 4790 penes
1121 4721 1271 4791 ipsos
1293 4720 1401 4774 erit
1422 4725 1684 4790 potestas.

285 4813 413 4867 CAP.
445 4811 599 4864 XLII.
649 4841 718 4850 —
763 4813 838 4865 De
873 4811 1222 4878 presbyteris,
1275 4809 1469 4876 quibus
1504 4811 1635 4864 solet
1662 4811 1972 4867 dormienda

819 4895 956 4949 saepe
984 4896 1160 4934 semen
1188 4881 1425 4947 efﬂuere.

351 4972 729 5041 (Interrogatio
785 4969 1019 5036 August.
1085 4968 1385 5034 Anglorum
1441 4969 1718 5038 apostoli.)
1757 4969 1814 5024 Si
1846 4976 1973 5041 post

279 5060 622 5125 illusionem,
685 5073 815 5127 quas
871 5071 975 5125 per
1034 5053 1324 5108 somnium
1375 5055 1518 5110 solet
1550 5057 1823 5124 accidere,
1884 5060 1971 5113 vel

279 5164 484 5218 corpus
516 5145 744 5200 Domini
778 5143 1018 5214 quilibet
1047 5143 1301 5212 accipere
1335 5144 1534 5212 valeat,
1569 5147 1654 5200 vel
1684 5147 1731 5200 si
1787 5165 1972 5202 sacer-

280 5238 378 5290 dos
411 5235 505 5303 sit,
540 5251 697 5288 sacra
728 5231 996 5302 mysteria
1026 5231 1332 5284 celebrare.

688 5341 815 5394 CAP.
845 5338 1025 5392 XLIII.
1057 5367 1125 5376 -—-
1168 5339 1249 5390 De
1279 5337 1461 5391 eadem
1485 5354 1562 5392 re.

351 5428 664 5498 (Responsio
705 5424 944 5492 Gregor.)
988 5424 1054 5476 Et
1081 5423 1313 5492 quidem
1355 5425 1506 5478 hunc
1539 5427 1968 5481 Testamentum

279 5515 487 5570 veteris
511 5514 677 5586 legis,
705 5513 851 5566 sicut
880 5512 936 5565 in
968 5511 1246 5582 superiori
1276 5512 1524 5583 capitulo
1568 5514 1688 5584 jam
1719 5514 1970 5569 diximus

2085 4289 2186 4349 est,
2215 4283 2272 4335 in
2299 4282 2513 4353 peccati
2543 4299 2820 4336 consensu
2871 4283 3156 4337 ceciderit.
3189 4283 3393 4337 Tribus
3451 4283 3606 4337 enim
3655 4301 3780 4339 mo-

2084 4371 2168 4424 dis
2196 4371 2469 4439 impletur
2497 4386 2666 4424 omne
2714 4376 3031 4441 peccatum,
3068 4371 3350 4438 videlicet,
3389 4372 3780 4442 suggestione,

2085 4459 2481 4526 delectatione,
2514 4474 2818 4512 consensu.
2855 4459 3158 4530 Suggestio
3190 4460 3404 4530 quippe
3437 4461 3503 4513 fit
3530 4476 3632 4529 per
3658 4460 3782 4514 dia-

2081 4545 2617 4614 bolum,delectatio
2637 4563 2739 4616 per
2751 4563 3004 4611 carnem,
3023 4562 3333 4601 consensus
3357 4563 3458 4617 per
3471 4547 3738 4617 spiritum
3765 4564 3779 4601 :

2085 4634 2219 4704 quia
2240 4641 2296 4687 et
2325 4634 2571 4704 primam
2602 4637 2830 4704 culpam
2854 4651 3089 4704 serpens
3115 4636 3416 4705 suggessit,
3449 4637 3575 4700 Eva,
3626 4637 3786 4690 velut

2083 4739 2234 4789 caro,
2267 4722 2542 4776 delectata
2564 4728 2670 4788 est,
2702 4724 2902 4789 Adam,
2935 4739 3070 4776 vero
3102 4725 3258 4777 velut
3279 4723 3512 4794 spiritus
3537 4739 3783 4777 consen-

2082 4811 2173 4865 sit.
2211 4812 2274 4864 Et
2304 4809 2625 4863 necessaria
2664 4815 2748 4863 est.
2791 4826 3000 4880 magna
3047 4810 3315 4864 discretio
3363 4811 3516 4863 inter
3544 4826 3783 4880 sugges-

2079 4898 2299 4951 tionem
2368 4903 2538 4968 atque
2607 4897 3060 4964 delectationem,
3112 4898 3261 4951 inter
3343 4898 3781 4952 delectationem

2081 4990 2253 5057 atque
2282 5002 2641 5051 consensum,
2687 4986 2938 5056 judicem
2986 4987 3074 5039 sui
3130 4987 3435 5056 praesidere
3496 4987 3778 5040 animum.

2081 5077 2269 5140 Quum
2291 5076 2444 5129 enim
2475 5075 2760 5145 malignus
2791 5075 3024 5144 spiritus
3072 5081 3370 5144 peccatum
3417 5076 3674 5146 suggerit
3719 5077 3782 5130 in

2082 5168 2293 5230 mente,
2327 5164 2372 5216 si
2401 5165 2556 5217 nullo
2578 5163 2792 5233 peccati
2822 5164 3119 5217 delectatio
3142 5169 3435 5234 sequatur,
3479 5170 3780 5235 peccatum

2082 5253 2317 5306 omnino
2345 5258 2740 5323 perpetratum
2770 5269 2883 5306 non
2916 5256 3018 5306 est.
3072 5252 3260 5316 Quum
3313 5269 3443 5306 vero
3505 5253 3778 5308 delectari

2080 5355 2209 5393 caro
2238 5340 2491 5410 coeperit,
2523 5346 2658 5394 tunc
2699 5347 2993 5411 peccatum
3029 5340 3230 5411 incipit
3275 5341 3450 5409 nasci,
3483 5341 3529 5394 si
3581 5347 3778 5397 autem

2079 5427 2251 5481 etiam
2303 5427 2374 5482 ad
2430 5443 2774 5482 consensum
2849 5445 2913 5482 ex
3001 5428 3410 5482 deliberatione
3466 5431 3776 5497 consentit,

2081 5520 2214 5587 tunc
2258 5521 2554 5587 peccatum
2619 5517 2982 5588 cognoscitur
3023 5515 3241 5588 perﬁci.
3293 5518 3359 5572 In
3408 5517 3778 5589 suggestione
