3956 6308
142 290 249 347 η761

1136 291 1609 350 DECRETORUM
1650 297 1835 353 LIBRI
1872 299 1977 353 XX.
2019 329 2087 337 —
2128 298 2340 354 LIBER
2378 301 2688 365 QUINTUS.

3539 315 3647 366 762

156 409 333 479 igitur
362 410 602 481 peccati,
652 410 698 464 si
725 428 888 466 meus
937 418 1024 467 est
1069 414 1129 467 in
1171 415 1570 484 delectatione,
1624 418 1689 473 ﬁt
1737 435 1845 472 nu-
1874 424 1921 474 A
1960 420 2086 475 CAP.
2115 423 2345 477 XLVIII.
2402 451 2475 464 —-
2526 428 2593 479 De
2623 426 2714 501 illo
2756 429 2854 495 qui
2905 432 3096 484 evomit
3147 434 3492 501 sacriﬁcium,
3530 440 3581 489 et
3612 452 3647 489 a

155 498 515 566 trimentum,
551 500 610 553 in
642 516 922 554 consensu
950 502 1240 571 perfectio.
1276 505 1340 557 Et
1367 521 1516 575 saepe
1548 508 1847 577 contingit,

155 590 219 639 ut
270 586 378 640 hoc
422 604 537 657 quo
605 588 889 658 malignus
940 589 1172 658 spiritus
1227 591 1472 644 seminat
1530 592 1589 645 in
1640 595 1848 663 cogita-

152 673 331 740 tione,
394 692 524 728 caro
581 675 639 729 in
709 676 1142 731 delectationem
1226 679 1433 747 trahat,
1489 696 1593 733 nec
1652 686 1849 735 tamen

154 762 383 815 animus
416 764 602 818 eidem
653 764 1016 818 delectationi
1045 767 1370 821 consentiat
1400 784 1413 820 :
1462 773 1519 821 et
1550 784 1680 822 cum
1718 785 1847 823 caro

155 850 425 904 delectari
468 852 591 903 sine
639 853 829 904 animo
882 858 1149 922 nequeat,
1200 854 1320 924 ipse
1369 859 1564 908 tamen
1623 856 1849 909 animus

153 939 341 991 carnis
366 940 755 1013 voluptatibus
794 941 1096 1009 reluctans,
1130 942 1190 995 in
1216 943 1590 997 delectatione
1635 944 1848 998 carnali

149 1028 346 1096 aliquo
374 1028 546 1080 modo
576 1028 786 1097 ligatur
815 1028 1046 1095 invitus,
1082 1035 1145 1083 ut
1188 1031 1242 1084 ei
1264 1047 1329 1084 ex
1359 1031 1580 1085 ratione
1616 1039 1845 1086 contra-

152 1114 332 1180 dicat;
380 1131 450 1168 ne
482 1116 820 1181 consentiat,
872 1123 927 1169 et
977 1122 1170 1170 tamen
1221 1119 1596 1173 delectatione
1636 1120 1846 1190 ligatus

150 1202 246 1267 sit,
280 1204 377 1256 sed
406 1204 644 1273 ligatum
674 1221 732 1255 se
763 1205 1131 1258 vehementer
1178 1206 1540 1274 ingemiscat.
1589 1208 1745 1261 Unde
1788 1214 1845 1261 et

148 1290 247 1343 ille
301 1292 520 1344 coalitus
576 1291 914 1345 exercitatus
978 1292 1300 1363 praecipuus
1348 1295 1510 1347 miles
1558 1294 1840 1363 gemebat,

149 1378 346 1431 dicens
380 1395 393 1433 :
428 1380 600 1432 Video
627 1380 798 1433 aliam
840 1381 1027 1450 legem
1076 1381 1137 1434 in
1184 1382 1457 1435 membris
1498 1383 1640 1435 meis
1675 1399 1841 1452 repu-

150 1471 423 1535 gnantem
456 1468 565 1537 legi
608 1469 817 1520 mentis
857 1485 1021 1536 mem,
1076 1473 1131 1521 et
1183 1469 1467 1538 captivum
1515 1486 1607 1522 me
1639 1470 1845 1523 ducen-

146 1558 265 1607 tem
300 1554 358 1606 in
401 1556 525 1623 lege
554 1557 785 1625 peccati,
826 1572 953 1626 quae
1008 1562 1095 1609 est
1146 1557 1203 1609 in
1255 1558 1530 1611 membris
1581 1558 1740 1611 meis.
1786 1559 1843 1611 Si

147 1647 343 1694 autem
374 1642 626 1711 captivus
673 1650 796 1696 erat
834 1644 1071 1696 minime
1112 1645 1420 1713 pugnabat.
1486 1646 1843 1716 Quapropter

147 1734 205 1783 et
236 1731 493 1799 captivus
525 1736 662 1796 erat,
696 1736 751 1785 et
780 1734 1073 1801 pugnabat
1104 1750 1116 1786 :
1142 1734 1446 1803 igiturlegi
1477 1736 1684 1788 mentis
1721 1736 1844 1805 ejus

147 1816 260 1883 lex,
291 1834 420 1887 quae
472 1818 533 1871 in
572 1819 823 1871 menbris
854 1825 957 1884 est,
1000 1822 1376 1890 repugnabat.
1427 1823 1483 1876 Si
1514 1828 1704 1876 autem
1734 1840 1841 1893 pu-

146 1906 382 1974 gnabat,
417 1907 671 1975 captivus
706 1924 821 1960 non
855 1914 992 1962 erat.
1036 1910 1233 1978 Itaque
1264 1916 1346 1962 est
1420 1911 1610 1977 homo,
1645 1921 1709 1965 ut
1765 1913 1842 1966 ita

146 1992 414 2062 dixerim,
441 1994 695 2063 captivus
729 2000 783 2048 et
813 1996 976 2050 liber.
1021 1996 1186 2049 Liber
1217 2014 1281 2049 ex
1310 1997 1552 2067 justitia,
1588 1999 1841 2069 captivus

147 2097 216 2134 ex
246 2080 621 2135 delectatione
654 2099 825 2152 quam
857 2089 1045 2152 portat
1074 2083 1305 2137 invitus.

148 2186 278 2239 CAP.
321 2187 494 2240 XLIV.
543 2216 611 2226 —
658 2188 735 2241 De
792 2190 1120 2255 presbyteris
1164 2191 1385 2244 villanis
1433 2194 1484 2245 si
1524 2194 1582 2245 in
1621 2195 1840 2247 civitate

753 2259 943 2325 offerre
967 2259 1222 2313 audeant.

216 2344 326 2413 (Ea:
347 2347 534 2399 concil.
584 2347 837 2414 Neocaes,
880 2362 1001 2415 cap.
1053 2350 1163 2415 l3.)
1210 2348 1533 2419 Presbyteri
1581 2350 1731 2403 ruris
1779 2351 1838 2404 in

145 2433 384 2486 ecclesia
413 2434 654 2487 civitatis
684 2434 951 2504 episcopo
1002 2442 1301 2504 praesente,
1357 2438 1444 2489 vel
1487 2439 1837 2509 presbyteris

146 2520 305 2573 urbis
336 2520 534 2590 ipsius,
568 2522 769 2575 offerre
816 2539 933 2576 non
961 2530 1220 2592 possunt,
1258 2541 1361 2577 nec
1392 2542 1599 2595 panem
1630 2527 1836 2580 sancti-

144 2610 373 2662 ﬁcatum
402 2610 554 2675 dare,
590 2611 934 2681 calicemque
968 2612 1283 2681 porrigere.
1317 2614 1374 2666 Si
1414 2630 1543 2666 vero
1578 2615 1837 2669 absentes

142 2696 204 2750 hi
234 2696 468 2760 fuerint,
504 2707 558 2753 et
600 2699 667 2751 ad
723 2700 971 2753 dandam
1018 2701 1343 2755 orationem
1388 2708 1680 2771 vocentur,
1733 2704 1837 2757 soli

147 2786 284 2838 dare
314 2785 621 2839 debebunt.

573 2875 697 2928 Car.
734 2876 881 2928 XLV.
913 2906 983 2915 —
1013 2878 1096 2929 De
1124 2877 1308 2931 eadem
1330 2894 1403 2930 re.

1872 1693 1913 1746 Β

215 2964 327 3027 (Ea:
357 2962 501 3015 decr.
561 2964 801 3017 Sotheris
823 2980 997 3032 papae,
1030 2981 1154 3034 cap.
1214 2966 1322 3035 l3.)
1374 2966 1695 3037 Presbyteri
1729 2968 1828 3037 qui
1866 2968 1905 3023 C

148 3050 627 3119 conreligionales
680 3068 791 3104 non
842 3058 997 3120 sunt,
1050 3053 1108 3105 in
1156 3054 1425 3117 ecclesiis,
1458 3057 1836 3124 praesentibus

142 3138 427 3207 episcopis
460 3139 544 3191 vel
595 3140 937 3208 presbyteris
976 3140 1238 3207 civitatis,
1277 3142 1479 3195 offerre
1528 3159 1641 3196 non
1672 3150 1830 3214 pote-

140 3231 297 3292 runt,
355 3241 459 3278 nec
487 3242 696 3294 panem
728 3227 880 3293 dare,
935 3227 997 3280 in
1040 3228 1298 3281 oratione
1347 3234 1539 3283 autem
1598 3233 1834 3285 calicem

143 3313 380 3365 dabunt.
413 3313 577 3376 Quod
611 3314 655 3365 si
702 3315 959 3366 absentes
1008 3322 1141 3369 sunt
1202 3316 1442 3370 civitatis
1491 3320 1830 3381 sacerdotes,

141 3406 195 3454 et
226 3401 443 3454 fuerint
471 3402 694 3455 invitati
725 3404 784 3455 in
814 3403 1151 3469 orationem,
1187 3405 1290 3457 soli
1321 3412 1558 3474 possunt
1587 3407 1742 3462 dare.

142 3508 274 3563 CAP.
304 3508 482 3561 XLVI.
513 3538 578 3546 —
610 3511 684 3561 De
709 3511 821 3562 illis
853 3512 949 3577 qui
975 3526 1072 3577 per
1100 3511 1408 3566 ebrietatem
1446 3515 1834 3569 eucharistiam

815 3583 1158 3635 evomuerint.

210 3668 322 3731 (Ea:
349 3668 711 3720 Poenitentiali
749 3667 947 3736 Beda.)
981 3668 1038 3721 Si
1069 3669 1195 3739 quis
1225 3686 1330 3738 per
1359 3670 1692 3725 ebrietatem
1746 3674 1833 3726 vel

144 3754 509 3807 voracitatem
557 3755 959 3808 eucharistiam
1006 3757 1346 3824 evomuerit,
1381 3759 1463 3811 XL
1492 3758 1610 3812 dies
1642 3758 1834 3829 poeni-

139 3846 256 3895 teat
288 3859 300 3895 :
333 3842 542 3907 clerici,
587 3844 667 3895 vel
704 3843 989 3910 monachi,
1024 3861 1121 3897 seu
1158 3845 1403 3907 diaconi,
1436 3848 1522 3902 XL
1554 3847 1673 3900 dies
1713 3864 1835 3917 pa:-

139 3930 382 3993 niteant,
416 3931 750 4001 presbyteri,
800 3932 929 3986 LXX
981 3933 1119 3997 dies,
1176 3934 1428 4003 episcopi
1484 3936 1588 3990 XC.
1637 3936 1694 3990 Si
1724 3953 1831 4005 pro

138 4015 489 4071 inﬁrmitatis
514 4034 682 4072 causa
704 4020 1037 4087 evomuerit,
1064 4022 1155 4075 VII
1188 4022 1306 4075 dies
1326 4022 1616 4092 paeniteat.

140 4124 266 4177 CAP.
302 4125 503 4178 XLVII.
540 4128 611 4178 De
645 4126 755 4191 hoc,
798 4128 850 4179 si
913 4128 1128 4193 aliquid
1185 4128 1250 4181 de
1288 4130 1452 4183 calice
1508 4132 1654 4183 sacri
1696 4145 1831 4184 san—

724 4198 906 4263 guinis
932 4199 1241 4254 stillaverit.

206 4299 316 4370 (Em
337 4301 481 4355 decr.
508 4302 597 4354 Pii
618 4317 798 4370 papa,
824 4302 952 4372 'cap.
986 4306 1059 4372 3.)
1089 4304 1146 4357 Si
1200 4321 1330 4359 vero
1380 4322 1481 4375 per
1528 4306 1827 4377 negligen-

137 4387 277 4441 tiam
310 4389 381 4441 de
418 4389 589 4443 calice
629 4390 845 4460 aliquid
884 4392 1182 4446 stillaverit
1223 4393 1282 4447 in
1332 4399 1566 4460 terram,
1599 4396 1826 4465 lingua-

132 4476 309 4543 bitur,
344 4477 537 4530 tabula
563 4477 812 4534 radetur.
866 4479 923 4533 Si
971 4496 1088 4534 non
1120 4482 1291 4536 fuerit
1334 4484 1545 4549 tabula,
1604 4491 1666 4536 ut
1712 4500 1828 4537 non

133 4565 517 4630 conculcetur,
550 4565 703 4618 locus
724 4566 1076 4633 corradetur,
1106 4576 1163 4623 et
1188 4570 1247 4623 in
1279 4571 1412 4640 igne
1434 4577 1822 4637 consumatur,

132 4656 191 4705 et
217 4652 362 4705 cinis
390 4654 539 4707 intra
568 4655 746 4707 altare
774 4658 1139 4724 recondatur,
1177 4664 1232 4711 et
1273 4661 1536 4713 sacerdos
1571 4660 1826 4730 quadra—

129 4739 293 4809 ginta
322 4740 441 4794 dies
468 4742 755 4811 paeniteat.
789 4744 844 4797 Si
877 4761 1047 4815 super
1096 4748 1274 4800 altare
1315 4748 1613 4802 stillaverit
1663 4749 1824 4812 calix,

129 4829 357 4882 sorbeat
410 4830 672 4884 minister
718 4832 949 4896 stillam,
997 4838 1053 4886 et
1082 4839 1194 4888 tres
1246 4836 1366 4889 dies
1418 4837 1712 4905 poeniteat.
1767 4837 1827 4892 Si

127 4932 231 4987 per
260 4917 501 4972 linteum
525 4919 718 4974 altaris
751 4922 818 4975 ad
844 4922 997 4976 aliud
1031 4924 1180 4976 stilla
1209 4926 1551 4993 pervenerit,
1586 4932 1827 4995 quatuor

130 5005 247 5058 dies
276 5007 576 5076 paeniteat.
609 5008 665 5062 Si
698 5024 881 5078 usque
936 5011 1191 5077 tertium,
1223 5028 1426 5064 novem
1469 5012 1609 5066 dies.
1642 5013 1700 5067 Si
1732 5030 1825 5067 us-

127 5109 238 5164 que
268 5102 553 5165 quartum,
590 5097 927 5167 quindecim
978 5099 1146 5153 dies:
1203 5105 1259 5154 et
1304 5100 1640 5153 linteamina
1699 5118 1828 5172 quae

126 5183 439 5252 tetigerunt
466 5185 677 5239 stillam
720 5187 902 5241 tribus
955 5188 1216 5242 minister
1253 5190 1446 5243 abluat
1467 5190 1700 5257 vicibus,
1735 5207 1825 5244 ca-

126 5271 227 5324 lice
274 5273 678 5343 subterposito,
748 5280 805 5329 et
870 5292 1020 5347 aqua
1071 5277 1382 5332 ablutionis
1432 5282 1711 5346 sumatur,
1771 5284 1827 5333 et

123 5359 284 5429 juxta
314 5360 492 5415 altare
522 5363 868 5418 recondatur

1858 4241 1902 4293 D

2503 496 2730 549 canibus
2762 501 3109 553 consumitur.

2028 581 2131 645 (Ea:
2179 583 2553 637 Pamitentiali
2612 586 2835 651 Theod.)
2895 586 3001 648 Qui
3054 589 3371 642 evomuerit
3427 591 3638 645 sacriﬁ-

1954 667 2103 721 cium
2136 673 2191 721 et
2216 687 2247 722 a
2280 670 2513 724 canibus
2543 673 2919 739 consumitur,
2954 691 3169 729 annum
3238 693 3415 730 unum
3455 681 3635 747 poeni-

1954 760 2069 809 teat
2102 774 2114 810 :
2146 756 2233 810 sin
2279 764 2492 825 autem,
2541 761 2917 831 quadraginta
2969 764 3087 817 dies
3137 766 3437 832 paeniteat.
3498 767 3553 821 Si
3585 768 3642 820 in

1953 843 2043 896 die
2079 845 2307 913 quando
2355 848 2861 902 communicaverit
2909 852 3251 905 sacriﬁcium
3305 856 3643 924 evomuerit,

1952 931 2000 984 si
2038 938 2168 985 ante
2225 934 2472 988 mediam
2506 942 2728 990 noctem
2760 944 2873 991 tres
2925 941 3415 1009 superpositiones
3454 944 3639 998 faciat.

1952 1018 2009 1072 Si
2057 1025 2187 1088 post
2232 1022 2481 1075 mediam
2537 1029 2783 1094 noctem,
2843 1027 3003 1092 duas,
3056 1029 3112 1082 Si
3161 1032 3291 1099 post
3333 1031 3644 1085 matutinas

1952 1123 2154 1164 unam.

2369 1199 2495 1252 CAP.
2527 1200 2696 1254 XLlX.
2730 1230 2800 1241 —
2830 1205 2900 1255 De
2924 1203 3106 1256 eadem
3132 1220 3207 1257 re.

2024 1282 2131 1353 (Ea:
2160 1286 2526 1341 Pa’nitentiali
2562 1288 2840 1359 Romano.)
2880 1290 2936 1343 Si
2963 1307 3095 1345 vero
3127 1292 3466 1346 sacriﬁcium
3508 1310 3641 1347 evo-

1950 1372 2180 1439 muerit,
2236 1375 2613 1444 quadraginta
2664 1378 2784 1431 dies
2838 1380 3129 1447 pmniteat.
3174 1381 3230 1434 Si
3286 1381 3642 1435 inﬁrmitatis

1952 1475 2142 1525 causa,
2177 1466 2394 1531 septem
2418 1449 2598 1517 'dies:
2647 1465 2687 1516 si
2731 1465 2789 1518 in
2850 1467 3040 1536 ignem
3098 1469 3347 1538 projicit,
3409 1474 3639 1523 centum

1951 1548 2198 1616 psalmos
2230 1556 2415 1604 cantet
2449 1568 2461 1604 :
2497 1552 2543 1604 si
2574 1569 2705 1605 vero
2737 1571 2902 1607 canes
2932 1556 3282 1609 lambuerint
3310 1558 3482 1610 talem
3541 1574 3639 1611 vo-

1952 1620 2178 1703 mitum,
2211 1642 2439 1692 centum
2463 1639 2582 1692 dies
2612 1641 2709 1711 qui
2731 1642 2960 1707 evomit,
2993 1643 3286 1713 poeniteat.

2226 1745 2351 1798 CAP.
2390 1746 2451 1798 L.
2484 1776 2549 1784 -—
2582 1749 2652 1799 De
2682 1748 3014 1802 eucharistia
3043 1752 3362 1803 inveterata.

2023 1834 2130 1897 (Ea:
2163 1834 2350 1886 concil.
2407 1836 2715 1899 Aureliam,
2778 1852 2896 1904 cap.
2932 1835 3007 1905 5.)
3053 1837 3233 1889 Omne
3302 1836 3642 1891 sacriﬁcium

1952 1920 2179 1973 sordida
2209 1926 2487 1974 vetustate
2518 1924 2827 1990 perditum,
2863 1925 2995 1994 igne
3029 1926 3481 1979 comburendum
3537 1931 3639 1994 est,

1949 2014 2007 2061 et
2036 2008 2179 2061 cinis
2204 2010 2367 2078 juxta
2397 2011 2573 2063 altare
2604 2012 2986 2080 sepeliendus.

1949 2114 2073 2168 CAP.
2112 2115 2197 2169 Ll.
2231 2144 2299 2155 —
2329 2120 2402 2170 De
2429 2117 2542 2169 illis
2595 2120 2691 2184 qui
2725 2134 2832 2171 non
2875 2119 3001 2171 bene
3045 2119 3398 2173 custodierint
3446 2135 3640 2189 corpus

2458 2192 2506 2240 et
2543 2191 2860 2255 sanguinem
2888 2192 3121 2243 Domini.

2015 2273 2126 2344 (Ea:
2180 2275 2375 2329 eodem.
2402 2292 2521 2343 cap.
2557 2277 2635 2344 6.)
2674 2276 2781 2340 Qui
2827 2293 2941 2331 non
2990 2277 3133 2331 bene
3174 2278 3510 2331 custodierit
3549 2294 3635 2331 sa-

1946 2362 2248 2429 criﬁcium,
2280 2368 2332 2416 et
2362 2379 2507 2430 mus,
2541 2365 2628 2417 vel
2660 2364 2888 2435 aliquod
2942 2366 3097 2419 aliud
3135 2366 3346 2419 animal
3387 2367 3642 2420 comede-

1946 2449 2019 2502 rit
2048 2450 2210 2513 illud,
2243 2451 2625 2520 quadraginta
2657 2452 2777 2505 dies
2808 2453 3100 2522 pceniteat.
3155 2454 3261 2517 Qui
3289 2460 3477 2507 autem
3510 2471 3638 2523 per-

1947 2537 2155 2589 diderit
2184 2538 2322 2590 illud
2357 2538 2415 2590 in
2469 2540 2723 2606 ecclesia,
2766 2546 2865 2593 aut
2913 2557 3041 2610 pars
3091 2542 3211 2610 ejus
3266 2542 3548 2608 ceciderit,
3582 2547 3638 2594 et

1946 2640 2061 2677 non
2091 2624 2324 2678 inventa
2362 2625 2553 2693 fuerit,
2614 2628 2740 2681 XXX
2776 2628 2894 2681 dies
2941 2629 3233 2698 paeniteat.
3286 2630 3638 2683 Perfundens

1945 2712 2161 2782 aliquid
2202 2730 2373 2782 super
2429 2715 2604 2767 altare
2651 2716 2719 2768 de
2764 2716 2938 2769 calice
2987 2717 3216 2786 quando
3265 2718 3523 2787 olfertur,
3568 2719 3637 2771 VI

1945 2801 2063 2854 dies
2097 2801 2389 2870 poeniteat,
2426 2808 2522 2855 aut
2550 2802 2595 2855 si
2629 2803 3036 2869 abundantius,
3065 2805 3157 2857 VII
3189 2805 3309 2856 dies
3339 2806 3631 2874 poeniteat.

1945 2889 2051 2952 Qui
2082 2895 2269 2941 autem
2300 2890 2593 2959 perfundit
2640 2892 2874 2944 calicem
2904 2892 3038 2945 dum
3080 2892 3411 2946 solemnitas
3444 2894 3632 2948 missae

1946 2977 2285 3042 celebratur,
2346 2979 2431 3031 XL
2518 2978 2637 3031 dies
2712 2980 3003 3049 poeniteat.
3057 2980 3113 3035 Si
3168 2997 3302 3033 vero
3352 2982 3636 3036 celebrata

1947 3065 2117 3131 missa
2149 3066 2445 3135 presbyter
2484 3068 2802 3135 neglexerit
2853 3068 3107 3139 accipere
3162 3069 3524 3134 sacriﬁcium,
3567 3070 3636 3123 si-

1946 3153 2159 3206 militer
2178 3154 2262 3206 XL
2293 3154 2409 3207 dies
2441 3155 2730 3224 poeniteat,
2762 3160 2817 3208 et
2848 3157 2945 3225 qui
2969 3158 3249 3225 acceperit
3297 3158 3636 3212 sacriﬁcium

1945 3241 2196 3310 pollutus
2229 3248 2510 3295 nocturno
2543 3248 2823 3311 tempore,
2854 3244 2945 3295 VII
2977 3244 3115 3296 dies.
3157 3244 3435 3297 Diaconus
3492 3245 3635 3298 obli-

1943 3330 2161 3380 viscens
2183 3329 2529 3383 oblationem
2565 3330 2768 3383 oti‘erre
2792 3332 2969 3383 donec
3000 3332 3270 3384 offeratur
3296 3332 3630 3397 linteamen,

1944 3418 2172 3486 quando
2245 3418 2558 3470 recitantur
2604 3418 2841 3471 nomina
2912 3420 3316 3489 pausantium.,
3369 3420 3636 3473 similiter

1942 3506 2236 3574 poeniteat.
2271 3505 2378 3570 Qui
2412 3507 2822 3576 negligentiam
2876 3523 3011 3575 erga
3044 3508 3385 3561 sacriﬁcium
3414 3509 3629 3574 fecerit,

1943 3600 2007 3648 ut
2038 3594 2321 3647 vermibus
2343 3600 2745 3665 consumptum
2777 3596 2847 3649 ad
2878 3596 3123 3649 nihilum
3192 3597 3504 3663 devenerit,
3552 3599 3631 3651 Ill

1943 3683 2408 3753 quadragesimas
2440 3700 2568 3736 cum
2596 3700 2741 3753 pane
2772 3694 2826 3737 et
2866 3700 3012 3754 aqua
3042 3685 3338 3754 poeniteat.
3374 3685 3432 3739 Si
3479 3684 3631 3737 inte-

1943 3786 2110 3840 grum
2138 3772 2431 3825 inventum
2463 3772 2654 3838 fuerit,
2688 3772 2744 3823 in
2776 3788 2841 3825 eo
2888 3773 3099 3826 vermis
3154 3773 3543 3839 comburatur,
3577 3778 3635 3826 et

1943 3858 2083 3911 cinis
2113 3860 2218 3912 sub
2250 3860 2411 3912 altari
2439 3860 2736 3929 condatur,
2769 3866 2825 3914 et
2856 3861 2955 3930 qui
3007 3862 3341 3931 neglexerit,
3397 3866 3630 3931 quater-

1944 3947 2031 3999 nis
2062 3947 2260 4001 diebus
2309 3964 2471 4001 suam
2500 3949 2909 4018 negligentiam
2960 3949 3155 4002 solvat.
3207 3949 3266 4003 Si
3291 3966 3421 4002 cum
3454 3950 3626 4002 amis-

1941 4035 2101 4087 sione
2149 4037 2370 4105 saporis
2426 4037 2782 4091 decoloratur
2828 4037 3188 4103 sacriﬁcium,
3245 4040 3327 4091 XX
3375 4037 3494 4094 dies
3534 4053 3630 4089 ex-

1941 4125 2210 4193 pleantur
2232 4125 2475 4193 jejunio,
2523 4126 2979 4196 conglutinatum
3010 4141 3162 4193 vero,
3231 4126 3324 4177 VII
3380 4124 3499 4177 dies
3531 4124 3628 4194 qui

1944 4213 2159 4278 mersit,
2194 4211 2485 4281 paeniteat.

2382 4300 2506 4355 CAP.
2545 4302 2654 4354 LII.
2683 4332 2751 4340 —
2791 4303 2874 4354 De
2896 4302 3079 4355 eadem
3102 4315 3178 4353 re.

2009 4385 2129 4455 (Ere
2159 4390 2522 4442 Pwnitentiali
2570 4392 2844 4457 Romano.)
2899 4391 2953 4444 Si
2987 4388 3250 4442 ceciderit
3288 4387 3626 4441 sacrilicium

1937 4475 2006 4529 de
2036 4476 2298 4529 manibus
2328 4476 2619 4530 offerentis
2653 4483 2976 4531 terratenus
3022 4482 3084 4531 ut
3127 4494 3241 4531 non
3279 4477 3626 4542 inveniatur,

1938 4581 2108 4618 omne
2140 4566 2522 4635 quodcunque
2554 4566 2847 4620 inventum
2902 4567 3073 4620 fuerit
3120 4567 3181 4620 in
3230 4568 3349 4620 loco
3412 4567 3470 4619 in
3515 4583 3628 4635 quo

1938 4654 2206 4707 ceciderit
2230 4655 2619 4721 comburetur,
2655 4662 2710 4708 et
2740 4656 2881 4708 cinis
2908 4662 2969 4709 ut
3002 4672 3194 4725 supra,
3224 4656 3625 4721 abscondatur,

1938 4745 1993 4794 et
2022 4741 2112 4794 cui
2168 4741 2432 4795 acciderit
2493 4743 2744 4795 medium
2796 4759 3010 4796 annum
3064 4744 3353 4813 pceniteat.
3411 4744 3467 4798 Si
3500 4758 3629 4795 vero

1936 4829 2278 4883 sacriﬁcium
2309 4830 2604 4883 inventum
2642 4831 2834 4897 fuerit,
2869 4833 3025 4884 locus
3058 4833 3247 4902 scopis
3296 4832 3625 4898 mundetur,

1937 4924 1993 4971 et
2020 4924 2268 4971 stramen
2303 4924 2364 4972 ut
2401 4935 2593 4989 supra,
2640 4920 2889 4989 ignetur,
2944 4926 2997 4973 et
3035 4921 3177 4973 cinis
3210 4927 3270 4975 ut
3309 4937 3505 4991 supra,
3540 4937 3628 4974 re-

1936 5007 2216 5060 condatur
2246 5012 2302 5060 et
2331 5007 2591 5063 sacerdos
2621 5009 2703 5060 XX
2736 5007 2856 5060 dies
2886 5010 3180 5078 pmniteat.

1937 5122 2064 5176 CAP.
2100 5122 2236 5175 LlIl.
2273 5151 2336 5161 —
2368 5124 2442 5176 De
2486 5123 2705 5203 muliere
2747 5124 3135 5245 quaere-perit,
3185 5128 3245 5176 ut
3284 5125 3630 5179 communicet

2610 5208 2659 5245 si
2687 5208 2751 5245 υο
2779 5208 2893 5245 ueri
2925 5235 2934 5244 .

2610 5208 2659 5245 ει
2687 5208 2934 5245 υοιιλθνπ.

2007 5282 2111 5348 (Ea:
2140 5281 2325 5334 concil.
2380 5280 2665 5349 Carthag.)
2698 5280 2896 5339 Mulier
2945 5279 3129 5351 enixa,
3165 5280 3211 5333 si
3269 5281 3405 5351 vult,
3466 5298 3625 5339 com-

1935 5368 2273 5422 munionem
2306 5368 2584 5439 percipiat

1530 5548 1706 5589 FINIS
1751 5548 1927 5589 LIBRI
1975 5550 2226 5601 QUINTI.
