3956 6310
301 334 407 385 ’763

1389 326 1792 382 BURCHARDI
1832 322 2362 381 WORMACIENSIS
2400 318 2733 376 EPISCOPI.

3708 316 3815 371 764

1194 532 1490 604 INDEX
1547 529 2236 604 CAPITULORUM
2297 529 2550 601 LIBRI
2614 526 2908 600 SEXTI.

298 689 426 743 CAP.
463 691 510 741 1.
541 687 600 744 Si
635 686 764 757 quis
789 691 1102 757 spontanea
1130 687 1421 739 voluntate
1453 684 1828 740 homicidium
1859 700 1998 754 per-
2026 685 2074 738 A
2110 686 2199 737 26.
2244 684 2321 736 De
2352 681 2462 736 illis
2495 679 2595 751 qui
2623 678 2897 733 veneﬁcio
2920 675 3232 731 homicidia
3257 674 3646 730 committunt.

374 775 701 846 petraverit,
726 776 887 845 juxta
933 775 1157 828 decreta
1182 774 1510 829 Melchiadis
1565 791 1748 844 papae,
1786 778 1841 826 et
1869 773 1998 826 Tri-

372 863 657 917 buriensis
688 862 912 916 concilii
952 867 1180 931 statuta,
1236 863 1410 916 talem
1463 862 1861 932 paenitentiam
1905 878 1996 915 ac-

377 951 567 1020 cipere
597 951 784 1005 debet.

302 1043 352 1092 2.
387 1039 530 1102 Quid
563 1039 623 1092 in
657 1039 844 1108 primo
876 1054 1028 1091 anno
1063 1038 1362 1092 observare
1385 1039 1607 1092 debeat.

303 1131 352 1181 3.
384 1128 528 1191 Quid
562 1127 621 1179 in
653 1126 899 1179 secundo
925 1131 982 1179 et
1029 1127 1199 1179 tertio
1243 1143 1391 1180 anno
1433 1126 1737 1180 observare
1772 1124 1995 1179 debeat.

303 1219 360 1270 4.
401 1215 546 1279 Quid
579 1216 639 1267 in
671 1214 906 1284 reliquis
945 1220 1194 1285 quatuor
1246 1215 1413 1268 annis
1446 1215 1746 1268 observare
1769 1214 1990 1267 debeat.

307 1307 356 1356 5.
395 1304 472 1357 De
503 1302 826 1356 homicidiis
865 1309 922 1356 et
948 1303 1254 1356 calumniis
1301 1304 1730 1374 episcoporum,
1763 1307 1818 1356 et
1863 1301 1998 1356 reli-

376 1407 624 1461 quorum
657 1391 948 1445 ordinum.

303 1485 354 1533 6.
389 1481 467 1534 De
494 1479 697 1533 eadem
728 1495 808 1531 re.

299 1573 354 1622 7.
389 1569 469 1621 De
503 1567 704 1620 eadem
726 1583 807 1620 re.

303 1659 354 1710 8.
392 1657 472 1709 De
498 1653 959 1708 interfectoribus
989 1654 1369 1708 sacerdotum.

304 1747 355 1796 9.
393 1745 468 1796 De
499 1742 844 1812 presbyteris
870 1741 1163 1812 depositis,
1198 1747 1254 1796 et
1281 1741 1360 1794 sic
1381 1741 1600 1795 occisis.

308 1833 392 1884 10.
424 1831 503 1884 De
530 1831 878 1900 presbyteris
911 1831 1008 1901 qui
1039 1830 1161 1884 sine
1191 1829 1379 1883 orario
1418 1830 1764 1884 occidentur.

307 1923 390 1974 11.
425 1921 502 1973 De
529 1919 860 1990 presbytero
899 1918 1199 1973 interfecto
1247 1919 1318 1972 ad
1358 1935 1530 1990 quem
1561 1919 1682 1990 ejus
1712 1918 1994 1989 composi—
2031 1959 2071 2012 Β

371 2007 450 2061 tio
477 2008 778 2076 pertineat.

305 2098 390 2150 12.
450 2097 529 2150 De
554 2095 664 2149 illis
695 2095 797 2166 qui
839 2110 943 2166 per
982 2095 1221 2150 insidias
1278 2095 1652 2150 homicidium
1705 2099 1999 2166 perpetra-

370 2184 576 2238 verint.

306 2275 390 2327 13.
422 2273 568 2325 Item
595 2271 664 2324 de
693 2270 1000 2326 homicidio
1031 2275 1234 2341 sponte
1266 2273 1594 2325 commisso.

307 2361 390 2414 14.
431 2360 509 2413 De
540 2359 738 2412 eadem
769 2375 849 2412 re.

307 2452 388 2502 15.
435 2449 512 2501 De
542 2446 848 2501 homicidio
869 2452 1072 2517 sponte
1099 2445 1422 2500 commisso.

307 2539 389 2590 16.
427 2537 506 2590 De
547 2535 747 2589 cadem
777 2551 858 2589 re.

306 2627 388 2678 17.
422 2625 501 2678 De
531 2623 630 2678 illo
663 2623 764 2694 qui
797 2623 1032 2677 domino
1063 2639 1166 2676 suo
1196 2623 1561 2694 praecipiente
1613 2622 1992 2677 homicidium

371 2712 589 2767 fecerit.

308 2805 390 2856 18.
427 2803 505 2854 De
531 2800 628 2854 illo
661 2799 760 2870 qui
789 2815 1014 2853 servum
1046 2815 1214 2853 suum
1239 2799 1610 2854 interfecerit.

305 2893 389 2943 19.
444 2891 522 2942 De
574 2888 789 2942 femina
835 2905 964 2958 quae
1027 2889 1221 2942 furore
1272 2889 1378 2942 zeli
1436 2905 1671 2943 accensa
1726 2888 1992 2943 ancillam

373 2993 536 3030 suam
567 2976 966 3042 verberaverit,
1001 2981 1056 3031 et
1084 2977 1162 3029 sic
1194 2977 1450 3046 perierit.

302 3068 390 3120 20.
428 3067 505 3118 De
537 3066 736 3118 eadem
767 3082 846 3118 re.

302 3158 390 3209 21.
425 3155 504 3207 De
534 3153 649 3207 illis
680 3153 777 3224 qui
807 3153 867 3207 in
898 3170 1070 3224 opere
1100 3155 1418 3208 necessario
1447 3170 1583 3209 casu
1613 3153 1991 3208 homicidium

372 3243 844 3312 perpetraverint.

303 3333 390 3385 22.
425 3332 503 3385 De
535 3331 736 3384 eadem
767 3347 846 3384 re.

299 3419 386 3474 23.
425 3421 502 3473 De
527 3419 641 3473 illis
673 3420 770 3490 qui
799 3419 861 3472 in
907 3419 1136 3490 publico
1185 3419 1336 3474 bello
1382 3419 1693 3474 homicidia
1730 3417 1994 3473 commit-

375 3512 526 3561 tunt.

303 3597 391 3649 24.
428 3597 507 3649 De
539 3595 648 3648 illis
683 3595 782 3665 qui
813 3595 882 3648 de
925 3595 1239 3650 homicidio
1271 3600 1401 3649 sunt
1429 3594 1714 3659 infamati,
1747 3594 1794 3648 si
1827 3611 1995 3665 nega-

374 3682 578 3736 verint.

303 3774 391 3825 25.
428 3773 506 3825 De
535 3771 735 3825 insano
764 3771 810 3824 si
833 3771 1207 3826 homicidium
1237 3771 1670 3842 perpetraverit.

2112 775 2199 826 27.
2231 771 2309 824 De
2339 770 2438 823 illo
2470 785 2575 840 per
2605 770 2767 839 cujus
2812 767 3165 822 delationem
3217 765 3426 834 aliquis
3472 763 3812 817 interfectus

2179 859 2371 914 fuerit.

2109 949 2196 1001 28.
2230 947 2387 1010 Quod
2418 945 2531 1000 tria
2562 961 2774 1015 genera
2802 944 2915 997 sint
2943 941 3386 997 homicidarum.

2111 1038 2196 1088 29.
2249 1034 2412 1098 Quod
2464 1033 2770 1088 homicidae
2819 1033 2889 1086 ab
2970 1030 3348 1084 ecclesiastica
3392 1028 3813 1082 communione

2179 1123 2295 1176 sint
2323 1121 2718 1176 submovendi.

2109 1213 2194 1266 30.
2231 1212 2310 1264 De
2341 1211 2542 1264 eadem
2573 1225 2653 1263 re.

2113 1303 2200 1353 31.
2234 1300 2310 1352 De
2341 1298 2454 1351 illis
2486 1312 2732 1368 quorum
2762 1295 2998 1349 consilio
3026 1293 3337 1348 homicidia
3363 1293 3529 1346 ﬁunt.

2109 1391 2194 1442 32.
2250 1388 2328 1440 De
2376 1386 2487 1440 illis
2543 1387 2643 1456 qui
2697 1401 2798 1456 pro
2846 1383 3095 1438 vindicta
3139 1387 3442 1453 parentum
3491 1381 3812 1436 homicldia

2179 1474 2567 1529 committunt.

2109 1567 2192 1618 33.
2231 1565 2308 1617 De
2335 1563 2434 1616 illo
2469 1564 2568 1632 qui
2599 1567 2835 1634 propter
2876 1560 3249 1631 cupiditatem
3293 1559 3557 1614 Judaeum
3627 1557 3810 1612 inter-

2176 1651 2393 1706 fecerit.

2108 1743 2194 1795 34.
2222 1742 2299 1794 De
2331 1738 2632 1809 parricidis
2662 1743 2718 1792 et
2754 1737 3081 1792 fratricidis.

2108 1831 2194 1883 35.
2230 1829 2308 1882 De
2339 1829 2540 1882 eadem
2571 1843 2651 1881 re.

2108 1919 2195 1971 36.
2230 1917 2307 1970 De
2336 1916 2450 1970 illis
2483 1916 2583 1987 qui
2615 1915 2861 1969 infantes
2890 1931 3022 1967 suos
3052 1929 3167 1967 non
3195 1915 3397 1984 sponte
3426 1911 3804 1966 interﬁciunt.

2108 2006 2300 2060 37.1)e
2328 2005 2427 2058 illo
2476 2005 2577 2076 qui
2620 2019 2858 2058 uxorem
2905 2002 3221 2073 legitimam
3273 2001 3395 2054 sine
3440 2000 3662 2071 judicio
3712 2000 3807 2054 in-

2178 2093 2484 2147 terfecerit.

2107 2184 2192 2236 38.
2228 2183 2306 2235 De
2333 2182 2532 2235 eadem
2559 2195 2641 2234 re.

2103 2273 2189 2324 39.
2223 2271 2302 2324 De
2333 2269 2534 2324 eadem
2566 2284 2646 2323 re.

2103 2361 2190 2412 40.
2219 2359 2296 2412 De
2316 2357 2518 2411 eadem
2545 2374 2626 2410 re.

2103 2448 2190 2500 41.
2221 2447 2300 2500 De
2330 2462 2504 2499 uxore
2537 2444 2728 2498 mariti
2757 2447 3003 2496 mortem
3033 2442 3389 2496 conciliante.

2101 2537 2190 2589 42.
2236 2536 2312 2588 De
2341 2535 2469 2599 hoc,
2498 2534 2545 2586 si
2571 2534 2763 2603 plures
2789 2547 2970 2585 unum
2998 2531 3478 2601 impugnaverint.

2100 2624 2188 2676 43.
2225 2625 2302 2677 De
2334 2623 2586 2676 vindicta
2617 2638 2732 2674 non
2763 2621 3141 2691 prohibenda.

2101 2714 2190 2766 44.
2224 2713 2302 2765 De
2334 2711 2446 2764 illis
2479 2710 2577 2781 qui
2607 2715 2735 2780 post
2790 2709 3138 2780 baptismum
3190 2707 3489 2779 capitalem
3546 2708 3804 2776 protule-

2174 2799 2292 2853 rint
2321 2799 2680 2853 sententiam.

2102 2889 2190 2942 45.
2227 2888 2304 2940 De
2335 2886 2448 2940 illis
2481 2887 2580 2957 qui
2621 2885 2680 2938 in
2712 2884 3098 2938 confractione
3144 2883 3429 2938 idolorum
3479 2881 3648 2935 occisi
3675 2883 3802 2937 fue-

2175 2975 2310 3029 rint.

2102 3065 2190 3116 46.
2226 3063 2304 3116 De
2333 3077 2399 3115 eo
2434 3061 2534 3132 qui
2564 3065 2806 3114 matrem
2837 3075 2998 3113 suam
3054 3059 3343 3125 occiderit,
3401 3059 3649 3128 qualiter
3678 3075 3804 3129 p03-

2174 3149 2358 3203 nitere
2391 3149 2610 3203 debeat.

2023 3236 2064 3290 C
2100 3241 2188 3294 4‘7.
2224 3238 2281 3293 Si
2312 3237 2439 3308 quis
2472 3237 2711 3291 clericus
2759 3235 3134 3290 homicidium
3185 3235 3402 3301 fecerit,
3464 3235 3535 3288 ab
3596 3235 3803 3290 ordine

2170 3343 2389 3380 cessare
2412 3326 2658 3380 debebit.

2126 3417 2214 3471 48.
2249 3417 2327 3469 De
2357 3429 2447 3481 eo,
2482 3414 2528 3466 si
2558 3414 2686 3484 quis
2717 3413 2778 3466 in
2821 3412 3048 3466 hostem
3078 3417 3271 3466 contra
3309 3428 3567 3482 paganos
3627 3412 3801 3466 dimi-

2170 3520 2323 3569 cans,
2357 3502 2626 3557 interﬁcit
2655 3501 2908 3572 captivos
2939 3501 3306 3554 Christianos.

2101 3595 2274 3647 49.De
2305 3609 2371 3645 eo
2406 3591 2502 3662 qui
2530 3590 2917 3647 Christianum
2974 3589 3326 3660 mancipium
3375 3587 3688 3656 seduxerit,
3743 3593 3802 3642 et

2174 3681 2254 3735 sic
2279 3678 2622 3733 vendiderit.

2576 3767 2778 3822 Indicis
2801 3768 3161 3837 capitulorum
3188 3768 3333 3833 ﬁnis.

1637 3977 2478 4083 BUBCHABDI

1286 4136 1922 4194 WORMACIENSIS
1971 4135 2376 4190 ECCLESIZE
2429 4135 2803 4190 EPISCOPI

594 4273 1944 4421 DECRETORUM
2055 4272 2643 4416 LIBER
2751 4267 3499 4416 SEXTUS

1743 4479 1842 4544 DE
1891 4478 2354 4543 HOMICIDIIS.

779 4657 1264 4712 ARGUMENTUM
1306 4657 1509 4715 LIBRI.

371 4744 536 4799 Liber
560 4745 655 4799 hic
683 4745 752 4798 de
788 4745 1123 4798 Homicidiis
1154 4752 1357 4814 sponte
1379 4751 1435 4799 et
1464 4763 1581 4800 non
1611 4751 1811 4818 sponte
1837 4763 1990 4800 com-

296 4832 506 4899 missis,
541 4833 609 4886 de
663 4831 1005 4901 parricidiis,
1055 4834 1125 4886 de
1189 4834 1537 4903 fratricidiis,
1598 4837 1666 4890 de
1727 4836 1841 4889 illis
1892 4835 1992 4905 qui

297 4937 508 4976 uxores
536 4919 843 4989 legitimas,
878 4926 934 4974 et
963 4922 1215 4975 seniores
1258 4940 1386 4976 suos
1432 4923 1804 4991 interficiunt,
1840 4929 1895 4978 et
1923 4925 1990 4978 de

298 5011 453 5064 caede
483 5007 992 5063 ecclesiasticorum
1020 5015 1239 5077 tractat,
1282 5028 1521 5083 quaeque
1553 5013 1796 5084 singulis
1836 5014 1990 5068 hisce

299 5097 601 5151 homicidii
654 5095 961 5167 generibus
1011 5097 1082 5151 sit
1122 5101 1460 5168 poenitentia
1497 5101 1872 5172 injungenda,
1895 5120 1987 5156 os-

301 5185 503 5239 tendit.

372 5257 500 5312 CAP.
563 5257 603 5311 Ι.
670 5258 732 5313 Si
787 5260 910 5327 quis
957 5263 1253 5328 spontanea
1309 5262 1582 5316 voluntate
1640 5262 1989 5316 homicidium

369 5331 767 5401 perpetraverit
813 5329 981 5397 juxta
1037 5330 1251 5385 decreta
1321 5333 1641 5386 Melchiadis
1694 5349 1869 5401 papa,
1939 5339 1990 5388 et

377 5400 740 5523 Triburfiensis
772 5402 987 5454 concilii
1015 5405 1242 5466 statuta,
1294 5404 1454 5456 talem
1490 5400 1861 5472 paenitentiam
1897 5421 1988 5458 ac-

377 5472 551 5524 cipere
617 5477 740 5524 ecet.

377 5486 551 5538 czpere
578 5486 740 5525 decet.

375 5543 486 5607 (Ea:
515 5544 738 5597 concilio
771 5542 992 5596 Triburi
1019 5580 1034 5608 ,
1062 5545 1239 5612 capite
1268 5544 1344 5612 4.)
1377 5546 1438 5599 In
1466 5545 1690 5616 primis,
1717 5551 1779 5600 ut
1816 5545 1988 5600 licen-

2019 4661 2063 4713 D
2103 4660 2240 4712 tiam
2273 4675 2386 4712 non
2411 4659 2616 4714 habeat
2646 4660 2948 4714 Ecclesiam
2993 4658 3264 4726 intrandi,
3318 4659 3444 4712 illos
3481 4658 3796 4728 proximos,

2100 4749 2183 4802 XL
2235 4747 2356 4802 dies
2405 4748 2574 4802 nudis
2623 4749 2865 4819 pedibus
2914 4748 3158 4812 incedat,
3218 4753 3274 4801 et
3334 4748 3492 4801 nullo
3528 4747 3794 4801 vehiculo

2099 4841 2308 4890 utatur.
2358 4838 2420 4891 In
2490 4838 2668 4891 laneis
2717 4838 2968 4892 vestibus
3027 4838 3100 4890 sit
3159 4838 3372 4908 absque
3418 4837 3795 4892 femoralibus

2100 4941 2258 4978 arma
2284 4941 2401 4979 non
2449 4926 2611 4994 ferat,
2646 4931 2703 4980 et
2749 4927 2893 4980 nihil
2939 4931 3127 4978 sumat
3174 4925 3232 4978 in
3273 4925 3361 4979 his
3413 4926 3796 4996 quadraginta

2098 5013 2297 5069 diebus
2325 5013 2434 5068 nisi
2458 5019 2680 5069 tantum
2715 5031 2944 5085 panem,
2977 5021 3032 5069 et
3062 5015 3258 5079 salem,
3299 5019 3354 5068 et
3384 5031 3587 5084 puram
3638 5015 3796 5069 bibat

2099 5118 2328 5172 aquam.
2383 5105 2447 5156 Et
2521 5105 2738 5157 nullam
2821 5104 3282 5157 communionem
3365 5119 3490 5156 cum
3573 5105 3794 5158 caeteris

2099 5191 2452 5260 Christianis,
2513 5208 2700 5262 neque
2758 5209 2888 5246 cum
2937 5191 3049 5246 alio
3094 5192 3402 5261 poenitente
3452 5192 3661 5245 habeat
3735 5193 3794 5247 in

2098 5279 2222 5333 cibo
2255 5285 2310 5334 et
2339 5286 2499 5351 potu,
2536 5286 2845 5352 antequam
2876 5281 3255 5352 quadraginta
3282 5281 3402 5334 dies
3434 5280 3792 5349 adimplean-

2097 5373 2210 5422 tur.
2246 5369 2311 5421 Et
2341 5385 2406 5421 ex
2435 5369 2565 5423 cibo
2606 5385 2776 5440 quem
2823 5368 3017 5434 sumit,
3061 5371 3251 5422 nullus
3282 5369 3427 5421 alius
3462 5368 3790 5424 manducet.

2100 5456 2470 5511 Considerata
2505 5475 2637 5512 vero
2686 5474 2947 5527 personae
2979 5458 3273 5528 qualitate,
3310 5458 3393 5510 vel
3431 5456 3791 5527 infirmitate,

2101 5547 2170 5600 de
2201 5547 2406 5616 pomis,
2432 5549 2518 5600 vel
2551 5547 2801 5601 oleribus
2823 5564 2919 5601 seu
2953 5547 3365 5618 leguminibus,
3400 5552 3572 5618 prout
3601 5547 3792 5602 visum
