3956 6316
182 349 287 399 765

1174 346 1643 405 DECRETOBUM
1686 348 1869 403 LIBRI
1906 349 2014 404 XX.
2048 378 2116 388 —-
2156 351 2368 406 LIBER
2405 353 2685 408 SEXTUS.

3566 360 3671 412 766

179 466 379 533 fuerit,
419 465 635 536 aliquid
665 481 770 536 pro
800 464 1185 519 misericordia
1215 466 1603 537 indulgeatur,
1634 469 1880 522 maxime
1906 472 1952 522 Α
1994 474 2057 526 In
2100 474 2340 528 concilio
2373 475 2524 543 apud
2556 474 2872 528 Theodonis
2901 476 3116 542 villam,
3161 477 3257 530 ubi
3285 476 3671 531 interfuerunt

181 556 226 608 si
259 556 387 625 quis
417 559 641 608 coactus
676 559 730 607 et
772 571 888 607 non
918 559 1120 624 sponte
1164 555 1536 610 homicidium
1570 557 1785 623 fecerit,
1823 561 1878 609 et

182 644 237 697 ei
287 643 639 697 omnimodis
688 659 755 695 ex
785 642 1060 695 canonica
1105 644 1442 697 auctoritate
1486 645 1873 711 interdicatur,

180 738 245 785 ut
276 732 335 785 in
368 732 457 785 his
506 731 707 784 diebus
754 747 885 784 cum
942 732 1099 784 nulla
1128 732 1343 785 femina
1396 732 1722 799 misceatur,
1774 750 1877 787 nec

180 821 252 874 ad
296 819 592 889 propriam
640 835 875 872 uxorem
909 820 1157 885 accedat,
1206 836 1310 873 nec
1357 837 1485 874 cum
1540 821 1734 891 aliquo
1765 823 1877 875 ho-

180 908 338 961 mine
390 907 657 961 dormiat.
711 908 878 960 Juxta
916 907 1225 960 Ecclesiam
1270 908 1362 975 sit,
1409 915 1538 963 ante
1584 910 1744 979 cujus
1787 910 1873 979 ja-

179 1013 323 1050 nuas
353 1000 583 1066 peccata
623 1012 725 1048 sua
771 996 977 1049 defleat
1008 996 1208 1050 diebus
1236 1002 1292 1050 et
1338 998 1619 1065 noctibus,
1674 1003 1729 1052 et
1759 1015 1877 1052 non

180 1086 401 1139 deloco
454 1085 522 1137 ad
554 1085 742 1137 locum
788 1089 1009 1154 pergat,
1058 1085 1152 1138 sed
1185 1085 1243 1139 in
1274 1102 1389 1139 uno
1442 1087 1565 1140 loco
1609 1086 1698 1140 his
1729 1104 1876 1158 qua-

180 1173 447 1240 draginta
494 1172 691 1226 diebus
740 1172 828 1224 sit.
871 1174 935 1225 Et
962 1172 1009 1224 si
1038 1173 1181 1226 forte
1214 1174 1478 1227 habuerit
1519 1174 1877 1229 insidiatores

180 1262 311 1315 vitae
344 1278 480 1327 sum,
523 1260 753 1314 interim
787 1260 1084 1313 differatur
1127 1261 1179 1314 ei
1210 1262 1563 1330 poenitentia,
1597 1264 1776 1316 donec
1807 1264 1874 1316 ab

180 1352 450 1421 episcopo
484 1366 589 1419 pax
621 1350 672 1402 ei
704 1351 773 1403 ab
805 1349 1055 1403 inimicis
1086 1351 1445 1418 concedatur,
1474 1357 1527 1405 et
1556 1352 1603 1405 si
1634 1352 1693 1405 in
1721 1352 1878 1412 intim

179 1438 382 1492 mitate
425 1438 687 1491 detentus
717 1437 906 1505 fuerit,
956 1439 1037 1492 ita
1068 1445 1131 1493 ut
1180 1456 1295 1493 non
1324 1440 1501 1510 possit
1549 1441 1719 1510 digne
1749 1458 1876 1510 pce-

181 1526 387 1592 nitere,
449 1526 745 1579 differatur
802 1527 1137 1597 poenitentia
1196 1528 1378 1581 donec
1432 1529 1659 1582 sanitati
1710 1528 1874 1582 resti-

179 1620 393 1669 tuatur.
459 1614 516 1668 Si
548 1620 739 1667 autem
799 1616 969 1684 longa
1010 1615 1350 1685 aegritudine
1394 1617 1659 1670 detentus
1706 1617 1877 1671 fuerit

181 1703 251 1757 ad
308 1703 652 1756 sententiam
709 1703 960 1773 episcopi
1008 1704 1318 1772 pertinebit
1368 1706 1659 1774 quomodo
1713 1722 1871 1758 reum
1908 1749 1927 1774 ι

179 1796 238 1845 et
267 1791 565 1845 inﬁrmum
614 1807 813 1845 sanare
845 1792 1127 1860 disponat.
1181 1794 1487 1863 Completis
1534 1795 1645 1861 XL,
1676 1793 1875 1847 diebus

179 1896 331 1949 aqua
381 1880 531 1932 lotus
579 1879 917 1933 vestimenta
954 1884 1010 1933 et
1057 1881 1460 1946 calceamenta,
1511 1882 1771 1953 accipiat,
1822 1887 1878 1936 et

179 1968 453 2037 capillum
483 1967 711 2021 incidat.

180 2057 309 2110 Cxp.
376 2056 443 2110 II.
498 2086 565 2094 —-
622 2056 765 2120 Quid
814 2058 873 2109 in
912 2059 1089 2125 primo
1142 2072 1283 2110 anno
1335 2057 1615 2111 observa-re
1665 2058 1871 2111 debeat.

251 2145 359 2214 (Ex
388 2145 585 2209 eodem,
618 2147 794 2213 capite
834 2145 905 2211 ὅ.)
939 2146 1001 2197 ln
1054 2144 1241 2214 primo
1274 2161 1423 2198 anno
1471 2151 1599 2215 post
1628 2147 1875 2216 quadra-

181 2230 344 2301 ginta
393 2232 533 2297 dies,
582 2236 767 2285 totum
817 2232 981 2285 illum
1030 2248 1243 2285 annum
1276 2232 1486 2297 aviuo,
1530 2234 1773 2287 medone
1820 2240 1877 2287 et

181 2320 405 2373 mellita
434 2320 694 2388 cervisia,
743 2336 775 2373 a
804 2336 994 2386 carne,
1028 2326 1083 2374 et
1113 2337 1293 2386 caseo,
1333 2326 1390 2374 et
1430 2320 1743 2391 pinguibus
1786 2322 1875 2392 pi-

182 2408 370 2461 scibus
393 2408 694 2474 abstineat,
728 2408 837 2460 nisi
866 2408 1024 2461 festis
1056 2409 1271 2475 diebus,
1307 2408 1406 2479 qui
1437 2409 1492 2462 in
1525 2409 1624 2463 illo
1654 2410 1876 2480 episco-

181 2496 276 2567 pio
326 2513 361 2549 a
400 2502 601 2550 cuncto
654 2498 869 2566 populo
917 2497 1293 2550 celebrantur.
1356 2498 1422 2550 Et
1471 2498 1581 2550 nisi
1620 2498 1763 2552 forte
1814 2499 1877 2553 in

183 2601 396 2654 magno
447 2585 672 2647 itinere,
724 2586 813 2638 vel
845 2585 904 2637 in
935 2585 1115 2646 hoste,
1151 2586 1241 2637 vel
1289 2585 1387 2639 diu
1418 2586 1487 2639 ad
1519 2586 1873 2640 Dominicam

181 2678 427 2741 curtem,
460 2674 547 2727 vel
592 2673 925 2726 inﬁrmitate
958 2674 1217 2727 detentus
1251 2673 1338 2738 sit,
1375 2676 1510 2727 tunc
1557 2674 1723 2728 liceat
1758 2692 1875 2729 uno

181 2760 440 2827 denario,
478 2762 563 2814 vel
595 2761 785 2830 precio
818 2760 985 2813 unius
1034 2761 1275 2826 denarii,
1310 2767 1409 2815 aut
1436 2768 1551 2816 tres
1595 2780 1876 2833 pauperes

186 2848 493 2918 pascendo,
545 2848 775 2902 tertiam
820 2848 1045 2910 feriam,
1096 2849 1356 2918 quintam
1390 2850 1612 2917 feriam,
1661 2858 1715 2905 et
1744 2854 1874 2906 sab-

182 2938 384 2991 batum
430 2937 731 2999 redimere,
789 2938 868 2990 ita
900 2938 1194 3003 duntaxat,
1242 2944 1298 2990 et
1329 2955 1440 2991 una
1470 2955 1530 2993 re
1575 2940 1643 2993 de
1693 2940 1877 2994 tribus

1984 564 2167 618 XXXII
2215 564 2489 633 episcopi,
2548 564 2876 632 Histolphus
2932 565 3336 635 Moguntiensis
3390 566 3671 636 archiepi-

1987 668 2190 722 scopus
2249 668 2378 705 cum
2454 652 2570 704 suis
2642 652 3037 722 suifraganeis,
3097 653 3245 707 Hetti
3315 654 3674 706 Treverensis

1988 740 2444 810 archiepiscopus
2491 756 2620 793 cum
2648 740 2764 793 suis
2794 740 3186 810 sutfraganeis,
3226 741 3340 793 Ebo
3377 741 3672 794 Remensis

1987 828 2447 898 archiepiscopus
2495 844 2624 881 cum
2675 829 2790 880 suis
2838 828 3229 897 suifraganeis,
3292 845 3421 881 cum
3459 829 3673 882 nuntiis

1986 918 2341 986 reliquorum
2398 917 2794 987 episcoporum
2849 917 3041 971 Galliae
3098 922 3152 969 et
3209 917 3544 983 Germaniae,
3600 917 3672 971 ob

1985 1005 2220 1059 nimiam
2254 1006 2757 1075 praesumptionem
2788 1005 3173 1075 quorumdam
3214 1012 3587 1075 tyrannorum
3614 1005 3672 1058 in

1986 1096 2305 1149 sacerdotes
2336 1094 2567 1147 Domini
2598 1094 3089 1160 debacchantium,
3122 1100 3177 1147 et
3202 1099 3437 1165 propter
3459 1096 3673 1148 factum

1986 1184 2140 1253 quod
2194 1183 2253 1235 in
2304 1169 2609 1236 Vt'asconia
2678 1182 2902 1236 noviter
2951 1184 3232 1236 acciderat
3284 1184 3352 1235 de
3407 1184 3671 1253 episcopo

1983 1272 2220 1335 Joanne,
2266 1270 2563 1323 inhoneste
2605 1276 2661 1324 et
2701 1271 2957 1324 inaudita
2996 1270 3350 1324 mordridato
3381 1272 3673 1324 decretum

1986 1364 2088 1422 est,
2118 1366 2183 1412 ut
2214 1359 2506 1412 communi
2552 1375 2831 1412 consensu
2863 1364 2917 1412 et
2958 1359 3163 1412 humili
3196 1359 3497 1412 devotione
3545 1376 3674 1429 sup-

1984 1444 2334 1513 plicarentur
2373 1443 2607 1497 auribus
2641 1442 2938 1512 principis,
2970 1440 3017 1495 si
3048 1460 3163 1495 sua:
3195 1443 3394 1512 pietati
3418 1444 3671 1512 compla-

1986 1537 2153 1597 ceret,
2210 1536 2273 1584 ut
2324 1531 2613 1583 calumnia
2671 1530 2732 1583 in
2790 1530 2997 1584 Christi
3049 1531 3371 1584 sacerdotes
3420 1536 3667 1600 peracta,

1979 1616 2144 1686 juxta
2198 1616 2528 1686 synodalica
2584 1616 3062 1670 determinaretur
3132 1616 3374 1686 pleniter
3439 1621 3670 1678 statuta,

1984 1706 2091 1759 hoc
2129 1704 2281 1757 idem
2330 1705 2730 1774 episcoporum
2772 1706 2990 1775 judicio
3037 1706 3303 1774 placeret,
3355 1705 3401 1758 si
3455 1721 3520 1758 ex
3548 1709 3671 1759 toto

1986 1792 2299 1846 secundum
2333 1796 2671 1861 potestatem
2706 1808 2904 1845 eorum
2942 1798 3133 1862 posset
3178 1792 3426 1854 deﬁniri,
3477 1791 3535 1846 id
3566 1796 3670 1857 est,

1986 1886 2047 1933 ut
2101 1881 2374 1933 canonica
2420 1881 2726 1934 ferirentur
2776 1882 3071 1942 sententia,
3128 1880 3189 1933 hi
3238 1880 3514 1946 videlicet,
3574 1879 3674 1950 qui

1983 1970 2253 2023 timorem
2317 1969 2543 2022 Domini
2602 1975 3034 2039 postponentes,
3089 1970 3146 2022 in
3201 1968 3491 2021 ministros
3544 1984 3673 2021 suos

1985 2074 2242 2128 grassare
2298 2062 2735 2127 praesumerent.
2794 2058 2951 2120 Quod
3006 2057 3052 2109 si
3111 2072 3242 2109 vero
3296 2055 3495 2126 pietati
3552 2056 3673 2125 ejus

1984 2147 2381 2216 complaceret,
2433 2147 2596 2215 juxta
2649 2146 2897 2215 capitula
2954 2162 3154 2215 regum
3202 2143 3671 2215 praecedentium,

1984 2235 2085 2289 ubi
2114 2251 2313 2288 eorum
2362 2234 2612 2304 provisio
2662 2234 3107 2288 misericorditer
3150 2234 3209 2286 in
3240 2233 3467 2287 offensis
3499 2247 3671 2303 pecu-

1985 2323 2095 2376 niae
2134 2323 2511 2393 quantitatem
2558 2322 2916 2393 interposuit,
2958 2339 3062 2392 pro
3112 2321 3499 2376 consolatione
3552 2336 3674 2373 san-

1984 2415 2088 2465 ctae
2120 2410 2401 2476 Ecclesiae,
2448 2416 2512 2464 ut
2552 2412 2807 2479 praefatae
2856 2427 2943 2463 res
2975 2427 3075 2480 per
3119 2410 3423 2480 pecuniam
3472 2409 3542 2463 ab
3573 2408 3673 2461 im-

1982 2499 2343 2569 peratoribus
2374 2499 2762 2553 sacerdotibus
2794 2500 2863 2552 ad
2905 2500 3293 2552 defensionem
3326 2513 3670 2563 concessam,

1984 2593 2042 2641 et
2087 2604 2191 2656 per
2245 2586 2643 2656 paenitentiam
2697 2589 3216 2640 determinarentur
3272 2586 3673 2656 episcoporum

1979 2675 2219 2745 judicio,
2255 2675 2301 2727 si
2343 2674 2525 2744 pietas
2555 2675 2709 2728 illius
2756 2676 3082 2729 collaudare
3124 2676 3381 2740 voluerit,
3432 2674 3511 2727 sic
3539 2674 3675 2726 deti-

1984 2762 2096 2817 niri
2143 2763 2222 2816 eis
2278 2763 2678 2832 complaceret.
2738 2763 2795 2816 Si
2831 2763 2957 2833 quis
3005 2763 3416 2816 subdiaconum
3458 2762 3672 2814 calum-

1985 2852 2173 2905 niatus
2216 2851 2408 2915 fuerit,
2441 2852 2843 2918 vulneraverit,
2876 2852 2962 2904 vel
3011 2850 3411 2915 debilitaverit,
3452 2855 3509 2903 et
3532 2865 3673 2903 con-

1985 2939 2247 3005 valuerit,
2282 2939 2537 3009 quinque
2581 2940 3047 3010 quadragesimas
3078 2940 3198 2993 sine
3242 2938 3481 2992 subditis
3512 2936 3677 2991 annis

183 3030 398 3079 utatur.
434 3027 741 3095 Postquam
774 3027 1008 3080 domum
1042 3026 1277 3092 venerit,
1312 3032 1411 3080 aut
1440 3028 1674 3082 sanitati
1704 3029 1877 3084 fuerit
1908 3020 1947 3074 C
1984 3027 2276 3098 paeniteat,
2313 3033 2370 3082 et
2397 3033 2678 3082 trecentos
2709 3029 2921 3082 solidos
2950 3044 3077 3082 cum
3108 3044 3210 3081 sua
3240 3026 3673 3096 compositione,

185 3112 505 3178 restitutus,
536 3114 751 3167 nullam
779 3113 1068 3167 licentiam
1101 3114 1307 3168 habeat
1333 3116 1673 3171 redimendi.
1709 3118 1877 3172 Com-

185 3200 341 3268 pleto
398 3200 536 3253 anni
592 3200 801 3254 circulo
859 3200 919 3253 in
983 3202 1288 3255 Ecclesiam
1347 3204 1763 3273 introducatur,
1822 3211 1880 3260 et

187 3286 340 3357 pacis
372 3289 628 3342 osculum
661 3290 711 3341 ei
746 3290 1106 3343 concedatur.

187 3392 314 3446 CAP.
350 3393 445 3446 III.
480 3424 549 3432 —
580 3394 728 3459 Quid
774 3398 833 3447 in
862 3396 1189 3520 secgrzdotct
1228 3400 1383 3452 tertio
1415 3414 1553 3452 anno
1602 3400 1881 3455 observare

971 3482 997 3519 e
1034 3483 1095 3520 ea
1127 3508 1139 3519 .

971 3482 1139 3520 εοεαε.

258 3553 369 3621 (Ea:
398 3552 597 3618 eodem,
654 3556 830 3623 capite
883 3554 958 3625 6.)
992 3557 1054 3608 ln
1103 3555 1351 3608 secundo
1406 3560 1461 3609 et
1512 3556 1680 3610 tertio
1731 3573 1881 3611 anno

189 3640 457 3694 similiter
489 3640 714 3711 jéjunet
753 3643 864 3696 nisi
902 3644 1056 3713 quod
1094 3644 1321 3697 tertiam
1352 3644 1575 3711 feriam,
1621 3646 1882 3715 quintam

189 3734 246 3783 et
305 3728 628 3795 sabbatum,
683 3736 1023 3799 potestatem
1088 3732 1294 3786 habeat
1360 3732 1681 3787 redimendi
1734 3749 1881 3803 pra:-

187 3822 379 3871 taxato
408 3818 595 3887 pretio
625 3818 948 3890 ubicunque
975 3824 1076 3874 est.
1111 3821 1327 3875 Caetera
1360 3820 1665 3890 diligenter
1690 3822 1885 3876 omnia

189 3906 454 3960 observet
479 3911 545 3959 ut
572 3907 632 3959 in
660 3908 846 3977 primo
880 3924 1051 3961 anno.

189 4012 318 4067 Cap.
361 4014 450 4066 IV.
482 4041 552 4051 ——
578 4013 721 4079 Quid
774 4016 834 4067 in
860 4015 1368 4139 relngistquatuor
1414 4018 1574 4070 annis
1604 4016 1885 4071 observare

972 4102 997 4138 e
1035 4101 1095 4139 ea
1126 4128 1139 4139 .

972 4101 1139 4140 εοεαε.

258 4172 370 4239 (Ea:
398 4172 595 4239 eodem,
628 4174 821 4241 capite.
865 4176 921 4239 7)
948 4174 1206 4237 Quatuor
1251 4174 1386 4228 anni
1420 4175 1627 4229 deinde
1671 4179 1887 4230 restant

189 4275 296 4329 per
325 4276 469 4329 quos
499 4260 754 4350 singulos
774 4261 998 4330 jejunet
1029 4265 1142 4315 tres
1172 4263 1665 4332 Quadragesimas.
1703 4266 1880 4318 Unam
1909 4297 1951 4350 Β

190 4354 325 4402 ante
356 4349 569 4402 Pascha
614 4365 745 4402 cum
775 4350 993 4403 caeteris
1025 4351 1379 4415 Christianis,
1425 4353 1761 4406 abstinendo
1813 4353 1883 4407 de

190 4437 347 4502 vino,
396 4437 658 4505 medone,
692 4438 910 4492 mellita
960 4438 1214 4506 cervisia,
1265 4455 1453 4507 carne,
1488 4444 1543 4492 et
1582 4439 1880 4509 sagimine,

192 4530 248 4579 et
281 4525 421 4587 ovis,
458 4529 513 4578 et
541 4526 853 4596 pinguibus
895 4527 1166 4597 piscibus.
1214 4528 1489 4595 Alteram,
1522 4532 1649 4581 ante
1681 4527 1883 4581 nativi-

192 4618 366 4667 tatem
418 4615 596 4668 sancti
641 4615 890 4669 Joannis.
936 4616 993 4670 Si
1046 4616 1264 4686 aliquid
1321 4621 1577 4670 remanet
1627 4616 1697 4670 de
1738 4632 1886 4686 qua-

193 4703 461 4772 draginta
493 4703 713 4769 diebus,
747 4708 876 4774 post
904 4704 1127 4758 Missam
1156 4705 1331 4757 sancti
1362 4704 1596 4759 Joannis
1629 4705 1883 4774 impleat.

190 4791 462 4858 Tertiam,
507 4797 640 4845 ante
674 4792 931 4846 Natalem
984 4793 1213 4846 Domini
1256 4792 1497 4862 jejunet,
1533 4798 1594 4845 ut
1626 4794 1886 4864 supradi-

191 4884 347 4932 ctum
396 4884 498 4933 est.
539 4881 603 4933 Et
648 4880 709 4933 in
765 4884 1012 4951 quatuor
1061 4881 1398 4950 supradictis
1456 4882 1641 4948 annis,
1696 4883 1884 4949 tertia,

192 4967 396 5037 quinta
442 4967 601 5035 feria,
660 4973 716 5022 et
765 4969 1022 5036 sabbato,
1072 4976 1264 5023 utatur
1318 4970 1591 5040 quicquid
1641 4972 1776 5038 vult,
1831 4976 1889 5025 et

192 5055 525 5123 secundam,
553 5061 608 5109 et
634 5064 901 5126 quartam
936 5058 1137 5110 feriam
1170 5058 1454 5111 redimere
1485 5064 1673 5126 potest
1702 5059 1888 5128 pretio

185 5143 310 5212 jam
358 5144 709 5214 supradicto,
744 5150 959 5198 sextam
1010 5146 1209 5199 feriam
1257 5146 1601 5199 omnimodis
1630 5147 1890 5201 observet

190 5230 250 5284 in
282 5247 431 5301 pane
478 5242 533 5285 et
562 5248 730 5302 aqua,
778 5239 835 5287 et
867 5250 1231 5304 nequaquam
1282 5233 1541 5286 redimat.
1578 5233 1674 5287 His
1704 5235 1889 5304 exple-

192 5319 286 5386 tis,
318 5336 537 5374 sacram
568 5320 1036 5375 communionem
1068 5322 1324 5392 accipiat.

193 5408 321 5462 Car.
362 5409 425 5462 V.
477 5439 544 5448 —
586 5413 660 5463 De
708 5410 1034 5477 homicidiis,
1086 5417 1136 5464 et
1165 5411 1450 5464 calumniis
1496 5411 1884 5478 episcoporum,

690 5485 740 5534 et
760 5483 1093 5551 reliquorum
1122 5483 1390 5536 ordinum.

262 5584 374 5654 (Em
409 5586 595 5640 concil.
630 5586 782 5655 apud
816 5588 1111 5642 Theodonis
1134 5588 1324 5642 villam
1367 5586 1573 5652 habito,
1605 5588 1780 5656 capite
1809 5586 1885 5656 3.)

1985 3123 2041 3171 et
2073 3116 2489 3187 episcopalibus
2518 3117 2719 3170 bannis
2749 3117 3016 3187 episcopo
3045 3120 3368 3187 componat.
3398 3114 3456 3168 Si
3486 3119 3676 3167 autem

1986 3211 2243 3260 mortuus
2290 3204 2477 3271 fuerit,
2525 3206 2776 3275 singulas
2823 3206 3175 3274 supradictas
3204 3203 3677 3271 Quadragesimas

1987 3311 2117 3349 cum
2175 3293 2546 3363 sequentibus
2594 3294 2760 3347 annis
2803 3294 3099 3363 poeniteat,
3147 3298 3204 3345 et
3241 3292 3410 3346 CCCC
3445 3290 3673 3354 solidos,

1988 3399 2117 3437 cum
2150 3383 2321 3451 tripla
2368 3381 2457 3434 sui
2501 3381 2934 3450 compositione,
2973 3386 3029 3433 et
3075 3380 3490 3450 episcopalibus
3537 3379 3677 3431 ban-

1991 3472 2076 3525 nis
2140 3470 2462 3540 triplicibus
2530 3470 2794 3539 episcopo
2851 3474 3178 3538 componat.
3248 3468 3305 3522 Si
3373 3467 3678 3519 diaconum

1989 3560 2371 3614 calumniatus
2436 3559 2645 3621 fuerit,
2709 3562 2764 3611 et
2822 3557 3209 3623 convaluerit,
3271 3571 3363 3609 sex
3420 3555 3677 3618 Quadra-

1990 3648 2234 3719 gesimas
2307 3646 2430 3700 sine
2503 3646 2745 3699 subditis
2813 3646 2977 3699 annis
3028 3645 3341 3715 poeniteat,
3400 3648 3455 3696 et
3507 3641 3679 3697 CCCC

1989 3736 2197 3790 solidos
2269 3751 2400 3788 cum
2485 3734 2895 3804 compositione
2964 3750 3069 3787 sua
3142 3737 3197 3787 et
3262 3730 3677 3803 episcopalibus

1989 3824 2197 3878 bannis
2285 3824 2548 3894 episcopo
2633 3827 2957 3892 componat.
3029 3822 3087 3877 Si
3164 3826 3355 3875 autem
3423 3827 3680 3873 mortuus

1991 3911 2182 3977 fuerit,
2258 3912 2511 3981 singulas
2567 3927 2738 3981 supra
2809 3909 2988 3964 dictas
3057 3926 3149 3963 sex
3209 3907 3680 3978 Quadragesimas

1991 4016 2121 4054 cum
2153 4001 2521 4070 sequentibus
2564 4000 2727 4053 annis
2755 3998 3047 4069 poeniteat,
3081 4002 3137 4051 et
3180 3999 3268 4052 DC
3298 3997 3512 4049 solidos
3549 4012 3679 4049 cum

1992 4087 2203 4157 triplici
2255 4104 2355 4139 sua
2413 4086 2845 4158 compositione,
2908 4092 2961 4141 et
3006 4084 3424 4155 episcopalibus
3476 4081 3681 4135 bannis

1991 4175 2308 4245 triplicibus
2355 4176 2620 4245 episcopo
2652 4179 2979 4246 componat.
3024 4174 3080 4228 Si
3106 4173 3235 4244 quis
3281 4172 3681 4242 presbyterum

1993 4263 2371 4317 calumniatus
2417 4264 2606 4326 fuerit,
2651 4269 2707 4317 et
2755 4262 3115 4332 spassaverit,
3170 4277 3262 4314 sex
3304 4257 3679 4327 Quadragesi-

1994 4368 2116 4404 mas
2144 4351 2266 4405 sine
2309 4351 2549 4405 subditis
2580 4352 2745 4405 annis
2777 4352 3065 4422 poeniteat,
3111 4354 3167 4403 et
3196 4350 3283 4403 DC
3313 4348 3522 4401 solidos
3551 4361 3681 4399 cum

1992 4439 2204 4510 triplici
2258 4456 2359 4493 sua
2408 4440 2848 4509 compositione,
2904 4445 2959 4493 et
3005 4437 3419 4509 episc0palibus
3479 4434 3684 4489 bannis

1992 4527 2313 4597 triplicibus
2366 4528 2633 4597 episcopo
2687 4534 3010 4599 componat.
3068 4527 3122 4581 Si
3175 4531 3365 4580 autem
3422 4529 3684 4577 mortuus

1992 4616 2185 4681 fuerit,
2218 4616 2515 4670 duodecim
2549 4633 2835 4671 annorum
2867 4615 3201 4687 poenitentia
3243 4613 3551 4668 secundum
3586 4628 3683 4665 ca-

1993 4720 2171 4757 nones
2203 4705 2255 4758 ei
2276 4704 2626 4774 imponatur,
2675 4710 2730 4759 et
2783 4706 3001 4760 DCCCC
3034 4705 3247 4759 solidos
3293 4719 3423 4756 cum
3474 4700 3685 4769 triplici

1994 4792 2410 4862 compositione
2438 4810 2561 4859 sua,
2589 4797 2644 4846 et
2674 4794 3093 4863 episcopalibus
3126 4791 3330 4847 bannis
3364 4788 3686 4861 triplicibus

1995 4885 2319 4950 componat.
2370 4881 2427 4935 Si
2460 4881 2588 4950 quis
2618 4881 2882 4951 episcopo
2932 4882 3169 4935 insidias
3218 4880 3493 4950 posuerit,
3529 4893 3690 4931 com-

1996 4968 2384 5039 prehenderit,
2441 4970 2526 5022 vel
2586 4968 2645 5022 in
2703 4969 2896 5039 aliquo
2948 4968 3427 5032 dehonestaverit,
3489 4968 3685 5020 decem

1995 5057 2469 5127 Quadragesimas
2539 5072 2667 5110 cum
2740 5056 2980 5111 subditis
3059 5057 3225 5110 annis
3282 5056 3572 5125 poeniteat,
3631 5059 3687 5108 et

1996 5145 2311 5216 presbyteri
2342 5144 2509 5198 occisi
2540 5144 2822 5211 triplicem
2854 5144 3326 5213 compositionem
3357 5146 3682 5211 componat.

1997 5235 2053 5288 Si
2081 5239 2272 5288 autem
2303 5250 2431 5287 casu
2465 5238 2520 5287 et
2549 5249 2662 5285 non
2694 5238 2898 5302 sponte
2929 5232 3223 5297 occiditur,
3257 5248 3383 5284 cum
3422 5246 3684 5300 compro-

1995 5323 2326 5376 vincialium
2376 5322 2773 5393 episcoporum
2808 5320 3043 5374 consilio
3076 5320 3359 5373 homicida
3390 5320 3683 5391 poeniteat.

1996 5410 2053 5465 Si
2082 5411 2208 5481 quis
2237 5417 2428 5465 autem
2458 5416 2656 5481 sponte
2688 5426 2819 5463 eum
2867 5408 3155 5473 occiderit,
3188 5424 3416 5461 carnem
3450 5424 3562 5461 non
3594 5425 3685 5461 co-

1998 5499 2207 5563 medat,
2261 5499 2453 5552 vinum
2506 5515 2621 5553 non
2678 5498 2837 5552 bibat
2882 5496 3100 5551 cunctis
3157 5496 3358 5549 diebus
3391 5496 3514 5549 vita?
3547 5512 3686 5561 suae,

1997 5585 2292 5656 cingulum
2326 5587 2572 5641 militare
2626 5587 2893 5657 deponat,
2924 5585 3139 5656 absque
3171 5600 3270 5653 spe
3326 5583 3582 5653 conjugii
3626 5584 3688 5637 in
