3956 6302
259 303 364 354 767

1342 296 1750 353 BURCI'IARDI
1787 293 2320 352 WORMACIENSIS
2358 291 2688 348 EPISCOPI.

3652 289 3769 342 768

261 424 607 491 perpetuum
657 420 906 472 maneat.
953 417 1283 486 Aistolphus
1319 417 1727 488 Moguntiensis
1775 415 1954 469 archi-
1984 419 2029 470 Α
2069 416 2248 469 Deum
2305 414 2625 479 laudamus,
2675 408 3073 476 decantabunt,
3125 412 3181 462 et
3235 407 3314 461 sic
3343 407 3525 460 soluta
3564 411 3648 461 est
3677 424 3769 477 sy-

266 510 567 580 episcopus
620 505 760 560 dixit
807 522 820 559 :
862 505 919 559 Si
976 505 1327 575 principibus
1374 505 1670 574 placuerit,
1715 503 1957 574 aliisque

265 597 381 650 suis
430 595 720 660 ﬁdelibus,
755 609 1025 663 rogemus
1055 598 1119 646 ut
1149 593 1504 646 collaudetur
1547 597 1603 645 et
1632 593 1957 646 subscriba-

266 690 380 739 tur.
415 685 482 736 Et
537 682 924 736 collaudatum
975 686 1080 746 est,
1113 687 1170 736 et
1215 681 1596 751 subscriptum
1645 685 1752 745 est,
1783 686 1900 734 tam
1927 698 1960 734 a

267 771 549 843 principe,
580 787 752 842 quam
782 787 812 822 a
842 770 1054 822 cateris
1085 769 1370 822 omnibus.

722 857 848 911 CAP.
879 859 965 910 VI.
996 887 1065 896 -ο
1098 858 1179 910 De
1208 857 1392 910 eadem
1418 873 1494 910 re.

341 948 458 1010 (Ea:
505 947 726 1000 concilio
771 946 1130 1012 Triburiensi,
1180 948 1356 1013 capite
1410 949 1458 998 1.
1511 946 1832 1015 Capitulum
1879 963 1960 1000 ec-

267 1036 504 1090 clesiast.
552 1035 702 1104 apud
758 1034 1068 1088 Triburiam
1114 1050 1149 1087 a
1186 1034 1374 1089 Carolo
1427 1038 1476 1086 et
1524 1036 1715 1100 primis
1765 1036 1962 1088 Gallia

267 1129 315 1176 et
375 1123 676 1178 Germania
740 1122 1108 1175 collaudatum
1168 1126 1218 1174 et
1269 1121 1678 1189 subscriptum.)
1744 1123 1961 1176 Placuit

269 1211 433 1264 nobis
480 1216 537 1264 et
565 1211 827 1263 ﬁdelibus
881 1209 1111 1274 nostris,
1161 1213 1224 1262 ut
1271 1209 1415 1262 sicut
1465 1209 1536 1262 ab
1575 1208 1858 1280 episcopis
1905 1216 1962 1264 et

267 1297 504 1367 reliquis
552 1296 939 1350 sacerdotibus
979 1313 1043 1350 ac
1073 1297 1172 1350 Dei
1220 1297 1417 1365 servis,
1467 1297 1579 1350 alio
1610 1313 1760 1350 anno
1809 1299 1959 1367 apud

266 1386 590 1440 Theodonis
622 1386 813 1440 villam
857 1385 1140 1439 admoniti
1170 1385 1384 1439 fuimus
1415 1390 1470 1439 et
1499 1386 1700 1456 rogati,
1743 1392 1807 1440 ut
1835 1386 1958 1456 epi-

267 1475 420 1544 scopi
453 1479 512 1528 et
541 1490 740 1528 eorum
785 1473 1032 1527 ministri
1073 1490 1215 1544 quos
1245 1475 1392 1527 Deus
1422 1490 1523 1527 suo
1557 1490 1674 1527 non
1707 1475 1959 1529 humano

261 1562 480 1631 judicio
530 1562 858 1625 reservavit,
901 1563 1062 1632 juxta
1103 1568 1431 1617 sanctorum
1479 1578 1786 1627 canonum,
1836 1579 1962 1616 san-

268 1655 604 1719 ctorumque
656 1655 905 1720 patrum,
953 1667 1014 1703 ac
1060 1650 1461 1720 capitularium
1512 1651 1957 1719 praecedentium
1989 1687 2033 1742 Β

269 1753 473 1806 regum
520 1753 714 1791 coram
749 1738 1070 1808 positorum
1105 1742 1336 1803 statuta,
1383 1743 1442 1791 et
1471 1738 1570 1790 Dei
1619 1739 1958 1805 sacerdotes,

270 1841 588 1896 eorumque
654 1830 1082 1896 cooperatores,
1146 1841 1395 1896 quorum
1459 1825 1961 1881 intercessionibus

270 1914 783 1984 supplicationibus
834 1918 1025 1968 sancta
1072 1914 1174 1968 Dei
1222 1915 1465 1968 Ecclesia
1505 1921 1764 1969 constare
1811 1917 1960 1970 vide-

267 2004 381 2067 tur,
431 2000 628 2054 intacti
685 2005 1078 2072 permaneant.
1144 2001 1576 2067 Constituimus,
1628 2007 1692 2056 ut
1738 2002 1785 2056 si
1834 2003 1963 2074 quis

269 2089 680 2143 subdiaconum
738 2089 1116 2142 calumniatus
1191 2088 1406 2157 fuerit,
1461 2095 1518 2143 et
1571 2091 1958 2157 convaluerit,

267 2176 608 2246 panitentia
661 2177 934 2230 canonica
972 2176 1266 2246 paniteat,
1326 2183 1382 2230 et
1416 2178 1542 2231 CCC
1589 2179 1796 2232 solidos
1845 2180 1963 2248 epi-

269 2279 443 2334 scopo
476 2271 798 2335 componat.
831 2267 895 2318 Et
924 2265 971 2318 si
1003 2269 1262 2318 mortuus
1307 2266 1501 2332 fuerit,
1529 2267 1691 2335 juxta
1721 2267 1774 2321 id
1808 2269 1962 2336 quod

270 2367 516 2405 canones
567 2352 912 2421 pracipiunt
939 2353 1232 2422 paniteat,
1283 2359 1340 2407 et
1387 2353 1555 2408 CCCC
1587 2355 1798 2408 solidos
1840 2356 1961 2424 epi-

271 2456 448 2510 scopo
479 2446 802 2509 componat.
836 2441 892 2494 Si
923 2440 1224 2494 diaconum
1258 2441 1388 2510 quis
1423 2443 1804 2496 calumniatus
1833 2445 1962 2498 fue-

270 2528 366 2592 rit,
417 2531 473 2580 et
502 2529 874 2596 convaluerit,
925 2529 1200 2598 poeniteat
1237 2531 1551 2584 secundum
1595 2547 1860 2599 canones,
1907 2539 1963 2586 et

272 2615 442 2670 CCCC
490 2615 704 2668 solidos
747 2615 1012 2686 episcopo
1043 2622 1366 2686 componat.
1400 2618 1458 2672 Si
1504 2635 1618 2672 non
1658 2622 1960 2675 convalue-

270 2703 367 2768 rit,
403 2703 564 2772 juxta
611 2709 897 2774 pracepta
943 2705 1266 2773 synodalica
1310 2706 1604 2774 paniteat,
1647 2713 1704 2761 et
1735 2709 1821 2762 DC
1873 2725 1961 2762 so-

269 2792 416 2846 lidos
461 2793 728 2862 episcopo
773 2797 1096 2862 componat.
1129 2793 1188 2848 Si
1233 2794 1632 2864 presbyterum
1662 2796 1790 2866 quis
1815 2797 1963 2850 male

271 2879 616 2943 tractaverit,
664 2884 718 2932 et
763 2881 1124 2950 spassaverit,
1176 2882 1490 2935 secundum
1540 2883 1663 2953 ejus
1712 2883 1959 2954 episcopi

273 2968 616 3021 sententiam
676 2969 970 3038 paniteat,
1042 2974 1099 3021 et
1154 2969 1368 3026 DCCCC
1429 2970 1640 3024 solidos
1697 2972 1962 3042 episcopo

273 3061 599 3124 componat.
659 3055 717 3109 Si
773 3061 964 3108 autem
1036 3062 1295 3110 mortuus
1349 3058 1542 3123 fuerit,
1603 3062 1663 3112 ut
1719 3061 1963 3130 synodus

275 3142 690 3214 dijudicaverit,
722 3143 1020 3212 paniteat,
1053 3149 1108 3196 et
1134 3145 1290 3198 mille
1333 3146 1417 3200 CC
1457 3147 1668 3201 solidos
1698 3149 1963 3219 episcopo

273 3236 597 3298 componat.
656 3231 719 3282 Et
770 3230 818 3282 si
871 3231 998 3300 quis
1057 3231 1323 3301 episcopo
1377 3233 1609 3288 insidias
1667 3237 1962 3304 posuerit,

274 3317 795 3388 comprehenderit,
840 3319 928 3372 vel
956 3318 1016 3371 in
1047 3318 1241 3390 aliquo
1273 3320 1752 3392 dehonestaverit,
1783 3325 1964 3394 pani-

275 3411 393 3462 teat
436 3406 751 3460 secundum
796 3423 1083 3460 canonum
1134 3413 1364 3472 statuta,
1401 3413 1456 3461 et
1486 3409 1802 3479 presbyteri
1848 3426 1965 3462 non

273 3494 444 3548 occisi
484 3494 768 3562 triplicem
799 3494 1294 3565 compositionem,
1337 3511 1468 3548 cum
1507 3495 1714 3550 instilis
1747 3513 1875 3568 qua
1905 3497 1966 3551 in

274 3581 556 3651 superiori
589 3583 840 3650 capitulo
870 3581 1116 3650 scripta,
1151 3587 1207 3634 et
1237 3581 1591 3636 conﬁrmata
1621 3600 1743 3638 esse
1776 3587 1968 3639 viden-

273 3673 387 3736 tur,
442 3675 766 3748 componat.
814 3669 870 3722 Si
917 3669 1047 3739 quis
1093 3685 1196 3740 per
1242 3669 1585 3724 industriam
1635 3673 1964 3743 episcopum

275 3757 564 3823 occiderit,
612 3757 774 3826 juxta
817 3756 876 3810 id
924 3757 1074 3826 quod
1124 3758 1274 3828 apud
1333 3759 1652 3813 Theodonis
1701 3760 1894 3814 villam
1934 3778 1967 3815 a

273 3845 463 3900 XXXII
513 3844 795 3915 episcopis
842 3845 1136 3898 decretum
1177 3849 1279 3911 est,
1315 3850 1372 3899 et
1419 3846 1570 3915 quod
1609 3848 1692 3901 ibi
1739 3866 1771 3901 a
1800 3849 1966 3903 nobis

275 3937 332 3985 et
362 3949 394 3984 a
424 3933 763 4002 primatibus
801 3936 973 3986 totius
1017 3935 1356 4001 Germania,
1389 3940 1444 3988 et
1471 3935 1682 4003 Gallia,
1719 3937 1966 4008 benigna

275 4021 692 4075 collaudatione
745 4021 1130 4075 collaudatum
1173 4027 1276 4090 est,
1321 4028 1378 4076 et
1429 4023 1809 4094 subscriptum
1859 4033 1961 4096 est,

279 4109 569 4179 paniteat,
604 4115 660 4162 et
708 4109 1015 4179 pecuniam
1055 4127 1088 4163 a
1119 4109 1284 4163 nobis
1331 4127 1654 4166 concessam
1708 4114 1967 4169 Ecclesia

276 4198 523 4251 viduata
555 4200 858 4268 persolvat.
897 4199 962 4252 Et
999 4198 1108 4252 hoc
1139 4199 1206 4252 de
1236 4203 1429 4252 nostro
1460 4200 1788 4270 adjecimus,
1825 4207 1887 4256 ut
1915 4203 1962 4256 si
1994 4227 2037 4280 ι)

276 4287 402 4357 quis
435 4286 494 4339 in
543 4287 631 4339 his
681 4285 1023 4355 supradictis
1073 4291 1396 4340 sanctorum
1429 4305 1716 4343 canonum
1754 4291 1962 4344 nostri-

277 4391 388 4445 que
452 4375 662 4428 decreti
720 4375 1128 4441 sanctionibus,
1188 4375 1466 4447 episcopis
1519 4377 1854 4433 inobediens
1910 4383 1967 4432 et

275 4468 582 4516 contumax
633 4464 903 4530 extiterit,
954 4463 1205 4533 primum
1249 4465 1521 4519 canonica
1565 4467 1848 4520 sententia
1890 4467 1966 4520 fe-

275 4551 474 4606 riatur.
533 4552 743 4606 Deinde
790 4552 848 4606 in
883 4559 1076 4606 nostro
1123 4568 1299 4622 regno
1334 4553 1677 4608 beneﬁcium
1720 4570 1836 4607 non
1863 4554 1964 4607 ha-

275 4640 425 4704 beat,
461 4645 514 4693 et
541 4641 717 4693 alodis
747 4641 868 4710 ejus
895 4641 952 4694 in
978 4641 1233 4694 bannum
1267 4642 1545 4708 mittatur,
1587 4646 1643 4696 et
1674 4643 1720 4694 si
1748 4659 1966 4696 annum

277 4745 456 4781 unum
488 4735 545 4781 et
574 4729 725 4782 diem
775 4735 968 4784 nostro
999 4731 1190 4785 hanno
1237 4730 1618 4800 permanserit
1665 4731 1733 4784 ad
1763 4731 1965 4784 ﬁscum

276 4822 534 4870 nostrum
578 4818 887 4887 redigatur,
920 4825 976 4873 et
1001 4825 1201 4889 captus
1233 4819 1290 4871 in
1318 4819 1554 4871 exilium
1587 4819 1877 4888 religetur,
1910 4824 1966 4873 et

275 4905 356 4960 ibi
408 4910 526 4960 tam
583 4907 681 4960 diu
739 4908 1094 4961 custodiatur
1162 4913 1219 4960 et
1268 4893 1728 4976 constringatur,
1787 4907 1968 4960 donec

273 4999 499 5047 coactus
557 4995 690 5061 Deo,
746 5001 802 5048 et
847 5001 1052 5049 sancta
1112 4994 1372 5048 Ecclesia
1428 4995 1756 5059 satisfaciat,
1811 4996 1966 5066 quod

274 5083 435 5153 prius
491 5084 665 5154 gratis
714 5084 897 5138 facere
953 5084 1235 5138 noluerat.
1288 5084 1354 5136 Et
1392 5082 1440 5135 si
1488 5083 1752 5136 omnibus
1809 5083 1968 5137 vobis

274 5171 730 5241 complacuerint
771 5173 959 5226 dicite.
1001 5172 1065 5224 Et
1119 5170 1288 5223 tertio
1318 5171 1389 5223 ab
1429 5171 1694 5224 omnibus
1751 5174 1968 5227 concla-

274 5265 495 5313 matum
547 5265 652 5323 est,
695 5262 898 5329 placet.
954 5261 1018 5313 Et
1063 5259 1459 5328 imperatores,
1496 5264 1552 5312 et
1592 5275 1738 5329 pene
1769 5275 1966 5314 omnes

276 5347 474 5402 Gallia
515 5354 573 5401 et
613 5349 932 5402 Germania
981 5346 1268 5417 principes
1315 5348 1795 5417 subscripserunt,
1845 5349 1962 5402 sin-

275 5437 397 5505 guli
441 5437 695 5506 singulas
727 5436 996 5489 facientes
1039 5451 1252 5502 cruces,
1287 5440 1341 5489 et
1373 5435 1791 5489 Ecclesiasticus
1824 5438 1963 5491 ordo

279 5525 392 5581 Deo
441 5529 498 5578 et
536 5524 892 5596 principibus
943 5523 1135 5578 laudes
1176 5525 1484 5579 referentes
1535 5524 1836 5596 hymnum,
1889 5527 1966 5581 Te

2065 504 2271 557 nodus.
2291 573 2295 576 .

2528 591 2656 644 CAP.
2685 589 2800 642 VII.
2830 617 2897 626 —
2929 591 3002 641 De
3034 587 3217 641 eadem
3237 602 3308 639 re.

2140 681 2245 750 (Ea:
2283 680 2503 733 concilio
2553 681 2818 744 Mogunt.,
2850 679 3026 744 capite
3068 676 3183 741 24.)
3219 673 3326 738 Qui
3365 673 3771 743 presbyterum

2067 769 2338 823 occiderit
2368 767 2467 820 XII
2517 781 2804 818 annorum
2850 767 2901 816 ei
2943 763 3280 833 pauitantia
3330 763 3644 815 secundum
3678 777 3772 814 ca-

2066 872 2246 909 nones
2292 855 2622 924 imponatur
2670 857 2766 905 aut
2795 851 2843 904 si
2882 851 3197 922 negaverit,
3228 851 3275 904 si
3307 850 3449 903 liber
3494 855 3596 916 est,
3629 865 3770 902 cum

2070 945 2256 999 LXXII
2296 945 2468 1012 juret.
2523 941 2582 996 Si
2607 946 2800 994 autem
2843 956 3056 1004 servus,
3093 955 3265 1009 super
3311 938 3612 991 duodecim
3664 954 3768 990 vo-

2067 1049 2254 1086 meres
2283 1033 2564 1085 ferventes
2608 1046 2665 1083 se
2693 1033 2987 1098 expurget.
3043 1028 3342 1082 Convictus
3371 1043 3533 1080 noxa
3583 1041 3771 1096 usque

2068 1121 2140 1176 ad
2169 1121 2440 1174 ultimum
2490 1119 2616 1172 vitae
2668 1123 2894 1187 tempus
2939 1115 3157 1170 militia
3187 1115 3416 1185 cingulo
3464 1119 3672 1181 careat,
3707 1119 3769 1167 et

2067 1210 2283 1280 absque
2316 1224 2414 1278 spe
2446 1207 2699 1276 conjugii
2731 1215 2979 1259 maneat.

2233 1297 2362 1350 CAP.
2405 1297 2543 1348 Vlll.
2573 1324 2641 1332 —
2671 1297 2742 1348 De
2765 1292 3202 1359 interfectoribus
3229 1291 3586 1346 sacerdotum.

2141 1387 2252 1453 (Ea:
2297 1385 2518 1438 concilio
2560 1384 2943 1447 Wormacien.,
2998 1383 3174 1450 capite
3222 1381 3299 1449 3.)
3336 1379 3444 1444 Qui
3493 1379 3771 1433 sacerdo-

2067 1476 2184 1526 tem
2238 1471 2555 1525 voluntarie
2605 1469 2896 1536 occiderit,
2947 1485 3174 1521 carnem
3217 1483 3331 1520 non
3376 1467 3659 1533 comedat,
3705 1472 3776 1528 et

2067 1561 2264 1614 vinum
2312 1577 2425 1613 non
2473 1559 2632 1612 bibat
2673 1557 2890 1611 cunctis
2936 1557 3135 1610 diebus
3179 1557 3306 1609 vita
3346 1573 3486 1610 sua.
3533 1555 3768 1625 Jejunet

2069 1665 2250 1718 usque
2278 1648 2348 1702 ad
2377 1662 2694 1716 vesperam,
2743 1646 2993 1714 exceptis
3041 1645 3237 1698 diebus
3267 1641 3424 1697 festis
3463 1649 3635 1713 atque
3666 1643 3768 1696 do-

2071 1736 2327 1799 minicis;
2381 1751 2550 1788 arma
2598 1750 2712 1787 non
2763 1740 2973 1799 sumat,
3027 1748 3241 1804 equum
3299 1749 3412 1786 non
3466 1731 3766 1799 ascendat,

2072 1825 2375 1878 Ecclesiam
2422 1839 2525 1893 per
2571 1823 2827 1893 quinque
2878 1837 3055 1874 annos
3086 1836 3201 1874 non
3236 1821 3616 1891 ingrediatur,
3661 1821 3768 1874 sed

2071 1920 2203 1968 ante
2231 1915 2378 1968 fores
2424 1913 2684 1966 Ecclesia
2729 1916 2855 1965 stet.
2889 1913 3021 1965 Post
3054 1911 3311 1981 quinque
3361 1925 3540 1962 annos
3569 1909 3766 1962 Eccle-

2070 2003 2213 2056 siam
2269 2002 2645 2072 ingrediatur,
2696 1999 2956 2054 nondum
3009 2015 3142 2052 vero
3196 1997 3600 2063 communicet,
3661 1998 3768 2051 sed

2069 2092 2221 2146 inter
2265 2091 2562 2144 audientes
2612 2095 2737 2143 stet.
2784 2090 2924 2144 Cum
2974 2094 3165 2141 autem
3215 2087 3384 2140 fuerit
3437 2086 3768 2140 duodecimi

2070 2179 2206 2232 anni
2237 2195 2435 2231 cursus
2466 2178 2685 2242 ﬁnitus,
2717 2175 3175 2230 communicandi
3216 2175 3269 2228 ei
3301 2175 3530 2227 licentia
3560 2191 3766 2228 conce-

2071 2267 2256 2333 datur,
2298 2271 2355 2319 et
2396 2264 2691 2334 equitandi
2740 2263 3026 2317 tribuatur
3068 2262 3349 2316 remissio.
3397 2262 3620 2316 Maneat
3667 2278 3766 2315 au-

2069 2359 2183 2408 tem
2231 2355 2293 2407 in
2337 2352 2574 2423 reliquis
2612 2352 3102 2405 observationibus
3150 2357 3262 2403 tres
3307 2350 3427 2403 dies
3472 2365 3572 2420 per
3616 2349 3769 2403 heb—

2069 2443 2393 2509 domadam,
2425 2446 2489 2495 ut
2519 2439 2826 2509 perfectius
2852 2439 3144 2509 puriﬁcari
3169 2445 3481 2492 mereatur.

2143 2532 2275 2586 CAP.
2311 2532 2398 2586 IX.
2433 2561 2500 2568 —
2531 2532 2603 2584 De
2622 2529 2955 2598 presbyteris
2987 2528 3262 2596 depositis,
3296 2533 3345 2580 et
3374 2530 3452 2580 sic
3482 2529 3694 2581 occisis.

2143 2621 2252 2690 (Ea:
2281 2620 2466 2673 concil.
2525 2620 2831 2682 Turonico.,
2879 2632 2997 2685 cap.
3049 2616 3125 2685 3.)
3157 2615 3496 2668 Nuntiatum
3525 2619 3610 2668 est
3663 2631 3769 2668 no-

2069 2706 2173 2769 bis,
2207 2707 2363 2777 quod
2407 2704 2586 2775 aliqui
2619 2705 2757 2758 olim
2805 2704 3071 2758 dixerunt
3116 2719 3174 2756 se
3206 2703 3378 2756 fuisse
3421 2703 3767 2769 sacerdotes,

2071 2801 2128 2850 et
2164 2799 2366 2866 postea
2415 2793 2715 2864 degradati
2759 2809 2863 2863 pro
2913 2791 3028 2845 suis
3077 2793 3319 2861 peccatis
3369 2791 3772 2860 paenitentiam

2072 2883 2319 2954 agendo,
2352 2882 2624 2950 suffragia
2669 2886 2990 2934 sanctorum
3024 2896 3125 2949 per
3169 2880 3392 2933 diversa
3421 2881 3541 2932 loca
3579 2885 3771 2931 trans—

2073 2977 2275 3026 euntes
2319 2970 2690 3041 quasierunt,
2742 2968 3011 3022 trucidati
3059 2968 3189 3020 sint.
3239 2967 3644 3036 Hujuscemodi
3678 2967 3770 3020 in-

2073 3058 2472 3114 terfectoribus
2502 3073 2732 3110 omnem
2761 3055 3196 3110 ecclesiasticam
3226 3055 3564 3124 dignitatem
3597 3055 3773 3107 dene-

2074 3163 2296 3217 gamus,
2345 3147 2529 3200 donec
2580 3146 2814 3215 dignam
2860 3143 3259 3214 panitentiam
3308 3159 3410 3212 pro
3452 3147 3613 3194 reatu
3661 3157 3771 3194 suo

2073 3235 2387 3290 secundum
2439 3234 2719 3303 judicium
2772 3234 3172 3303 episcoporum
3226 3232 3519 3284 exsolvant
3567 3247 3579 3283 :
3629 3231 3772 3299 qnia

2073 3324 2302 3394 gravius
2331 3322 2456 3375 aliis
2485 3323 2790 3376 homicidis
2819 3321 3098 3390 panitere
3125 3319 3351 3372 debent.

2071 3413 2201 3466 CAP.
2235 3411 2304 3464 X.
2357 3441 2425 3449 —
2471 3413 2542 3464 De
2569 3409 2897 3480 presbyteris
2927 3410 3024 3476 qui
3062 3410 3177 3460 sine
3208 3409 3386 3460 orario
3425 3406 3768 3460 occiduntur.

2146 3501 2251 3572 (Ea:
2295 3499 2514 3553 concilio
2561 3499 2803 3563 Tribur.,
2856 3499 2943 3550 cui
2986 3498 3241 3560 interfuit
3285 3511 3383 3547 rea:
3429 3494 3774 3562 Arnolphus,

2073 3606 2194 3659 cap.
2246 3587 2362 3658 26.)
2422 3589 2488 3642 Ut
2517 3586 2836 3656 presbyteri
2886 3601 2999 3638 non
3050 3585 3275 3651 vadant,
3310 3584 3421 3637 nisi
3477 3584 3622 3636 stola
3674 3585 3773 3638 vel

2074 3677 2265 3732 orario
2295 3675 2500 3731 induti.
2538 3675 2678 3730 Etsi
2721 3674 2780 3727 in
2819 3674 3022 3727 itinere
3053 3673 3390 3742 spoliantur,
3435 3673 3520 3725 vel
3569 3673 3769 3726 vulne-

2071 3771 2291 3831 rantur,
2343 3770 2442 3818 aut
2487 3763 2841 3829 occiduntur,
2903 3778 3014 3814 non
3056 3763 3200 3814 stola
3247 3761 3456 3822 vestiti,
3517 3759 3769 3830 simplici

2073 3852 2475 3907 emendatione
2533 3865 2634 3902 sua
2686 3849 2996 3902 solvantur.
3052 3847 3110 3902 Si
3167 3853 3358 3901 autem
3413 3863 3544 3901 cum
3595 3848 3765 3915 stola,

2072 3941 2305 4013 triplici.

2072 4049 2203 4104 CAP.
2251 4046 2340 4099 XI.
2394 4073 2463 4083 ——
2495 4045 2575 4097 De
2630 4043 2942 4112 presbytero
2987 4044 3288 4108 interfecto,
3338 4042 3413 4095 ad
3465 4056 3620 4110 quem
3649 4042 3772 4110 ejus

2603 4117 2912 4182 compositio
2945 4115 3232 4184 pertineat.

2151 4207 2262 4276 (Ea:
2309 4202 2507 4270 eodem,
2556 4219 2675 4272 cap.
2724 4203 2802 4272 5.)
2851 4201 3166 4272 Presbyteri
3201 4200 3486 4254 interfecti
3536 4214 3772 4269 compo-

2073 4293 2202 4348 sitio
2251 4291 2517 4361 episcopo
2563 4291 2631 4344 ad
2666 4291 2827 4360 cujus
2857 4289 3188 4359 parochiam
3217 4289 3569 4358 pertinebat,
3591 4288 3776 4341 solva-

2071 4387 2193 4447 tur,
2248 4381 2326 4434 ita
2381 4380 2672 4444 videlicet,
2746 4383 2810 4432 ut
2871 4378 3234 4431 medietatem
3292 4375 3584 4446 Wirigeldi
3643 4377 3774 4446 ejus

2074 4470 2377 4540 episcopus
2420 4467 2767 4521 utilitatibus
2817 4468 3073 4520 Ecclesia
3106 4466 3197 4520 cui
3244 4465 3495 4535 prafuit,
3528 4464 3770 4531 tribuat,

2075 4563 2130 4612 et
2176 4559 2413 4610 alteram
2464 4556 2826 4609 medietatem
2882 4555 2940 4607 in
2987 4550 3564 4624 eleemosynam‘ejus
3613 4553 3772 4622 juste

2074 4646 2388 4717 dispertiat,
2440 4645 2576 4715 quia
2609 4645 2799 4696 nullus
2848 4642 3014 4695 nobis
3061 4643 3182 4712 ejus
3222 4643 3402 4695 haras
3451 4641 3775 4711 proximior

2074 4733 2317 4799 videtur,
2347 4747 2518 4802 quam
2546 4732 2641 4784 ille
2669 4730 2769 4801 qui
2797 4731 2984 4799 ipsum
3018 4730 3260 4783 Domino
3289 4728 3540 4782 sociavit.

2075 4841 2203 4895 Cap.
2236 4839 2350 4893 XII.
2374 4869 2441 4876 —
2474 4839 2554 4891 De
2581 4839 2691 4891 illis
2735 4840 2831 4905 qui
2857 4852 2954 4904 per
2982 4837 3216 4890 insidias
3263 4834 3611 4890 homicidium
3638 4849 3772 4903 per-

2742 4909 3092 4976 petraverint.

2147 4999 2264 5064 (Ea:
2293 4997 2479 5052 concil.
2521 4998 2840 5061 Nanneten.,
2885 5010 3004 5063 cap.
3035 4994 3116 5064 2.)
3165 4994 3222 5048 Si
3253 4994 3380 5064 quis
3426 4992 3769 5062 voluntarie,

2076 5090 2131 5140 et
2165 5101 2265 5155 per
2313 5083 2549 5138 insidias
2580 5083 2871 5137 hominem
2922 5083 3294 5148 interfecerit,
3318 5082 3446 5152 jugi
3493 5082 3775 5151 poeniten-

2075 5174 2170 5228 tia
2200 5189 2259 5227 se
2317 5173 2632 5227 submittat.
2669 5172 2738 5225 Et
2769 5172 2813 5224 si
2845 5173 2952 5224 hoc
3005 5171 3232 5241 publice
3289 5176 3477 5224 actum
3523 5175 3770 5238 constat,

2075 5262 2120 5315 si
2151 5261 2324 5314 laicus
2371 5265 2473 5324 est,
2506 5277 2538 5313 a
2568 5259 2975 5312 communione
3015 5259 3340 5312 orationum
3367 5257 3771 5328 quinquennio

2075 5352 2453 5404 removeatur.
2508 5351 2642 5402 Post
2687 5347 3150 5418 quinquennium
3197 5354 3419 5402 tantum
3452 5347 3511 5400 in
3560 5349 3775 5401 oratio-

2075 5453 2214 5492 num
2263 5435 2729 5491 communionem
2777 5435 3104 5506 recipiatur,
3142 5452 3256 5489 non
3308 5440 3493 5488 autem
3544 5434 3768 5504 offerat,

2074 5541 2194 5580 non
2247 5542 2454 5597 corpus
2509 5523 2738 5580 Domini
2787 5525 3108 5596 contingat.
3177 5526 3240 5578 1n
3285 5540 3400 5595 quo
3446 5523 3772 5594 perdurans
