3956 6304
180 341 277 393 769

1164 333 1640 391 DECRETORUM
1682 334 1871 391 LIBRI
1908 336 2017 391 ΧΧ.
2058 366 2127 374 --
2165 336 2372 391 LIBER
2414 336 2695 392 SEXTUS.

3569 346 3678 397 770

179 458 613 530 quatuordecim
664 456 846 523 annis,
869 459 1004 509 tunc
1047 456 1118 509 ad
1141 457 1368 527 plenam
1398 457 1863 511 communionem
1896 459 1939 513 Α
2049 458 2115 511 Et
2134 457 2369 524 idcirco,
2397 458 2441 510 si
2466 460 2758 512 voluntate
2780 460 2867 513 vel
2887 462 3233 532 negligentia
3258 464 3564 521 incidentis
3586 484 3675 520 ar-

181 564 308 603 cum
345 546 734 601 oblationibus
776 544 1106 615 recipiatur.

256 637 384 691 CAP.
418 636 563 691 XIII.
596 665 664 674 —
692 635 823 688 Item
856 633 922 687 de
952 634 1238 688 homicidio
1276 638 1462 703 sponte
1489 638 1783 689 commisso.

245 723 358 794 (Ea:
414 724 601 778 consil.
668 723 962 788 Ancirano,
1026 738 1145 791 cap.
1222 722 1336 794 2t.)
1387 723 1495 786 Qui
1549 723 1872 777 voluntarie

176 813 551 867 homicidium
612 811 868 878 fecerint,
939 811 1291 883 paenitentiae
1360 812 1592 883 quidem
1655 812 1874 883 jugiter

177 903 516 957 submittant
540 918 616 966 se,
662 900 1075 972 perfectionem
1120 917 1254 955 vero
1285 900 1434 955 circa
1480 902 1610 956 vita:
1656 902 1874 956 exitum

180 995 620 1062 censequantur.
764 1047 773 1052 ,

623 1078 749 1132 CAP.
781 1078 917 1134 XIV.
951 1109 1017 1118 —
1047 1080 1123 1131 De
1148 1078 1329 1131 eadem
1361 1094 1436 1132 re.

248 1168 356 1239 (Ea:
384 1168 574 1222 concil.
605 1168 895 1230 Pariensi.,
937 1182 1056 1235 cap.
1118 1166 1191 1234 6.)
1232 1166 1290 1220 Si
1344 1166 1472 1236 quis
1499 1165 1875 1220 homicidium

177 1264 376 1327 sponte
428 1256 797 1321 commiserit,
842 1259 898 1308 et
953 1271 1070 1307 non
1122 1254 1371 1307 violento
1429 1255 1717 1321 resistens,
1776 1254 1875 1308 sed

177 1346 291 1399 vim
320 1345 555 1409 faciens,
591 1343 955 1396 innocentem
1008 1346 1065 1396 et
1120 1342 1456 1412 simpliciter
1513 1342 1873 1413 gradientem

178 1434 548 1498 interfecerit,
581 1448 762 1505 usque
793 1434 862 1485 ad
891 1431 1067 1485 ﬁnem
1109 1431 1236 1485 vita:
1265 1448 1377 1484 suae
1408 1431 1661 1501 graviter
1688 1430 1873 1500 poeni-

183 1528 315 1588 teat,
348 1523 429 1576 sic
471 1526 686 1586 tamen,
729 1526 790 1574 ut
834 1520 881 1573 si
929 1520 1327 1591 paenitentiam
1376 1521 1521 1574 bene
1566 1519 1875 1591 peregerit,

185 1612 241 1664 in
271 1610 427 1663 exitu
457 1610 507 1662 ei
538 1608 959 1662 communionis
990 1607 1257 1660 viaticum
1289 1623 1401 1660 non
1434 1613 1695 1676 negetur.

286 1698 416 1753 CAP.
452 1698 559 1751 XV.
590 1726 659 1737 —
692 1699 768 1751 De
814 1696 1099 1749 homicidio
1129 1711 1233 1749 non
1261 1700 1445 1764 sponte
1474 1697 1769 1749 commisso.

244 1789 355 1855 (Ea:
386 1787 572 1840 concit.
598 1787 897 1849 Ancirano,
942 1800 1060 1853 cap.
1113 1786 1227 1849 22.)
1282 1786 1358 1837 De
1404 1783 1732 1837 homicidiis
1761 1798 1878 1835 non

179 1881 378 1944 sponte
412 1873 729 1927 commissis
759 1873 918 1942 prior
944 1873 1177 1943 quidem
1201 1872 1479 1939 deﬁnitio,
1504 1877 1633 1942 post
1652 1877 1881 1941 septen-

181 1980 309 2017 nem
356 1962 774 2032 paenitentiam,
820 1960 1228 2031 perfectionem
1273 1961 1549 2030 consequi
1599 1958 1876 2030 praecipit.

182 2052 442 2106 Secunda
471 2066 605 2102 vero
643 2048 1025 2119 quinquennii
1056 2054 1283 2117 tempus
1313 2049 1558 2117 explere.

636 2140 758 2193 CAP.
787 2138 918 2191 XVI.
962 2167 1029 2177 —
1051 2140 1125 2191 De
1153 2138 1336 2190 eadem
1365 2152 1441 2189 re.
1622 2192 1625 2193 ν

253 2226 362 2297 (Ea:
390 2228 578 2280 concil.
628 2228 951 2290 Nanneten.,
994 2240 1113 2293 cap.
1165 2226 1246 2293 2.)
1298 2224 1355 2277 Si
1412 2224 1541 2294 quis
1589 2239 1722 2277 casu
1765 2238 1882 2275 non

184 2317 399 2376 volens,
433 2314 811 2368 homicidium
853 2313 1286 2382 perpetraverit,
1340 2311 1720 2383 quadraginta
1763 2310 1882 2365 dies

180 2405 236 2457 in
270 2419 420 2474 pane
450 2408 507 2457 et
536 2419 682 2471 aqua
729 2402 1019 2471 poeniteat.
1072 2400 1289 2463 Quibus
1323 2399 1587 2470 peractis,
1648 2397 1880 2452 biennio

182 2496 249 2549 ab
311 2494 573 2548 oratione
621 2492 878 2546 ﬁdelium
926 2496 1276 2562 segregetur,
1338 2507 1457 2543 non
1504 2489 1886 2543 communicet

186 2600 289 2635 nec
313 2582 537 2647 offei'at,
571 2585 698 2650 post
724 2581 1022 2633 biennium
1066 2580 1125 2632 in
1156 2578 1623 2632 communionem
1665 2578 1883 2631 oratio-

189 2671 273 2724 nis
305 2670 655 2740 suscipiatur
688 2686 700 2721 :
737 2669 935 2722 olIerat
984 2673 1198 2733 autem,
1235 2684 1349 2720 non
1398 2672 1593 2720 tamen
1622 2682 1880 2719 commu-

192 2760 361 2812 nicet.
393 2760 530 2811 Post
560 2757 1023 2826 quinquennium
1055 2756 1122 2808 ad
1159 2756 1390 2824 plenam
1416 2754 1883 2808 communionem

190 2847 520 2916 recipiatur,
566 2845 911 2899 abstinentia
953 2844 1210 2897 ciborum
1251 2843 1311 2896 in
1342 2842 1576 2896 arbitrio
1621 2842 1885 2896 sacerdo-

196 2936 265 2988 tis
294 2940 547 2988 maneat.

1977 546 2180 600 borem
2206 547 2420 601 factum
2449 553 2554 609 est,
2586 553 2648 601 ut
2674 549 2960 603 homicida
2988 552 3336 619 poenitentia;
3368 555 3536 608 debet
3556 572 3678 609 om-

1980 636 2119 689 nino
2142 636 2420 691 submitti.
2446 637 2608 700 Quod
2639 654 2755 690 non
2786 643 2933 704 voto,
2968 639 3064 692 sed
3098 639 3314 694 incuria
3361 641 3533 710 illius,
3562 660 3680 698 non

1981 723 2227 794 denique
2252 726 2531 778 sententia
2574 725 2871 796 contingit,
2907 727 3006 781 sed
3064 727 3200 781 dum
3229 730 3325 783 ille
3381 732 3544 800 operi
3582 749 3679 785 ne-

1981 812 2223 865 cessario
2255 812 2505 866 fortassis
2552 814 2913 868 incumberet
2957 814 3060 868 iste
3117 816 3442 887 insperatus
3484 836 3680 873 occur-

1979 900 2056 953 rit
2086 899 2188 953 sub
2230 900 2451 966 arbore,
2490 906 2546 954 et
2602 901 2706 955 sub
2759 901 2884 971 ipsa
2937 918 3242 972 oppressus
3300 911 3401 972 est,
3471 906 3682 961 incisor

1983 988 2201 1042 arboris
2226 1004 2343 1041 non
2377 993 2603 1043 tenetur
2634 1006 2739 1059 pro
2770 990 3074 1045 homicida.

2391 1077 2517 1130 CAP.
2551 1077 2709 1132 XXII.
2741 1108 2808 1116 ——-
2852 1081 2924 1131 De
2954 1079 3142 1135 eadem
3175 1096 3252 1135 re.

2055 1163 2163 1233 (Ea:
2236 1166 2456 1218 concilio
2530 1165 2773 1227 Tribur.,
2849 1169 2957 1234 l7.)
3023 1167 3078 1219 Si
3159 1167 3273 1221 duo
3344 1167 3549 1222 fratres
3618 1169 3681 1223 in

1983 1252 2138 1321 sylva
2189 1252 2422 1305 arbores
2470 1252 2818 1307 succiderint
2869 1262 2925 1307 et
2963 1256 3464 1327 appropinquante
3514 1275 3680 1311 casu-

1983 1355 2045 1392 ra
2074 1340 2245 1392 unius
2275 1340 2514 1405 arboris,
2567 1341 2740 1394 frater
2804 1342 2965 1395 fratri
3022 1343 3231 1396 dixerit
3269 1360 3422 1412 cave,
3474 1351 3528 1399 et
3584 1346 3680 1399 ille

1982 1428 2209 1497 fugiens
2239 1428 2298 1481 in
2346 1426 2671 1499 pressuram
2720 1431 2937 1485 arboris
2984 1431 3263 1497 inciderit,
3316 1438 3373 1486 et
3417 1440 3679 1488 mortuus

1984 1516 2176 1581 fuerit,
2208 1516 2396 1569 vivens
2438 1517 2609 1571 frater
2657 1517 2930 1571 innocens
2977 1519 3044 1572 dc
3089 1521 3368 1589 sanguine
3417 1523 3678 1590 germani

1987 1604 2351 1673 dijudicetur.

1908 1740 1949 1793 Β
1989 1710 2119 1764 CAP.
2179 1711 2360 1764 XXIII.
2394 1741 2461 1749 —
2498 1716 2573 1767 De
2618 1713 2729 1766 illis
2769 1714 2949 1793 qui
2973 1714 3187 1793 publico
3219 1714 3348 1768 bello
3386 1715 3681 1770 homicidia

2666 1785 3020 1837 committunt.

2061 1871 2169 1935 (Em
2198 1871 2419 1923 concilio
2451 1872 2718 1937 Mogunt.,
2753 1874 2929 1940 capite
2977 1872 3054 1942 2.)
3113 1872 3351 1941 Oportet
3380 1877 3571 1926 autem
3598 1875 3683 1928 di-

1990 1955 2258 2025 ligentius
2290 1974 2384 2010 eos
2416 1958 2745 2023 admonere,
2780 1959 2879 2028 qui
2917 1958 3227 2012 homicidia
3265 1960 3324 2013 in
3356 1962 3506 2015 bello
3546 1978 3680 2031 per-

1970 2050 2209 2115 vpetrata
2228 2062 2334 2114 pro
2362 2046 2544 2098 nihilo
2574 2047 2808 2110 ducunt,
2861 2053 3193 2100 excusantes
3243 2066 3354 2102 non
3397 2050 3526 2103 ideo
3576 2066 3683 2103 ne-

1989 2149 2141 2186 cesse
2198 2134 2407 2187 habere
2468 2133 2537 2186 de
2594 2134 2832 2201 singulis
2899 2134 3081 2188 facere
3137 2136 3556 2205 paenitentiam,
3618 2154 3684 2191 eo

1991 2222 2144 2292 quod
2165 2222 2330 2291 jussu
2368 2221 2694 2292 principum
2740 2228 3035 2293 peractum
3091 2224 3180 2289 sit,
3233 2228 3285 2277 et
3330 2224 3427 2278 Dei
3465 2225 3685 2295 judicio

1988 2310 2067 2362 ita
2104 2309 2353 2363 ﬁnitum.
2386 2309 2606 2365 Scimus
2648 2310 2824 2378 enim,
2862 2312 3014 2381 quod
3070 2312 3168 2364 Dei
3202 2312 3484 2381 judicium
3535 2330 3685 2367 sem-

1988 2414 2096 2467 per
2121 2398 2340 2468 justum
2372 2403 2475 2461 est,
2503 2403 2558 2450 et
2588 2399 2745 2451 nulla
2776 2399 3219 2469 reprehensione
3267 2400 3525 2470 dignum.
3580 2402 3684 2456 Sed

1990 2492 2184 2539 tamen
2218 2491 2448 2556 oportet
2477 2503 2572 2540 eos
2610 2487 2994 2553 considerare,
3029 2488 3126 2558 qui
3156 2489 3303 2541 hanc
3334 2506 3530 2543 necem
3580 2506 3687 2542 nc-

1992 2574 2191 2628 fariam
2223 2575 2485 2644 cupiunt,
2540 2580 2728 2627 utrum
2780 2592 2838 2628 se
2893 2592 3084 2629 coram
3133 2578 3312 2629 oculis
3361 2578 3476 2645 Dei,
3526 2578 3689 2648 quasi

1991 2663 2255 2716 innoxios
2315 2679 2583 2715 excusare
2639 2663 2877 2732 possint,
2932 2665 3029 2734 qui
3068 2670 3304 2732 propter
3368 2667 3685 2731 avaritiam,

1996 2767 2124 2821 quae
2165 2752 2426 2804 omnium
2461 2752 2743 2805 malorum
2773 2751 2932 2805 radix
2965 2757 3068 2821 est,
3116 2758 3170 2806 et
3200 2753 3483 2806 idolorum
3520 2754 3691 2807 servi-

1995 2838 2103 2892 tuti
2160 2843 2547 2909 comparatur,
2602 2844 2774 2909 atque
2835 2845 3072 2910 propter
3134 2840 3382 2894 favorem
3418 2842 3688 2896 domino-

1995 2943 2122 2980 rum
2153 2944 2384 2981 suorum
2426 2929 2855 2998 temporalium,
2895 2934 3174 2982 internum
3214 2930 3516 2983 Dominum
3556 2948 3689 2984 con-

185 3041 310 3093 CAP.
345 3040 504 3092 XVII.
540 3068 609 3080 —
637 3042 708 3092 De
735 3039 828 3092 illo
853 3040 948 3105 qui
977 3038 1192 3091 domino
1221 3052 1316 3091 suo
1342 3038 1687 3105 praecipientc
1715 3038 1882 3091 homi—
1914 3016 1954 3071 δ
1991 3021 2383 3105 tempsewmi
2403 3020 2459 3069 et
2514 3017 2786 3105 mandata
2820 3017 2975 3105 illius
3006 3022 3356 3087 spernentes»
3393 3035 3504 3072 Ποῦ
3537 3034 3689 3084 (ἔθευ,

810 3110 1013 3162 cidium
1044 3108 1260 3174 fecerit.

252 3199 361 3269 (Ea:
401 3198 602 3261 eodem,
632 3214 752 3266 cap.
785 3200 898 3263 25.)
933 3197 988 3250 Si
1028 3198 1156 3266 quis
1186 3196 1332 3249 liber
1363 3195 1603 3264 jubente
1637 3194 1880 3248 Domino

184 3304 285 3341 suo
335 3302 564 3340 servum
613 3286 734 3354 ejus
784 3285 1073 3353 occiderit,
1121 3289 1184 3338 ut
1240 3283 1615 3337 homicidium
1681 3288 1883 3353 sponte

186 3376 555 3428 commissum
588 3374 878 3444 poeniteat.

187 3465 314 3519 CAP.
348 3465 548 3517 XVlII.
596 3493 666 3503 —
720 3467 790 3517 De
848 3463 940 3516 illo
988 3464 1083 3530 qui
1110 3477 1320 3515 servum
1347 3476 1502 3514 suum
1530 3462 1883 3526 interfecérit.

255 3555 362 3622 (Ea:
401 3553 583 3606 concil.
612 3552 906 3618 Agat/tera,
935 3566 1052 3618 cap.
1086 3550 1193 3617 62.)
1225 3549 1283 3602 Si
1314 3548 1442 3619 quis
1473 3564 1700 3601 servum
1750 3564 1885 3617 pro-

186 3642 400 3711 prium,
434 3641 555 3694 sine
602 3639 947 3694 conscientia
973 3639 1061 3691 vel
1086 3637 1301 3707 judicio
1356 3637 1568 3706 judicis
1598 3636 1884 3704 occiderit,

194 3736 258 3784 ut
286 3728 664 3784 homicidium
688 3732 888 3797 sponte
916 3726 1285 3779 commissum
1320 3726 1533 3792 lugeat.

186 3838 319 3892 CAP.
353 3837 487 3893 XIX.
529 3866 597 3874 —-
652 3837 723 3887 De
751 3835 956 3899 femina
1005 3848 1122 3901 quae
1149 3833 1336 3897 furore
1366 3832 1468 3884 zeli
1523 3844 1744 3884 accensa
1784 3846 1889 3884 an-

414 3909 596 3961 cillam
639 3921 794 3959 suam
826 3906 1185 3957 verberaverit
1213 3908 1263 3955 et
1291 3906 1370 3955 sic
1416 3903 1663 3970 perierit.

260 3996 386 4063 (Ea:
403 3996 626 4049 concilio
652 3994 973 4059 Elibertan.,
999 3994 1175 4059 capite
1196 3992 1271 4056 5.)
1303 3989 1360 4043 Si
1381 4005 1495 4059 qua
1522 3989 1758 4043 domina
1795 3989 1889 4042 fu-

188 4101 318 4140 rore
374 4084 480 4137 zeli
562 4098 816 4150 accensa,
876 4080 1116 4150 ﬂagellis
1172 4078 1557 4132 verberaverit
1622 4077 1890 4131 ancillam

189 4189 375 4238 suam,
435 4172 510 4226 ita
566 4176 630 4224 ut
657 4170 805 4224 infra
844 4169 996 4223 diem
1028 4167 1263 4221 tertium
1321 4166 1573 4220 animam
1633 4166 1888 4219 cruciatu

191 4263 468 4326 effundat,
493 4276 558 4313 eo
588 4259 740 4329 quod
769 4257 1050 4311 incertum
1080 4256 1154 4308 sit
1183 4255 1495 4321 voluntate,
1531 4270 1604 4307 an
1631 4270 1763 4307 casu
1789 4270 1881 4307 oc-
1914 4296 1956 4348 Β

189 4353 397 4406 ciderit
431 4364 445 4405 :
481 4350 529 4402 si
557 4349 864 4414 voluntate,
897 4349 1027 4417 post
1058 4350 1275 4415 septem
1300 4362 1496 4411 annos,
1530 4346 1577 4397 si
1599 4361 1750 4411 casu,
1778 4361 1884 4414 per

192 4438 575 4512 quinquennii
604 4443 885 4506 tempora,
939 4441 1060 4489 acta
1103 4434 1361 4503 legitima
1413 4433 1769 4504 poenitentia,
1818 4433 1888 4486 ad

190 4525 656 4581 communionem
689 4524 902 4594 placuit
952 4522 1195 4576 admitti.
1248 4521 1411 4585 Quod
1452 4522 1499 4574 si
1538 4521 1688 4574 infra
1736 4525 1889 4574 tem-

189 4631 335 4687 pora
365 4613 680 4668 constituta
705 4612 877 4666 fuerit
905 4611 1215 4678 inﬁrmata,
1244 4609 1484 4680 accipiat
1531 4608 1891 4663 communio-

191 4720 326 4759 nem
337 4746 347 4756 .

648 4789 772 4844 CAP.
806 4790 910 4844 XX.
943 4817 1011 4827 —
1049 4790 1115 4841 De
1142 4787 1327 4840 eadem
1354 4802 1432 4839 re.

264 4880 375 4947 (Ea:
404 4879 545 4932 decr.
580 4878 825 4934 Silvestr.
855 4878 1060 4945 papae.)
1100 4875 1157 4929 Si
1192 4874 1318 4945 quis
1360 4873 1657 4927 hominem
1697 4872 1896 4943 publi-

194 4982 255 5020 ce
301 4966 678 5037 pcenitentem
737 4963 1111 5028 interfecerit,
1169 4966 1234 5015 ut
1286 4961 1658 5015 homicidium
1692 4965 1895 5031 sponte

195 5054 567 5109 commissum
598 5053 902 5122 dupliciter
933 5052 1229 5123 paeniteat,
1265 5054 1320 5103 et
1367 5049 1479 5103 nisi
1524 5050 1582 5103 in
1626 5049 1740 5103 ﬁne
1782 5066 1896 5103 non

196 5144 603 5197 communicet.

200 5250 330 5304 CAP.
390 5250 523 5304 XXI.
584 5278 652 5286 —
709 5250 781 5301 De
830 5247 942 5299 illis
996 5247 1092 5314 qui
1133 5246 1192 5297 in
1238 5260 1393 5313 opere
1440 5246 1735 5298 necessario
1773 5260 1902 5299 casu

633 5318 981 5372 homicidium
1015 5317 1464 5384 perpetrauerint.

273 5410 389 5477 (Ea:
416 5409 639 5462 concilio
685 5408 1062 5472 Wormacien.,
1122 5407 1299 5474 capite
1336 5406 1417 5474 5.)
1466 5403 1627 5472 Saepe
1674 5401 1904 5455 contin-

202 5496 286 5566 git
314 5501 394 5562 ut,
432 5495 570 5549 dum
600 5494 729 5565 quis
758 5495 919 5565 Operi
973 5493 1293 5549 necessario
1332 5492 1601 5545 insistens
1641 5489 1904 5543 arborem

202 5584 437 5655 incidat,
494 5583 700 5655 aliquis
750 5584 951 5639 subtus
994 5584 1176 5653 ipsam
1229 5581 1462 5635 veniens
1521 5577 1899 5650 deprimatur.

1998 3105 2093 3157 sed
2135 3120 2238 3174 per
2293 3103 2638 3157 industriam
2698 3104 3070 3159 homicidium
3124 3106 3401 3159 fecerunt.
3437 3107 3575 3160 Nam
3625 3107 3692 3160 de

1994 3192 2083 3245 his
2118 3194 2381 3261 legimus,
2416 3192 2515 3262 qui
2557 3192 2816 3245 homines
2871 3209 2983 3246 non
3014 3199 3218 3264 sponte
3259 3194 3689 3251 interfecerunt.

1998 3281 2175 3332 Deum
2208 3296 2311 3348 per
2341 3280 2723 3348 legislatorem
2764 3282 2944 3334 urbes
2994 3282 3203 3350 refugii
3245 3282 3565 3351 deputasse,
3622 3282 3694 3335 ad

1996 3384 2137 3436 quas
2169 3368 2563 3436 confugientes
2617 3369 2973 3421 saltarentur
3024 3369 3095 3421 ab
3162 3370 3345 3421 ultore
3395 3367 3693 3437 sanguinis

1994 3455 2240 3525 proximi
2300 3455 2407 3520 sui,
2466 3461 2522 3509 et
2559 3472 2675 3510 non
2706 3460 3082 3509 morerentur.
3120 3456 3278 3509 Unde
3325 3456 3383 3508 in
3428 3457 3695 3510 Deutero-

1995 3544 2190 3597 nomio
2222 3543 2495 3613 scriptum
2528 3550 2614 3597 est
2647 3561 2658 3597 :
2695 3545 2821 3597 Haec
2862 3544 2971 3597 erit
2998 3544 3085 3596 lex
3129 3543 3451 3610 linmicidai,
3487 3543 3578 3597 cui
3609 3543 3691 3596 vi-

1998 3638 2057 3686 ta
2091 3632 2367 3686 servanda
2398 3637 2508 3684 est:
2544 3631 2651 3695 Qui
2681 3632 3019 3702 percusserit
3052 3632 3378 3701 proximum
3410 3630 3691 3696 nesciens,

1999 3726 2055 3775 et
2074 3721 2219 3786 heri,
2254 3725 2309 3774 et
2327 3720 2539 3773 nudius
2570 3721 2774 3773 tertius
2812 3721 3034 3773 nullum
3065 3726 3260 3773 contra
3290 3736 3420 3772 eum
3463 3718 3693 3772 habuis-

1999 3827 2056 3864 se
2092 3810 2288 3864 odium
2318 3809 2739 3879 comprobatur,
2795 3809 2889 3862 sed
2933 3808 3138 3861 abiisse
3187 3806 3520 3878 simpliciter
3565 3822 3691 3860 cum

2001 3915 2067 3952 eo
2101 3898 2162 3951 in
2196 3899 2409 3967 sylvam
2441 3900 2511 3951 ad
2554 3898 2708 3967 ligna
2745 3896 3033 3963 caedenda,
3068 3901 3121 3949 et
3166 3897 3226 3949 in
3270 3896 3581 3949 succisione
3628 3895 3697 3948 li-

2002 4002 2247 4056 gnorum
2281 3988 2493 4040 securis
2522 3987 2733 4057 fugerit
2761 3987 2830 4040 de
2862 4002 3055 4052 manu,
3083 3990 3181 4038 aut
3217 3985 3432 4039 ferrum
3475 3985 3699 4053 lapsum

2001 4074 2070 4128 de
2099 4074 2399 4127 manubrio
2439 4076 2688 4128 amicum
2720 4075 2843 4143 ejus
2901 4074 3242 4145 percusserit
3298 4078 3355 4126 et
3407 4072 3699 4139 occiderit,

2002 4162 2094 4215 hic
2123 4163 2193 4215 ad
2224 4177 2401 4216 unam
2433 4163 2666 4216 urbium
2706 4163 3162 4233 supradictarum
3202 4160 3493 4230 confugiat
3524 4167 3579 4215 et
3611 4159 3699 4213 vi-

2002 4255 2114 4315 vat,
2144 4266 2248 4303 nec
2296 4250 2587 4320 proximus
2639 4250 2781 4320 ejus,
2843 4253 3006 4320 cujus
3065 4250 3295 4321 sanguis
3350 4248 3562 4303 effusus
3594 4252 3697 4313 est,

1996 4339 2225 4392 stimulo
2276 4339 2491 4392 doloris
2535 4338 2817 4409 percutiat
2850 4339 3101 4393 animam
3157 4340 3295 4409 ejus.
3336 4339 3410 4392 De
3448 4353 3513 4390 eo
3568 4351 3701 4389 vero

1996 4427 2094 4497 qui
2166 4443 2267 4497 per
2325 4426 2669 4481 industriam
2735 4426 2988 4497 aliquem
3042 4428 3332 4494 occiderit,
3393 4426 3452 4479 in
3515 4426 3701 4479 Exodo

1999 4515 2275 4584 scriptum
2307 4519 2392 4569 est
2425 4531 2437 4567 :
2477 4514 2535 4569 Si
2582 4515 2710 4586 quis
2764 4516 2834 4568 de
2864 4515 3165 4582 industria,
3199 4520 3254 4568 et
3309 4531 3414 4584 per
3466 4514 3703 4567 insidias

2000 4603 2272 4657 occiderit
2301 4603 2650 4673 proximum,
2680 4603 2749 4657 ab
2781 4603 2945 4656 altari
2986 4620 3116 4657 meo
3166 4604 3373 4657 evelles
3425 4619 3580 4671 eum,
3636 4608 3703 4656 ut

2001 4690 2298 4744 moriatur.
2331 4690 2400 4744 Et
2435 4690 2494 4743 in
2530 4691 2972 4744 Deuteronomio
3009 4706 3022 4743 :
3065 4691 3123 4745 Si
3163 4691 3292 4761 quis
3324 4691 3455 4745 odio
3484 4691 3702 4744 habens

1999 4776 2327 4848 proximum
2376 4794 2543 4831 suum
2592 4778 2894 4832 insidiatus
2925 4778 3100 4833 fuerit
3132 4779 3261 4832 vitae
3289 4780 3430 4849 ejus,
3485 4783 3540 4833 et
3573 4795 3705 4831 sur-

2004 4882 2164 4937 gens,
2215 4864 2558 4936 percusserit
2600 4882 2754 4930 eum,
2806 4871 2861 4920 et
2903 4871 3164 4921 mortuus
3214 4869 3401 4935 fuerit,
3442 4867 3708 4937 effugerit

2006 4955 2077 5009 ad
2131 4970 2304 5008 unam
2340 4954 2410 5008 de
2446 4954 2809 5024 supradictis,
2861 4955 3120 5025 urbibus,
3178 4956 3408 5011 mittent
3453 4957 3706 5011 seniores

2008 5042 2246 5098 civitatis
2274 5043 2449 5109 illius,
2485 5048 2541 5096 et
2574 5044 2800 5113 rapiant
2826 5060 2957 5097 eum
2991 5045 3059 5098 de
3086 5046 3208 5099 loco
3236 5045 3465 5116 refugii,
3502 5050 3559 5100 et
3587 5050 3706 5099 tra-

2010 5134 2145 5187 dent
2173 5148 2303 5186 eum
2333 5131 2394 5184 in
2425 5147 2627 5185 manus
2657 5130 2909 5202 proximi
2939 5132 3082 5202 ejus,
3115 5134 3275 5202 cujus
3304 5133 3536 5202 sanguis
3572 5133 3707 5186 etfu-

2010 5238 2105 5275 sus
2136 5225 2241 5281 est.
2282 5224 2338 5274 et
2367 5219 2664 5289 moriatur,
2713 5236 2817 5273 nec
2860 5220 3221 5274 misereberis
3266 5222 3406 5290 ejus.
3464 5222 3519 5275 Si
3570 5237 3706 5290 ergo

2011 5311 2174 5364 illum
2205 5326 2376 5380 quem
2408 5310 2681 5363 Dominus
2738 5309 2977 5379 dignum
3036 5315 3218 5363 morte
3258 5326 3378 5362 esse
3432 5309 3712 5378 judicavit

2012 5414 2176 5453 reum
2205 5414 2323 5451 non
2368 5415 2489 5452 esse
2538 5397 2666 5469 quis
2715 5397 2870 5462 dicit,
2905 5397 3192 5468 quomodo
3235 5396 3557 5451 contrarius
3594 5398 3710 5469 legi

2015 5486 2112 5541 Dei
2147 5502 2260 5541 non
2312 5487 2518 5553 existit,
2559 5488 2657 5557 qui
2706 5487 2817 5540 hoc
2860 5486 3011 5557 quod
3051 5487 3197 5540 Deus
3242 5484 3537 5556 praecepit,
3589 5503 3709 5541 cas-

2013 5592 2141 5630 sum
2197 5591 2319 5630 esse
2376 5575 2710 5631 contendit?
2757 5575 2867 5631 Sed
2922 5574 3073 5631 inter
3110 5574 3234 5630 haec
3264 5574 3556 5630 sciendum
3601 5580 3708 5644 est,
