3956 6302
274 321 370 373 771
1347 307 1755 366 BUBCHARIH
1792 260 2323 362 WORMACIEIXSIS
2361 298 2696 357 EPISCOPI.

3666 297 3781 349 772

276 443 427 514 quod
456 454 664 509 magna
685 437 946 491 distantia
971 440 1053 489 est
1074 435 1224 488 inter
1249 433 1568 504 legitimum
1619 431 1964 502 principem,
1993 431 2040 483 Α
2077 426 2377 496 episcopos
2408 427 2528 478 tota
2557 421 2732 476 animi
2764 422 2974 475 virtute
3007 421 3267 490 diligere,
3291 425 3357 476 ut
3388 421 3584 475 oculos
3615 436 3779 484 suos,

277 536 332 584 et
361 528 694 582 seditiosum
740 530 1045 594 tyrannum
1086 540 1098 576 :
1132 523 1281 576 inter
1329 539 1462 578 eum
1510 523 1608 592 qui
1639 520 1966 574 subvertere

277 617 480 670 nititur
510 612 846 668 Christiana:
872 611 1026 680 pacis
1061 610 1552 680 tranquillitatem,
1588 614 1644 663 et
1673 609 1836 661 illum
1871 604 1974 677 qui

279 705 452 758 armis
482 707 675 754 contra
701 700 1062 770 iniquitatem
1087 704 1264 752 certat
1283 698 1586 752 defendere
1610 697 1965 767 aequitatem.

281 811 408 864 CAP.
440 808 622 863 XXIV.
649 837 717 846 —
749 808 830 860 De
858 807 972 860 illis
997 809 1092 873 qui
1118 805 1182 858 de
1211 805 1500 859 homicidio
1525 808 1651 857 sunt
1689 804 1969 868 infamati,

913 879 965 930 si
1002 878 1334 942 negaverint.

352 969 462 1037 (Ezc
501 968 720 1021 concilio
767 969 1056 1030 Turonen.,
1113 966 1290 1032 capite
1339 963 1412 1030 2.)
1474 961 1579 1016 Ubi
1613 959 1973 1015 manifestari

279 1061 468 1126 potest
514 1054 830 1124 quemlibet
859 1051 1156 1106 hominem
1210 1055 1564 1120 perpetrasse
1595 1046 1972 1102 homicidium

282 1143 594 1198 secundum
625 1141 958 1196 canonicam
1009 1140 1426 1206 auctoritatem,
1457 1137 1806 1207 condignum
1853 1151 1972 1204 pas-

283 1231 540 1286 nitentiae
565 1230 849 1300 judicium
877 1229 962 1282 illi
992 1227 1306 1297 ingeratur.
1338 1227 1394 1281 Si
1425 1231 1615 1280 autem
1655 1221 1972 1278 manifestis

280 1319 506 1374 indiciis
550 1333 667 1371 non
723 1321 910 1387 potest
944 1315 1174 1386 probari
1230 1331 1361 1369 eum
1412 1313 1758 1368 homicidam
1827 1326 1970 1374 esse,

279 1423 384 1460 nec
406 1407 527 1477 ipse
556 1406 676 1458 vult
713 1404 994 1468 conﬁteri,
1027 1403 1434 1472 omnipotentis
1467 1402 1565 1458 Dei
1603 1399 1822 1470 judicio
1880 1396 1972 1451 cui

283 1494 477 1546 omnia
516 1493 732 1546 occulta
758 1492 1055 1544 manifesta
1084 1496 1234 1554 sunt,
1287 1494 1606 1543 reservetur
1639 1505 1652 1540 :
1689 1487 1742 1540 ei
1779 1492 1971 1539 tamen

280 1582 564 1634 indicetur
603 1579 891 1649 publicea
942 1579 1296 1648 presbytero,
1357 1578 1510 1648 quod
1567 1577 1971 1629 communione

282 1668 658 1722 ecclesiastica
679 1668 948 1737 indignus
973 1669 1063 1731 sit,
1095 1672 1150 1720 et
1189 1683 1252 1718 ea
1296 1682 1486 1719 carere
1523 1665 1746 1727 debeat,
1795 1663 1972 1715 donec

283 1761 670 1828 perpetratum
728 1755 943 1808 crimen
997 1755 1358 1818 conﬁteatur,
1408 1758 1464 1806 et
1516 1769 1618 1823 per
1675 1751 1974 1805 confessio-

283 1862 437 1911 nem,
471 1851 526 1898 et
554 1861 658 1914 per
704 1843 1105 1913 paenitentiam
1135 1842 1502 1912 condignam,
1556 1841 1625 1894 ab
1654 1839 1761 1894 hoc
1782 1839 1972 1894 crimi-

210 1995 214 2005 l
282 1951 354 1988 ne
377 1950 434 1986 se
465 1933 754 1986 absolvere
785 1936 978 1984 certet.

291 2024 416 2078 CAP.
443 2022 592 2075 XXV.
637 2051 704 2059 —
736 2023 809 2073 De
865 2022 1084 2082 insano,
1115 2021 1166 2071 si
1193 2016 1537 2071 homicidium
1563 2017 1982 2085 perpetrauerint

357 2112 470 2178 (Eae
499 2109 695 2172 eodem,
748 2109 924 2176 capite
968 2108 1044 2175 7.)
1105 2105 1163 2160 Si
1197 2106 1325 2176 quis
1380 2105 1672 2158 insaniens
1725 2104 1976 2174 aliquem

286 2199 573 2260 occiderit,
633 2195 678 2248 si
728 2196 798 2249 ad
843 2211 1041 2248 sanam
1095 2200 1346 2247 mentem
1391 2192 1737 2263 pervenerit,
1796 2192 1977 2246 levior

286 2282 337 2335 ei
391 2280 730 2351 poenitentia
782 2277 1132 2348 imponenda
1180 2282 1292 2337 est,
1345 2293 1519 2346 quam
1572 2276 1626 2330 ei
1681 2276 1782 2346 qui
1839 2291 1978 2331 sana

285 2375 474 2423 mente
503 2370 613 2422 tale
639 2367 777 2438 quid
810 2366 1176 2420 commiserit.
1212 2365 1314 2418 Cui
1353 2365 1612 2435 quamvis
1643 2365 1981 2435 pcenitentia

287 2459 360 2511 sit
407 2457 779 2527 imponenda,
825 2456 959 2526 quia
996 2453 1302 2507 inﬁrmitas
1346 2469 1515 2507 causa
1545 2452 1764 2523 peccati
1807 2452 1980 2506 fuisse

287 2547 580 2600 creditur:
625 2550 847 2598 tantum
887 2548 1078 2597 tamen
1125 2543 1328 2608 lenior,
1371 2558 1543 2612 quam
1593 2541 1646 2595 ei
1676 2541 1776 2612 qui
1807 2557 1978 2594 sanus

291 2636 538 2705 aliquem
570 2633 857 2698 occiderit,
909 2637 1185 2702 quantum
1215 2631 1366 2683 inter
1393 2647 1596 2684 sanum
1628 2635 1683 2684 et
1708 2631 1976 2683 insanum

289 2727 346 2776 et
398 2722 792 2776 irrationabile
850 2737 881 2773 a
935 2719 1262 2774 rationabili
1319 2723 1544 2772 constat
1598 2734 1720 2772 esse
1781 2718 1981 2772 discri-

291 2811 482 2865 minis.

298 2901 428 2954 CAP.
489 2899 661 2953 XXVI.
713 2929 783 2937 —
824 2900 896 2951 De
943 2897 1058 2950 illis
1097 2898 1193 2964 qui
1242 2897 1489 2964 veneﬁcio
1517 2894 1813 2949 homicidia
1843 2910 1982 2949 com-

1012 2969 1256 3020 mittunt.

363 3062 471 3124 (Ea:
527 3057 751 3112 concilio
826 3056 1092 3118 Eliberit.,
1151 3057 1329 3122 capite
1385 3054 1463 3123 5.)
1542 3053 1601 3107 Si
1663 3053 1790 3123 quis
1846 3070 1979 3107 vero

289 3145 565 3200 veneﬁcio
595 3144 940 3198 interfecerit
976 3143 1238 3208 alterum,
1281 3158 1348 3196 eo
1381 3142 1534 3212 quod
1575 3141 1697 3196 sine
1745 3142 1982 3196 idolola-

290 3235 400 3290 tria
431 3234 702 3305 perﬁcere
760 3233 940 3286 scelus
969 3248 1086 3284 non
1119 3231 1329 3301 potuit,
1363 3231 1473 3284 nisi
1505 3231 1565 3284 in
1595 3231 1708 3285 ﬁne
1772 3231 1984 3302 imper-

293 3322 547 3376 tiendam
571 3338 684 3374 non
715 3337 837 3375 esse
866 3320 951 3374 illi
975 3319 1460 3373 communionem.

295 3429 423 3483 CAP.
450 3429 651 3482 XXVII.
682 3459 753 3468 —
783 3431 857 3482 De
879 3429 971 3481 illo
998 3442 1095 3496 per
1123 3427 1279 3494 cujus
1329 3426 1648 3480 delationem
1673 3427 1875 3495 aliquis
1904 3429 1986 3480 in-

892 3501 1146 3564 terfectus
1185 3499 1380 3561 fuerit.

365 3587 488 3652 (Eae
538 3586 736 3650 eodem,
775 3589 953 3654 capite
1017 3586 1092 3651 1.)
1147 3585 1378 3638 Delator
1425 3584 1473 3637 si
1532 3584 1660 3654 quis
1710 3585 1988 3639 exstiterit

294 3675 498 3740 ﬁdelis,
529 3679 586 3726 et
613 3689 718 3742 per
749 3672 1094 3726 delationem
1125 3673 1247 3741 ejus
1279 3671 1485 3742 aliquis
1510 3671 1765 3726 ﬁdelium
1817 3673 1988 3726 fuerit

295 3763 658 3832 praescriptus
688 3760 775 3813 vel
823 3760 1169 3825 interfectus,
1205 3760 1418 3829 placuit
1464 3776 1594 3814 cum
1617 3776 1733 3814 non
1763 3760 1874 3814 nisi
1927 3761 1987 3814 in

296 3850 412 3904 ﬁne
445 3849 698 3919 accipere
731 3848 1216 3905 communionem.
1251 3847 1306 3902 Si
1359 3848 1534 3902 levior
1579 3865 1748 3902 causa
1792 3848 1984 3914 fuerit,

297 3941 447 3992 intra
472 3938 935 4008 quinquennium
967 3937 1220 4007 accipere
1241 3937 1706 3991 communionem
1755 3937 1982 4007 poterit.

297 4028 354 4082 Si
391 4027 833 4081 catechumenus
871 4027 1064 4094 fuerit,
1114 4031 1243 4096 post
1288 4025 1675 4098 quinquennii
1726 4029 1988 4096 tempora

297 4115 634 4170 admittatur
664 4115 731 4168 ad
762 4113 1128 4183 baptismum.

297 4223 426 4277 CAP.
491 4221 715 4275 XXVIII.
747 4251 815 4258 —-
851 4220 1002 4287 Quod
1026 4223 1137 4274 tria
1173 4235 1369 4288 genera
1405 4222 1515 4274 sint
1569 4217 1980 4272 homicidarum.

771 4271 1057 4365 Clementis.
1084 4271 1616 4378 rl6.)
1671 4271 1989 4360 Homicida-
2017 4271 2060 4324 Β

298 4415 427 4452 rum
455 4413 589 4450 vero
620 4397 730 4450 tria
757 4413 967 4467 genera
1001 4413 1121 4451 esse
1152 4397 1394 4461 dicebat,
1429 4400 1487 4448 et
1512 4410 1747 4464 poenam
1789 4410 1987 4447 eorum

299 4485 539 4556 parilem
577 4484 697 4538 fore
739 4485 995 4538 docebat.
1040 4484 1197 4538 Sicut
1241 4483 1395 4536 enim
1447 4481 1764 4536 homicidas
1805 4481 1987 4535 inter-

297 4573 537 4626 fectores
587 4572 849 4638 fratrum,
925 4572 1003 4626 ita
1064 4572 1411 4626 detractores
1488 4585 1711 4634 eorum,
1773 4585 1986 4640 eosque

301 4661 578 4727 odientes,
608 4661 920 4715 homicidas
949 4677 1071 4715 esse
1099 4657 1524 4714 manifestabat.
1571 4657 1716 4721 Quia
1759 4658 1987 4726 occidit,

303 4749 403 4821 qui
453 4749 571 4803 odit
629 4749 860 4803 fratrem
914 4765 1128 4803 suum:
1189 4752 1245 4800 et
1299 4747 1398 4817 qui
1458 4746 1724 4810 detrahit,
1777 4747 1992 4817 pariter

301 4837 589 4892 homicida
617 4854 737 4892 esse
768 4842 1139 4892 monstratur.
1175 4836 1384 4889 Omnes
1415 4834 1567 4889 enim
1599 4851 1632 4888 a
1669 4837 1992 4890 carnalibus

303 4927 602 4982 desideriis
631 4943 757 4997 quae
792 4927 1044 4980 militant
1071 4925 1342 4978 adversus
1390 4923 1642 4978 animam
1684 4923 1990 4992 abstinere,

303 5020 360 5068 et
417 5015 628 5069 bonam
687 5031 887 5068 eorum
943 5013 1434 5067 conversationem
1491 5027 1555 5064 ac
1629 5013 1992 5067 innocentem

305 5103 569 5158 omnibus
601 5107 921 5156 monstrare
968 5099 1227 5169 rogabat.
1259 5102 1333 5154 Ex
1364 5099 1531 5154 corde
1562 5100 1717 5154 enim
1765 5105 1993 5154 cunctos

305 5192 576 5245 attentius
625 5191 868 5244 invicem
923 5189 1161 5256 diligere
1217 5188 1560 5242 insinuabat.
1603 5189 1868 5243 Seniores
1905 5205 1996 5242 ve-

303 5279 512 5345 nerari,
565 5285 622 5332 et
674 5279 935 5348 juniores
993 5276 1255 5346 diligere,
1321 5278 1619 5348 episcopos
1676 5278 1994 5332 sacerdotes

303 5382 456 5434 suos,
487 5383 551 5420 ac
580 5372 812 5420 cunctos
861 5363 1112 5434 reliquos
1145 5364 1404 5418 Ecclesia:
1454 5364 1767 5430 ministros,
1824 5368 1994 5434 atque

305 5470 536 5508 omnem
566 5455 793 5525 plebem
824 5452 933 5506 sibi
961 5453 1343 5519 commissam,
1377 5451 1566 5507 verbis
1589 5458 1646 5506 et
1711 5453 1994 5507 mandatis

306 5541 515 5597 divinis
560 5542 846 5598 instruere
891 5545 948 5596 et
999 5557 1239 5598 armare.
1291 5543 1515 5610 Hosque
1546 5557 1746 5596 omnes
1790 5557 1989 5596 eorum

2081 515 2179 585 qui
2211 515 2357 568 oculi
2386 517 2518 566 sunt
2547 512 2801 575 illorum,
2828 525 3029 563 eorum
3071 510 3374 579 prmeeptis
3401 510 3461 562 in
3510 508 3786 562 omnibus

2081 603 2333 667 obedire,
2360 601 2535 655 etiam
2557 599 2604 652 si
2635 599 2744 668 ipsi
2777 598 2964 660 aliter,
2995 599 3146 668 quod
3197 597 3361 655 absit,
3394 602 3566 666 agant
3600 612 3783 666 quam

2082 692 2315 746 deceat:
2349 705 2631 744 memores
2659 687 2871 740 scilicet
2933 687 3088 740 illius
3145 685 3419 739 dominici
3464 686 3734 756 praecepti
3767 703 3784 738 :

2083 796 2211 850 quae
2262 779 2479 840 dicunt,
2530 777 2742 830 facite:
2824 791 2953 846 qua:
3028 781 3223 829 autem
3282 775 3516 840 faciunt,
3592 775 3787 827 facere

2085 868 2281 922 nolite.

2085 959 2213 1012 CAP.
2247 956 2426 1010 XXIX.
2458 985 2526 995 —
2558 953 2714 1019 Quod
2772 952 3049 1006 homicida
3101 952 3169 1004 ab
3227 951 3585 1005 ecclesiastica
3631 967 3788 1005 com—

2525 1027 2776 1078 munione
2803 1027 2913 1077 sint
2949 1022 3318 1076 submovendi.

2154 1116 2261 1186 (Ea:
2290 1116 2510 1169 concilio
2534 1115 2829 1181 Agathen.,
2863 1097 3037 1182 capite
3063 1113 3175 1180 10.)
3207 1113 3404 1181 Itaque
3452 1111 3790 1164 censuimus

2080 1202 2394 1257 homicidas
2453 1219 2484 1256 a
2539 1200 2944 1254 communione
2987 1199 3362 1252 ecclesiastica
3447 1199 3794 1252 submoven-

2082 1293 2207 1357 dos,
2239 1290 2349 1344 nisi
2378 1289 2731 1362 pmnitentiae
2770 1287 3176 1356 satisfactione,
3235 1287 3482 1341 admissa
3537 1287 3790 1341 crimina

2087 1379 2376 1433 diluerint.
2645 1446 2650 1450 π

2503 1467 2632 1521 CAP.
2666 1467 2808 1519 XXX.
2840 1494 2909 1504 —-
2948 1466 3029 1517 De
3057 1464 3239 1518 eadem
3276 1479 3353 1517 re.

2155 1557 2265 1622 (Ea:
2295 1555 2516 1608 concilio
2550 1555 2831 1612 Turonico,
2893 1554 3068 1620 capite
3126 1551 3201 1620 7.)
3255 1549 3565 1604 Homicidis
3611 1550 3788 1620 peni-

2085 1649 2176 1698 tus
2211 1658 2324 1696 non
2382 1641 2946 1707 communicandum,
2977 1640 3156 1694 donec
3211 1656 3314 1709 per
3359 1640 3791 1693 confessionem

2083 1730 2439 1801 pmnitentiae
2471 1730 2728 1800 ipsorum
2759 1728 3001 1781 crimina
3041 1727 3355 1780 diluantur.

2086 1819 2214 1872 CAP.
2274 1818 2469 1870 XXXI.‘
2519 1847 2585 1855 —
2643 1819 2717 1870 De
2788 1817 2898 1870 illis
2946 1831 3173 1883 quorum
3217 1817 3439 1868 consilio
3491 1814 3792 1868 homicidia

2155 1959 2276 2027 (Ea:
2304 1956 2467 2012 dictis
2518 1957 2775 2026 August.)
2821 1889 3144 2011 Pﬁe'il'ibtulose
3195 1974 3254 2010 se
3311 1955 3629 2026 decipiunt,
3685 1955 3792 2025 qui

2085 2047 2408 2100 existimant
2458 2063 2556 2100 eos
2603 2051 2827 2100 tantum
2903 2045 3222 2099 homicidas
3280 2061 3421 2108 esse,
3493 2043 3594 2114 qui
3663 2060 3791 2096 ma-

2087 2136 2254 2188 nibus
2327 2135 2621 2188 hominem
2695 2134 2976 2202 occidunt,
3051 2139 3108 2187 et
3187 2149 3304 2186 non
3395 2132 3589 2202 potius
3664 2149 3786 2195 eos,

2086 2239 2190 2293 per
2223 2239 2465 2293 quorum
2526 2223 2851 2289 consilium,
2911 2229 2970 2277 et
3021 2222 3298 2286 fraudem,
3350 2226 3407 2274 et
3435 2220 3790 2274 exhortatio-

2087 2326 2221 2366 nem
2265 2311 2529 2367 homines
2574 2311 3008 2382 extinguuntur.
3059 2311 3200 2364 Nam
3246 2310 3426 2363 Judaei
3475 2308 3791 2362 Dominum

2088 2415 2453 2470 nequaquam
2527 2399 2776 2469 propriis
2834 2398 3100 2452 manibus
3157 2398 3583 2464 interfecerunt,
3642 2397 3794 2451 sicut

2089 2488 2363 2558 scriptum
2395 2492 2479 2540 est
2511 2504 2523 2539 :
2552 2486 2724 2541 Nobis
2752 2503 2867 2540 non
2893 2487 3022 2539 licet
3052 2486 3371 2540 interﬁcere
3403 2501 3787 2556 quemquam,

2090 2576 2189 2630 sed
2219 2581 2413 2629 tamen
2441 2575 2554 2628 illis
2588 2574 2814 2628 Domini
2869 2591 3022 2628 mors
3078 2575 3416 2644 imputatur,
3479 2575 3616 2643 quia
3674 2575 3792 2644 ipsi

2092 2681 2224 2719 eum
2255 2665 2455 2734 lingua
2484 2654 2909 2729 cruciﬁxerunt,
2958 2663 3250 2717 dicentes:
3299 2663 3577 2731 Cruciﬁge
3629 2678 3792 2715 eum.

2093 2754 2253 2808 Unde
2286 2769 2434 2806 unus
2486 2752 2844 2821 Evangelista
2898 2751 3055 2817 dicit,
3097 2751 3408 2804 Dominum
3451 2749 3798 2805 cruciﬁxum

2093 2859 2212 2896 esse
2242 2843 2387 2896 hora
2415 2841 2603 2904 tertia,
2642 2841 2788 2895 alius
2836 2845 3035 2894 sexta:
3079 2840 3216 2911 quia
3261 2839 3444 2894 Judaei
3492 2839 3796 2894 cruciﬁxe-

2091 2934 2228 2983 runt
2262 2945 2394 2984 eum
2444 2929 2585 2982 hora
2632 2927 2798 2981 tertia
2850 2928 3068 2998 lingua,
3129 2929 3390 2982 manibus
3447 2927 3585 2981 hora
3635 2932 3800 2980 sexta

2015 2991 2056 3046 Ο
2092 3018 2323 3072 milites.
2359 3016 2466 3080 Qui
2495 3032 2631 3086 ergo
2661 2991 2965 3069 hominen;
2981 2991 3175 3082 tradit,
3201 3016 3296 3070 ille
3328 3033 3460 3070 eum
3493 3015 3796 3082 interﬁcit,

2091 3105 2332 3160 Domino
2393 3104 2666 3158 dicente:
2728 3105 2905 3174 Majas
2960 3110 3259 3175 peccatum
3299 3105 3488 3170 habet,
3544 3104 3644 3175 qui
3702 3121 3799 3158 me

2086 3193 2324 3248 tradidit
2353 3192 2478 3246 tibi.
2511 3192 2666 3246 Unde
2695 3193 2992 3246 Psalmista
3025 3209 3038 3246 :
3097 3193 3221 3246 Filii
3258 3193 3582 3258 hominum,
3646 3192 3797 3247 den-

2088 3285 2174 3336 tes
2207 3297 2406 3335 eorum
2436 3296 2594 3347 arma
2645 3285 2703 3334 et
2759 3281 3000 3350 sagittw,
3052 3281 3265 3350 linguae
3320 3296 3517 3334 eorum
3568 3281 3802 3349 gladius

2091 3374 2308 3424 acutus.
2386 3369 2703 3438 Subjiciant
2781 3385 2916 3439 ergo
2999 3387 3057 3423 se
3106 3370 3478 3440 poenitentiae,
3543 3385 3798 3440 quorum

2091 3459 2326 3513 consilio
2406 3457 2640 3528 sanguis
2693 3458 2972 3524 funditur,
3043 3459 3090 3512 si
3177 3459 3403 3513 veniam
3472 3459 3802 3529 promereri

2091 3547 2395 3601 voluerint.

2095 3635 2223 3690 CAP.
2263 3635 2466 3691 XXXII.
2522 3665 2589 3672 —
2649 3636 2728 3689 De
2758 3635 2870 3688 illis
2927 3637 3024 3703 qui
3059 3651 3162 3704 pro
3213 3635 3457 3690 vindicta
3502 3640 3802 3705 parentum

2609 3705 2904 3760 homicidia
2923 3710 3278 3760 committunt.

2167 3795 2283 3864 (Ea:
2326 3794 2703 3848 Pcenitentiali
2757 3794 3039 3862 Theodor.)
3083 3795 3190 3857 Qui
3236 3810 3341 3864 pro
3391 3793 3638 3848 vindicta
3681 3795 3803 3849 fra-

2092 3883 2214 3946 tris,
2248 3886 2345 3935 aut
2372 3883 2612 3936 aliorum
2655 3887 2972 3952 parentum
3030 3883 3301 3936 occiderit
3353 3883 3669 3950 hominem,
3718 3883 3808 3937 ita

2095 3971 2390 4042 poeniteat,
2423 3976 2484 4024 ut
2513 3970 2826 4024 homicidia
2851 3975 3054 4041 sponte
3109 3971 3432 4038 commissa,
3487 3986 3646 4024 cum‘
3675 3971 3809 4041 ipsa

2096 4058 2310 4112 Veritas
2341 4057 2490 4110 dicat
2521 4074 2533 4110 :
2570 4057 2701 4111 Mihi
2735 4057 3066 4123 vindictam,
3115 4062 3172 4111 et
3201 4075 3338 4128 ergo
3391 4058 3726 4112 retribuam.

2095 4147 2223 4202 CAP.
2247 4147 2470 4201 XXXIII.
2490 4177 2560 4186 —
2589 4147 2671 4200 De
2700 4147 2794 4200 illo
2823 4148 2920 4214 qui
2939 4151 3163 4215 prOpter
3183 4148 3570 4217 cupiditatem!
3585 4147 3808 4202 udaeum

2768 4219 3127 4284 interfecerit.

2197 4305 2315 4376 (Ea:
2334 4305 2556 4358 concilio
2575 4305 2823 4370 Mogunt.
2839 4345 2853 4371 ,
2878 4308 3055 4374 capite
3075 4308 3152 4373 6.)
3167 4305 3276 4370 Qui
3295 4305 3412 4360 odii
3427 4305 3805 4362 meditatione

2094 4396 2180 4448 vel
2204 4399 2436 4466 propter
2463 4393 2833 4463 cupiditatem
2862 4393 3146 4460 Judaeum,
3174 4396 3259 4448 vel
3305 4411 3595 4464 paganum
3654 4396 3806 4450 occi-

2095 4483 2266 4549 derit,
2299 4482 2438 4553 quia
2466 4481 2778 4551 imaginem
2802 4482 2922 4550 Dei,
2964 4488 3022 4536 et
3041 4499 3200 4554 spem
3229 4484 3435 4538 futurae
3466 4484 3804 4539 conversio-

2095 4572 2185 4628 nis
2206 4571 2539 4636 extinxerat,
2563 4571 2648 4623 XL
2681 4570 2799 4624 dies
2831 4570 2891 4624 in
2923 4587 3071 4642 pane
3093 4578 3149 4625 et
3176 4589 3326 4643 aqua
3353 4571 3646 4642 poeniteat.

2260 4660 2388 4714 CAP.
2421 4659 2635 4714 XXXIV.
2671 4690 2739 4698 —
2772 4662 2845 4713 De
2883 4661 3182 4728 parricidis
3232 4667 3281 4714 et
3318 4661 3649 4727 fratricidis.

2169 4747 2277 4817 (Ea:
2343 4747 2563 4800 concilio
2599 4747 2841 4816 Tribur.,
2875 4751 3050 4816 capite
3081 4747 3156 4818 5.)
3197 4748 3532 4814 Statuimus,
3564 4753 3630 4802 ut
3665 4765 3805 4819 par-

2099 4833 2291 4888 ricidae
2339 4839 2394 4887 et
2443 4834 2749 4888 fratricida;
2787 4851 2892 4904 per
2934 4835 3106 4889 unius
3156 4835 3292 4889 anni
3341 4836 3620 4890 circulum
3664 4841 3804 4892 ante

2098 4922 2249 4976 fores
2285 4922 2534 4976 ecclesiae
2577 4928 2805 4976 orantes
2849 4925 3075 4977 Domini
3121 4925 3487 4979 clementiam
3536 4941 3804 4994 perseve-

2098 5015 2248 5064 rent.
2283 5012 2576 5080 Completo
2607 5011 2744 5064 anni
2773 5012 2984 5065 circulo
3032 5012 3470 5066 introducantur
3515 5014 3576 5066 in
3620 5014 3803 5068 eccle-

2100 5099 2264 5166 siam,
2299 5104 2490 5153 tamen
2521 5101 2671 5154 inter
2696 5101 3010 5169 audientes,
3056 5118 3236 5172 usque
3271 5102 3410 5156 dum
3461 5102 3632 5156 unius
3661 5103 3805 5156 anni

2097 5188 2349 5268 spatium
2380 5189 2634 5255 ﬁniatur,
2686 5195 2853 5243 stent.
2908 5191 3002 5244 His
3044 5189 3238 5261 itaque
3285 5191 3548 5260 peractis,
3598 5191 3640 5246 si
3682 5207 3806 5261 pm-

2102 5275 2358 5330 nitentiaa
2391 5277 2605 5331 fructus
2634 5278 2692 5331 in
2745 5278 2828 5331 eis
2874 5279 3240 5349 conspicitur,
3294 5279 3549 5348 corporis
3579 5285 3634 5332 et
3671 5295 3804 5334 san-

2103 5366 2292 5436 guinis
2330 5367 2555 5421 Domini
2592 5366 2899 5437 participes
2954 5369 3114 5434 ﬁant,
3161 5373 3228 5422 ut
3275 5384 3388 5422 non
3446 5367 3809 5422 obdurentur

2105 5454 2518 5525 desperatione.
2551 5455 2792 5510 Carnem
2824 5472 2941 5510 non
2972 5456 3322 5512 manducent
3360 5455 3628 5511 omnibus
3679 5456 3804 5511 die-

2101 5542 2208 5597 bus
2233 5543 2364 5598 vitae
2389 5543 2642 5612 illorum,
2687 5543 2956 5614 jejunent
3003 5549 3195 5600 autem
3243 5560 3426 5616 usque
3465 5543 3535 5600 ad
3581 5559 3802 5600 nonam
