3956 6300
172 291 265 342 773
1157 286 1638 344 DECRETORUM
1679 287 1861 343 LIBRI
1902 289 2007 343 XX.
2051 318 2121 328 -—-
2161 289 2369 345 LIBER
2408 291 2689 346 SEXTUS.

3564 298 3670 350 774

170 411 445 507 quotidie,
504 409 751 480 θιεερῐὶε
806 408 963 462 festis
992 498 1002 507 .
1038 409 1239 463 diebus
1262 499 1276 507 _
1309 415 1495 507 atqu?
1542 410 1863 507 ἀοωίοξῇίεο
1900 412 1947 463 Α
1984 444 2197 495 servus,
2232 447 2405 500 super
2434 432 2526 486 XII
2572 447 2833 485 vomeres
2876 432 3156 488 ferventes
3184 453 3241 489 se
3271 441 3503 507 purget.
3561 440 3667 492 Ea-

168 501 506 557 Abstineaut
561 506 753 551 autem
806 514 863 550 se
895 514 928 550 a
955 498 1103 563 vino,
1152 499 1413 565 modone,
1448 505 1618 568 atque
1650 500 1866 553 mellita

166 588 418 651 cervisia,
457 593 572 641 tres
597 587 718 641 dies
749 603 853 656 per
901 586 1339 640 hebdomadam.
1402 591 1575 641 Arma
1637 594 1863 658 portare

166 694 273 730 non
308 677 583 741 audeant,
617 675 728 728 nisi
759 680 957 728 contra
987 690 1259 745 paganos.
1296 677 1360 729 Et
1410 677 1740 746 ubicunque
1781 678 1863 731 ire

167 766 499 827 maluerint,
530 764 687 817 nullo
721 763 982 817 vehiculo
1039 763 1410 831 deducantur,
1468 765 1567 819 sed
1620 766 1865 836 pedibus

168 853 412 924 pr0priis
443 857 704 923 pergant.
744 852 828 905 Ab
878 851 1146 905 uxoribus
1181 852 1227 905 si
1276 853 1582 906 habuerint
1627 870 1746 906 non
1776 870 1863 907 se-

168 946 465 1013 parentur.
500 942 752 1010 Tempus
783 944 977 992 autem
1030 939 1203 1008 hujus
1249 940 1597 1010 pmnitentiae
1648 940 1705 993 in
1735 941 1862 1010 epi-

170 1046 469 1100 scoporum
496 1029 766 1099 ponimus
798 1027 1054 1093 arbitrio,
1100 1033 1164 1081 ut
1193 1028 1507 1081 secundum
1564 1044 1864 1082 conversa-

169 1119 388 1172 tionem
438 1118 695 1185 illorum,
744 1115 877 1171 aut'
916 1116 1240 1184 extendere,
1301 1117 1391 1170 vel
1440 1118 1704 1173 minuere
1761 1134 1865 1171 va—

171 1210 344 1264 leant.

589 1296 716 1349 CAP.
748 1294 944 1348 XXXV.
969 1323 1039 1333 —
1058 1296 1131 1347 De
1167 1294 1351 1347 eadem
1380 1310 1454 1347 re.

239 1402 348 1471 (Em
375 1402 600 1455 concilio
621 1403 885 1469 Mogunt.,
916 1402 1090 1468 capite
1116 1398 1224 1469 ll.)
1254 1398 1631 1453 Parricidium
1671 1404 1862 1453 autem

170 1506 342 1561 quam
374 1490 445 1543 sit
484 1489 816 1543 detestabile
859 1488 1093 1553 crimen,
1122 1488 1341 1557 judicio
1371 1488 1517 1541 facto
1546 1488 1698 1541 inter
1726 1488 1862 1541 Cain

173 1585 226 1631 et
262 1578 400 1631 Abel
436 1579 668 1631 fratrem
701 1592 870 1630 suum
920 1577 1197 1629 Dominus
1247 1576 1368 1646 ipse
1409 1577 1681 1643 ostendit,
1733 1593 1863 1629 cum

172 1668 238 1720 ad
268 1668 407 1721 Cain
436 1666 783 1736 parricidam
815 1665 894 1718 ait
926 1682 939 1718 :
1000 1665 1326 1719 Maledictus
1365 1664 1476 1717 eris
1524 1681 1696 1734 super
1743 1671 1861 1717 ter-
1896 1689 1936 1741 Β

170 1772 310 1819 ram,
340 1772 471 1826 qua:
519 1754 743 1824 aperuit
793 1770 854 1806 os
906 1769 1094 1817 suum,
1124 1758 1182 1806 et
1231 1754 1479 1822 suscepit
1518 1753 1859 1821 sanguinem

174 1844 364 1897 fratris
392 1842 479 1895 tui
524 1843 593 1895 de
631 1858 806 1894 manu
850 1846 967 1893 tua.
1003 1840 1143 1894 Cum
1175 1846 1443 1911 operatus
1488 1840 1664 1893 fueris
1712 1857 1860 1904 eam,

171 1949 286 1985 non
316 1931 480 1985 dabit
506 1930 611 1983 tibi
642 1930 860 1983 fructus
891 1929 1031 1997 ejus,
1067 1934 1121 1981 et
1146 1945 1323 1998 vagus
1348 1934 1404 1982 et
1436 1930 1714 1999 profugus
1752 1929 1862 1982 eris

170 2037 340 2090 super
368 2026 605 2073 terram.
640 2020 706 2071 In
736 2035 851 2088 quo
885 2018 1057 2071 etiam
1091 2018 1283 2086 posuit
1327 2018 1575 2086 signum,
1634 2024 1697 2072 ut
1756 2024 1864 2072 tre-

168 2125 328 2162 mens
378 2112 436 2159 et
487 2124 722 2176 gemens
769 2111 825 2159 et
876 2106 1155 2176 profugus
1206 2122 1434 2175 semper
1490 2106 1723 2171 viveret,
1759 2122 1863 2159 nec

169 2198 407 2251 auderet
434 2196 658 2265 uspiam
689 2196 851 2249 sedes
884 2195 1091 2248 habere
1131 2194 1361 2264 quietis.
1395 2195 1502 2249 Sed
1546 2194 1682 2265 quia
1730 2210 1863 2247 mo—

170 2286 361 2339 dernis
394 2284 750 2354 temporibus
807 2282 1105 2353 parricidae
1144 2283 1376 2352 profugi
1407 2284 1734 2337 discurrunt
1762 2298 1865 2351 per

170 2372 393 2425 diversa
434 2374 575 2435 loca,
636 2376 693 2424 et
740 2370 913 2424 variis
953 2370 1103 2423 vitiis
1155 2376 1327 2440 atque
1375 2371 1525 2439 gulae
1577 2370 1864 2424 illecebris

169 2461 520 2526 deserviunt,
554 2460 754 2512 melius
787 2458 949 2512 nobis
978 2459 1223 2527 videtur,
1258 2463 1320 2511 ut
1348 2459 1409 2512 in
1436 2475 1550 2513 uno
1582 2460 1705 2513 loco
1742 2476 1861 2513 ma-

166 2556 366 2602 nentes
396 2548 738 2619 poenitentia
780 2547 1034 2601 districta
1100 2546 1435 2617 semetipsos
1483 2548 1780 2618 castigent,
1816 2548 1864 2602 si

167 2639 309 2691 forte
357 2654 392 2690 a
438 2637 665 2691 Domini
717 2638 925 2706 pietate
990 2636 1412 2706 indulgentiam
1462 2637 1731 2689 facinoris
1775 2637 1865 2690 sui

165 2726 460 2795 percipere
502 2731 849 2779 mereantur.
878 2725 1005 2779 Non
1030 2725 1186 2779 enim
1219 2724 1299 2777 eis
1329 2725 1526 2778 licebit
1558 2726 1704 2778 ultra
1758 2726 1865 2779 mi-

165 2814 300 2867 litiae
353 2814 656 2884 cingulum
715 2829 961 2881 sumere,
1012 2818 1067 2866 et
1115 2813 1332 2882 nuptiis
1383 2815 1554 2882 atque
1606 2813 1863 2883 conjugii

166 2904 367 2973 copula
401 2903 510 2968 uti,
544 2902 681 2972 quia
709 2902 855 2955 sacri
903 2917 1148 2955 canones
1199 2902 1309 2954 hoc
1356 2900 1437 2954 eis
1469 2917 1587 2956 non
1621 2917 1855 2956 consen-

166 2992 332 3044 ﬁunt

168 3097 293 3151 CAP.
328 3097 553 3153 XXXVI.
570 3127 635 3135 —
662 3098 735 3151 De
764 3096 874 3149 illis
904 3098 1000 3163 qui
1018 3098 1258 3161 infantes
1285 3111 1406 3150 suos
1436 3112 1542 3150 non
1561 3102 1746 3166 sponte
1773 3099 1861 3152 in-

870 3170 1160 3234 terﬁciunt.

237 3276 349 3341 (Ea:
369 3274 591 3327 concilio
618 3273 879 3334 Tribuni,
903 3275 1078 3341 capite
1098 3272 1210 3342 2t.)
1236 3272 1292 3326 Si
1327 3272 1451 3343 quis
1482 3272 1665 3327 ﬁlium
1693 3290 1860 3327 suum

166 3378 282 3415 non
329 3367 532 3432 sponte
582 3362 877 3429 occiderit,
927 3363 1090 3431 juxta
1134 3362 1441 3416 homicidia
1493 3379 1607 3416 non
1657 3369 1859 3433 sponte

166 3451 473 3504 commissa
495 3450 785 3521 pwniteat.

166 3559 292 3612 CAP.
310 3558 559 3613 XXXVII.
580 3560 737 3611 —De
760 3558 852 3610 illo
865 3558 961 3625 qui
988 3572 1210 3610 umorem
1238 3558 1535 3624 legitimam
1557 3560 1673 3611 sine
1697 3558 1856 3625 judi-

776 3631 855 3682 cio
884 3630 1237 3694 interfecerit.

232 3738 345 3806 (Em
402 3735 544 3789 decr.
600 3737 686 3788 Pii
726 3750 904 3804 papa,
954 3737 1130 3803 capite
1181 3733 1292 3804 26.)
1340 3733 1679 3804 Quicunque
1729 3751 1858 3804 pro-

160 3825 350 3895 priam
379 3840 621 3879 uxorem
646 3825 859 3895 absque
898 3825 1043 3893 lege,
1094 3826 1183 3876 vel
1231 3824 1353 3877 sine
1402 3840 1571 3877 causa
1613 3829 1671 3877 et
1700 3830 1857 3878 certa

158 3914 498 3984 probatione
538 3913 908 3976 interfecerit,
965 3912 1253 3982 aliamque
1311 3912 1539 3966 duxerit
1590 3929 1853 3980 uxorem,

160 4002 337 4056 armis
393 4002 663 4072 depositis
690 4000 977 4070 publicam
1041 4005 1172 4069 agat
1201 3999 1623 4069 paenitentiam.
1685 4002 1753 4054 Et
1808 4002 1855 4054 si

161 4098 469 4145 contumax
499 4090 687 4156 fuerit,
721 4094 777 4143 et
816 4089 1082 4158 episcopo
1114 4105 1215 4142 suo
1250 4088 1582 4142 inobediens
1623 4089 1855 4143 exstite-

162 4182 257 4248 rit,
310 4177 845 4242 anathamatizetur,
897 4193 1196 4248 quousque
1244 4177 1583 4230 consentiat.
1643 4177 1850 4231 Eadem

161 4270 248 4322 lex
284 4267 395 4321 erit
419 4266 503 4320 illi
537 4266 637 4337 qui
667 4266 953 4319 seniorem
993 4282 1161 4319 suum
1192 4265 1565 4319 interfecerit.

517 4374 645 4427 Car.
688 4372 962 4428 XXXVIII.
994 4404 1063 4411 ——
1101 4376 1179 4426 De
1207 4372 1392 4426 eadem
1422 4388 1498 4425 re.

233 4482 355 4552 (Ea:
386 4482 608 4534 concilio
638 4481 904 4548 Mogunt.,
925 4482 1101 4547 capite
1133 4478 1205 4547 l.)
1232 4477 1289 4531 Si
1322 4478 1560 4532 maritus
1590 4494 1853 4546 uxorem,

162 4576 262 4623 ant
288 4585 435 4623 uxor
456 4568 725 4621 maritum
757 4568 1124 4634 interfecerit,
1171 4583 1403 4636 tequum
1450 4566 1736 4637 judicium
1783 4567 1857 4621 sit

163 4674 339 4727 super
359 4673 478 4723 eos,
509 4656 728 4709 dicente
754 4656 996 4709 Domino
1022 4672 1036 4708 :
1060 4672 1174 4709 non
1202 4656 1527 4709 consideres
1548 4671 1850 4725 personam

159 4746 453 4816 pauperis,
494 4761 598 4799 nec
626 4746 873 4798 honores
903 4745 1123 4797 vultum
1147 4743 1419 4813 potentis.
1448 4745 1511 4797 Et
1540 4748 1673 4814 post
1712 4761 1853 4815 pau-

159 4852 267 4890 ca:
306 4837 411 4899 Ita,
456 4834 662 4904 inquit,
715 4849 956 4903 parvum
1006 4832 1247 4886 audietis
1297 4838 1362 4885 ut
1400 4848 1696 4901 magnum,
1752 4848 1854 4885 nec

157 4924 451 4994 accipietis
480 4923 816 4992 cujusquam
850 4936 1173 4991 personam,
1218 4920 1355 4990 quia
1412 4920 1514 4974 Dei
1568 4920 1849 4989 judicium

156 5018 256 5066 est.
274 5013 491 5066 Idcirco
523 5016 763 5080 uterque
816 5026 1015 5063 eorum
1052 5010 1110 5062 in
1160 5009 1562 5079 hujuscemodi
1595 5009 1853 5063 criminis

155 5102 379 5155 actione
410 5100 457 5153 si
490 5098 802 5169 negaverit,
837 5098 961 5170 pari
983 5097 1203 5169 judicio
1235 5098 1607 5152 examinetur.
1651 5098 1707 5152 Si
1758 5115 1853 5153 ne-

155 5190 371 5261 gaverit
392 5194 447 5243 et
480 5204 594 5241 non
628 5194 817 5259 potest
837 5188 985 5241 vinci
1008 5186 1327 5240 manifestis
1350 5185 1596 5252 indiciis,
1633 5187 1679 5240 si
1706 5187 1852 5241 liber

155 5285 255 5347 est,
281 5280 441 5349 juret
488 5294 617 5330 cum
665 5276 962 5331 duodecim
1000 5293 1013 5330 :
1048 5276 1095 5329 si
1152 5291 1371 5341 servus,
1415 5274 1656 5328 ferventi
1695 5275 1848 5329 ferro

152 5384 209 5422 se
241 5372 466 5438 purget.
500 5366 597 5420 Sin
629 5370 820 5419 autem
851 5381 994 5419 uxor
1025 5366 1280 5419 moriens
1312 5362 1584 5417 maritum
1615 5380 1728 5418 uno
1758 5366 1849 5418 vel

152 5456 374 5510 duobus
403 5454 771 5508 audientibus
804 5453 873 5507 de
905 5459 1089 5507 morte
1147 5452 1269 5523 ejus
1301 5451 1695 5522 inculpaverit,
1730 5469 1849 5507 non

155 5544 280 5600 ideo
306 5544 419 5599 erit
449 5544 650 5611 victus,
683 5542 782 5598 sed
812 5542 859 5597 si
889 5542 1034 5598 liber
1083 5548 1166 5597 est
1198 5557 1328 5597 cum
1360 5542 1541 5598 LXXII
1570 5542 1755 5613 juret;
1801 5542 1849 5597 si

1982 517 2114 571 dem
2146 518 2238 572 lex
2270 519 2377 571 erit
2412 520 2616 572 marito
2648 535 2888 574 uxorem
2921 524 3227 577 accusanti.

2372 605 2502 659 CAP.
2537 609 2748 661 XXXIX.
2774 638 2845 647 —
2862 612 2935 663 De
2958 610 3141 663 eadem
3169 627 3244 666 re.

2047 692 2157 761 (Ea:
2209 696 2427 748 concilio
2460 696 2794 756 Elibertan..
2823 700 3000 766 capite
3031 701 3141 759 85.)
3175 699 3231 753 Si
3258 701 3463 753 mulier
3491 703 3667 756 mari-

1973 784 2099 833 tum
2144 798 2310 835 suum
2354 799 2522 836 causa
2568 784 2964 837 fornicationis
3020 803 3239 840 veneno
3297 789 3662 855 interfecerit,

1976 872 2074 920 aut
2104 884 2443 939 quacunque
2476 876 2596 923 arte
2644 871 2929 940 perimere
2979 872 3132 936 facit,
3184 872 3320 943 quia
3365 875 3661 929 dominum

1976 960 2032 1007 et
2060 955 2345 1011 seniorem
2377 974 2546 1012 suum
2574 960 2797 1024 occidit,
2831 962 3088 1014 seculum
3141 962 3454 1032 relinquat,
3508 969 3565 1017 et
3610 964 3668 1017 in

1976 1045 2326 1098 monasterio
2358 1046 2654 1115 paeniteat.

2411 1134 2540 1188 CAP.
2580 1135 2687 1189 XL.
2729 1167 2797 1174 -—
2829 1139 2904 1190 De
2935 1136 3118 1190 eadem
3145 1154 3221 1190 re.

2046 1220 2323 1289 (Epistola
2369 1224 2591 1275 Paulini
2637 1224 3026 1292 Forojuliensis
3079 1228 3316 1294 episcopi
3411 1227 3486 1280 ad
3535 1230 3664 1280 Hei-

1974 1310 2242 1377 stulfum.)
2276 1310 2601 1364 Admonere
2637 1317 2692 1364 te
2741 1329 2871 1365 cum
2928 1313 3194 1382 lacrymis
3243 1319 3298 1367 et
3348 1316 3529 1367 multo
3570 1331 3666 1384 ge-

1976 1396 2120 1449 mitu
2151 1413 2310 1463 curo,
2337 1398 2419 1451 fili
2453 1400 2745 1467 Heistulfe,
2781 1401 2829 1453 si
2860 1405 3051 1453 tamen
3081 1400 3235 1454 ﬁlius
3274 1402 3384 1455 dici
3435 1403 3662 1465 debeas,

1975 1483 2074 1553 qui
2113 1490 2230 1537 tam
2277 1486 2586 1540 crudeliter
2643 1488 2837 1542 infelix
2891 1490 3265 1543 homicidium
3300 1493 3662 1560 perpetrasti.

1978 1573 2117 1625 Nam
2146 1574 2403 1627 occidisti
2436 1592 2673 1629 uxorem
2706 1583 2864 1630 tuam
2895 1584 3116 1645 partem
3146 1579 3402 1649 corporis
3442 1579 3549 1644 tui,
3584 1581 3663 1632 le-

1975 1660 2179 1729 gitimo
2210 1662 2314 1714 tibi
2344 1664 2710 1717 matrimonio
2760 1665 3031 1719 sociatam
3088 1666 3209 1719 sine
3242 1683 3410 1720 causa
3442 1667 3663 1730 mortis,

1976 1764 2090 1800 non
2122 1749 2225 1802 tibi
2255 1750 2634 1814 resistentem,
2670 1768 2786 1805 non
2833 1752 3199 1807 insidiantem
3232 1770 3462 1824 quoquo
3492 1757 3665 1809 modo

1971 1836 2100 1889 vitae
2135 1842 2266 1892 tuas.
2301 1840 2420 1892 Non
2452 1841 2719 1893 invenisti
2751 1857 2877 1894 eam
2909 1857 3040 1894 cum
3073 1843 3182 1895 alio
3224 1843 3347 1895 viro
3389 1844 3667 1896 nefariam

1971 1939 2092 1975 rem
2124 1923 2445 1991 facientem,
2478 1927 2577 1979 sed
2604 1927 2871 1980 incitatus
2906 1945 2935 1980 a
2958 1928 3204 1996 diabolo,
3236 1929 3413 1998 impio
3443 1930 3668 1984 inflam-

1971 2016 2161 2064 matus
2190 2012 2402 2077 furore,
2450 2014 2733 2067 latrocinii
2769 2032 2946 2081 more,
2992 2017 3236 2069 atrocior
3265 2023 3320 2070 et
3352 2018 3662 2080 crudelior.

1970 2100 2127 2152 omni
2173 2100 2372 2165 bestia,
2419 2117 2545 2155 eam
2600 2103 2788 2171 gladio
2845 2109 2944 2157 tuo
2993 2104 3354 2158 interemisti.
3416 2106 3484 2158 Et
3512 2123 3664 2159 nunc

1970 2191 2100 2257 post
2127 2194 2372 2242 mortem
2403 2190 2526 2259 ejus
2551 2191 2709 2244 addis
2754 2192 3121 2262 iniquitatem
3166 2210 3340 2263 super
3387 2194 3662 2264 iniquita-

1972 2281 2107 2341 tem,
2171 2274 2421 2330 ﬁliorum
2466 2281 2701 2331 tuorum
2758 2279 3023 2348 improbe
3077 2281 3290 2350 praedo,
3345 2282 3444 2351 qui
3495 2283 3664 2335 matri

1970 2380 2086 2417 non
2112 2365 2439 2434 pepercisti,
2496 2371 2552 2419 et
2582 2366 2727 2419 ﬁlios
2779 2372 2907 2421 tuos
2956 2367 3084 2421 ideo
3135 2372 3423 2439 orphanos
3452 2370 3655 2434 fecisti,

1972 2458 2035 2505 ut
2064 2454 2534 2523 superinduceres
2576 2456 2776 2509 mortis
2812 2473 3039 2509 causam
3088 2462 3215 2526 post
3261 2462 3503 2511 mortem
3537 2475 3549 2511 :
3608 2464 3662 2511 et

1971 2557 2075 2611 per
2105 2557 2284 2593 unum
2316 2542 2688 2609 homicidam,
2723 2549 2779 2597 et
2825 2546 3132 2613 reprobum
3171 2550 3371 2598 testem
3404 2546 3664 2599 incusare

1970 2629 2055 2683 vis
2084 2635 2409 2683 mortuam:
2446 2630 2548 2683 hoc
2579 2648 2682 2685 nec
2722 2633 3113 2703 Evangelium,
3154 2650 3269 2689 nec
3317 2635 3434 2687 ulla
3472 2634 3664 2687 divina

1971 2718 2337 2788 humanaque
2370 2719 2454 2771 lex
2481 2719 2757 2787 concedit,
2802 2725 2865 2773 ut
2893 2720 3064 2773 unius
3113 2720 3439 2774 testimonio
3487 2723 3661 2775 etiam

1968 2804 2194 2872 idoneo,
2232 2806 2440 2875 aliquis
2461 2807 2894 2871 condemnetur,
2926 2808 3411 2877 veljustiticetur:
3443 2815 3660 2879 quanto

1972 2894 2155 2964 magis
2177 2910 2279 2964 per
2308 2896 2481 2949 istum
2511 2904 2629 2949 tam
2673 2897 3023 2966 ﬂagitiosum
3072 2902 3129 2951 et
3178 2899 3502 2965 scelestum,
3556 2915 3660 2952 nec

1970 2982 2070 3035 illa
2099 2983 2226 3036 viva
2255 2983 2450 3038 debuit
2480 2985 2871 3051 condemnari,
2907 3002 3011 3039 nec
3038 2992 3103 3040 tu
3136 2986 3353 3055 poteris
3382 2992 3509 3056 post
3539 2988 3661 3055 ejus

1972 3074 2214 3124 mortem
2274 3073 2582 3126 excusari?
2634 3073 2797 3127 Prius
2844 3090 3011 3127 causa
3066 3074 3324 3127 criminis
3379 3074 3661 3128 subtiliter

1972 3163 2093 3213 erat
2150 3159 2571 3230 investiganda,
2625 3166 2681 3214 et
2733 3166 2869 3214 tunc
2917 3162 2963 3215 si
3020 3178 3118 3216 rea
3156 3162 3353 3216 fuisset
3407 3164 3657 3229 inventa,

1970 3248 2280 3301 secundum
2324 3248 2467 3317 legis
2516 3250 2811 3303 tramitem
2859 3250 3057 3303 debuit
3104 3250 3364 3320 excipere
3425 3252 3660 3305 ultionis

1967 3335 2297 3391 vindictam.
2362 3338 2503 3390 Nam
2563 3338 2666 3391 etsi
2717 3354 2933 3405 verum,
3015 3339 3168 3408 quod
3227 3339 3391 3405 absit,
3440 3340 3657 3409 fuisset,

1969 3425 2114 3478 sicut
2143 3424 2238 3479 ille
2270 3425 2492 3479 adulter
2520 3426 2793 3480 mentitus
2825 3431 2927 3488 est,
2960 3432 3088 3496 post
3146 3427 3233 3480 νυ
3275 3444 3451 3481 annos
3483 3429 3660 3499 poeni-

1967 3513 2146 3567 tentia
2173 3518 2420 3584 peracta,
2457 3513 2745 3568 dimittere
2797 3531 2923 3569 eam
2953 3531 3059 3585 per
3107 3516 3481 3586 approbatam
3531 3534 3659 3571 cau-

1968 3618 2087 3655 sam
2118 3608 2346 3672 poteras
2386 3603 2432 3655 si
2483 3603 2774 3669 voluisses,
2830 3603 3085 3657 occidere
3157 3621 3280 3658 eam
3330 3606 3657 3659 nullatenus

1967 3690 2234 3744 debuisti.
2270 3693 2390 3745 Duo
2423 3692 2661 3744 consilia
2690 3692 3069 3762 proponimus
3104 3692 3209 3745 tibi
3244 3709 3257 3746 :
3289 3696 3533 3764 Accepta
3573 3698 3656 3747 te-

1967 3795 2099 3832 cum
2140 3780 2549 3834 deliberatione
2600 3781 2866 3846 duorum,
2921 3781 3067 3851 elige
3100 3782 3282 3851 magis
3332 3783 3485 3852 quod
3542 3783 3658 3853 pla-

1967 3872 2108 3931 ceat,
2148 3874 2201 3921 et
2233 3870 2501 3923 miserere
2533 3869 2740 3923 anima:
2769 3874 2904 3924 tuae.
2941 3871 3005 3923 Et
3037 3874 3099 3923 tu
3153 3870 3244 3923 hic
3294 3871 3353 3923 in
3397 3871 3507 3925 isto
3555 3888 3656 3924 an-

1967 3961 2134 4025 gusto
2164 3962 2425 4027 tempore
2457 3958 2697 4027 positus,
2726 3975 2797 4012 ne
2829 3958 2903 4011 sis
2951 3964 3011 4012 tu
3062 3959 3181 4028 ipse
3230 3960 3432 4013 tuimet
3478 3961 3658 4013 homi-

1965 4044 2107 4111 cida,
2139 4050 2195 4098 et
2226 4045 2285 4098 in
2320 4050 2599 4101 aeternum
2653 4063 2874 4117 pereas,
2903 4047 3166 4116 relinque
3198 4047 3305 4100 hoc
3335 4048 3654 4117 malignum

1966 4135 2237 4186 saeculum
2270 4136 2421 4203 quod
2453 4140 2507 4189 te
2543 4135 2715 4189 traxit
2742 4137 2812 4191 ad
2865 4141 2979 4189 tam
3019 4135 3496 4189 immanissimum
3529 4154 3657 4206 pec-

1880 4233 1923 4286 Ι)
1962 4220 2075 4274 cati
2104 4220 2342 4274 facinus.
2377 4223 2681 4292 Ingredere
2730 4223 3165 4288 monasterium,
3196 4223 3498 4277 hnmiliare
3546 4227 3651 4279 sub

1964 4325 2138 4362 manu
2169 4308 2410 4375 abbatis,
2444 4316 2500 4364 et
2539 4312 2855 4366 multorum
2885 4312 3120 4366 fratrum
3169 4312 3432 4383 precibus
3485 4314 3651 4384 adju-

1962 4403 2074 4463 tus,
2112 4397 2349 4451 observa
2378 4404 2583 4453 cuncta
2612 4400 2859 4470 simplici
2908 4402 3102 4455 animo
3131 4387 3259 4472 quas
3299 4401 3403 4455 tibi
3447 4401 3516 4455 ab
3552 4403 3651 4456 ab-

1962 4485 2091 4539 bate
2122 4485 2339 4539 fuerint
2366 4486 2667 4556 imperata,
2702 4489 2747 4541 si
2796 4489 2939 4543 forte
2988 4490 3244 4558 ignoscat
3288 4487 3513 4542 infinita
3546 4488 3646 4541 Dei

1961 4573 2184 4627 bonitas
2216 4574 2463 4643 peccatis
2490 4574 2623 4629 tuis.
2677 4577 2832 4631 Istud
2876 4578 3176 4631 consilium
3220 4582 3283 4630 ut
3338 4576 3654 4631 certissima

1964 4661 2105 4715 scias
2139 4662 2317 4715 levius
2347 4666 2403 4715 et
2430 4662 2715 4717 salubrius
2745 4670 2848 4729 est,
2884 4671 2948 4719 ut
2972 4667 3076 4719 sub
3107 4668 3341 4719 alterius
3398 4666 3655 4719 custodia

1962 4752 2159 4821 lugeas
2190 4750 2452 4803 deflenda
2481 4756 2731 4819 peccata.
2765 4753 3087 4808 Secundum
3119 4760 3312 4809 autem
3351 4754 3653 4809 consilium

1962 4840 2072 4893 tale
2097 4844 2197 4893 est.
2229 4841 2404 4893 Arma
2442 4838 2685 4909 depone,
2728 4847 2784 4895 et
2822 4848 3023 4896 cuncta
3075 4845 3370 4899 smcularia
3415 4843 3653 4913 negocia

1961 4927 2201 4982 dimitte.
2243 4927 2481 4981 Carnem
2533 4932 2591 4980 et
2647 4929 2905 4999 sagimen
2948 4933 3219 4986 omnibus
3268 4933 3467 4987 diebus
3522 4934 3652 4985 vitae

1960 5020 2075 5069 tuae
2123 5030 2236 5067 non
2296 5013 2578 5081 comedas,
2634 5020 2865 5084 excepto
2907 5034 3023 5071 uno
3070 5019 3160 5072 die
3204 5018 3653 5073 Resurrectionis

1964 5103 2210 5168 Domini,
2241 5107 2297 5156 et
2326 5118 2437 5155 uno
2470 5101 2563 5155 die
2596 5104 2972 5171 Pentecostes,
3025 5111 3081 5160 et
3129 5124 3246 5161 uno
3294 5108 3384 5163 die
3442 5107 3653 5163 Natalis

1960 5192 2188 5246 Domini
2218 5191 2435 5245 ceteris
2458 5192 2813 5261 temporibus
2844 5192 2904 5246 in
2935 5210 3081 5262 pane
3104 5202 3161 5249 et
3181 5213 3351 5267 aqua,
3382 5203 3439 5251 et
3468 5198 3648 5251 inter-

1963 5282 2099 5335 dum
2130 5279 2517 5351 leguminibus
2547 5286 2602 5334 et
2630 5280 2879 5334 oleribus
2908 5282 3190 5350 pceniteas
3224 5302 3236 5338 :
3287 5286 3347 5339 in
3391 5286 3649 5357 jejuniis,

1960 5366 2022 5419 in
2056 5366 2282 5437 vigiliis,
2314 5370 2368 5419 et
2400 5365 2461 5418 in
2518 5365 2899 5433 orationibus,
2938 5372 2994 5420 et
3023 5368 3083 5419 in
3114 5369 3495 5441 eleemosynis
3520 5387 3650 5442 per-

1957 5472 2151 5509 severa
2181 5454 2651 5526 omnitempore.
2706 5455 2939 5523 Vinum,
2991 5456 3322 5526 medonem,
3370 5465 3429 5513 et
3469 5460 3650 5513 melli-

1956 5546 2075 5597 tam
2107 5542 2405 5599 cervisiam
2440 5559 2739 5617 nunquam
2778 5544 2957 5614 bibas,
3008 5544 3119 5601 nisi
3156 5545 3217 5601 in
3256 5546 3384 5601 aliis
3436 5548 3646 5619 praedi-
