3956 6300
319 332 421 383 775

1393 331 1666 387 BUBCHA
1679 332 1797 386 RDI
1836 331 2365 388 WORMACIENSIS
2402 330 2735 387 EPISCOPI.

3714 336 3820 387 776

319 453 420 506 ctis
460 451 643 505 tribus
698 451 914 505 diebus.
971 453 1214 505 Uxorem
1265 468 1337 505 ne
1389 453 1588 518 ducas,
1639 454 2015 507 concubinam
2044 457 2090 509 A
2129 470 2244 507 non
2277 459 2360 506 est
2395 452 2594 507 effusio
2629 451 2944 522 sanguinis.
2974 452 3331 521 Augustinus
3355 452 3433 506 ait
3465 470 3477 507 :
3538 455 3677 518 Qua:
3709 455 3822 507 ista

319 557 435 594 non
469 541 702 605 habeas,
733 540 1080 594 adulterium
1113 557 1225 594 non
1253 540 1444 605 facias,
1491 541 1702 611 absque
1749 558 1848 611 spe.
1877 558 2012 595 con-

314 629 465 699 jugii
495 634 776 698 perpetuo
811 644 1170 697 permaneas.
1206 630 1505 698 Nunquam
1535 635 1589 682 te
1617 631 1767 683 laves
1796 631 1852 683 in
1887 631 2007 684 bal-

319 734 448 784 neo,
483 732 696 786 equum
732 733 844 769 non
878 718 1164 782 ascendas,
1219 732 1446 770 causam
1503 723 1659 770 tuam
1692 725 1748 771 et
1780 719 2014 772 alterius

318 807 379 860 in
404 810 689 859 conventu
719 804 974 858 ﬁdelium
1006 821 1122 858 non
1175 821 1328 875 agas,
1379 806 1439 858 in
1496 806 1770 859 conviviis
1825 808 2015 859 laetan-

316 895 462 947 tium
493 909 785 963 nunquam
818 893 1030 957 sedeas,
1069 893 1127 946 in
1158 895 1393 947 ecclesia
1426 901 1759 964 segregatus
1786 894 1854 948 ab
1887 894 2013 948 aliis

319 982 653 1037 Christianis
681 987 809 1050 post
838 981 1048 1034 ostium
1072 982 1368 1035 humiliter
1394 989 1527 1047 stes,
1554 983 2010 1052 ingredientium

319 1077 376 1123 et
403 1070 820 1139 egredientium
851 1068 1206 1122 orationibus
1233 1069 1568 1139 suppliciter
1629 1075 1683 1124 te
1717 1086 2010 1124 commen-

322 1158 440 1225 des,
469 1156 870 1210 communione
906 1156 1050 1209 sacri
1083 1158 1338 1226 corporis
1371 1162 1425 1211 et
1473 1157 1770 1228 sanguinis
1819 1157 2008 1211 Domi-

318 1242 380 1295 ni
408 1244 621 1296 cunctis
665 1245 864 1297 diebus
898 1245 1027 1298 vitae
1078 1250 1192 1298 tuae
1249 1245 1553 1316 indignum
1594 1251 1649 1300 te
1700 1247 2004 1301 existimes.

316 1331 379 1383 In
412 1331 613 1384 ultimo
642 1332 887 1386 termino
918 1333 1047 1386 vitae
1080 1337 1194 1387 tua;
1227 1351 1329 1404 pro
1370 1335 1596 1400 viatico,
1630 1335 1676 1387 si
1734 1335 2005 1405 observa-

316 1420 463 1471 veris
491 1419 816 1484 consilium,
867 1424 931 1472 ut
960 1421 1220 1490 accipias,
1267 1422 1374 1475 tibi
1425 1423 1808 1476 concedimus.
1868 1423 2010 1477 Sunt

316 1511 371 1559 et
406 1507 516 1559 alia
546 1509 730 1560 multa
760 1508 992 1561 duriora
1042 1525 1170 1579 qua?
1225 1510 1328 1562 tibi
1370 1512 1534 1580 juxta
1584 1512 1809 1581 pondus
1861 1510 2006 1564 tanti

315 1593 583 1647 facinoris
611 1601 800 1647 essent
829 1596 1149 1664 adjicienda
1185 1614 1196 1650 :
1250 1599 1346 1652 sed
1378 1599 1425 1651 si
1459 1599 1578 1652 haec
1627 1599 1822 1652 omnia
1879 1616 2008 1669 quae

318 1697 490 1750 supra
523 1681 970 1736 misericorditer
1021 1684 1167 1738 dicta
1197 1691 1348 1746 sunt,
1397 1687 1644 1756 perfecto
1691 1688 1860 1740 corde
1894 1689 2004 1740 Deo

319 1769 629 1822 auxiliante
662 1770 983 1839 perfeceris,
1033 1776 1089 1825 et
1143 1773 1494 1840 custodieris,
1545 1775 1886 1828 confidimus
1938 1775 2007 1828 de

317 1857 600 1909 immensa
632 1858 733 1910 Dei
779 1859 1101 1926 clementia,
1157 1861 1554 1915 remissionem
1603 1869 1834 1916 tuorum
1881 1879 2006 1932 pec-

318 1950 572 1998 catorum
605 1946 958 2009 habiturum,
992 1953 1048 2001 et
1094 1949 1404 2002 secundum
1452 1951 1587 2003 boni
1615 1951 1868 2020 justique
1905 1968 2006 2020 pa-

317 2033 480 2086 storis
513 2033 843 2103 imperium,
876 2036 1122 2090 resolvat
1153 2042 1206 2090 te
1256 2044 1447 2091 sancta
1490 2040 1724 2091 ecclesia
1782 2039 1848 2092 ab
1902 2041 2008 2093 hoc

315 2122 542 2175 vinculo
574 2122 790 2191 peccati
826 2123 884 2176 in
913 2124 1096 2186 terris,
1131 2131 1197 2177 ut
1244 2142 1346 2195 per
1375 2126 1554 2195 ipsius
1603 2127 1846 2196 gratiam
1903 2128 2003 2198 qui

317 2225 444 2263 eam
477 2226 578 2262 suo
609 2210 888 2279 sanguine
940 2212 1277 2280 redemerat,
1325 2214 1396 2266 sit
1441 2215 1660 2267 solutus
1717 2215 1776 2268 in
1829 2217 2002 2270 cmlis.

318 2296 417 2350 Sin
450 2301 639 2349 autem
672 2297 836 2349 aliter
872 2297 1092 2364 feceris,
1144 2304 1201 2352 et
1246 2305 1453 2354 sancta:
1497 2301 1693 2354 matris
1745 2303 2006 2357 Ecclesia

318 2384 546 2436 salubre
576 2384 876 2437 consilium
901 2385 1247 2454 despexeris,
1300 2386 1423 2455 ipse
1469 2388 1570 2440 tibi
1601 2388 1675 2441 sis
1721 2390 1916 2458 judex,
1952 2397 2008 2444 et

317 2472 376 2525 in
407 2472 609 2541 laqueo
645 2471 854 2525 diaboli
887 2489 999 2542 quo
1028 2474 1280 2527 irretitus
1315 2476 1521 2528 teneris
1573 2493 1822 2543 maneas,
1875 2495 2006 2532 san-

317 2560 559 2632 guisque
603 2566 733 2612 tuus
781 2561 846 2613 sit
911 2578 1081 2631 super
1133 2568 1303 2632 caput
1357 2569 1568 2618 tuum:
1614 2582 1717 2619 nos
1773 2567 1945 2620 alieni
1975 2583 2007 2619 a

318 2649 603 2701 consortio
630 2653 748 2715 tuo,
803 2655 859 2702 et
888 2651 991 2703 sub
1030 2650 1414 2704 indissolubili
1459 2656 1825 2708 anathemate
1868 2672 2005 2725 per-

247 2775 250 2784 .
315 2750 566 2804 maneas,
622 2737 802 2790 donec
882 2738 996 2791 Deo
1068 2745 1123 2792 et
1197 2745 1403 2794 sanctae
1479 2742 1739 2796 Ecclesia:
1786 2743 2005 2797 satisfa-

313 2823 445 2876 cias.

387 2912 512 2964 CAP.
544 2911 685 2965 XLI.
713 2943 782 2952 —
814 2916 886 2967 De
914 2915 1291 2969 umoremariti
1319 2921 1540 2970 mortem
1571 2919 1906 2973 conciliante.

389 2999 490 3065 (Ea:
520 3001 739 3053 concilio
772 3001 920 3070 apud
961 3004 1300 3063 Vermeriam.
1338 3008 1513 3073 capite
1544 3006 1620 3060 3.l
1645 3006 1701 3060 Si
1733 3023 1846 3077 qua
1877 3023 2001 3060 mu-
2037 3011 2077 3064 C

314 3085 422 3138 lier
451 3093 692 3141 mortem
721 3089 826 3141 viri
860 3089 946 3143 sui
976 3107 1104 3142 cum
1137 3091 1261 3144 aliis
1290 3093 1587 3146 conciliata
1636 3099 1738 3159 est,
1775 3101 1832 3149 et
1882 3096 2003 3166 ipse

315 3174 404 3225 vir
434 3175 682 3245 aliquem
729 3177 958 3230 illorum
1003 3194 1060 3231 se
1090 3179 1448 3233 defendendo
1499 3181 1787 3246 occiderit,
1847 3189 1902 3237 et
1958 3184 2005 3237 si

315 3261 422 3314 hoc
452 3265 692 3332 probare
724 3270 910 3334 potest
940 3266 1036 3319 ille
1075 3267 1162 3320 vir
1203 3284 1328 3321 eam
1381 3285 1536 3322 ream
1588 3287 1708 3324 esse
1758 3272 2000 3339 consilii,

314 3355 506 3420 potest
537 3356 596 3404 ut
629 3353 792 3405 nobis
825 3353 1064 3420 videtur,
1097 3355 1280 3425 ipsam
1313 3373 1548 3410 uxorem
1591 3359 1898 3422 dimittere,
1950 3364 2005 3414 et

317 3438 363 3490 si
392 3440 633 3492 voluerit
664 3441 833 3494 aliam
864 3458 1101 3496 uxorem
1133 3445 1408 3514 accipere,
1442 3445 1567 3515 ipsa
1613 3453 1806 3502 autem
1863 3449 2001 3501 insi-

312 3525 536 3593 diatrix,
595 3529 947 3598 pcenitentiee
1007 3532 1278 3602 subjecta,
1330 3533 1543 3605 absque
1594 3552 1692 3606 spe
1742 3538 1994 3608 conjugii

313 3621 562 3668 maneat.
1339 3679 1343 3682 ν

387 3704 516 3758 CAP.
538 3705 696 3759 XLII.
727 3737 791 3746 —
825 3707 907 3760 De
922 3707 1036 3774 hoc,
1073 3710 1124 3762 si
1149 3710 1330 3778 plures
1358 3725 1526 3764 unum
1545 3713 2000 3778 impugnaverint.

383 3789 492 3860 (Em
520 3793 693 3847 eodem
726 3795 970 3860 concilio,
1005 3799 1178 3865 capite
1205 3797 1313 3866 98.)
1361 3798 1417 3853 Si
1448 3803 1692 3868 quatuor
1721 3804 1820 3853 aut
1841 3801 1998 3870 quin-

313 3894 424 3949 que
454 3879 714 3935 homines
745 3899 842 3935 seu
889 3883 1062 3936 etiam
1109 3885 1324 3952 plures,
1377 3889 1576 3938 contra
1607 3902 1786 3940 unum
1819 3888 2003 3941 homi-

310 3982 445 4020 nem
500 3969 662 4022 rixati
692 3971 929 4040 fuerint,
985 3976 1041 4025 et
1093 3973 1162 4026 ab
1211 3973 1299 4026 his
1346 3975 1677 4028 vulneratus
1744 3981 2002 4030 mortuus

310 4054 501 4124 fuerit,
535 4059 860 4130 quicunque
892 4076 1092 4113 eorum
1125 4061 1178 4114 ei
1208 4063 1435 4132 plagam
1466 4063 1764 4132 imposuit,
1799 4081 2002 4119 secun-

311 4144 451 4198 dum
482 4150 693 4200 statuta
725 4163 1012 4202 canonum
1040 4153 1102 4201 ut
1133 4150 1751 4220 homicidajudicetur,
1794 4153 2002 4224 reliqui

311 4239 504 4288 autem
545 4236 642 4305 qui
671 4251 802 4289 eum
842 4237 1259 4307 impugnabant
1305 4239 1560 4293 volentes
1609 4257 1740 4295 eum
1787 4241 2002 4297 interﬁ-

308 4338 458 4392 cere,
508 4322 770 4378 similiter
825 4325 1156 4394 poeniteant.
1205 4327 1313 4390 Qui
1355 4344 1460 4382 nec
1518 4344 1651 4382 eum
1694 4329 2004 4401 impugna-

309 4411 469 4478 bant,
503 4428 607 4466 nec
634 4413 1032 4479 vulnerabant,
1063 4430 1166 4468 nec
1186 4416 1445 4483 consilio,
1481 4433 1586 4470 nec
1624 4419 1837 4473 auxilio
1871 4436 2004 4474 coo-

309 4503 599 4570 peratores
659 4502 912 4568 fuerunt,
984 4502 1082 4556 sed
1130 4507 1354 4558 tantum
1430 4505 1759 4573 adfuerunt,
1844 4513 2006 4563 extra

313 4604 525 4642 noxam
557 4588 691 4642 sint.

489 4677 616 4730 CAP.
661 4676 844 4729 XLIII.
873 4705 940 4715 —
974 4677 1055 4730 De
1075 4678 1320 4732 vindicta
1342 4696 1448 4734 non
1461 4681 1823 4750 prohibenda.

385 4764 495 4832 (Ea:
549 4763 713 4817 dictis
760 4764 1012 4832 Apostoli
1061 4767 1317 4835 Hierony.
1360 4770 1593 4837 August.
1675 4773 1858 4842 Greg.)
1927 4773 2005 4825 De

311 4851 564 4905 vindicta
592 4865 710 4903 non
734 4851 1091 4919 prohibenda
1133 4854 1191 4907 in
1242 4857 1395 4910 Novo
1445 4858 1828 4925 Testamento,
1882 4859 2008 4912 Hie-

310 4953 588 5009 ronymus
618 4937 688 4991 de
718 4940 974 5008 personis
1026 4941 1214 5012 dignis
1258 4944 1329 4998 ad
1371 4945 1682 5000 vindictam
1732 4947 1857 5000 ait:
1899 4947 2007 5011 Qui

311 5027 560 5097 percutit
585 5026 762 5079 malos
793 5027 850 5078 in
885 5043 951 5081 eo
1003 5031 1156 5099 quod
1201 5031 1338 5085 mali
1392 5039 1544 5102 sunt,
1579 5039 1633 5088 et
1670 5035 1843 5088 habet
1871 5051 2006 5090 cau-

311 5130 433 5167 sam
489 5114 897 5168 interfectiouis
947 5122 1010 5170 ut
1051 5121 1332 5188 percutiat
1385 5123 1685 5191 pessimos,
1745 5123 2006 5178 minister

315 5203 415 5255 Dei
439 5208 542 5256 est.
582 5205 744 5270 Item,
775 5205 864 5258 lex
901 5209 958 5258 et
1001 5206 1243 5262 ministri
1298 5209 1421 5279 ejus
1471 5215 1770 5265 coerceant
1809 5211 2004 5265 inimi-

312 5305 407 5344 cos
459 5295 515 5344 et
575 5293 986 5363 constringant.
1036 5297 1338 5365 Apostolus
1369 5297 1607 5369 inquit:
1661 5298 1801 5368 Regi
1841 5301 2006 5370 quasi

312 5380 678 5450 praecedenti,
735 5387 791 5435 et
837 5382 1075 5437 ducibus
1127 5389 1403 5456 tanquam
1452 5386 1522 5439 ab
1573 5403 1640 5439 eo
1690 5387 1877 5440 missis
1932 5389 2005 5443 ad

309 5467 620 5522 vindictam
693 5470 1146 5543 malefactorum,

309 5556 454 5611 Item
489 5557 904 5629 Hieronymus:
966 5562 1286 5616 Homicidas
1316 5566 1374 5617 et
1431 5561 1734 5634 sacrilegos
1772 5567 2000 5636 punire,

1223 5475 1454 5528 laudem
1510 5489 1644 5528 vero
1696 5473 2042 5532 bonorumﬁ

2121 547 2203 594 est
2260 540 2526 594 vanitas?
2588 540 2694 593 Uni
2747 555 2982 610 parcere
3013 544 3067 594 et
3131 556 3328 593 omnes
3392 541 3454 594 in
3506 541 3821 595 discrimen

2120 630 2442 683 adducere?
2490 629 2834 683 Polluuntur
2891 628 3046 681 enim
3101 645 3301 682 omnes
3352 645 3466 682 uno
3515 635 3817 699 peccante.

2121 718 2282 771 Unde
2311 722 2367 770 et
2396 717 2455 770 in
2487 717 2610 786 lege
2634 715 2872 786 jubetur
2907 731 2920 768 :
2963 714 3242 769 Maleﬁcos
3273 732 3391 769 non
3441 717 3679 786 patiaris
3725 718 3782 770 vi
3804 706 3846 756 -’

2121 822 2268 859 vere.
2335 805 2493 859 Unde
2552 804 2878 874 Propheta:
2957 804 3370 858 Mortiﬁcabant
3414 805 3632 858 animas
3684 822 3821 876 qua:

2118 910 2234 947 non
2280 894 2628 947 moriuntur.
2683 893 2840 946 Unde
2894 892 3250 962 Gregorius:
3309 909 3428 946 non
3471 894 3822 947 morientem

2119 981 2332 1053 quippe
2361 980 2680 1044 mortiﬁcat,
2717 980 2815 1050 qui
2841 981 3062 1050 justum
3096 980 3351 1047 damnat,
3383 986 3441 1034 et
3476 997 3593 1034 non
3625 983 3820 1035 victu-

2116 1086 2247 1123 rum
2276 1069 2562 1122 viviticare
2593 1067 2820 1133 nititur,
2857 1068 2956 1138 qui
2987 1084 3147 1123 reum
3178 1085 3210 1121 a
3257 1069 3538 1139 supplicio
3592 1071 3818 1123 solvere

2118 1163 2374 1211 conatur.
2433 1157 2618 1210 Helias
2664 1173 2914 1226 namque
2965 1158 3175 1210 multos
3217 1156 3403 1211 atl'ecit
3437 1163 3644 1224 morte,
3680 1174 3816 1226 pro-

2116 1246 2242 1316 pria
2295 1261 2490 1310 manu,
2568 1261 2706 1298 nece
2766 1251 2822 1298 et
2870 1244 3003 1314 igne
3073 1245 3345 1298 divinitus
3394 1245 3692 1315 inspirato.
3749 1248 3818 1300 In

2117 1335 2272 1387 Novo
2306 1333 2479 1386 etiam
2512 1334 2877 1386 Testamento
2911 1333 3115 1386 Petrus
3153 1335 3436 1387 Ananiam
3489 1339 3548 1387 et
3600 1334 3820 1405 Saphy-

2115 1438 2238 1475 ram
2266 1421 2508 1475 terriﬁce
2531 1420 2848 1474 mulctavit.

2115 1511 2243 1564 CAP.
2290 1510 2463 1563 XLIV.
2497 1539 2565 1548 -—
2604 1512 2678 1562 De
2714 1510 2827 1562 illis
2880 1511 2977 1577 qui
3008 1513 3133 1577 post
3165 1509 3491 1577 baptismum
3520 1511 3821 1579 capitalem

2607 1582 2948 1648 protulerunt
2967 1583 3306 1634 sententiam.

2192 1669 2311 1736 (Em
2359 1668 2522 1721 dictis
2563 1669 2861 1720 Innocentii
2907 1683 3088 1737 papa,
3139 1671 3315 1736 capite
3353 1668 3469 1737 25.)
3499 1668 3819 1728 Quaesitum

2120 1761 2206 1809 est
2244 1755 2417 1809 etiam
2465 1771 2638 1824 super
2685 1756 2774 1808 his
2822 1756 2922 1826 qui
2988 1761 3116 1826 post
3171 1756 3524 1826 baptismum
3569 1757 3819 1810 admini-

2117 1848 2460 1908 straverunt,
2495 1850 2552 1898 et
2603 1849 2702 1897 aut
2749 1848 3035 1898 tormenta
3085 1847 3198 1898 sola
3251 1850 3650 1910 exercuerunt,
3711 1851 3818 1899 aut

2117 1932 2288 1985 etiam
2314 1933 2614 2003 capitalem
2647 1934 3010 2002 protulerunt
3038 1934 3399 1988 sententiam.
3437 1934 3512 1987 De
3553 1934 3642 1987 his
3664 1934 3817 1987 nihil

2115 2019 2359 2089 legimus
2414 2036 2447 2073 a
2486 2020 2798 2090 majoribus
2848 2021 3168 2086 deﬁnitum,
3216 2021 3603 2075 meminerant
3652 2021 3814 2074 enim

2116 2124 2148 2160 a
2181 2111 2297 2162 Deo
2353 2113 2660 2178 potestates
2716 2109 2817 2162 has
2866 2109 3039 2162 fuisse
3099 2125 3411 2175 concessas,
3464 2115 3521 2162 et
3570 2115 3817 2180 propter

2114 2197 2426 2250 vindictam
2475 2195 2774 2250 noxiorum
2826 2197 3080 2267 gladium
3134 2198 3307 2251 fuisse
3355 2199 3720 2267 permissum.
3755 2203 3815 2252 et

2117 2284 2215 2338 Dei
2247 2285 2576 2338 ministrum
2617 2301 2737 2339 esse
2769 2286 2965 2339 datum
3024 2285 3084 2338 in
3114 2285 3447 2356 hujusmodi
3494 2287 3808 2340 vindicem.

2115 2373 2415 2436 Quomodo
2469 2373 2648 2443 igitur
2697 2374 3187 2443 reprehenderent
3237 2374 3468 2437 factum,
3523 2375 3679 2444 quod
3737 2375 3813 2428 ab

2115 2466 2344 2514 auctore
2396 2463 2508 2514 Deo
2549 2462 2810 2516 viderent
2839 2478 2960 2515 esse
3005 2462 3378 2517 concessum?
3409 2464 3486 2516 De
3543 2463 3633 2516 his
3671 2479 3814 2534 ergo

2115 2549 2282 2602 itaut
2327 2550 2598 2604 hactenus
2641 2555 2927 2604 servatum
2978 2555 3064 2603 est
3113 2551 3190 2604 sic
3235 2551 3542 2617 habemus,
3590 2567 3662 2604 ne
3712 2557 3816 2605 aut

2114 2636 2478 2706 disciplinam
2510 2645 2785 2702 evertere,
2820 2644 2918 2692 aut
2948 2643 3142 2692 contra
3170 2639 3568 2693 auctoritatem
3615 2640 3814 2693 Domi-

2115 2726 2176 2779 ni
2206 2726 2399 2779 venire
2422 2727 2738 2780 videamur.
2774 2727 2914 2796 Ipsis
2944 2731 3136 2780 autem
3159 2729 3221 2780 in
3239 2727 3460 2780 ratione
3491 2727 3813 2794 reddenda,

2116 2819 2274 2884 gesta
2305 2830 2401 2868 sua
2430 2817 2624 2868 omnia
2645 2815 3039 2868 servabuntur.

2116 2901 2243 2956 CAP.
2285 2903 2436 2955 XLV.
2490 2934 2558 2941 —
2597 2906 2676 2958 De
2717 2903 2826 2956 illis
2877 2905 2973 2971 qui
3027 2905 3084 2956 in
3131 2905 3494 2970 confractione
3540 2903 3815 2957 idolorum

2753 2977 2913 3026 occisi
2937 2976 3166 3038 fuerint.

2187 3043 2306 3111 (Ea:
2338 3044 2559 3096 concilio
2612 3044 2932 3110 Elibertan.,
2990 3047 3165 3112 capite
3207 3044 3320 3114 70.)
3368 3044 3428 3099 Si
3479 3043 3610 3114 quis
3655 3043 3816 3098 idola

2113 3129 2368 3200 fregerit,
2413 3137 2466 3184 et
2497 3131 2708 3185 ibidem
2738 3132 2957 3185 occisus
2987 3132 3176 3198 fuerit,
3214 3133 3347 3202 quia
3375 3132 3436 3185 in
3487 3133 3813 3202 Evangeliis

2115 3219 2390 3288 scriptum
2454 3235 2570 3272 non
2616 3225 2720 3285 est,
2796 3236 2984 3290 neque
3034 3220 3327 3273 invenitur
3375 3221 3480 3273 sub
3533 3221 3813 3290 apostolis

2114 3323 2373 3376 unquam
2395 3307 2632 3376 factum,
2663 3307 2880 3378 placuit
2926 3308 2986 3360 in
3029 3324 3338 3362 numerum
3388 3325 3520 3362 eum
3552 3324 3670 3362 non
3725 3325 3816 3364 re-

2114 3395 2226 3464 cipi
2255 3400 2592 3465 martyrum.

2114 3483 2242 3537 CAP.
2315 3484 2491 3537 XLVI.
2561 3514 2630 3524 —
2690 3487 2764 3567 “De
2828 3500 2884 3538 eo
2951 3486 3048 3567 qui
3091 3488 3321 3567 matrem
3364 3499 3519 3538 suam
3556 3487 3820 3540 occiderit

2573 3557 2808 3622 qualiter
2837 3559 3095 3623 panitere
3133 3556 3340 3608 debeat.

2186 3624 2293 3693 (Ea:
2340 3626 2570 3693 epistola
2617 3625 2831 3681 Nicolai
2883 3641 3041 3694 papae
3097 3626 3172 3678 ad
3217 3625 3524 3681 Radoldum
3579 3625 3640 3678 S.
3700 3630 3817 3680 Ar-

2112 3719 2308 3781 genteaa
2368 3716 2605 3768 Retensis
2651 3714 2912 3768 Ecclesia:
2966 3714 3316 3783 episcopum.)
3371 3713 3635 3768 Nicolaus
3693 3716 3816 3785 epi-

2112 3817 2318 3870 scopus
2384 3817 2576 3855 servus
2656 3817 2950 3855 servorum
3032 3802 3155 3871 Dei,
3213 3802 3691 3856 reverendissimo
3750 3809 3814 3858 et

2113 3889 2470 3942 sanctissimo
2536 3889 2795 3944 Radoldo
2878 3891 3143 3960 episcopo
3221 3895 3425 3943 sanctae
3505 3893 3815 3960 Argentese

2113 3979 2372 4032 Retensis
2418 3978 2699 4032 Ecclesiae.
2750 3979 2898 4032 Dum
2950 3979 3232 4033 universis
3285 3979 3489 4032 mundi
3543 3980 3814 4048 partibus

2112 4065 2465 4119 credentium
2499 4067 2734 4135 agmina
2765 4067 3044 4137 principis
3083 4067 3476 4137 apostolorum
3508 4067 3814 4122 liminibus

2111 4160 2444 4224 properant,
2523 4154 2758 4224 quidam
2832 4154 2918 4207 vir
2966 4155 3199 4208 nomine
3273 4155 3573 4209 Thiothart
3648 4158 3818 4212 venit

2087 4247 2316 4312 vestrm
2356 4241 2728 4296 beatitudinis
2781 4243 3086 4313 epistolam
3135 4259 3354 4313 gerens,
3405 4259 3579 4313 quam
3611 4249 3814 4300 nostro

2117 4331 2361 4385 contulit
2423 4330 2778 4401 prmsulatui,
2861 4333 3021 4402 cujus
3076 4331 3348 4402 paginam
3423 4333 3815 4404 perlegentes,

2111 4419 2471 4473 matricidam
2503 4419 2669 4472 illum
2709 4434 2831 4473 esse
2861 4419 3251 4490 cognovimus,
3282 4436 3396 4490 quo
3429 4420 3574 4474 facto
3611 4423 3818 4477 multis

2112 4507 2342 4562 ﬂetibus
2382 4508 2761 4579 lacrymisque
2806 4509 3082 4579 profusis,
3131 4509 3294 4562 valde
3348 4509 3659 4563 doluimus.
3718 4512 3818 4564 Id-

2111 4597 2259 4651 circo
2290 4597 2656 4667 prtecipimus
2683 4602 2740 4650 et
2767 4601 2998 4666 patrum
3050 4598 3336 4651 almorum
3393 4598 3644 4652 censuris
3687 4604 3818 4653 sta-

2110 4685 2346 4751 tuimus,
2379 4688 2443 4738 ut
2470 4685 2574 4738 sub
2620 4685 2975 4755 paenitentiae
3011 4685 3153 4756 jugo
3212 4691 3567 4756 permaneat,
3624 4686 3704 4740 ita
3749 4692 3820 4742 ut

2111 4790 2293 4827 unum
2325 4789 2430 4842 per
2483 4789 2700 4827 annum
2744 4774 3050 4828 Ecclesiam
3099 4790 3217 4828 non
3272 4775 3650 4845 ingrediatur,
3710 4778 3818 4832 sed

2112 4866 2242 4914 ante
2272 4861 2422 4915 fores
2451 4861 2699 4916 basilica
2739 4879 2910 4916 orans
2960 4879 3022 4916 ac
3078 4863 3389 4934 deprecans
3437 4865 3616 4917 Deum
3671 4881 3813 4934 per-

2112 4955 2346 5018 severet,
2382 4950 2627 5021 qualiter
2654 4955 2813 5005 tanto
2865 4950 3144 5020 eripiatur
3204 4953 3450 5022 piaculo.
3511 4952 3816 5023 Completo

2112 5053 2243 5091 vero
2269 5039 2408 5092 anni
2441 5038 2653 5093 circulo
2697 5039 3026 5093 introeundi
3056 5039 3116 5092 in
3171 5040 3477 5093 Ecclesiam
3515 5039 3819 5096 licentiam

2112 5125 2340 5193 habeat,
2396 5131 2592 5182 tamen
2646 5126 2802 5184 inter
2851 5128 3150 5182 audientes
3230 5132 3356 5192 stet,
3416 5133 3473 5182 et
3549 5129 3816 5184 nondum

2111 5216 2513 5270 communicet.
2608 5216 2916 5286 Completis
3005 5223 3198 5271 autem
3271 5217 3447 5270 trium
3525 5233 3816 5272 annorum

2111 5303 2356 5371 circulis,
2387 5320 2559 5358 sacrae
2603 5305 3028 5359 communionis
3083 5306 3168 5358 illi
3216 5305 3400 5376 gratia
3438 5306 3811 5360 concedatur.

2112 5394 2433 5449 Oblationes
2467 5411 2600 5449 vero
2646 5411 2763 5449 non
2796 5395 3015 5463 offerat,
3057 5395 3169 5448 nisi
3197 5399 3502 5465 postquam
3559 5395 3816 5451 aliorum

2111 5485 2330 5551 septem
2362 5499 2645 5537 annorum
2684 5483 2969 5537 curricula
2997 5483 3353 5553 expleantur.
3388 5483 3458 5536 In
3490 5481 3580 5535 his
3613 5488 3815 5538 autem

2111 5570 2380 5625 omnibus
2410 5571 2576 5626 annis
2605 5575 2779 5642 atque
2808 5571 3171 5643 temporibus
3210 5586 3446 5626 carnem
3473 5586 3593 5626 non
3643 5587 3815 5627 man-
