3956 6376
172 398 255 448 777
1100 392 1581 453 DECRETORUM
1624 396 1811 452 LIBRI
1850 398 1957 453 XX.
2000 427 2070 437 —
2112 399 2324 454 LIBER
2364 398 2727 466 SEPTIMUS.

167 518 326 584 ducet,
386 533 493 572 nec
531 517 734 571 vinum
791 516 988 571 bibere
1040 526 1370 588 praesumat,
1405 518 1654 589 exceptis
1686 519 1843 573 festis
1880 520 2156 574 Abemus
2214 520 2513 587 occidere,
2577 536 2708 574 cum
2778 520 3055 575 Dominus
3130 522 3278 577 dicat

167 607 341 661 diebus
391 611 565 677 atque
611 605 941 671 Dominicis,
976 610 1032 659 et
1060 622 1093 658 a
1140 608 1355 660 Pascha
1405 624 1585 677 usque
1633 608 1839 661 Pente-

165 702 343 761 costes,
397 700 457 748 et
517 710 861 765 quocunque
916 694 1001 748 ire
1052 696 1316 761 voluerit,
1370 696 1531 750 nullo
1580 696 1841 751 vehiculo

168 784 484 849 deducatur,
544 784 643 837 sed
698 782 938 852 pedibus
1008 782 1423 853 proficiscatur,
1494 801 1655 838 arma
1726 802 1842 839 non

165 877 332 927 sumat
358 871 468 925 nisi
519 877 718 925 contra
750 887 1026 941 paganos.
1071 872 1300 940 Jejunet
1335 878 1524 925 autem
1558 878 1672 927 tres
1718 874 1842 927 dies

165 977 253 1031 per
296 960 716 1014 hebdomadam
779 975 961 1029 usque
1017 959 1088 1012 ad
1139 976 1463 1030 vesperum.
1508 963 1553 1015 A
1607 962 1843 1031 propria

166 1048 380 1120 quidem
420 1064 485 1101 ac
529 1048 797 1118 legitima
819 1064 923 1101 sua
971 1047 1217 1119 conjuge
1260 1065 1377 1101 non
1420 1054 1735 1117 separetur,
1770 1065 1841 1103 ne

161 1137 535 1191 fornicationis
589 1136 862 1206 voragine
910 1142 1159 1202 corruat,
1211 1137 1367 1207 quod
1414 1153 1486 1190 ne
1529 1136 1629 1191 ﬁat
1676 1143 1840 1206 opta-

164 1243 295 1279 mus.
348 1226 403 1281 Si
461 1230 650 1279 autem
706 1231 836 1278 ante
888 1224 1063 1279 trium
1112 1241 1398 1279 annorum
1446 1242 1675 1279 cursum
1710 1226 1841 1279 ﬁnis

163 1317 279 1369 vitm
322 1316 479 1369 illius
528 1314 1100 1385 appropinquaverit,
1145 1314 1399 1385 corporis
1443 1320 1499 1368 et
1545 1315 1842 1385 sanguinis

168 1404 373 1458 Domini
419 1404 599 1458 nostri
656 1405 789 1458 Jesu
840 1404 1049 1458 Christi
1100 1403 1389 1473 particeps
1428 1404 1569 1457 ﬁat:
1604 1405 1691 1458 sin
1739 1420 1841 1458 au-

164 1497 284 1559 tem,
333 1497 398 1547 ut
451 1508 623 1562 supra
670 1491 972 1545 statuimus
1021 1492 1324 1557 efficiatur,
1372 1496 1565 1546 tamen
1606 1492 1653 1545 si
1685 1493 1843 1546 illius

162 1582 632 1636 conversationem
678 1585 735 1634 et
783 1582 1162 1651 laerymarum
1214 1581 1434 1635 fontem
1478 1582 1539 1633 in
1574 1581 1842 1634 omnibus

162 1670 398 1724 videritis
449 1670 667 1724 ﬂoridis
698 1670 1020 1724 actionibus
1052 1675 1109 1723 et
1138 1669 1373 1739 optimis
1405 1671 1671 1740 operibus
1715 1670 1841 1739 pul-

162 1760 347 1825 lulare,
394 1759 706 1814 humanius
754 1758 903 1813 circa
948 1775 1077 1813 eum
1125 1764 1309 1812 vestra
1358 1758 1678 1812 sollicitudo
1711 1773 1841 1827 per-

160 1850 283 1918 vigil
350 1853 653 1919 appareat,
722 1847 993 1918 mitisque
1060 1846 1330 1901 omnibus
1395 1848 1840 1901 demonstretur.

163 1938 428 2008 Optamus
457 1953 556 1991 vos
588 1938 645 1989 in
678 1936 898 1991 Christo
928 1937 1072 1989 bene
1103 1936 1308 1989 valere.

169 2060 284 2115 CAP.
310 2060 514 2114 XLVII.
550 2090 619 2098 ——-
646 2059 708 2113 Si
735 2061 857 2126 quis
883 2059 1105 2112 clericus
1133 2058 1482 2111 homicidium
1513 2060 1724 2123 fecerit,
1778 2059 1845 2111 ab

656 2130 843 2183 ordine
875 2144 1079 2183 cessare
1108 2129 1335 2182 debebit.

224 2255 339 2321 (Ea:
377 2254 602 2308 concilio
656 2253 1021 2319 Triburiensi,
1068 2255 1157 2306 cui
1197 2253 1452 2317 interfuit
1498 2266 1597 2305 rem
1644 2252 1849 2305 Arnol-

156 2345 313 2413 phus,
361 2346 539 2411 capite
585 2345 693 2407 ll.)
742 2341 797 2395 Si
851 2342 977 2410 quis
1021 2341 1279 2404 clericus,
1313 2343 1572 2410 quamvis
1602 2340 1849 2393 nimium

158 2438 396 2498 coactus,
447 2429 824 2484 homicidium
860 2429 1076 2490 fecerit,
1121 2429 1236 2482 sive
1269 2428 1341 2481 sit
1383 2429 1700 2499 presbyter,
1734 2428 1848 2481 sive

156 2522 442 2585 diaconus,
476 2519 816 2587 deponatur.
864 2517 1126 2586 Legimus
1173 2517 1231 2569 in
1263 2517 1579 2570 canonibus
1618 2520 1848 2585 aposto-

156 2612 354 2669 lorum,
389 2607 545 2677 quod
596 2606 916 2677 episc0pus,
954 2606 1253 2675 presbyter
1287 2609 1387 2658 aut
1427 2605 1720 2667 diaconus,
1753 2605 1852 2675 qui

156 2700 208 2751 in
238 2696 634 2762 fornicatione,
686 2700 786 2748 aut
831 2694 1107 2764 perjurio,
1170 2698 1265 2747 aut
1310 2694 1462 2747 furto
1495 2699 1693 2763 captus
1742 2697 1847 2757 est,

156 2787 476 2856 deponatur
510 2799 523 2836 :
556 2789 767 2853 quanto
798 2783 980 2852 magis
1010 2782 1056 2835 is
1100 2782 1197 2852 qui
1230 2783 1338 2835 hoc
1380 2782 1634 2834 immane
1668 2782 1851 2834 scelus

154 2875 365 2937 fecerit,
399 2872 470 2925 ab
491 2871 688 2925 ordine
710 2887 928 2923 cessare
960 2870 1231 2924 debebit?
1250 2870 1359 2933 Qui
1389 2870 1540 2923 enim
1565 2869 1852 2924 Christum

156 2963 313 3033 sequi
365 2961 670 3026 desiderat,
708 2959 877 3013 debet
918 2958 1063 3012 sicut
1109 2959 1229 3029 ipse
1278 2959 1594 3012 ambulavit
1637 2965 1693 3010 et
1727 2959 1850 3027 ipse

3545 406 3649 457 7'78

3333 539 3346 577 :
3400 522 3650 577 Audistis

1954 610 2089 678 quia
2143 609 2359 663 dictum
2410 614 2496 664 est
2550 609 2800 678 antiquis
2858 611 3035 663 :Non
3091 611 3350 677 occides;
3396 611 3496 681 qui
3547 627 3651 683 au-

1955 703 2069 751 tem
2127 698 2417 763 occiderit,
2475 714 2603 752 reus
2654 698 2767 752 erit
2809 698 3026 769 judicio
3068 717 3081 753 :
3151 715 3258 769 ego
3308 704 3500 753 autem
3557 700 3650 752 di-

1952 802 2016 839 co
2068 786 2263 853 vobis,
2324 787 2459 857 quia
2529 786 2716 839 omnis
2781 786 2881 857 qui
2946 786 3212 840 irascitur
3270 787 3433 840 fratri
3508 804 3647 851 suo,

1953 890 2088 927 reus
2143 874 2250 928 erit
2304 874 2560 944 judicio;
2624 890 2729 927 nec
2786 874 3004 928 malum
3077 890 3182 945 pro
3245 875 3397 928 malo
3450 875 3649 928 redde-

1953 977 2034 1026 re,
2070 962 2170 1015 sed
2217 962 2363 1014 sicut
2394 964 2701 1030 Apostolus
2732 962 3008 1016 Romanis
3057 963 3333 1027 scribens,
3369 962 3447 1015 ait
3478 978 3490 1015 :
3529 962 3653 1015 Noli

1951 1049 2104 1102 vinci
2135 1066 2168 1102 a
2197 1049 2371 1115 malo,
2402 1050 2499 1103 sed
2534 1051 2693 1103 vince
2726 1050 2786 1103 in
2828 1050 2979 1104 bono
3014 1052 3254 1105 malum.
3283 1052 3340 1105 Sl
3385 1052 3512 1121 quis
3542 1053 3653 1104 cle-

1954 1138 2203 1191 ricorum
2232 1154 2481 1209 praesens
2531 1140 2642 1192 erit
2670 1139 2771 1192 ubi
2812 1139 3184 1193 homicidium
3216 1140 3426 1193 factum
3459 1139 3649 1206 fuerit,

1953 1232 2008 1280 et
2052 1244 2237 1298 neque
2289 1245 2592 1294 consensu,
2643 1244 2830 1298 neque
2877 1229 3160 1294 consultu,
3206 1244 3311 1282 nec
3356 1230 3414 1281 in
3458 1228 3650 1298 aliquo

1952 1314 2247 1368 homicidii
2267 1320 2425 1367 reatu
2449 1316 2700 1383 pollutus
2725 1331 2846 1368 esse
2869 1315 3241 1380 convincitur,
3266 1315 3406 1368 nihil
3428 1315 3481 1368 ei
3503 1315 3651 1368 obsit

1954 1402 2093 1472 quin
2146 1407 2506 1456 consecratus
2543 1403 2603 1455 in
2654 1403 2834 1472 gradu
2884 1408 3236 1472 permaneat.
3275 1404 3400 1456 Non
3448 1418 3649 1455 conse-

1954 1496 2163 1556 cratus,
2198 1490 2246 1543 si
2272 1491 2410 1544 alias
2441 1490 2648 1560 dignus
2678 1491 2769 1557 sit,
2798 1497 3096 1561 promotus
3127 1491 3369 1545 accedat.

1954 1631 2082 1685 CAP.
2116 1631 2347 1685 XLVIII.
2369 1662 2437 1671 —
2456 1635 2615 1685 Deeo
2645 1633 2721 1684 sie
2742 1634 2863 1699 quis
2894 1634 2952 1683 in
2983 1633 3181 1685 hostem
3202 1635 3387 1685 contra
3406 1646 3649 1699 paganos

2206 1702 2475 1755 dimicans
2503 1704 2730 1769 intrﬁcit
2757 1703 3108 1755 Christianos
3138 1706 3398 1770 captiuos.

2029 1824 2137 1894 (Ea:
2193 1826 2372 1879 eodem
2429 1827 2649 1879 concilio
2711 1827 2800 1879 cui
2854 1827 3109 1890 interfuit
3163 1841 3262 1879 rea:
3311 1825 3648 1893 Arnolphus,

1955 1929 2076 1981 cap.
2119 1913 2229 1982 34.)
2278 1914 2439 1983 Saepe
2493 1914 2558 1966 fit
2598 1912 2834 1965 victoria
2881 1912 3360 1977 Christianorum,
3394 1913 3539 1965 victa
3568 1918 3652 1966 est

1956 2017 2088 2070 pars
2120 2017 2498 2070 paganorum.
2546 2001 2731 2064 Quare
2760 2018 2874 2053 una
2904 2017 3034 2054 cum
3078 2001 3388 2054 interfectis
3416 2001 3652 2071 paganis

1956 2089 2243 2158 perempti
2290 2089 2503 2143 fuerint
2548 2089 2855 2143 Christiani
2902 2089 3111 2158 captivi
3142 2105 3175 2142 a
3202 2088 3480 2155 barbaris,
3516 2089 3653 2158 quia

1956 2177 2015 2229 in
2050 2176 2271 2246 impetu
2316 2177 2447 2230 belli
2493 2182 2789 2247 nequeunt
2831 2176 3129 2246 distingui,
3178 2176 3386 2230 idcirco
3429 2177 3650 2247 justum

1958 2265 2327 2319 decernentes
2376 2266 2698 2328 statuimus,
2741 2283 2871 2319 cum
2919 2266 3381 2319 interfectoribus
3427 2265 3653 2318 miseri-

1957 2354 2187 2408 cordius
2236 2354 2543 2424 agendum,
2581 2353 2659 2406 ita
2695 2358 2777 2419 ut,
2811 2354 2896 2408 XL
2926 2353 3127 2406 diebus
3170 2352 3522 2422 paenitentiae
3564 2352 3653 2404 in-

1959 2443 2292 2513 dulgentius
2325 2442 2643 2506 transactis,
2677 2458 2853 2510 penes
2882 2440 3213 2511 episcopum
3246 2440 3317 2493 sit
3349 2439 3655 2493 auctoritas

1959 2534 2016 2583 et
2062 2535 2313 2600 potestas
2374 2534 2439 2583 ut
2498 2528 2816 2599 perpendat
2869 2530 3117 2598 culpam,
3171 2532 3303 2597 agat
3352 2527 3653 2595 indulgeu-

1959 2618 2121 2673 liam.

1964 2762 2097 2815 CAP.
2140 2762 2306 2814 XLIX.
2333 2791 2400 2798 —
2426 2762 2497 2813 De
2532 2775 2587 2813 eo
2622 2761 2715 2828 qui
2760 2756 3140 2811 Christianum
3194 2758 3527 2826 mancipium
3573 2772 3650 2811 se-

2422 2831 2645 2883 duxerit
2674 2834 2724 2882 et
2760 2832 2838 2882 sic
2865 2828 3192 2882 vendiderit.

2038 2956 2144 3023 (Ea:
2190 2954 2410 3007 concilio
2450 2951 2601 3020 apud
2647 2952 3031 3019 Con/licentiam
3081 2952 3169 3003 cui
3213 2951 3467 3015 interfuit
3504 2949 3657 3002 Hen-
3736 2971 3743 2977 η

157 3051 466 3105 ambulare.
503 3048 611 3112 Qui
640 3064 771 3101 cum
803 3047 1255 3112 malediceretur,
1289 3063 1404 3101 non
1434 3047 1849 3100 maledicebat:
1894 3077 1934 3131 ρ
1963 3046 2137 3108 risus,
2172 3046 2220 3095 et
2249 3042 2490 3103 Carolus,
2524 3055 2694 3107 reges,
2745 3042 2919 3107 capite
2945 3039 3027 3108 '7.)
3062 3039 3201 3091 Item
3242 3038 3657 3107 interrogatum

158 3156 283 3195 cum
332 3142 756 3209 percuteretur,
789 3152 903 3190 non
954 3136 1375 3205 repercutiebat
1402 3152 1415 3190 :
1448 3152 1579 3189 cum
1621 3151 1721 3204 pro
1751 3151 1853 3188 no-

159 3230 243 3283 bis
289 3232 607 3299 pateretur,
648 3242 763 3278 non
806 3224 1283 3279 comminabatur.
1320 3226 1386 3278 Et
1415 3224 1536 3294 ipse
1586 3223 1645 3276 in
1681 3225 1857 3276 Evan-

158 3319 306 3389 gelio
356 3333 460 3370 suo
495 3315 769 3387 praacepit
807 3330 819 3367 :
850 3314 906 3367 Si
937 3314 1065 3384 quis
1112 3318 1167 3367 te
1199 3313 1543 3383 percusserit
1579 3311 1638 3364 in
1686 3327 1859 3364 unam

155 3407 472 3472 maxillam,
526 3402 721 3474 praebe
779 3402 861 3455 illi
920 3408 978 3455 et
1035 3402 1294 3455 alteram.
1368 3402 1489 3455 Non
1548 3400 1702 3452 enim
1769 3400 1859 3451 de-

1968 3131 2219 3200 estquid
2269 3130 2338 3183 de
2386 3145 2452 3181 eo
2482 3128 2804 3181 faciendum
2854 3127 2944 3192 sit,
2991 3126 3091 3196 qui
3146 3126 3527 3180 Christianum
3561 3126 3660 3178 ho-

1969 3220 2185 3274 minem
2235 3217 2523 3271 seduxerit
2567 3222 2623 3270 et
2669 3216 2746 3269 sic
2793 3215 3131 3269 vendiderit.
3188 3217 3659 3285 Responsumque

1969 3315 2051 3362 est
2095 3307 2166 3360 ab
2212 3305 2500 3371 omnibus,
2534 3304 2831 3358 homicidii
2864 3309 3083 3357 reatum
3128 3302 3317 3373 ipsum
3367 3303 3659 3356 hominem

1970 3396 2079 3449 sibi
2110 3394 2457 3448 contrahere.

1582 3520 1756 3559 FINIS
1803 3520 1979 3559 LIBRI
2020 3517 2227 3557 SEXTI.

993 3726 1289 3798 INDEX
1349 3723 2036 3797 CAPITULORUM
2092 3722 2343 3794 LIBRI
2410 3719 2817 3793 SEPTIMI.

164 3886 294 3938 CAP.
336 3886 384 3937 l.
419 3882 582 3947 Quod
641 3880 885 3935 infames
933 3882 1207 3933 vocentur
1252 3878 1351 3948 qui
1399 3894 1463 3931 ex
1514 3877 1866 3947 consangui-

226 3974 357 4027 neis
386 3975 720 4026 nascuntur.

156 4067 206 4115 2.
242 4062 414 4127 Quod
462 4061 607 4115 nulli
640 4059 808 4114 liceat
853 4058 922 4114 de
952 4057 1185 4129 propria
1230 4055 1573 4126 cognatione
1628 4070 1863 4109 uxorem

226 4152 463 4205 ducere.
1412 4140 1422 4148 ’

153 4244 205 4293 3.
243 4241 326 4293 De
364 4237 719 4292 incestuosis.

152 4332 205 4382 i.
248 4330 331 4383 De
365 4328 566 4381 eadem
602 4342 682 4380 re.

151 4423 205 4471 Ei.
249 4419 329 4471 De
360 4415 562 4470 eadem
596 4429 677 4467 re.
1750 4476 1753 4479 δ

149 4513 202 4563 ti.
247 4510 331 4562 Ne
378 4506 587 4575 aliquis
618 4502 877 4559 fidelium
920 4502 990 4557 ad
1021 4501 1407 4572 prepinquam
1454 4496 1751 4569 sanguinis
1780 4497 1870 4550 sui

226 4595 484 4650 accedat.

154 4690 216 4737 7.
256 4684 429 4748 Quod
479 4681 780 4752 aequaliter
828 4695 945 4734 non
988 4676 1426 4749 conjungendus
1458 4675 1529 4730 sit
1575 4675 1636 4729 in
1669 4674 1870 4729 matri-

228 4773 438 4827 monio
469 4772 557 4824 vir
586 4770 703 4823 suis
721 4768 1166 4838 consanguineis
1192 4773 1248 4821 et
1279 4765 1488 4820 uxoris.

158 4865 209 4916 8.
250 4861 425 4927 Quod
454 4875 569 4913 uno
600 4858 773 4913 modo
806 4858 1101 4928 parentela
1129 4855 1239 4909 viri
1271 4859 1327 4909 et
1354 4853 1614 4908 mulieris
1643 4853 1703 4907 in
1733 4867 1869 4907 con-

225 4950 541 5021 junctione
571 4947 985 5002 consideranda
1014 4948 1103 4999 sit.

162 5044 216 5091 9.
256 5041 323 5093 In
357 5055 473 5110 quo
502 5036 767 5107 geniculo
798 5034 1210 5089 abstinendum
1241 5032 1331 5087 sit.

162 5131 251 5182 10.
288 5130 357 5182 In
394 5143 508 5197 quo
552 5126 875 5179 ramusculo
907 5119 1422 5193 consanguinitatis
1454 5119 1712 5190 legitima
1742 5133 1876 5171 con-

233 5216 420 5270 nubia
445 5215 570 5269 fieri
602 5213 842 5285 possint.

166 5310 251 5359 1t.
288 5306 458 5370 Quod
508 5300 981 5374 consanguinitas
1024 5315 1209 5372 usque
1259 5299 1330 5354 ad
1382 5295 1692 5368 septimum
1722 5294 1881 5365 geni-

234 5396 438 5447 culum
469 5390 794 5446 conservari
821 5389 1046 5445 debeat.

164 5484 253 5534 12.
294 5483 377 5536 De
408 5481 610 5536 eadem
634 5496 721 5536 re.

164 5574 254 5625 l3.
297 5575 381 5624 De
412 5570 614 5624 eadem
647 5585 726 5623 re.

165 5660 257 5714 14.
299 5661 385 5715 De
412 5658 614 5714 eadem
648 5673 729 5711 re.

545 5764 822 5829 PATBOL.
878 5761 1055 5826 CXL.

1975 3879 2057 3930 15.
2097 3877 2173 3930 De
2200 3875 2397 3929 eadem
2429 3890 2507 3928 re.

1974 3968 2059 4020 16.
2090 3966 2167 4018 De
2199 3965 2397 4019 eadem
2428 3980 2508 4017 re.

1974 4058 2059 4108 l7.
2098 4055 2166 4108 Ut
2195 4054 2421 4108 duobus
2472 4053 2558 4105 vel
2592 4050 2776 4105 tribus
2810 4049 3048 4104 testibus
3080 4047 3410 4103 testimonia
3439 4047 3670 4101 dicenti-

2043 4143 2150 4199 bus
2180 4139 2595 4210 consanguinei
2623 4143 2982 4207 separentur.

1979 4234 2059 4285 18.
2096 4232 2173 4284 De
2205 4230 2403 4284 eadem
2432 4245 2513 4283 re.

1978 4319 2063 4369 19.
2121 4313 2266 4377 Quid
2320 4317 2545 4366 sanctus
2612 4309 2917 4381 Gregorius
2982 4307 3302 4377 Augustino
3350 4307 3668 4377 Anglorum

2046 4400 2415 4473 praedicatori
2473 4404 2707 4471 propter
2766 4398 3126 4452 teneritatem
3179 4412 3336 4451 novae
3382 4397 3515 4450 fidei
3546 4410 3671 4465 per-

2051 4490 2287 4543 miserit.

1976 4583 2066 4637 20.
2123 4579 2285 4643 Quod
2342 4581 2570 4631 sanctus
2618 4575 2927 4646 Gregorius
2977 4575 3084 4629 hoc
3141 4574 3460 4644 Anglorum
3512 4572 3671 4644 genti

2049 4667 2373 4738 specialiter
2398 4682 2513 4719 non
2544 4664 2892 4735 generaliter
2918 4662 3260 4734 permiserit.

1979 4762 2065 4813 2|.
2096 4756 2259 4820 Quod
2305 4753 2583 4820 extranei,
2620 4753 2730 4806 nisi
2780 4769 2847 4805 ex
2876 4751 3217 4817 necessario,
3250 4750 3556 4805 discidium
3584 4750 3674 4804 in-

2052 4851 2138 4898 ter
2166 4843 2626 4913 consanguineos
2652 4842 2837 4896 facere
2866 4856 2984 4895 non
3016 4839 3282 4894 debeant.

1981 4938 2069 4989 22.
2106 4934 2181 4987 De
2213 4932 2413 4987 eadem
2441 4946 2520 4985 re.

1981 5027 2069 5079 23.
2108 5024 2182 5077 De
2213 5021 2413 5075 eadem
2442 5036 2526 5073 re.

1983 5115 2072 5168 24.
2108 5115 2184 5166 De
2217 5110 2418 5165 eadem
2456 5124 2536 5163 re.

1984 5204 2072 5256 25.
2105 5202 2535 5255 Sacramentum
2582 5196 2653 5251 de
2682 5194 2998 5267 parentela,
3043 5192 3330 5265 quomodo
3378 5191 3676 5263 inquiren-

2059 5292 2197 5345 dum
2226 5289 2317 5343 sit.

1986 5383 2075 5435 26.
2108 5380 2503 5433 Juramentum
2541 5373 2794 5429 testium.

1988 5468 2075 5519 27.
2110 5466 2540 5519 Sacramentum
2569 5462 2639 5516 de
2665 5460 2985 5515 incestuoso
3012 5455 3267 5513 discidio.

1988 5556 2076 5608 28.
2120 5555 2251 5607 Ilaec
2294 5551 2541 5622 capitula
2572 5550 2642 5605 de
2686 5554 2909 5620 septem
2956 5546 3231 5619 gradibus
3276 5547 3683 5618 consanguini-

2060 5642 2192 5695 tatis
2238 5644 2464 5694 sanctus
2492 5638 2746 5694 Isidorus
2778 5636 3041 5708 diligenti
3070 5634 3444 5707 inquisitione
3476 5635 3684 5691 descri-

3295 5748 3376 5805 25
