3956 6308
338 343 444 394 ’779

1403 333 1805 390 BURCHABDI
1847 327 2376 389 WORMACIENSIS
2414 328 2755 386 EPISCOPI.

3743 336 3856 388 780

339 466 552 534 pserat,
606 467 663 516 et
720 461 780 516 in
831 461 1018 532 ﬁgura
1059 459 1300 514 inferius
1333 458 1558 530 depicta
1598 457 1850 528 apertius
1895 454 2042 510 ordi-
2082 459 2125 512 A
2158 453 2482 525 Capitulum
2511 457 2562 509 6.

341 555 594 606 navarat.

367 641 371 648 ’
683 639 994 708 Capitulum
1021 638 1061 691 L
1093 636 1158 689 de
1186 639 1382 705 septem
1414 633 1698 702 gradibus.

343 725 670 798 Capitulum
701 729 754 780 2.
1156 739 1190 776 .-

343 815 668 886 Capitulum
701 817 752 868 3.

345 902 668 972 Capitulum
699 904 753 956 4.

344 989 688 1060 Capitulum.
725 993 754 1042 5

2149 543 2475 613 Capitulum
2497 548 2550 598 7.

2143 634 2232 686 29.
2304 633 2382 686 De
2443 631 2781 685 incestuosis
2835 631 2937 702 qui
3001 631 3428 687 admonitiones
3484 633 3855 688 sacerdotum

2215 724 2612 772 contemnunt.

2145 809 2229 861 30.
2263 807 2423 870 Quod
2476 806 2626 861 infra
2665 810 2882 862 sextam
2931 807 3358 878 generationem
3401 809 3670 882 conjugia
3718 827 3849 865 non

2213 895 2374 950 ﬁant.

2607 984 2816 1038 Indicis
2843 985 3207 1054 capitulorum
3232 989 3378 1055 ﬁnis.

1497 1348 2692 1474 BURCHARDI

1327 1568 1954 1624 WOBMACIENSIS
2013 1569 2422 1623 ECCLESl/E
2479 1567 2854 1622 EPISCOPI

535 1785 1885 1934 DECRETORUM
1970 1786 2560 1931 LIBER
2674 1785 3640 1930 SEPTIMUS

1800 2056 1912 2136 DE
1971 2055 2376 2120 INCESTU

1862 2239 2274 2250 ———.—_

813 2393 1299 2448 ARGUMENTUM
1343 2393 1549 2448 LIBRI.

412 2502 580 2557 Libro
611 2502 720 2554 hoc
767 2501 836 2554 de
867 2500 1081 2554 incesta
1129 2497 1640 2568 consanguinitatis
1671 2498 2031 2568 copulatione

337 2592 544 2662 agitur,
598 2595 654 2642 et
709 2588 766 2642 in
809 2604 924 2658 quo
976 2587 1157 2658 gradu
1199 2587 1350 2640 coire
1400 2586 1708 2656 dirimique
1765 2585 2032 2655 conjugia

336 2679 600 2740 debeant,
635 2693 878 2748 quaeque
917 2693 1020 2746 pro
1067 2675 1288 2730 ratione
1334 2675 1525 2728 delicti
1554 2675 1768 2728 incesto
1799 2673 2031 2746 pollutis

336 2766 670 2836 poenitentia
705 2764 932 2835 injungi
973 2764 1198 2833 debeat,
1233 2764 1569 2817 ostenditur.

335 2875 461 2927 CAP.
503 2874 542 2926 Ι.
613 2902 681 2911 -
713 2872 864 2942 Quod
906 2873 1140 2938 infames
1187 2875 1441 2924 vocentur
1486 2872 1582 2938 qui
1610 2885 1675 2923 ear
1709 2873 2028 2938 consangui-

945 2945 1060 2995 neis
1089 2946 1409 2995 nascuntur.

404 3050 524 3117 (Ea:
565 3051 723 3118 epist.
760 3049 948 3105 Calist.
973 3063 1135 3116 papae
1153 3047 1423 3112 fratribus
1452 3061 1548 3115 per
1568 3047 1808 3100 Galliam
1837 3049 2030 3101 consti-

335 3141 467 3192 tutis
496 3141 684 3201 missa,
707 3139 884 3206 capite
912 3135 986 3204 1.)
1012 3136 1125 3190 Con
1129 3134 1454 3205 junctiones
1477 3140 1670 3188 autem
1693 3136 2028 3206 consangui-

329 3243 568 3281 neorum
594 3225 717 3280 ﬁeri
740 3224 1060 3295 prohibete,
1093 3224 1227 3292 quia
1247 3239 1340 3276 eas
1361 3229 1415 3276 et
1443 3222 1648 3276 divinae
1680 3223 1832 3293 leges
1855 3229 1910 3277 et
1935 3241 2028 3278 sa:-

329 3316 445 3370 culi
472 3316 798 3386 prohibent.
831 3315 1006 3383 Leges
1029 3329 1164 3382 ergo
1187 3313 1412 3377 divinze,
1439 3313 1559 3365 haec
1575 3321 1824 3382 agentes,
1852 3318 1907 3367 et
1929 3330 2024 3367 eos

330 3405 430 3475 qui
461 3420 524 3457 ex
573 3404 655 3457 eis
685 3402 972 3472 prodeunt
1019 3417 1133 3454 non
1166 3401 1348 3454 solum
1385 3401 1640 3471 ejiciunt,
1686 3401 1783 3455 sed
1819 3406 1875 3455 et
1904 3419 2023 3456 ma-

327 3493 564 3547 ledictos
614 3492 922 3561 appellant.
974 3490 1147 3559 Leges
1177 3506 1310 3543 vero
1355 3489 1546 3543 saeculi
1592 3489 1836 3543 infames
1880 3491 2022 3544 tales

326 3583 550 3647 vocant,
582 3585 637 3634 et
666 3579 734 3633 ab
767 3577 1097 3632 haereditate
1129 3578 1433 3648 repellunt.
1469 3579 1580 3631 Nos
1611 3594 1744 3632 vero
1777 3595 2019 3649 sequen-

2073 2407 2110 2458 ῃ
2140 2405 2322 2460 usque
2365 2390 2503 2444 dum
2552 2389 2849 2460 generatio
2899 2391 3250 2459 recordatur,
3302 2392 3687 2462 cognoscitur,
3741 2399 3848 2448 aut

2143 2479 2423 2533 memoria
2454 2478 2754 2534 retinetur.

2563 2602 2687 2656 CAP.
2735 2602 2830 2655 IlI.
2865 2631 2932 2641 ——
2971 2605 3045 2656 Dc
3069 2605 3402 2660 incestuosis.

2212 2725 2321 2794 (Ea:
2362 2726 2585 2780 concilio
2618 2726 2962 2793 Hilerdensi,
3013 2731 3190 2796 capite
3245 2732 3351 2792 l0.)
3401 2730 3480 2783 De
3508 2729 3596 2782 his
3625 2731 3728 2800 qui
3778 2748 3843 2784 se

2138 2813 2354 2868 incesta
2385 2815 2697 2884 pollutione
2728 2816 3172 2885 commaculant,
3198 2817 3410 2888 placuit
3440 2824 3501 2872 ut
3533 2835 3846 2891 quousque

2139 2903 2198 2956 in
2251 2902 2375 2972 ipso
2440 2903 2772 2956 detestanda
2833 2908 2890 2957 et
2943 2904 3143 2958 illicito
3208 2905 3394 2960 carnis
3451 2908 3841 2962 contubernio

2137 2997 2524 3061 perseverant,
2575 3008 2755 3062 usque
2805 2992 2874 3045 ad
2918 2993 3153 3047 missam
3201 2998 3423 3048 tantum
3473 2997 3841 3051 catechume-

2136 3094 2344 3132 norum
2396 3079 2453 3132 in
2483 3079 2718 3133 ecclesia
2761 3079 3154 3136 admittantur.
3200 3082 3341 3136 Cum
3393 3084 3604 3154 quibus
3657 3086 3843 3140 etiam

2133 3181 2237 3220 nec
2267 3167 2458 3221 cibum
2501 3184 2728 3222 sumere
2761 3168 2863 3222 ulli
2891 3170 3364 3236 Christianorum,
3407 3172 3551 3226 sicut
3591 3176 3841 3243 Aposta-

2136 3255 2221 3308 lus
2245 3255 2434 3325 jussit,
2469 3260 2712 3325 oportet.

2593 3382 2721 3436 ΟΜ).
2757 3381 2842 3434 1V.
2877 3411 2948 3422 —
2973 3384 3048 3436 De
3075 3383 3259 3437 eadem
3286 3399 3362 3437 re.

2203 3501 2325 3571 (Ea:
2351 3504 2572 3556 concilio
2621 3504 2946 3570 Agathens.,
2970 3508 3146 3574 capite
3176 3505 3255 3574 8.)
3302 3507 3380 3560 De
3413 3506 3643 3561 incestis
3690 3526 3836 3563 con-

2122 3589 2520 3659 junctionibus
2578 3591 2722 3645 nihil
2776 3609 3010 3662 prorsus
3067 3595 3245 3648 venite
3300 3611 3657 3650 reservamus
3718 3598 3836 3652 nisi

325 3676 411 3724 tes
450 3675 640 3739 patres
683 3673 906 3721 DOSN‘OS
955 3667 1192 3720 infamia
1221 3683 1318 3720 €03
1360 3671 1644 3733 notamus.
1678 3672 1734 3721 θῑ
1776 3667 2018 3722 infames
2050 3693 2089 3746 (ς
2129 3695 2258 3733 cum
2294 3679 2640 3733 adulterium
2674 3681 3030 3751 separatione
3061 3683 3406 3739 sanaverint.
3445 3687 3511 3740 Et
3543 3684 3588 3738 si
3619 3702 3832 3744 sanare

327 3774 448 3812 csse
480 3772 776 3810 censemus
810 3773 822 3810 :
856 3754 992 3826 quia
1039 3755 1292 3809 infamiae
1335 3755 1572 3808 maculis
1617 3756 1832 3826 aspersi
1864 3763 2017 3824 sunt,

326 3861 432 3898 nec
462 3859 559 3897 eos
589 3859 731 3911 quos
778 3843 931 3912 leges
959 3843 1148 3896 saeculi
1194 3841 1478 3910 rejiciunt,
1525 3858 1627 3895 nos
1653 3842 1711 3895 in
1755 3843 2017 3897 testimo-

324 3932 489 3985 nium
523 3930 810 4001 suscipere
853 3931 1146 3985 debemus.
1202 3931 1306 3984 Eos
1339 3935 1526 3984 autem
1561 3932 2018 4002 consanguineos

324 4020 592 4082 dicimus,
625 4036 766 4091 quos
817 4019 1021 4074 divinae
1053 4023 1110 4072 et
1137 4019 1328 4072 seaculi
1372 4019 1524 4089 leges
1565 4021 2018 4090 consanguineos

324 4109 637 4178 appellant,
677 4114 734 4162 et
764 4109 821 4161 in
872 4107 1263 4161 limreditatem
1312 4107 1654 4177 suscipiunt,
1703 4124 1806 4161 nec
1839 4111 2019 4180 repel-

322 4197 438 4250 lere
487 4202 748 4266 possunt.
781 4196 1001 4250 Talium
1055 4195 1206 4248 enim
1239 4197 1690 4266 conjunctiones,
1727 4214 1831 4250 nec
1876 4199 2012 4268 legi-

321 4286 476 4339 tima:
521 4290 652 4339 sunt
698 4301 800 4337 nec
831 4300 1172 4354 permanere
1221 4291 1478 4355 possunt,
1532 4286 1630 4340 sed
1661 4289 1794 4341 sunt
1822 4289 2014 4357 repel-

320 4373 526 4427 lcndze.
581 4373 850 4443 Quisquis
897 4389 1033 4443 ergo
1075 4389 1188 4426 non
1220 4378 1304 4427 est
1354 4374 1605 4444 legitime
1654 4376 2012 4444 canjunctus,

319 4464 405 4514 vel
457 4463 672 4532 absque
707 4461 884 4515 dotali
928 4462 1094 4515 titulo
1125 4467 1180 4515 et
1225 4463 1347 4516 sine
1378 4462 1777 4516 benedictione
1825 4479 2015 4517 sacer-

321 4551 471 4604 dotis
517 4554 741 4603 constat
772 4566 890 4603 esse
921 4551 1238 4621 copulatus,
1289 4551 1612 4605 sacerdotes
1642 4552 1729 4604 vel
1764 4552 2014 4622 legitime

317 4639 652 4709 conjunctos
708 4638 1020 4704 criminari,
1051 4640 1139 4693 vel
1188 4640 1247 4693 in
1295 4657 1391 4694 eos
1439 4640 1729 4694 testiﬁcari
1775 4641 2013 4695 minime

315 4734 504 4798 potest
536 4743 550 4781 :
605 4727 874 4797 quoniam
911 4728 1099 4781 omnis
1147 4727 1348 4781 incesti
1379 4729 1602 4781 macula
1642 4729 1893 4798 pollutus
1924 4730 2011 4783 in-

313 4817 482 4872 famis
527 4823 631 4879 est,
666 4823 720 4871 et
763 4834 1026 4872 accusare
1068 4819 1422 4886 supradictas
1466 4834 1584 4872 non
1635 4818 2006 4889 permittitur.

314 4907 438 4960 Non
489 4907 673 4960 solum
709 4922 844 4976 ergo
890 4907 949 4959 hi
993 4905 1291 4976 rejiciendi
1321 4911 1474 4972 sunt,
1521 4910 1576 4959 et
1613 4906 1854 4960 infames
1883 4908 2008 4962 etii-

315 4995 564 5060 ciuntur,
595 4996 691 5049 sed
723 4997 894 5049 etiam
927 5011 1126 5048 omnes
1155 4995 1235 5048 eis
1265 4995 1705 5050 consentientes.

319 5121 446 5174 CAP.
496 5121 567 5174 ll.
621 5150 689 5158 —
721 5119 874 5186 Quod
915 5118 1059 5174 nulli
1115 5120 1275 5172 liceat
1325 5119 1388 5172 de
1416 5123 1649 5188 propria
1695 5124 2010 5187 cognatione

927 5205 1149 5242 uxorem
1179 5191 1388 5243 ducere.

379 5299 488 5367 (Ea:
539 5297 761 5350 concilio
824 5297 1092 5349 Wormac.
1155 5297 1332 5364 capite
1381 5296 1457 5359 2.)
1516 5296 1577 5349 In
1638 5297 2001 5367 copulatione

309 5386 562 5439 fidelium
596 5385 1030 5455 generationum
1064 5401 1368 5438 numerum
1404 5401 1515 5437 non
1545 5385 1870 5454 deﬁnimus,
1903 5389 2002 5443 sed

308 5470 364 5523 id
397 5471 720 5535 statuimus,
771 5478 835 5525 ut
873 5473 1018 5525 nulli
1065 5473 1234 5526 liceat
1287 5473 1604 5526 Christiano
1649 5474 1716 5528 de
1769 5477 2002 5546 propria

305 5560 798 5630 consanguinitate
854 5576 953 5614 seu
1009 5561 1350 5632 cognatione
1407 5578 1638 5618 uxorem
1699 5564 1995 5636 accipere,

2128 3768 2439 3836 noluerint,
2465 3769 3041 3825 anathematizentur.

2607 3894 2736 3948 CAP.
2767 3895 2829 3950 V.
2862 3924 2936 3936 —
2963 3896 3043 3950 De
3067 3897 3250 3951 eadem
3269 3913 3345 3952 re.
3407 3871 3417 3880 ’

2197 4015 2310 4086 (Ea:
2339 4017 2559 4071 concilio
2582 4019 2896 4084 Aurelian,
2918 4022 3100 4088 capite
3130 4023 3198 4090 l.)
3231 4021 3563 4088 lncestuosi,
3596 4021 3737 4076 dum
3769 4025 3836 4078 in

2126 4103 2249 4174 ipso
2316 4105 2651 4159 detestanda
2717 4116 2887 4177 atque
2970 4108 3216 4161 nefando
3285 4108 3496 4163 scelere
3563 4120 3833 4182 manent,

2125 4207 2238 4244 non
2272 4192 2420 4246 inter
2469 4193 2666 4247 iideles
2713 4195 3082 4264 Christianos,
3129 4197 3225 4251 sed
3257 4197 3408 4251 inter
3455 4199 3697 4269 gentiles
3728 4208 3838 4256 aut

2124 4280 2560 4336 catechumenos
2629 4283 2969 4350 habeantur,
3026 4285 3084 4338 id
3142 4291 3245 4352 est,
3301 4302 3428 4340 cum
3488 4287 3834 4344 Christianis

2122 4383 2236 4421 non
2265 4375 2492 4423 sumant
2521 4375 2742 4440 potum,
2777 4387 2894 4425 non
2924 4373 3140 4441 cibum,
3180 4375 3276 4427 sed
3304 4375 3413 4428 soli
3442 4375 3548 4428 hoc
3576 4375 3832 4447 faciant;

2121 4472 2235 4510 non
2284 4458 2612 4512 osculentur
2669 4464 2765 4512 aut.
2825 4461 3143 4515 salutentur
3185 4467 3256 4515 ab
3305 4463 3404 4516 eis.
3458 4463 3564 4518 Sed
3614 4465 3662 4518 si
3703 4471 3830 4522 suis

2123 4546 2510 4599 sacerdotibus
2550 4545 2948 4602 inobedientes
2995 4550 3335 4619 exstiterint,
3381 4556 3494 4605 eta
3543 4558 3658 4606 tam
3712 4571 3822 4608 ne-

2120 4631 2291 4686 fando
2343 4635 2552 4688 scelere
2601 4652 2659 4688 se
2709 4653 3011 4706 segregare
3063 4644 3232 4709 atque
3278 4640 3349 4693 ad
3382 4641 3671 4710 publicam
3707 4660 3832 4713 poe-

2122 4720 2422 4775 nitentiam
2485 4723 2672 4777 redire
2735 4726 3045 4792 noluerint,
3116 4727 3266 4780 inter
3331 4744 3430 4782 eos
3494 4729 3832 4787 habeantur

2120 4809 2218 4878 qui
2263 4809 2470 4878 spiritu
2501 4812 2895 4881 periclitantur
2948 4814 3272 4881 immundo,
3306 4816 3394 4869 vel
3452 4817 3627 4871 etiam
3671 4819 3832 4876 inter

2123 4912 2218 4950 eos
2247 4897 2316 4951 de
2355 4899 2563 4969 quibus
2595 4917 2699 4970 per
2731 4919 2788 4954 se
2823 4903 3038 4956 Veritas
3067 4903 3146 4956 ait
3179 4920 3192 4957 :
3228 4905 3285 4958 Si
3316 4910 3371 4959 te
3403 4921 3518 4959 non
3549 4906 3828 4978 audierit,

2046 4975 2090 5029 Ι)
2119 4984 2194 5038 sit
2220 4985 2324 5039 tibi
2369 4987 2512 5041 sicut
2553 4989 2814 5043 ethnicus
2846 4996 2903 5044 et
2933 4992 3291 5061 publicanus.
3341 4994 3404 5046 Et
3447 4994 3492 5046 si
3547 4995 3694 5048 alter
3723 4975 3832 5050 eo;-

2118 5089 2247 5127 rum
2300 5082 2480 5129 morte
2537 5084 2860 5147 praeventus
2913 5080 3104 5146 fuerit,
3158 5082 3302 5134 alter
3356 5083 3608 5152 quandiu
3670 5085 3833 5143 vivat

2115 5161 2365 5231 graviter
2392 5165 2687 5234 poeniteat,
2716 5171 2771 5219 et
2796 5167 2918 5222 sine
2952 5185 3050 5238 spe
3081 5170 3338 5239 conjugii
3369 5177 3622 5225 maneat.

2114 5286 2238 5341 CAP.
2254 5287 2342 5340 VI.
2366 5291 2527 5346 —Ne
2554 5292 2758 5359 aliquis
2779 5291 3025 5373 fidelium
3042 5294 3506 5418 propinquam
3529 5303 3828 5366 sanguinis

2782 5379 2868 5416 sui
2907 5381 3100 5418 accct-a
3132 5405 3144 5418 .

2782 5379 2868 5416 sui
2907 5379 3144 5418 acccaat.

2182 5480 2287 5550 (Ea:
2334 5484 2556 5536 concilio
2617 5486 2856 5539 Toletan.
2911 5503 2974 5551 ll,
3034 5490 3210 5556 capite
3261 5488 3337 5559 5.)
3391 5490 3529 5544 Nam
3579 5496 3637 5546 et
3687 5494 3817 5551 haec

2107 5569 2411 5623 salubriter
2459 5573 2831 5640 praecavenda
2892 5576 3198 5643 sancimus,
3252 5593 3324 5631 ne
3375 5578 3501 5649 quis
3548 5579 3814 5640 ﬁdelium
