3956 6306
140 341 224 391 78l
1100 346 1574 408 DECRETORUM
1618 354 1805 411 LIBRI
1840 358 1949 414 XX.
1982 389 2051 399 —
2084 361 2296 418 LIBER
2336 364 2694 424 SEPTIMUS.

3546 386 3653 437 782

139 462 528 535 propinquam
599 466 896 537 sanguinis
975 469 1084 536 sui,
1174 487 1475 544 usquequo
1553 476 1844 532 afﬁnitatis
1874 483 1917 537 Α
1950 484 2217 539 accedere
2257 485 2627 558 denegamus.
2674 490 2834 555 Quod
2893 494 2939 547 si
2995 496 3251 567 fecerint,
3292 510 3647 574 separentur.

139 551 468 574 ΙΣ-ΞΑῌΑ-Α,
506 556 847 574 -__-__A,!,,,-
918 573 923 574 ,
1089 559 1099 569 ι
1433 564 1466 574 ..
1526 564 1537 574 ο
1733 573 1738 574 ,
1783 569 1793 574 -

137 551 477 608 liniamenta
501 556 856 610 successione
904 559 1131 628 generis
1179 564 1493 632 cognoscit,
1523 564 1582 619 in
1630 569 1835 622 matri-

138 641 328 695 monio
351 643 464 696 sibi
488 644 773 698 desideret
792 647 1067 715 copulari,
1101 650 1377 719 quoniam
1403 653 1677 723 scriptum
1710 662 1794 710 est
1817 674 1829 711 :

138 730 331 784 Omnis
362 730 539 785 homo
572 733 640 786 ad
673 734 988 803 proximam
1017 737 1314 807 sanguinis
1336 739 1423 793 sui
1452 757 1565 795 non
1585 745 1830 812 accedat,

138 823 194 871 ut
219 821 438 873 revolet
468 821 881 891 turpitudinem
913 824 1055 892 ejus.
1092 827 1155 878 Et
1182 825 1392 881 iterum
1423 845 1434 882 :
1468 830 1677 885 Anima
1704 850 1833 903 quae

137 907 331 960 fecerit
388 909 685 979 quidpiam
736 927 802 964 ex
864 912 1005 977 istis,
1037 915 1250 983 peribit
1295 916 1363 969 de
1401 919 1588 974 medio
1634 923 1837 992 populi

138 995 235 1048 sui.
289 996 442 1051 Sane
492 998 702 1068 quibus
787 1001 1110 1070 conjunctio
1174 1002 1373 1059 illicita
1450 1008 1830 1081 interdicitur,

136 1084 433 1139 habebunt
462 1085 698 1140 ineundi
731 1087 986 1143 melioris
1025 1091 1280 1162 conjugii
1310 1086 1654 1151 libertatem.

139 1189 259 1244 CAP.
294 1192 412 1275 VII.
438 1221 506 1232 —
521 1193 674 1275 Quod
699 1197 985 1275 aequaliter
1001 1212 1107 1251 non
1120 1202 1517 1275 conjungendus
1541 1208 1616 1259 sit
1637 1209 1695 1261 in
1718 1224 1836 1275 gna-

333 1265 587 1317 trimonio
615 1266 705 1317 vir
729 1268 844 1319 suis
876 1265 1392 1339 consanguineis,_et
1428 1279 1639 1331 uxoris.

204 1369 310 1438 (Ea
345 1369 573 1424 decretis
610 1372 747 1425 Julii
798 1373 998 1445 papae.)
1052 1375 1369 1447 Equaliter
1407 1381 1493 1434 vir
1528 1399 1647 1437 non
1695 1401 1835 1439 con-

131 1458 413 1529 jungatur
441 1459 502 1513 in
542 1460 916 1516 matrimonio
967 1467 1410 1537 consanguineis
1451 1472 1588 1535 suis.
1616 1478 1673 1528 et
1701 1492 1836 1530 con-

138 1546 469 1618 sanguineis
499 1549 694 1603 uxoris
726 1567 862 1605 sum.

201 1653 332 1707 CAP.
366 1654 507 1730 VIII.
521 1656 753 1730 —Quod
770 1674 876 1712 uno
907 1660 1061 1714 modo
1077 1665 1360 1730 parentela
1387 1668 1499 1720 viri
1524 1672 1573 1722 et
1594 1671 1837 1726 mulieris

485 1728 545 1780 in
572 1729 940 1795 conjunctione
968 1728 1361 1789 consideranda
1389 1739 1474 1791 sit.

198 1828 319 1899 (Ea:
349 1832 573 1885 concilio
603 1834 907 1900 Matiscen.,
946 1839 1121 1905 rapite
1172 1838 1250 1910 3.)
1299 1840 1445 1895 Sane
1494 1847 1831 1915 consangui-

138 1916 280 1971 nitas
314 1935 447 1989 quae
477 1919 538 1973 in
566 1921 802 1992 proprio
832 1922 954 1976 viro
991 1924 1341 1982 observanda
1374 1934 1475 1997 est,
1505 1931 1626 1986 haec
1659 1934 1828 1989 nimi-

130 2022 255 2059 rum
288 2007 351 2061 in
374 2008 567 2062 uxoris
614 2012 904 2080 parentela
950 2013 1019 2066 de
1078 2015 1202 2086 lege
1251 2018 1584 2088 nuptiarum
1633 2028 1827 2078 custo-

132 2095 336 2148 dienda
385 2102 511 2150 est:
566 2098 703 2168 quia
748 2105 969 2154 constat
1016 2119 1114 2156 eos
1171 2105 1312 2159 duos
1364 2107 1535 2162 fuisse
1569 2110 1626 2164 in
1658 2128 1827 2169 carne

130 2199 262 2252 una,
290 2186 619 2239 communis
643 2187 755 2240 illis
784 2193 1029 2260 utraque
1059 2196 1356 2262 parentela
1386 2212 1507 2251 esse
1542 2200 1827 2258 credenda

129 2277 233 2341 est,
265 2273 417 2327 sicut
443 2275 716 2345 scriptum
753 2282 837 2330 est
866 2294 879 2331 :
915 2279 1093 2334 Erunt
1126 2281 1239 2336 duo
1266 2282 1325 2337 in
1348 2300 1515 2339 carne
1550 2304 1681 2345 una.

285 2378 419 2434 CAP.
455 2380 539 2433 IX.
564 2409 633 2419 —
663 2382 725 2435 In
751 2398 854 2450 quo
880 2387 1122 2450 geniculo
1161 2388 1541 2446 abstinendum
1570 2396 1661 2449 sit.

192 2484 302 2551 (Ea:
334 2486 499 2540 dictis
521 2492 698 2541 sancti
734 2489 979 2559 Isidori.)
1026 2493 1277 2549 Isidorus
1323 2496 1387 2550 in
1446 2499 1825 2572 Etymologiis

125 2573 237 2626 suis
269 2590 456 2644 usque
488 2575 559 2629 ad
592 2576 892 2646 septimam
944 2582 1379 2650 generationem
1413 2589 1823 2658 consanguini-

123 2661 249 2724 tatis
275 2662 704 2732 abstinendum,
738 2671 796 2719 et
824 2666 904 2721 sic
941 2668 1202 2739 legitimo
1248 2675 1537 2729 connubio
1582 2678 1822 2748 conjun-

121 2752 371 2819 gendum
402 2753 665 2807 asseruit.
697 2754 834 2809 Inde
859 2772 985 2810 reor
1006 2774 1135 2812 eum
1182 2760 1399 2829 fecisse,
1425 2765 1578 2834 quod
1618 2783 1824 2836 genea-

120 2840 285 2909 logiaa
308 2840 521 2894 seriem
544 2846 831 2910 retexens,
856 2861 1159 2918 quousque
1188 2850 1448 2907 ordinem
1478 2858 1822 2912 numerandi

118 2929 429 2998 perducere
462 2934 674 3001 posset,
709 2948 775 2986 eo
823 2934 1215 3004 cognitionem
1258 2942 1555 3011 sanguinis
1588 2961 1821 2999 servan-

2403 595 2529 650 CAP.
2561 598 2672 651 XII.
2706 628 2774 638 -—
2807 602 2879 654 De
2910 603 3092 657 eadem
3112 621 3187 658 re.

2016 676 2124 746 (Ea:
2163 681 2356 736 concil.
2412 684 2563 752 apud
2598 687 2893 742 Theodonis
2948 693 3136 746 villam
3166 695 3350 750 habito
3401 714 3517 767 cap.
3568 703 3646 770 8.)

1943 764 2142 819 Nullus
2175 766 2435 825 ﬁdelium
2490 789 2669 843 usque
2698 776 2768 829 ad
2829 778 3125 833 afﬁnitatis
3182 782 3414 851 lineam,
3460 764 3525 840 id
3567 764 3650 841 est

1941 866 2124 922 usque
2155 853 2216 907 in
2248 858 2549 926 septimam
2572 862 2932 930 progeniem,
2966 870 3450 938 consanguineam
3488 892 3649 930 suam

1945 940 2113 995 ducat
2142 959 2399 1015 uxorem,
2431 949 2517 1001 vel
2548 965 2672 1002 eam
2713 968 2943 1023 quoque
2985 956 3159 1011 modo
3188 958 3388 1014 incesti
3429 966 3652 1020 macula

1942 1030 2180 1099 polluat.
2218 1032 2273 1087 Si
2307 1035 2435 1104 quis
2462 1052 2596 1091 vero
2645 1038 2753 1092 hoc
2807 1044 3022 1097 temere
3071 1050 3521 1118 praesumpserit,
3589 1060 3651 1107 ut

1942 1116 2225 1173 incestum
2277 1122 2415 1191 luat,
2471 1141 2536 1178 ac
2591 1126 2838 1197 publice,
2887 1130 3053 1200 juxta
3104 1116 3407 1192 canonicos
3436 1142 3648 1210 gradus

1946 1206 2246 1276 pmniteat.

2370 1282 2496 1336 CAP.
2557 1285 2696 1339 XIII.
2729 1315 2801 1327 —
2829 1291 2909 1343 De
2927 1291 3111 1346 eadem
3138 1309 3213 1348 re.

2018 1366 2134 1437 (Em
2171 1371 2400 1425 concilio
2457 1373 2733 1442 Lugdun.,
2770 1392 2890 1447 cap.
2946 1379 3054 1450 10.)
3104 1382 3255 1437 Nulli
3305 1401 3368 1439 ex
3409 1388 3644 1459 propin-

1947 1455 2164 1525 quitate
2213 1458 2301 1512 sui
2359 1462 2658 1531 sanguinis
2686 1480 2866 1535 usque
2919 1468 2989 1521 ad
3029 1471 3338 1541 septimum
3398 1455 3643 1545 gradum

1948 1560 2157 1599 uxores
2200 1546 2428 1616 ducant,
2466 1566 2653 1620 neque
2704 1553 2827 1608 sine
2856 1555 3259 1614 benedictione
3318 1566 3643 1621 sacerdotis.

1948 1631 2056 1695 Qui
2086 1638 2218 1688 ante
2265 1636 2495 1707 innupti
2544 1645 2727 1705 erant,
2760 1659 2791 1696 a
2844 1646 3138 1701 sacerdote
3188 1649 3474 1707 benedicti
3534 1670 3641 1709 nu-

1868 1759 1909 1813 Β
1949 1720 2082 1775 bere
2114 1723 2379 1778 audeant.

2382 1815 2508 1870 CAP.
2541 1818 2675 1871 XIV.
2708 1850 2777 1860 —
2810 1823 2883 1875 De
2903 1823 3085 1877 eadem
3114 1841 3189 1893 re.

2008 1898 2116 1968 (Ea;
2137 1903 2357 1956 concilio
2392 1907 2704 1975 Aureliam,
2739 1925 2858 1978 cap.
2898 1912 2996 1979 10.)
3033 1913 3265 1969 Nullum
3291 1915 3351 1970 in
3398 1923 3642 1991 utroque

1941 2002 2076 2040 sexu
2108 1990 2499 2057 permittimus
2530 2010 2594 2048 ex
2624 1998 3059 2069 propinquitate
3085 2003 3173 2056 sui
3206 2007 3520 2076 sanguinis,
3546 1990 3640 2064 vel

1936 2076 2152 2142 uxoris,
2215 2095 2395 2150 usque
2441 2081 2501 2135 in
2560 2085 2790 2154 septimi
2838 2089 3065 2157 generis
3103 2092 3346 2160 gradum
3399 2113 3638 2153 uxorem

1932 2164 2158 2232 ducere,
2188 2168 2277 2221 vel
2303 2168 2508 2223 incesti
2539 2174 2765 2227 macula
2795 2180 3223 2235 commaculari.

2391 2275 2520 2331 CAP.
2546 2278 2655 2332 XV.
2687 2308 2751 2321 —
2784 2283 2853 2334 De
2872 2282 3056 2337 eadem
3084 2301 3160 2339 re.

2005 2360 2122 2425 (Em
2152 2363 2336 2416 concil.
2371 2368 2698 2435 Agrippin.,
2722 2385 2841 2437 cap.
2887 2374 2961 2437 6.)
2996 2373 3061 2426 In
3102 2380 3323 2445 septem
3367 2378 3637 2447 gradibus

1932 2447 2127 2502 omnia
2192 2450 2691 2522 propinquitatum
2751 2458 2989 2523 nomina
3046 2462 3431 2534 continentur,
3482 2468 3635 2522 ultra

1937 2550 2080 2605 quos
2108 2553 2212 2591 nec
2268 2538 2519 2595 afﬁnitas
2574 2543 2887 2615 invenitur,
2948 2564 3049 2602 nec
3107 2552 3382 2607 successio
3448 2559 3635 2625 potest

1932 2624 2177 2695 amplius
2211 2630 2549 2699 praerogari.

2365 2734 2492 2788 CAP.
2523 2736 2653 2790 XVI.
2684 2766 2758 2779 —
2788 2742 2860 2794 De
2896 2741 3081 2797 eadem
3117 2760 3195 2798 re.

2004 2836 2108 2901 (Ea:
2137 2840 2325 2895 concil.
2358 2841 2636 2912 Meldensi,
2670 2860 2786 2914 cap.
2816 2846 2894 2917 7.)
2928 2848 3007 2902 De
3059 2849 3335 2907 afﬁnitate
3378 2869 3630 2926 namque

1931 2926 2229 2997 sanguinis
2254 2944 2358 2998 per
2402 2932 2611 3000 gradus
2643 2935 3027 3006 cognationis,
3058 2940 3271 3008 placuit
3325 2958 3508 3013 usque
3560 2946 3630 2999 ad

121 3018 245 3071 dam
279 3018 610 3073 aestimavit.
658 3019 862 3092 Sicque
904 3023 974 3077 ad
1021 3024 1441 3084 invocationem
1492 3034 1720 3103 generis
1768 3040 1822 3090 et
1859 3038 1899 3093 C
1931 3014 2233 3103 §9ptimam
2268 3018 2702 3086 generationem
2758 3023 3105 3080 Observare:
3149 3043 3282 3082 nam
3336 3034 3393 3084 et
3440 3031 3630 3086 haere-

120 3106 387 3160 amicitiaa
437 3107 534 3177 jus
580 3109 1059 3177 conﬁrmandum,
1115 3115 1303 3170 redire
1348 3119 1417 3172 ad
1462 3122 1816 3177 connubium

121 3195 375 3263 sancivit,
437 3198 674 3268 quando
746 3200 867 3271 jam
918 3201 1276 3273 cognationis
1327 3207 1465 3262 ordo
1522 3214 1817 3267 numerari

119 3283 344 3340 desinit.

118 3390 243 3469 CAP.
274 3392 338 3445 X.
390 3423 449 3433 —
489 3394 554 3447 In
576 3408 683 3462 qua
702 3399 1008 3475 ramuscula
1030 3404 1530 3475 consanguinitatis
1572 3407 1814 3475 legitima

130 3466 131 3469 “
625 3467 891 3521 connubia
917 3472 1039 3537 ﬁeri
1071 3466 1300 3539 possint.

184 3571 292 3629 (Ea:
343 3570 504 3623 dictis
532 3570 817 3641 ejusdem.)
876 3574 1080 3629 Beatus
1132 3576 1384 3632 Isidorus
1443 3581 1512 3634 de
1565 3597 1811 3638 consan-

117 3657 396 3725 guinitate
417 3658 498 3712 sic
529 3660 787 3731 loquitur
826 3678 839 3717 :
876 3663 1049 3733 Cujus
1080 3667 1255 3720 series
1287 3674 1506 3738 septem
1539 3674 1810 3741 gradibus

112 3746 420 3814 dirimitur,
455 3748 565 3802 hoc
594 3750 766 3804 modo
801 3768 814 3805 :
858 3752 1029 3806 Filius
1064 3760 1119 3808 et
1156 3754 1296 3823 ﬁlia,
1333 3759 1485 3828 quod
1519 3766 1605 3814 est
1634 3761 1809 3818 frater

111 3841 165 3888 et
194 3852 381 3901 soror,
415 3836 485 3890 sit
514 3837 635 3907 ipse
666 3842 919 3894 truncus.
950 3842 1067 3895 Illis
1107 3860 1364 3899 seorsum
1418 3848 1710 3921 sejunctis,
1740 3870 1806 3908 ex

109 3924 298 3978 radice
331 3925 485 3979 illius
514 3928 703 3981 trunci
733 3928 1110 3998 egrediuntur
1140 3931 1235 3985 isti
1255 3936 1584 4003 ramusculi,
1628 3954 1805 4008 nepos

107 4018 162 4066 et
188 4013 399 4083 neptis,
458 4015 725 4085 primus:
781 4034 1067 4088 pronepos
1118 4025 1174 4073 et
1233 4023 1543 4094 proneptis,
1598 4041 1801 4081 secun-

104 4102 256 4156 dus:
313 4102 570 4173 abnepos
640 4110 697 4158 et
767 4107 1047 4177 abneptis,
1111 4110 1362 4164 tertius:
1435 4112 1690 4182 adnepos
1747 4120 1803 4170 et

104 4190 395 4261 adneptis,
460 4197 741 4263 quartus:
789 4196 1046 4267 trinepos
1090 4202 1143 4251 et
1192 4198 1478 4269 trineptis,
1525 4202 1795 4272 quintus:

102 4284 156 4333 et
212 4280 520 4351 trinepotis
574 4298 752 4353 nepos
812 4287 870 4337 et
925 4284 1227 4355 trinepotis
1298 4289 1509 4358 neptis,
1587 4296 1795 4347 sextus.
1830 4319 1873 4372 D

104 4370 233 4423 Haec
319 4370 808 4441 consanguinitas,
865 4372 1001 4428 dum
1075 4391 1133 4429 se
1186 4377 1467 4445 paulatim
1521 4379 1583 4432 in
1667 4397 1808 4450 pro-

100 4454 387 4524 paginnm
445 4455 742 4511 ordinibus
808 4457 1103 4525 dirimens,
1159 4476 1337 4530 usque
1410 4462 1477 4516 ad
1540 4463 1804 4520 ultimum

102 4542 349 4611 gradum
380 4559 504 4597 sese
535 4544 891 4609 subtraxerit,
932 4550 987 4600 et
1029 4548 1428 4620 propinquitas
1471 4567 1591 4605 esse
1623 4553 1810 4607 desie-

100 4631 194 4693 rit,
228 4636 371 4686 tunc
412 4632 662 4703 primum
699 4634 788 4687 lex
840 4633 896 4687 in
924 4635 1279 4691 matrimonii
1329 4638 1618 4694 vinculum
1664 4642 1808 4695 reci-

102 4719 311 4788 pietur,
359 4726 416 4773 et
482 4721 910 4790 quodammodo
958 4722 1244 4778 revocabit
1282 4724 1617 4794 fugientem.
1672 4728 1806 4782 Ideo

104 4814 296 4862 autem
334 4825 513 4879 usque
544 4808 614 4863 ad
645 4816 865 4865 sextum
908 4810 1138 4881 generis
1177 4813 1418 4883 gradum
1462 4817 1808 4887 consangui-

102 4898 247 4951 nitas
274 4897 584 4952 constituta
605 4904 709 4964 est,
742 4903 806 4952 ut
858 4899 1003 4953 sicut
1032 4900 1093 4954 in
1146 4917 1241 4954 sex
1284 4903 1546 4957 aetatibus
1604 4905 1807 4961 mundi

103 4986 397 5054 generatio
430 4992 485 5041 et
522 4986 775 5041 hominis
814 4992 994 5042 status
1041 4989 1262 5057 ﬁnitur,
1305 4990 1384 5044 ita
1403 4994 1806 5065 propinquitas

104 5075 329 5141 generis
362 5079 450 5129 tot
478 5074 752 5145 gradibus
781 5076 1140 5130 terminetur.

103 5180 227 5235 CAP.
265 5182 353 5236 XI.
386 5212 455 5221 -—
488 5180 644 5255 Quod
693 5184 1147 5255 consanguinitas
1195 5198 1365 5251 usque
1417 5185 1492 5239 ad
1515 5189 1807 5255 septimum

489 5251 796 5318 genicutum
848 5255 1158 5307 conservari
1207 5255 1412 5309 debeat.

170 5343 279 5404 (Ea:
309 5344 451 5411 epist
497 5342 753 5409 Gregorii
799 5357 958 5410 papa
1005 5344 1268 5412 episcopis
1333 5345 1531 5398 Galliae
1590 5346 1805 5417 missa.)

106 5428 440 5499 Progeniem
481 5445 645 5483 suam
678 5445 1150 5501 unumquemque
1180 5431 1252 5486 ad
1274 5431 1577 5502 septimam
1608 5434 1804 5488 obser-

104 5534 228 5572 vare
257 5518 619 5572 decernimus
652 5518 1105 5587 generationem,
1138 5524 1193 5573 et
1231 5521 1488 5590 quandiu
1520 5536 1578 5574 se
1627 5537 1803 5591 agno-

108 5612 264 5660 scunt
293 5606 573 5660 afﬁnitate
603 5604 978 5677 propinquos,
1012 5607 1080 5661 ad
1120 5607 1481 5685 conjugalem
1542 5610 1801 5679 copulam

1928 3101 2076 3155 ditas
2133 3119 2327 3158 rerum
2379 3122 2481 3177 per
2536 3109 2747 3179 legales
2789 3111 3153 3170 deﬁnitiones
3201 3118 3393 3173 'sancit
3450 3137 3629 3191 usque

1928 3191 1993 3245 ad
2024 3192 2333 3262 septimum
2364 3197 2607 3265 gradum
2634 3202 2989 3268 praetendere
3044 3204 3339 3261 haeredum
3400 3225 3623 3263 succes-

1927 3277 2146 3333 sionem
2188 3297 2345 3334 :non
2374 3283 2528 3337 enim
2585 3289 2978 3355 succederent,
3032 3290 3143 3345 nisi
3196 3293 3250 3347 ei
3294 3295 3363 3348 de
3422 3312 3629 3367 propa-

1924 3367 2058 3435 gine
2089 3370 2451 3437 cognationis
2482 3371 2808 3428 deberetur.

1924 3472 2051 3527 CAP.
2087 3474 2245 3528 XVII.
2285 3504 2354 3515 —
2381 3478 2448 3530 Ut
2494 3478 2702 3532 duobus
2756 3482 2841 3534 vel
2879 3483 3053 3537 tribus
3108 3486 3332 3541 testibus
3380 3492 3623 3546 testimo-

2131 3548 2284 3599 nium
2315 3546 2621 3603 dicentibus
2657 3556 3040 3620 consanguinei
3071 3564 3407 3625 separentur.

1990 3649 2099 3716 {Em
2146 3652 2331 3706 concil.
2363 3653 2689 3721 Hiterdensi,
2722 3672 2841 3726 cap.
2883 3658 2997 3729 20.)
3046 3661 3116 3715 Ut
3156 3663 3346 3717 omnis
3393 3670 3620 3721 contro-

1917 3737 2122 3803 versia,
2174 3755 2303 3809 quas
2355 3741 2424 3795 de
2480 3742 2868 3798 ecclesiasticis
2925 3747 3098 3801 rebus
3156 3749 3240 3817 ﬁt,
3305 3752 3622 3806 secundum

1917 3826 2172 3882 divinam
2198 3829 2386 3901 legem
2435 3831 2541 3886 sub
2570 3832 2791 3887 duobus
2841 3836 2928 3889 vel
2981 3837 3162 3892 tribus
3222 3840 3460 3894 testibus
3509 3846 3622 3895 ter-

1915 3917 2187 3974 minetur.
2274 3920 2450 3973 Testis
2536 3926 2618 3975 est
2696 3924 2989 3991 Dominus,
3049 3942 3180 3981 cum
3230 3927 3418 3985 dixit:
3500 3931 3622 3985 Non

1917 4018 2067 4057 unus
2128 4008 2241 4059 stet
2277 4011 2475 4061 contra
2528 4008 2728 4075 alium,
2788 4011 2884 4065 sed
2943 4012 3003 4065 in
3061 4030 3160 4069 ore
3213 4014 3463 4072 duorum
3506 4021 3620 4096 .vel

1915 4092 2096 4146 trium
2132 4094 2363 4148 testium
2396 4100 2505 4150 stet
2535 4113 2705 4151 omne
2731 4100 2988 4154 verbum.

2336 4199 2464 4253 CAP.
2496 4202 2683 4256 XVIII.
2710 4231 2775 4243 —
2810 4205 2891 4258 De
2910 4205 3095 4260 eadem
3114 4223 3189 4262 re.

1987 4285 2090 4354 (Ea
2140 4285 2327 4341 concii.
2360 4288 2646 4355 Cabillon,,
2701 4306 2819 4359 cap.
2869 4292 2945 4362 5.)
2977 4294 3431 4351 Contradicimus
3468 4314 3617 4369 quo-

1918 4388 2029 4443 que
2060 4379 2122 4427 ut
2149 4373 2208 4427 in
2244 4379 2466 4444 quarta,
2500 4377 2586 4429 vel
2632 4376 2852 4447 quinta,
2894 4386 3165 4451 sextaque
3222 4385 3614 4455 generatione,

1916 4462 2108 4516 nullus
2158 4462 2405 4533 amplius
2432 4465 2702 4535 conjugio
2752 4468 3071 4536 copuletur.
3110 4471 3214 4525 Ubi
3242 4478 3434 4529 autem
3490 4482 3620 4546 post

1916 4549 2285 4605 interdictum
2316 4552 2532 4606 factum
2564 4553 2734 4609 fuerit
2764 4553 3088 4627 inventum,
3134 4566 3445 4632 separetur.

1917 4656 2045 4735 CAP.
2071 4657 2195 4710 XIX.
2235 4688 2302 4696 —-
2342 4658 2510 4735 Quid,
2534 4664 2752 4735 sanctus
2806 4663 3096 4729 Gregorius
3154 4670 3472 4735 Augustino
3504 4671 3619 4725 An-

1985 4730 2196 4811 gtorum
2248 4730 2599 4812 pradicatori
2648 4738 2873 4803 propter
2902 4730 3433 4796 teneritatem'novz
3489 4743 3619 4812 ﬁdei

1985 4801 2319 4867 permiserit.

1988 4905 2099 4971 (Ea
2158 4907 2316 4973 epist.
2371 4907 2595 4961 Joannis
2646 4908 3063 4982 Constantinop.
3100 4917 3340 4986 episc0pi
3391 4918 3466 4971 ad
3518 4921 3615 4973 Fe-

1916 4993 2069 5046 licem
2102 4995 2408 5061 episcapum
2453 4995 2696 5067 Siciliae.)
2746 5000 3055 5070 Gregorius
3112 5019 3262 5075 papa
3310 5006 3615 5076 requisitus

1915 5084 1985 5137 ab
2014 5085 2334 5155 Augustino
2370 5087 2688 5157 Anglorum
2727 5092 2914 5161 gentis
2944 5094 3211 5165 episcopo
3235 5103 3409 5167 quota
3441 5115 3615 5170 gene-

1916 5171 2140 5226 ratione
2170 5174 2369 5227 ﬁdeles
2418 5174 2667 5231 debeant
2721 5181 3000 5250 copulari,
3065 5183 3482 5253 dispensatoris
3536 5189 3617 5242 sic

1915 5261 2220 5316 rescribit:
2280 5262 2552 5327 Quaedam
2616 5263 2707 5321 lex
2760 5267 2821 5321 in
2867 5269 3125 5325 Romana
3150 5274 3442 5343 republica
3493 5294 3617 5348 per-

1916 5349 2093 5404 mittit
2118 5356 2179 5405 ut
2212 5350 2331 5405 sive
2384 5352 2562 5406 frater
2592 5358 2647 5408 et
2701 5372 2885 5423 soror,
2911 5373 3013 5412 seu
3069 5359 3319 5416 duorum
3371 5364 3615 5420 fratrum

1918 5455 2326 5509 germanorum
2382 5442 2470 5495 vel
2520 5442 2763 5497 duarum
2823 5462 3085 5501 sororum
3167 5450 3320 5505 ﬁlius
3392 5460 3450 5508 et
3497 5454 3618 5509 ﬁlia

1915 5525 2305 5582 misceantur:
2364 5528 2509 5582 sicut
2578 5532 2970 5601 experimento
3024 5534 3347 5607 didicimus,
3404 5557 3471 5595 ex
3517 5544 3619 5598 tali

1916 5612 2191 5684 conjugio
2223 5612 2479 5669 sobolem
2511 5630 2625 5669 non
2682 5634 2846 5688 posse
2901 5637 3274 5680 succrescere.
3311 5629 3470 5684 Unde
3518 5647 3617 5684 ne-
