3956 6304
339 325 446 378 783
516 375 528 388 ,

1409 315 1826 375 BURCHARDI
1869 310 2401 372 WORMACIENSIS
2440 311 2778 368 EPISCOPI.

3747 310 3852 364 784

338 463 493 504 cesse
519 450 606 502 est
634 449 702 500 ut
743 445 860 516 jam
920 445 1124 514 quarta
1173 441 1263 495 vel
1317 439 1518 512 quinta
1560 438 1854 510 generatio
1899 436 2040 492 ﬁde-
2069 437 2114 490 Α
2151 435 2281 490 CAP.
2321 434 2472 488 XXV.
2517 461 2578 473 -
2631 432 3036 516 Sacramentum
3095 427 3514 516 delparentela,
3577 429 3851 500 quomodo

340 538 485 592 lium
520 535 759 590 licenter
785 530 893 585 sibi
917 531 1257 601 jungantur.

343 660 472 715 CAP.
508 659 609 712 XX.
645 687 713 697 —
772 654 928 720 Quod
982 658 1204 708 sanctus
1237 654 1526 720 Gregorius
1580 651 1674 705 hoc
1731 651 2038 718 Anglorum

519 731 668 797 genti
697 727 1024 796 specialiter,
1055 741 1160 778 non
1181 724 1502 792 generaliter
1527 724 1858 792 permiserit.

414 833 568 902 (Item
595 831 738 885 idem
763 831 934 884 Joan.
976 828 1152 898 dicit.)
1183 829 1389 881 Verum
1417 831 1546 898 post
1597 827 1846 880 multum
1893 829 2038 878 tem-

344 919 502 991 poris
531 935 566 972 a
614 918 797 972 Felice
858 919 1101 972 Mesenae
1150 916 1359 970 Siciliae
1411 915 1654 986 praesule
1710 914 2038 984 requisitus,

347 1015 539 1062 utrum
577 1007 900 1076 Augustino
958 1006 1264 1075 Gregorius
1322 1004 1548 1073 scripsit
1599 1008 1663 1057 ut
1719 1003 2038 1071 Anglorum

346 1101 548 1167 quarta
597 1094 968 1164 generatione
1019 1097 1308 1148 contracta
1379 1091 1751 1145 matrimonia
1805 1090 2042 1144 minime

347 1187 723 1248 solverentur,
754 1183 1112 1236 humillimus
1143 1183 1310 1235 Pater
1363 1180 1672 1249 Gregorius
1728 1179 1877 1232 inter
1941 1194 2044 1232 cce-

344 1277 470 1326 tera
499 1273 675 1325 talem
705 1271 864 1325 dedit
915 1271 1198 1323 rationem
1230 1285 1244 1322 :
1273 1269 1431 1332 Quod
1473 1268 1669 1338 scripsi
1725 1267 2042 1338 Augustino

343 1361 666 1430 Anglorum
696 1360 884 1430 gentis
910 1359 1198 1429 episcopo,
1257 1359 1490 1412 alumno
1517 1356 1776 1410 videlicet
1839 1363 1905 1410 ut
1960 1372 2046 1410 re-

347 1449 596 1504 corderis
621 1455 742 1512 tuo,
771 1446 1398 1524 deponsanguinitatis
1445 1445 1871 1516 conjunctione,
1937 1443 2044 1514 ipsi

349 1543 408 1592 et
434 1539 749 1606 Anglorum
807 1536 984 1605 genti,
1047 1552 1174 1605 quae
1232 1550 1418 1605 nuper
1444 1535 1515 1587 ad
1567 1534 1744 1587 fidem
1793 1537 2043 1598 venerat,

348 1643 420 1681 ne
454 1643 486 1680 a
526 1626 679 1680 bono
735 1625 889 1695 quod
948 1628 1196 1694 cmperat
1255 1623 1564 1676 metuendo
1596 1622 1913 1675 austeriora
1965 1637 2049 1674 re-

349 1715 595 1780 cederet,
653 1714 997 1785 specialiter,
1049 1717 1106 1766 et
1159 1727 1275 1764 non
1337 1711 1682 1781 generaliter
1733 1707 2046 1763 certissime

351 1803 638 1872 scripsisse
669 1818 760 1855 me
811 1817 1134 1871 cognoscas.
1173 1799 1332 1854 Unde
1385 1805 1440 1852 et
1497 1799 1636 1852 mihi
1693 1799 1880 1852 omnis
1928 1799 2046 1851 Ro-

350 1906 522 1944 mana
553 1891 752 1943 civitas
793 1891 953 1943 testis
1008 1888 1216 1955 existit,
1279 1904 1383 1940 nec
1435 1903 1499 1940 ea
1557 1887 1875 1940 intentione
1921 1886 2046 1940 haec

350 1979 462 2033 illis
492 1979 691 2048 scripsi
726 1977 1013 2044 mandata,
1059 1982 1124 2030 ut
1166 1981 1473 2046 postquam
1525 1975 1692 2029 firma
1743 1975 1933 2029 radice
1984 1976 2046 2029 in

354 2068 467 2122 lide
492 2068 706 2122 fuerint
734 2067 983 2132 solidati,
1039 2065 1088 2118 si
1119 2065 1269 2118 infra
1299 2064 1592 2135 propriam
1637 2064 2045 2134 consanguini-

354 2163 528 2209 tatem
579 2156 792 2209 inventi
849 2155 1080 2221 fuerint,
1140 2169 1258 2207 non
1339 2157 1698 2223 separentur,
1747 2159 1849 2207 aut
1898 2153 2046 2207 infra

355 2245 649 2298 afﬁnitatis
681 2246 909 2308 lineam,
940 2243 1000 2297 id
1028 2248 1113 2296 est
1163 2258 1344 2312 usque
1405 2242 1474 2294 ad
1525 2241 1826 2311 septimam
1879 2258 2047 2311 gene-

354 2332 632 2386 rationem
658 2332 978 2402 jungantur
1009 2347 1022 2385 :
1054 2331 1154 2384 sed
1181 2330 1335 2401 quod
1360 2331 1546 2384 adhuc
1600 2331 1711 2383 illis
1743 2331 2046 2400 neophytis

353 2421 726 2473 existentibus
797 2419 878 2472 eis
925 2419 1176 2488 primum
1210 2418 1406 2472 illicita
1443 2419 1788 2485 consentire,
1837 2426 1893 2472 et
1947 2435 2044 2472 eos

351 2509 540 2561 verbis
572 2523 631 2560 ac
658 2507 932 2576 exemplis
956 2507 1260 2574 instruere,
1294 2512 1352 2560 et
1380 2522 1508 2577 qua:
1551 2511 1678 2576 post
1706 2506 1774 2559 de
1835 2507 2046 2560 talibus

353 2598 596 2667 egerint,
629 2596 1043 2650 rationabiliter
1063 2602 1120 2650 et
1157 2595 1402 2649 ﬁdeliter
1455 2595 1758 2649 excludere
1813 2600 2042 2666 oporte-

352 2691 458 2739 ret.
493 2685 631 2738 Nam
656 2685 816 2754 juxta
847 2683 1186 2753 Apostolum
1236 2683 1336 2753 qui
1379 2683 1501 2736 ait:
1560 2685 1666 2736 Lac
1711 2683 1840 2737 dedi
1883 2683 2044 2736 vobis

351 2779 549 2843 potum
581 2789 693 2826 non
725 2788 930 2831 escam.
964 2772 1074 2825 ista
1101 2771 1214 2824 illis
1262 2772 1456 2837 modo,
1492 2787 1611 2825 non
1662 2771 1927 2840 posteris,
1982 2778 2045 2825 ut

351 2861 650 2930 praeﬁxum
684 2864 788 2927 est,
847 2859 1203 2930 temporibus
1255 2860 1500 2912 tenenda
1552 2859 1915 2926 indulsimus,
1971 2876 2043 2914 ne

352 2949 568 3003 bonum
597 2948 747 3018 quod
777 2948 1007 3000 intirma
1041 2947 1224 3000 adhuc
1278 2947 1466 3000 radice
1517 2949 1838 3016 plantatum
1897 2955 2040 3014 erat,

355 3043 694 3092 exureretur
753 3037 850 3090 sed
930 3037 1285 3106 aliquantum
1343 3036 1693 3105 ﬁrmaretur,
1753 3042 1809 3090 et
1862 3053 2044 3108 usque

353 3126 420 3179 ad
453 3125 856 3196 perfectionem
910 3125 1308 3178 custodiretur.
1348 3126 1476 3179 Ilzec
1533 3141 1640 3194 ego
1698 3141 1834 3196 ergo
1889 3127 2050 3180 Joan-

353 3230 454 3267 nes
479 3213 689 3267 idcirco
718 3212 1152 3283 perstringenda
1201 3213 1413 3278 curavi,
1449 3217 1508 3266 ut
1548 3213 1608 3266 hi
1653 3213 1752 3285 qui
1799 3215 2044 3269 occasio-

351 3318 424 3357 ne
471 3318 630 3356 nova.
691 3301 1133 3370 dispensationis
1183 3301 1381 3354 illicita
1423 3302 1788 3356 matrimonia
1853 3310 2048 3358 contra

349 3391 502 3462 hupc
531 3390 977 3444 eruditissimum
1009 3389 1196 3444 virum
1227 3396 1553 3456 causantur,
1596 3407 1712 3444 non
1761 3393 2046 3461 generali-

347 3485 436 3533 ter
489 3485 708 3550 quartee
781 3478 1168 3549 generationis
1241 3482 1508 3550 c0pulam
1564 3479 1870 3547 censuisse,
1928 3480 2046 3536 imo

349 3568 664 3622 venialiter.

351 3673 478 3728 Car.
512 3673 638 3727 XXI.
687 3701 756 3714 —
787 3673 944 3736 Quod
977 3676 1244 3739 extranei,
1292 3675 1403 3727 nisi
1433 3690 1499 3728 ea:
1525 3677 1844 3740 necessario,
1877 3674 2044 3730 disci-

492 3743 644 3797 dium
672 3746 814 3796 i-nter
841 3747 1264 3812 consanguineos
1303 3747 1482 3811 facere
1518 3760 1624 3798 non
1653 3745 1899 3801 debeant.

421 3848 528 3920 (Ea:
553 3849 695 3903 decr.
727 3849 960 3903 Fabiani
980 3864 1156 3918 papa,
1189 3866 1309 3918 cap.
1343 3852 1421 3919 8.)
1455 3850 1916 3921 Consanguineos
1946 3870 2040 3908 ex-

347 3945 679 3992 traneorum
709 3939 900 3990 nullus
921 3943 1165 4004 accuset,
1200 3940 1286 3992 vel
1309 3940 1859 4009 consanguinitatem
1883 3942 1940 3996 in
1965 3960 2044 4013 sy-

348 4027 500 4080 nodo
529 4028 840 4094 computet,
899 4026 994 4079 sed
1053 4026 1368 4097 propinqui
1400 4028 1468 4081 ad
1523 4045 1768 4099 quorum
1843 4036 2040 4085 notam

343 4116 701 4187 pertinet,aid
729 4120 831 4182 est,
862 4121 1042 4184 pater,
1073 4121 1274 4183 mater,
1308 4116 1499 4184 frater,
1545 4135 1724 4186 soror,
1775 4124 2035 4189 patruus,

345 4205 674 4270 avunculus,
723 4201 915 4270 amita,
975 4208 1299 4269 matertera,
1333 4211 1389 4258 et
1445 4221 1644 4259 eorum
1695 4207 2032 4276 procreatio.

2742 501 3129 571 inquirendum
3157 502 3250 554 sit.

2218 613 2296 666 De
2351 611 2459 664 ista
2505 609 2798 681 parentela
2829 624 3003 678 quam
3049 607 3246 661 dicunt
3299 623 3421 660 esse
3477 606 3629 675 inter
3680 606 3853 660 illum

2148 702 2212 756 N.
2238 705 2294 754 et
2322 701 2488 754 istam
2515 700 2636 769 ejus
2670 697 2974 768 conjugem
3005 696 3067 750 N.
3103 695 3384 767 quidquid
3415 695 3549 751 inde
3593 695 3721 763 scis,
3759 700 3859 748 aut

2147 788 2355 843 audisti
2385 805 2416 842 a
2440 787 2552 841 tuis
2585 786 2799 850 vicinis,
2834 790 2934 839 aut
2976 802 3010 838 a
3057 785 3170 838 tuis
3214 783 3640 855 antiquioribus
3707 800 3859 854 pro-

2148 877 2400 949 pinquis,
2432 876 2584 947 quod
2609 880 2671 930 tu
2701 891 2805 946 per
2835 874 3057 928 nullum
3105 873 3428 944 ingenium,
3455 888 3560 927 nec
3614 877 3858 943 propter

2149 981 2424 1033 amorem,
2455 981 2560 1019 nec
2609 969 2848 1035 propter
2903 963 3174 1016 timorem
3224 967 3323 1015 aut
3359 977 3466 1032 per
3519 960 3857 1032 praemium,

2149 1060 2247 1108 aut
2271 1070 2376 1126 per
2423 1052 2978 1124 consanguinitatem
3007 1050 3216 1106 celabis
3250 1049 3585 1120 episcopum
3657 1054 3857 1115 tuum,

2149 1149 2250 1198 aut
2302 1144 2422 1213 ejus
2474 1143 2734 1205 missum,
2763 1141 2856 1194 cui
2898 1141 3004 1194 hoc
3033 1139 3604 1210 inquirerejusserit,
3658 1153 3859 1208 quan-

2150 1233 2452 1303 docunque
2481 1235 2536 1285 te
2575 1246 2641 1284 ex
2668 1231 2774 1284 hoc
2806 1228 3265 1298 interrogaverit,
3296 1227 3377 1281 sic
3415 1233 3470 1283 te
3504 1229 3652 1282 Deus
3692 1226 3860 1296 adju-

2152 1327 2266 1388 vet,
2297 1325 2353 1374 et
2376 1320 2501 1374 ista;
2524 1323 2854 1372 sanctorum
2895 1316 3176 1388 reliquias.

2441 1445 2572 1500 CAP.
2617 1444 2792 1498 XXVI.
2823 1471 2890 1483 —
2919 1445 3297 1497 Juramentum
3330 1443 3563 1496 testium.

2229 1551 2384 1606 Istud
2414 1554 2836 1604 sacramentum
2893 1548 3048 1619 quod
3092 1548 3203 1602 iste
3250 1547 3466 1618 juravit
3495 1564 3565 1601 ne
3614 1547 3714 1601 illa
3759 1564 3863 1618 pa-

2158 1641 2393 1704 rentela,
2430 1655 2558 1709 quae
2604 1638 2755 1692 inter
2801 1637 2965 1690 illum
3011 1637 3077 1690 N.
3139 1641 3194 1689 et
3249 1637 3371 1706 ejus
3431 1638 3730 1706 conjugem
3791 1637 3859 1689 Ν.

2087 1719 2127 1772 Β
2157 1731 2542 1797 computatur,
2577 1726 2731 1796 quod
2778 1731 2841 1779 tu
2887 1725 3028 1778 illud
3083 1724 3412 1778 observabis
3455 1725 3516 1779 in
3566 1730 3859 1795 quantum

2157 1816 2330 1886 sapis,
2362 1818 2460 1868 aut
2489 1813 2720 1879 audisti,
2754 1813 2831 1866 sic
2859 1818 2914 1868 te
2957 1814 3102 1866 Deus
3134 1813 3383 1882 adjuvet.

2205 1940 2332 1994 CAP.
2364 1938 2564 1992 XXVII.
2589 1967 2657 1977 —-
2686 1937 3094 1991 Sacramentum
3126 1937 3191 1990 de
3218 1938 3516 1991 incestuoso
3545 1937 3804 1991 discidio.

2224 2046 2308 2100 Ab
2335 2045 2444 2099 isto
2473 2043 2562 2097 die
2596 2043 2655 2097 in
2689 2047 2854 2096 antea
2886 2043 3038 2114 quod
3065 2047 3127 2095 tu
3152 2059 3256 2113 per
3285 2043 3510 2096 nullum
3544 2042 3859 2112 ingenium

2154 2138 2209 2187 te
2264 2133 2503 2187 sociabis
2554 2132 2689 2186 huic
2764 2137 2877 2185 tum
2959 2131 3298 2200 conguineae
3379 2131 3446 2184 N.
3523 2147 3654 2184 cum
3741 2148 3866 2202 qua

2155 2227 2355 2276 contra
2385 2223 2571 2292 legem
2603 2226 2658 2273 et
2686 2225 2900 2273 rectam
2961 2219 3452 2274 Cbristianitatcm
3487 2224 3644 2273 tuam
3691 2220 3862 2273 adul-

2153 2312 2362 2364 terium
2395 2315 2450 2364 et
2472 2313 2752 2362 incestum
2785 2307 3149 2379 perpetrasti,
3183 2324 3289 2361 nec
3338 2309 3396 2360 in
3444 2308 3715 2378 conjugio
3748 2325 3863 2362 nec

2152 2401 2212 2455 in
2242 2398 2523 2453 adulterio
2551 2398 2709 2452 illam
2740 2398 2846 2452 tibi
2878 2397 3135 2460 sociabis,
3169 2413 3273 2451 nec
3302 2413 3428 2450 cum
3461 2397 3556 2450 illa
3577 2399 3647 2451 ad
3678 2414 3860 2452 unam

2155 2503 2413 2542 mensam
2471 2487 2842 2540 manducabis
2897 2492 2956 2540 et
3009 2487 3189 2553 bibes,
3249 2491 3348 2539 aut
3391 2486 3495 2539 sub
3527 2503 3642 2539 uno
3704 2492 3859 2540 tecto

2153 2576 2433 2639 manebis,
2469 2576 2580 2630 nisi
2635 2575 2778 2630 forte
2809 2575 2866 2628 in
2897 2575 3132 2628 ecclesia
3161 2581 3257 2628 aut
3284 2575 3344 2628 in
3379 2575 3573 2645 aliquo
3623 2576 3861 2645 publico

2158 2668 2296 2733 loco,
2355 2665 2452 2718 ubi
2515 2665 2672 2718 nulla
2718 2665 2871 2718 mala
2925 2663 3170 2734 suspicio
3217 2664 3581 2733 possitesse,
3631 2670 3696 2718 ut
3775 2665 3861 2718 ibi

2154 2771 2346 2807 coram
2379 2753 2618 2806 testibus
2649 2752 2868 2806 idoneis
2896 2769 3001 2822 pro
3039 2756 3190 2805 certa
3243 2751 3576 2805 necessitate
3635 2752 3862 2822 pariter

2153 2841 2583 2913 colloquamiui.
2654 2842 2768 2895 Nec
2823 2843 3126 2911 conjugem
3198 2840 3456 2910 accipies,
3515 2840 3627 2894 nisi
3702 2840 3858 2895 forte

2153 2937 2282 3001 post
2319 2936 2604 3003 peractam
2650 2931 3048 3001 paenitentiam
3089 2929 3192 2984 tibi
3222 2929 3448 2983 licentia
3479 2930 3610 2984 data
3680 2930 3861 2985 fuerit

2160 3021 2230 3075 ab
2261 3021 2528 3090 episcopo
2558 3024 2680 3085 tuo,
2713 3024 2811 3073 aut
2849 3019 2971 3088 ejus
3005 3019 3194 3085 misso,
3247 3017 3325 3071 sic
3353 3023 3408 3072 te
3445 3019 3591 3072 Deus
3620 3018 3858 3089 adjuvet

2159 3115 2214 3164 et
2241 3109 2364 3164 ista!
2387 3113 2710 3162 sanctorum
2744 3108 3024 3178 reliquias.

2159 3216 2286 3270 CAP.
2318 3215 2550 3268 XXVIII.
2593 3245 2652 3252 —
2691 3215 2812 3266 ch
2837 3212 3081 3281 capitula
3111 3212 3176 3266 de
3196 3217 3396 3281 septem
3424 3213 3694 3278 gradibus
3720 3229 3848 3268 con-

2228 3287 2619 3352 sanguinitatis
2659 3290 2877 3338 sanctus
2904 3283 3146 3337 Isidoms
3203 3285 3455 3350 doligenti
3494 3287 3856 3352 inquisitione

2227 3357 2608 3425 descripserat,
2666 3361 2716 3409 et
2753 3359 2810 3408 in
2853 3355 3038 3425 ﬁgura
3089 3356 3325 3421 inferius
3345 3355 3560 3423 depicta
3599 3361 3854 3424 apertius

2228 3428 2598 3482 ordinaverat.
3065 3437 3074 3448 '

2545 3533 2862 3587 CAPITULUH
2920 3535 2939 3585 I
2987 3548 3058 3587 ne
3098 3537 3128 3586 7
3173 3548 3460 3587 GRADIBUS.

2223 3640 2445 3708 (Isidor.
2506 3639 2571 3693 de
2638 3643 2668 3692 7
2726 3638 2990 3705 gradibus
3059 3638 3598 3707 consanguinitatis.)
3655 3639 3860 3694 Primo

2153 3730 2337 3801 gradu
2395 3728 2680 3798 superiori
2735 3729 2888 3782 linea
2961 3727 3327 3782 continentur
3383 3733 3567 3797 pater,
3638 3733 3857 3794 mater;

2152 3817 2434 3884 inferiori,
2488 3818 2661 3885 ﬁlius,
2737 3817 2877 3883 filia,
2953 3816 3280 3887 quibusque
3347 3818 3520 3870 nulla;
3586 3831 3860 3886 persona;

2147 3909 2498 3979 junguntur.

2797 3996 3109 4050 CAPITULO)!
3147 3998 3199 4048 2.

2221 4102 2480 4158 Secundo
2509 4101 2688 4169 gradu
2744 4100 3109 4155 continentur
3146 4099 3427 4170 superiori
3460 4099 3629 4163 linea,
3689 4115 3856 4169 avus,

2150 4193 2274 4247 avia
2305 4209 2319 4246 :
2355 4191 2636 4251 inferiori,
2672 4206 2871 4259 nepos,
2905 4190 3110 4260 neptis.
3160 4191 3225 4243 In
3272 4195 3594 4244 transversa
3645 4189 3852 4257 frater,

344 4293 402 4347 Si
433 4299 623 4346 autem
666 4292 968 4362 progenies
1006 4296 1128 4345 tota
1177 4293 1465 4359 defecerit,
1498 4294 1567 4348 ab
1619 4271 2033 4365 antiquioribus

2220 4297 2332 4348 ror,
2365 4297 2493 4351 quae
2522 4296 2784 4350 personae
2813 4279 3199 4349 duplicantur.
3233 4277 3383 4332 Avus
3419 4278 3570 4332 enim
3605 4284 3662 4332 et
3699 4280 3853 4347 avia,

343 4387 400 4434 et
453 4381 832 4435 veracioribus
901 4381 1108 4451 quibus
1189 4384 1386 4436 eadem
1439 4384 1837 4454 propinquitas
1903 4390 2037 4438 nota

341 4470 433 4536 sit,
487 4472 783 4540 episcopus
854 4471 1121 4524 canonice
1186 4473 1533 4542 perquirat:
1590 4477 1646 4525 et
1701 4472 1747 4525 si
1805 4473 2038 4527 inventa

341 4559 739 4630 propinquitas
771 4559 964 4626 fuerit,
998 4565 1356 4630 separentur.

765 4665 893 4719 CAP.
929 4666 1081 4718 XXII.
1120 4696 1189 4704 —
1221 4666 1300 4720 De
1326 4666 1511 4719 eadem
1531 4681 1606 4719 re.

411 4771 518 4841 (Ea:
543 4771 761 4824 concilio
791 4771 1033 4825 Romano
1063 4771 1315 4840 Gregor.)
1345 4771 1402 4825 Si
1439 4771 1567 4840 quis
1606 4776 1840 4843 neptem
1872 4790 2032 4828 suam

337 4861 399 4915 in
431 4859 761 4930 conjugium
796 4861 1039 4925 duxerit,
1073 4863 1384 4915 anathema
1412 4862 1504 4915 sit.

763 4967 891 5021 CAP.
911 4969 1093 5022 XXIII.
1122 4999 1191 5007 —
1218 4972 1291 5023 De
1319 4969 1502 5022 eadem
1528 4985 1605 5024 re.

407 5074 690 5143 (Ejusdem
735 5074 988 5143 Gregor.)
1019 5075 1075 5128 Si
1125 5073 1250 5144 quis
1309 5076 1711 5130 consobrinam
1777 5077 1833 5130 in
1892 5092 2030 5131 con-

327 5163 552 5234 jugium
581 5163 823 5230 duxerit,
858 5163 1164 5216 anathema
1197 5162 1287 5215 sit.

760 5269 887 5324 Car.
921 5269 1094 5323 XXIV.
1125 5299 1190 5308 —
1223 5271 1294 5322 De
1321 5268 1503 5323 cadem
1526 5286 1602 5324 re.

403 5378 556 5442 (Item
587 5377 825 5444 ejusdem
861 5374 1115 5445 Gregor.)
1141 5375 1199 5429 Si
1254 5375 1383 5446 quis
1431 5376 1498 5430 de
1541 5377 1776 5448 propria
1812 5395 2028 5450 cogna-

331 5464 506 5530 tione,
539 5465 629 5519 vel
663 5481 835 5536 quam
890 5469 1164 5536 cognatus
1197 5464 1414 5531 habuit,
1451 5466 1512 5520 in
1553 5467 1887 5538 conjugium
1921 5469 2027 5524 du-

331 5553 497 5618 xerit,
529 5554 833 5608 anathema
865 5554 953 5608 sit.

2146 4375 2264 4424 tam
2313 4386 2378 4423 ex
2437 4375 2622 4439 patre,
2681 4385 2852 4439 quam
2912 4385 2977 4421 ex
3027 4373 3208 4420 matre
3260 4367 3638 4438 accipiuntur.
3705 4368 3854 4432 Quae

2146 4475 2408 4531 personae
2441 4459 2812 4529 sequentibus
2857 4473 3087 4527 quoque
3117 4457 3388 4526 gradibus
3419 4456 3684 4510 similiter
3739 4473 3853 4525 pro

2146 4546 2462 4601 substantia
2493 4561 2711 4612 earum,
2747 4561 2874 4615 qua:
2907 4545 2968 4597 in
2998 4560 3112 4614 quo
3145 4545 3326 4614 gradu
3355 4545 3690 4614 subsistunt,
3719 4545 3853 4615 ipso

2145 4635 2344 4689 ordine
2376 4635 2762 4705 duplicantur.
2798 4636 2921 4687 Ista:
2961 4649 3222 4702 personae
3251 4633 3312 4686 in
3369 4633 3617 4688 secundo
3659 4635 3855 4704 gradu

2143 4724 2271 4778 ideo
2291 4724 2546 4794 duplices
2569 4724 2948 4794 appellantur,
2979 4722 3115 4791 quia
3145 4722 3260 4775 duo
3314 4722 3425 4788 avi,
3457 4727 3515 4776 et
3566 4729 3853 4792 paternus

2142 4819 2245 4880 est,
2279 4817 2335 4866 et
2368 4818 2678 4867 maternus.
2725 4813 2866 4866 Item
2915 4811 3026 4864 duo
3073 4827 3284 4880 genera
3342 4816 3618 4881 nepotum
3683 4818 3849 4879 sunt,

2142 4901 2258 4954 sive
2291 4917 2356 4954 ex
2389 4901 2529 4967 ﬁlio,
2570 4901 2685 4954 sive
2717 4916 2781 4954 ex
2831 4899 2944 4954 ﬁlia
2975 4900 3275 4968 procreati.
3327 4900 3522 4953 Frater
3575 4904 3634 4953 et
3679 4915 3854 4954 soror

2143 5005 2206 5043 ex
2235 4994 2558 5043 transverso
2592 4990 2846 5053 veniunt,
2877 4988 2932 5041 id
2965 4993 3072 5054 est,
3127 4992 3227 5041 aut
3274 4987 3447 5041 frater
3501 4988 3700 5058 patris,
3745 4994 3855 5044 aut

2140 5077 2314 5131 frater
2341 5078 2568 5144 matris;
2602 5079 2734 5148 quia
2768 5081 2867 5130 aut
2891 5082 3152 5145 patruus,
3187 5081 3282 5129 aut
3309 5077 3621 5131 avunculus
3652 5076 3848 5130 nomi-

2139 5171 2328 5220 natur.
2364 5167 2472 5230 Qui
2500 5173 2556 5221 et
2584 5167 2695 5237 ipsi
2725 5169 2832 5220 hoc
2849 5165 3049 5219 ordine
3084 5165 3471 5236 duplicantur.

2789 5275 3102 5328 CAPITULUM
3135 5276 3186 5328 3.

2206 5380 2396 5436 Tertio
2453 5382 2632 5451 gradu
2690 5382 2928 5435 veniunt
2985 5397 3176 5453 supra,
3227 5397 3496 5451 proavus,
3555 5380 3842 5450 proavia:

2136 5469 2285 5524 infra
2332 5488 2634 5542 pronepos,
2685 5471 3024 5543 proneptis:
3085 5489 3152 5526 ex
3197 5472 3451 5544 obliquo,
3500 5472 3710 5538 fratris,
3743 5489 3843 5526 so-

2136 5561 2398 5633 rorisque
2453 5562 2628 5626 ﬁlius,
2686 5563 2773 5616 vel
2833 5562 2972 5616 ﬁlia.
3031 5564 3295 5632 Patruus,
3352 5561 3551 5631 amita,
3615 5561 3673 5617 id
3726 5567 3839 5630 est,
