3956 6306
118 351 211 402 785
1074 353 1549 411 DECRETORUM
1591 357 1774 413 LIBRI
1811 360 1917 415 ΧΧ.
1956 390 2023 399 ~-
2068 362 2277 416 LIBER
2317 362 2678 419 SEPTIMUS.
3520 373 3621 424 786

111 472 282 542 patris
330 472 535 538 frater,
590 478 647 528 et
676 489 857 530 soror.
911 477 1262 544 Avunculus,
1317 484 1647 547 matertera,
1694 497 1816 535 ma-
1854 485 1898 538 Α

115 561 209 614 tris
239 561 444 629 frater,
477 568 533 616 et
565 579 749 618 soror.

764 707 1072 762 CAPITULUM
1113 709 1165 763 4.

179 848 399 912 Quarto
459 850 641 919 gradu
698 849 939 905 veniunt
1000 867 1192 921 supra,
1255 853 1485 917 abavus,
1546 854 1747 909 abavia
1786 873 1808 909 ιε

113 936 256 989 infra
306 937 585 1008 abnepos,
641 938 901 1008 abneptis
932 955 944 993 :
981 956 1048 993 ex
1102 941 1334 1011 obliquo
1378 942 1567 996 fratris
1620 948 1676 997 et
1722 961 1812 997 so-

114 1025 275 1090 roris,
322 1041 530 1095 nepos.
587 1026 795 1095 neptis,
853 1029 1150 1097 patruelis,
1202 1045 1363 1081 soror
1411 1032 1706 1100 patruelis,
1756 1032 1813 1087 id

117 1118 213 1178 est,
267 1114 463 1183 patrui
494 1114 668 1181 ﬁlius,
704 1116 790 1168 vel
822 1115 959 1168 ﬁlia.
1008 1116 1416 1183 Consobrinus,
1451 1122 1809 1186 consobrina,

116 1201 167 1255 id
201 1207 307 1269 est,
360 1204 625 1256 avunculi
658 1207 714 1257 et
760 1209 1083 1258 matertera:
1131 1206 1304 1273 ﬁlius,
1340 1209 1421 1261 vel
1468 1208 1604 1262 ﬁlia.
1656 1210 1810 1264 Ami-

115 1291 285 1357 tinus,
316 1291 581 1356 amitina,
615 1292 669 1345 id
701 1297 807 1359 est,
841 1293 1033 1347 amitae
1064 1294 1234 1359 ﬁlius,
1268 1296 1353 1348 vel
1386 1297 1521 1350 ﬁlia.
1558 1299 1811 1368 ltemque

114 1378 447 1432 consobrini
491 1395 503 1431 :
556 1379 691 1449 quia
745 1396 812 1433 ex
862 1380 1081 1434 duabus
1131 1384 1424 1436 sororibus
1477 1392 1806 1439 nascuntur.

115 1466 327 1529 Quibus
371 1467 644 1521 accrescit
691 1472 932 1537 patruus
963 1485 1226 1540 magnus,
1262 1472 1436 1525 amita
1477 1489 1704 1543 magna,
1750 1474 1809 1527 id

114 1560 211 1621 est,
246 1555 339 1608 avi
370 1555 599 1625 paterni
646 1555 820 1609 frater
856 1563 913 1610 et
955 1574 1136 1611 soror.
1171 1560 1498 1613 Avunculus
1547 1577 1807 1638 magnus,

114 1647 420 1694 matertera
454 1658 681 1712 magna,
715 1643 772 1697 id
819 1648 923 1711 est,
971 1645 1110 1699 aviae
1142 1652 1259 1701 tam
1300 1653 1578 1717 paternas,
1632 1666 1807 1719 quam

115 1738 410 1798 maternae,
449 1731 623 1786 frater
653 1736 710 1786 et
737 1748 916 1787 soror.

763 1892 1073 1946 CAPITULUM
1115 1897 1166 1946 5.

178 2031 398 2096 Quinto
432 2031 614 2101 gradu
651 2032 888 2087 veniunt
933 2051 1107 2105 supra
1150 2037 1384 2107 quidem
1417 2042 1629 2107 atavus,
1680 2046 1809 2094 ata-

115 2121 198 2173 via
231 2137 245 2174 :
280 2120 438 2175 infra
484 2121 755 2191 adnepos,
804 2122 1067 2194 adneptis
1100 2141 1112 2178 :
1149 2142 1215 2179 ex
1250 2127 1483 2198 obliquo
1533 2129 1720 2182 fratris
1752 2135 1809 2184 et

116 2209 343 2276 sororis,
413 2225 717 2279 pronepos,
778 2213 1074 2282 proneptis
1143 2230 1156 2268 :
1223 2215 1428 2268 fratres
1493 2218 1806 2287 patrueles,

115 2314 339 2352 sorores
394 2301 683 2367 patrueles
734 2314 746 2352 :
805 2300 1051 2362 amitini,
1109 2302 1363 2356 amitina:
1406 2320 1418 2357 :
1457 2305 1805 2371 consobrini,

113 2385 475 2441 consobrina:
529 2386 703 2449 ﬁlius,
761 2388 847 2440 vel
904 2387 1041 2455 ﬁlia,
1098 2392 1366 2460 proprius
1413 2394 1805 2463 consobrinus,

111 2475 473 2542 consobrina,
524 2474 579 2528 id
638 2480 741 2541 est,
801 2477 991 2546 patrui
1044 2480 1257 2549 magni,
1318 2481 1507 2535 amitae
1561 2498 1805 2553 magnae,

113 2562 379 2617 avunculi
428 2563 643 2632 magni,
695 2570 1014 2620 matertera:
1066 2583 1288 2638 magnae
1322 2568 1493 2637 ﬁlius,
1544 2572 1631 2624 vel
1665 2570 1805 2627 ﬁlia.

113 2651 328 2715 Quibus
388 2657 718 2704 accrescunt
772 2658 1139 2723 propatruus,
1196 2656 1496 2726 proamita.
1557 2658 1627 2711 Hi
1677 2665 1811 2714 sunt

114 2740 309 2810 proavi
364 2740 609 2793 materni
653 2741 826 2794 frater
855 2746 912 2796 et
955 2759 1133 2809 soror,
1183 2747 1623 2814 proavunculus,
1672 2765 1807 2818 pro-

117 2834 443 2883 matertera.
494 2828 562 2883 Hi
616 2835 749 2883 sunt
802 2831 1053 2900 proaviae
1099 2838 1370 2902 paternae,
1422 2841 1807 2907 materuaeque

116 2921 289 2972 frater
318 2921 378 2972 et
404 2934 583 2984 soror,
615 2920 925 2991 proavique
974 2922 1239 2976 materni.
1260 2924 1405 2978 Haec
1434 2924 1672 2993 species,
1704 2942 1809 2979 nec

116 3007 239 3060 aliis
272 3006 547 3076 gradibus
601 3024 771 3077 quam
827 3009 1037 3079 scripta
1076 3020 1182 3078 est,
1216 3027 1320 3064 nec
1366 3012 1491 3065 aliis
1518 3014 1809 3067 vocabulis

118 3095 393 3149 declarari
426 3099 631 3166 potest.

765 3256 1076 3311 CAPITULUM
1118 3261 1168 3310 6.

180 3394 350 3450 Sexto
383 3395 569 3464 gradu
615 3396 853 3449 veniunt
894 3413 1066 3467 supra
1107 3397 1365 3465 tritavus,
1414 3398 1643 3452 tritavia
1676 3417 1689 3454 :
1718 3401 1804 3454 in-

115 3482 194 3536 fra
241 3486 522 3553 trinepos,
556 3484 819 3554 trineptis
853 3501 865 3538 :
899 3501 963 3538 ex
998 3485 1231 3556 obliquo
1273 3486 1460 3539 fratris
1491 3490 1547 3540 et
1576 3489 1804 3557 sororis,

114 3572 368 3642 abnepos
410 3572 690 3642 abneptis,
726 3573 929 3627 fratres
973 3575 1268 3643 patruelis,
1305 3592 1529 3629 sorores
1574 3583 1810 3647 patrue-

114 3658 197 3712 lis.
230 3658 473 3712 Amitini
524 3658 798 3727 amitinaa,
850 3661 1173 3714 consobrini
1199 3663 1581 3717 consobrinis.
1614 3665 1809 3719 Patrui

116 3747 335 3817 magni,
388 3746 578 3799 amitae
626 3763 871 3817 magnae,
919 3750 1184 3803 avunculi
1220 3751 1432 3821 magni,
1486 3756 1809 3808 matertera:

112 3851 359 3907 magnze.
418 3836 604 3905 Nepos
656 3837 841 3907 neptis
906 3838 1225 3908 proprioris
1282 3841 1608 3895 consobrini
1657 3843 1809 3897 ﬁlius

110 3926 194 3978 vel
225 3925 369 3989 ﬁlia,
407 3924 507 3993 qui
530 3924 857 3978 consobrini
887 3927 1268 3996 appellantur.
1295 3928 1511 3991 Quibus
1541 3946 1606 3983 ex
1633 3930 1809 3985 latere

113 4014 444 4066 accrescunt
490 4014 812 4080 propatrui,
860 4016 1160 4082 proamitae
1196 4031 1209 4068 :
1241 4015 1639 4084 proavuncnli,
1680 4032 1811 4086 pro-

112 4106 436 4155 matertera:
484 4100 657 4163 ﬁlius,
723 4102 811 4154 vel
859 4102 998 4167 ﬁlia,
1049 4104 1378 4173 adpatruus,
1428 4103 1696 4157 adamita.
1744 4103 1810 4158 Hi

113 4194 247 4243 sunt
272 4187 443 4241 abavi
485 4188 707 4258 paterni
738 4189 912 4243 frater
943 4196 999 4244 et
1041 4207 1222 4256 soror,
1259 4192 1668 4258 abavunculus,
1705 4192 1806 4246 ab-

2574 486 2884 541 CAPITULUM
2922 490 2977 541 7.

1993 606 2244 678 Septimo
2290 609 2495 679 gradu,
2543 610 2642 679 qui
2676 615 2807 663 sunt
2851 611 3079 680 cognati
3112 617 3265 666 recta
3312 613 3485 681 linea,
3518 632 3621 669 su-

1921 710 2028 764 pra
2056 696 2318 767 infraque
2350 713 2454 766 pro
2500 698 2745 768 propriis
2786 700 3117 753 nominibus
3162 716 3277 754 non
3320 704 3621 773 appellan-

1923 789 2036 848 tur,
2092 800 2189 837 sex
2242 801 2309 839 ex
2388 792 2707 839 transversa
2771 788 2924 840 linea
2996 789 3367 843 continentur
3429 791 3620 846 fratris

1923 870 2137 924 sororis
2184 872 2435 942 adnepos
2482 874 2765 943 adneptis,
2816 875 3143 929 consobrini
3196 878 3322 943 ﬁlii,
3370 878 3621 950 ﬁliosque

1921 961 2312 1015 successionis.
2348 962 2561 1015 Idcirco
2592 967 2803 1032 gradus
2845 968 3063 1032 septem
3100 965 3397 1019 constituti
3439 974 3571 1021 sunt
3602 985 3615 1022 :

1921 1048 2023 1119 qui
2071 1050 2310 1103 ulterius
2344 1066 2446 1120 per
2493 1066 2687 1104 rerum
2721 1056 3005 1108 naturam.
3040 1068 3144 1105 nec
3193 1054 3425 1109 nomina
3467 1056 3620 1110 inve-

1920 1136 2054 1202 niri,
2115 1154 2221 1192 nec
2274 1138 2390 1192 vita
2440 1140 2875 1193 succedentibus
2929 1142 3227 1211 prorogari
3293 1148 3496 1212 potest.
3551 1145 3616 1204 In

1920 1226 2008 1279 his
2040 1234 2259 1296 septem
2292 1227 2566 1298 gradibus
2617 1229 2812 1281 omnia
2848 1229 3343 1299 propinquitatum
3379 1234 3615 1287 nomina

1919 1314 2306 1381 continentur,
2330 1316 2479 1368 ultra
2498 1332 2639 1385 quos
2658 1316 2905 1371 afﬁnitas
2920 1317 3187 1385 inveniri,
3209 1334 3311 1372 nec
3332 1322 3612 1375 successio

1919 1408 2103 1472 potest
2126 1404 2376 1474 amplius
2405 1405 2735 1474 propagari.

1917 1542 2047 1598 CAP.
2084 1545 2249 1598 XXIX.
2273 1573 2345 1585 —-
2373 1546 2444 1597 De
2471 1546 2784 1597 incestuosis
2823 1546 2919 1611 qui
2973 1545 3366 1600 admonitiones
3424 1561 3607 1601 sacer-

2454 1615 2641 1668 dotum
2674 1620 3030 1669 contemnunt.

1991 1739 2112 1807 (Ea:
2158 1739 2379 1792 concilio
2433 1740 2651 1803 Turon.,
2702 1740 2881 1807 capite
2921 1738 2996 1807 1.)
3047 1740 3376 1805 Incestuosi,
3427 1741 3609 1811 parri-

1918 1824 2082 1892 cidas,
2117 1825 2441 1891 homicidae,
2494 1825 2657 1878 multi
2688 1827 2840 1895 apud
2872 1842 2995 1892 nos,
3030 1827 3175 1894 proh
3217 1827 3409 1882 dolor!
3439 1844 3611 1898 repe-

1918 1914 2147 1966 riuntur
2205 1929 2217 1967 :
2274 1914 2369 1968 sed
2428 1913 2607 1984 aliqui
2675 1930 2744 1967 ex
2812 1914 2926 1967 illis
2982 1915 3339 1969 sacerdotum
3407 1917 3612 1971 nolunt

1917 2001 2405 2056 admonitionibus
2457 2018 2650 2055 aurem
2710 2003 3179 2068 accommodare,
3237 2004 3490 2057 volentes
3546 2004 3608 2059 in

1917 2089 2176 2161 pristinis
2236 2090 2549 2159 perdurare
2607 2089 2990 2144 criminibus:
3028 2107 3173 2161 quos
3223 2096 3449 2161 oportet
3506 2109 3610 2162 per

1918 2178 2203 2232 saecularis
2246 2179 2520 2248 potentia:
2568 2178 2926 2248 disciplinam
2961 2196 2991 2231 a
3020 2185 3137 2233 tam
3168 2196 3342 2250 prava
3370 2197 3609 2235 consue-

1918 2267 2116 2320 tudine
2161 2267 2431 2332 coerceri,
2468 2267 2566 2337 qui
2605 2283 2707 2337 per
2755 2267 3047 2322 salutifera
3090 2270 3448 2324 sacerdotum
3480 2287 3607 2324 mo-

1921 2356 2041 2409 nita
2071 2356 2383 2409 noluerunt
2416 2356 2686 2409 revocari.

1920 2501 2044 2555 Car.
2078 2501 2222 2554 XXX.
2254 2528 2326 2539 —
2379 2500 2532 2569 Quod
2583 2500 2736 2563 infra
2788 2505 2998 2552 sextam
3050 2502 3442 2567 generationem
3495 2515 3613 2554 eon-

2513 2571 2677 2637 jugia
2712 2585 2818 2622 non
2852 2573 3007 2636 fiant.

1991 2694 2102 2762 (Ea:
2131 2694 2351 2747 concilio
2405 2693 2554 2762 apud
2602 2694 2995 2761 Con/tuentium
3048 2695 3137 2746 eui
3162 2693 3418 2758 interfuit
3468 2696 3611 2747 Hen-

1919 2784 2086 2844 ricus,
2135 2787 2185 2835 et
2243 2782 2485 2845 Carolus,
2533 2796 2702 2847 reges,
2754 2784 2930 2849 capite
2978 2784 3046 2845 1.)
3078 2786 3243 2834 Anno
3301 2781 3611 2835 Dominicae

1921 2869 2323 2924 incarnationis
2374 2869 2745 2935 DCCCCXXII,
2798 2870 2947 2937 apud
2990 2869 3407 2924 Confluentiam
3447 2869 3611 2937 jussu

1921 2958 2333 3013 venerabilium
2382 2957 2707 3027 principum
2748 2956 2935 3011 Caroli
2973 2957 3250 3023 videlicet,
3297 2964 3352 3011 et
3382 2957 3613 3011 Henrici

1848 3044 1888 3097 C
1920 3063 2121 3119 regum
2152 3045 2777 3110 revereudissimorum,
2826 3046 3157 3116 congregati
3202 3049 3334 3099 sunt
3364 3046 3615 3115 episcopi

1919 3152 2159 3191 numero
2186 3136 2303 3189 VIII
2338 3150 2352 3188 :
2389 3136 2745 3188 Hermannus
2770 3134 3208 3205 Agrippinensis
3236 3134 3613 3204 archiepisco-

1918 3241 2045 3294 pus,
2080 3224 2384 3292 Herigerus
2427 3221 2833 3291 Moguntiensis
2880 3222 3358 3292 archiepiscopus,
3399 3221 3614 3276 Tbiedo

1918 3309 2405 3379 Wirceburgensis
2456 3310 2778 3378 episcopus,
2835 3310 3183 3363 Luittharius
3235 3310 3614 3363 Mindanensis

1918 3399 2237 3469 episcopus,
2290 3399 2432 3451 Doto
2466 3397 2919 3467 Osneburgensis
2951 3397 3269 3467 episcopus,
3323 3397 3613 3466 Bichgou-

1916 3503 1998 3539 wo
2052 3485 2489 3539 Wormaciensis
2541 3485 2872 3554 episcopus,
2931 3484 3255 3538 Richwinus
3312 3485 3614 3539 Strazbur—

1916 3575 2107 3645 gensis
2172 3574 2492 3644 episcopus,
2559 3574 2805 3627 Unwano
2875 3572 3326 3626 Padebruneusis
3397 3572 3612 3643 episco-

1916 3681 2041 3735 pus,
2102 3680 2231 3718 cum
2294 3663 2593 3717 abbatibus
2666 3661 2905 3731 aliisque
2971 3661 3115 3714 sacri
3184 3660 3400 3714 ordinis
3478 3660 3615 3714 viris

1918 3751 2375 3824 quamplurimis.
2434 3754 2566 3821 Cap.
2604 3754 2651 3804 t.
2686 3749 2814 3816 Qui,
2867 3750 2990 3820 ipso
3021 3755 3367 3819 cooperante
3405 3754 3460 3803 et
3487 3765 3615 3803 sen-

1917 3841 2126 3896 tentias
2189 3857 2390 3895 eorum
2467 3838 2845 3893 conﬁrmante
2913 3838 3154 3892 Domino
3224 3843 3422 3891 nostro
3486 3838 3619 3892 Jesu

1920 3930 2163 3996 Christo,
2207 3931 2267 3983 in
2298 3928 2557 3999 synodali
2606 3927 2924 3981 residentes
2969 3932 3250 3981 conventu
3299 3926 3479 3980 multa
3510 3926 3619 3980 uti-

1919 4018 1995 4072 lia
2043 4034 2108 4073 ac
2161 4022 2371 4072 sanctae
2422 4018 2524 4071 Dei
2572 4016 2831 4071 Ecclesiae
2892 4016 3196 4086 profutura
3247 4015 3619 4068 saluberrimo

1916 4110 2223 4161 tractantes
2273 4104 2506 4158 consilio
2537 4104 2689 4157 inter
2719 4110 2924 4156 caetera
2969 4118 3099 4172 quae
3138 4106 3478 4166 statuerunt,
3513 4101 3621 4155 hoc

1921 4194 2167 4249 maxime
2218 4192 2624 4259 necessarium,
2657 4195 2712 4244 et
2754 4190 3014 4255 instanti,
3056 4190 3204 4259 proh
3238 4190 3436 4244 dolor!
3471 4195 3618 4243 tem-

114 4283 444 4331 matertera.
516 4277 583 4330 Hi
647 4282 779 4332 sunt
840 4277 1051 4333 abavia:
1118 4285 1373 4350 paternas
1420 4286 1808 4350 maternaaque
1843 4327 1884 4379 Β
1924 4300 2063 4354 pore
2115 4298 2219 4352 per
2273 4281 2606 4334 abusionem
2674 4277 3205 4349 frequentissimum
3267 4277 3620 4347 cognationis

110 4367 284 4420 frater
349 4370 409 4420 et
474 4382 657 4431 soror,
725 4366 1005 4437 abavique
1071 4368 1333 4423 materni.
1386 4371 1515 4424 Haec
1581 4386 1811 4441 quoque

115 4454 407 4526 explanari
459 4454 710 4524 amplius
754 4472 871 4509 non
926 4462 1185 4527 possunt,
1243 4475 1415 4529 quam
1450 4465 1644 4513 auctor
1695 4459 1816 4530 ipse

119 4544 408 4599 disseruit.

1923 4372 2224 4437 incestum,
2273 4385 2497 4422 summa
2554 4368 2776 4421 cautela
2830 4366 3129 4420 vitandum
3178 4367 3553 4420 ﬁrmaverunt
3606 4383 3620 4420 :

1923 4460 2031 4513 hoc
2080 4463 2184 4526 est,
2216 4474 2287 4512 ne
2320 4458 2468 4512 ullus
2521 4455 2877 4511 Christianus
2926 4455 3077 4509 infra
3109 4460 3329 4509 sextam
3376 4470 3618 4525 genera-

1926 4547 2140 4601 tionem
2172 4546 2401 4618 nuptias
2431 4546 2698 4615 copulare
2732 4549 3062 4615 praesumat.

1499 4724 1671 4763 [-‘INIS
1728 4724 1902 4764 LIBRI
1951 4723 2241 4763 SEPTIMI.
