3956 6310
146 318 241 367 ῑ89
1117 315 1598 373 DECRETORUM
1637 320 1825 376 LIBRI
1862 322 1970 377 xx.
2011 351 2080 360 —
2122 307 2331 377 LIBER
2369 321 2698 377 OCTAVUS.

3554 326 3657 378 790

150 442 228 492 l2.
271 439 354 492 De
406 436 731 508 virginibus
786 436 1029 491 necdum
1083 437 1306 504 velatis,
1355 454 1483 508 quae
1541 444 1738 493 tamen
1788 439 1847 492 in
1886 444 1932 495 A
1959 441 2046 495 46.
2091 442 2160 495 Ut
2194 440 2380 494 viduae
2410 440 2607 493 velatae
2637 439 2704 493 ad
2739 438 2968 509 nuptias
2996 438 3078 492 ire
3110 454 3226 491 non
3258 439 3521 494 debeant.

210 526 513 598 proposito
545 525 810 596 virginali
834 542 892 579 se
923 526 1331 580 simulaverant
1363 542 1724 597 permanere.

146 620 226 670 l3.
273 618 351 669 De
397 614 935 669 sanctimonialibus
979 614 1087 667 sia
1119 615 1415 685 proposito
1464 632 1625 671 sacro
1658 616 1847 671 devia-

214 704 421 759 verint.

149 794 226 847 14.
273 794 355 847 De
386 793 591 847 eadem
626 808 707 846 re.

148 884 226 935 15.
270 882 396 945 Quo
430 886 689 949 tempore
735 896 959 934 sacrum
1010 881 1272 933 velamen
1301 879 1477 933 sacris
1526 880 1844 951 virginibus

208 969 439 1038 imponi
470 969 690 1022 debeat.

146 1061 225 1110 16.
274 1060 350 1112 De
382 1058 583 1111 eadem
612 1072 695 1110 re.

144 1150 226 1200 Π.
271 1147 354 1200 De
402 1143 955 1211 sanctimonialibus,
1013 1135 1142 1216 quae
1196 1144 1335 1198 alias
1384 1145 1574 1199 velare
1624 1162 1839 1216 praesu-

213 1239 401 1287 munt.

149 1326 232 1377 l8.
278 1323 359 1375 De
389 1321 729 1392 virginibus,
764 1337 876 1391 qua
908 1325 1071 1374 aetate
1102 1320 1275 1374 velari
1306 1321 1568 1375 debeant.

151 1414 227 1463 t9.
272 1408 440 1471 Quod
490 1410 891 1477 desponsatam
937 1407 1187 1476 puellam
1220 1407 1317 1460 alii
1365 1408 1484 1461 viro
1531 1425 1643 1461 non
1674 1408 1745 1463 sit
1774 1410 1838 1464 1i-

214 1497 397 1550 citum
450 1496 607 1561 dare,
657 1495 1073 1549 monasterium
1122 1502 1311 1549 autem
1344 1495 1477 1549 licet
1524 1497 1757 1566 eligere,
1795 1498 1841 1551 si

213 1586 356 1637 vult.

141 1676 230 1727 20.
275 1674 346 1726 L’t
404 1671 616 1741 aliquis
670 1670 1000 1741 incognitus
1060 1688 1177 1726 non
1225 1671 1337 1726 cito
1385 1671 1444 1725 in
1495 1673 1838 1727 monasterio

209 1760 629 1814 monachorum
654 1759 985 1830 recipiatur.

141 1852 224 1902 21.
270 1850 350 1901 De
380 1847 600 1902 clericis
649 1848 751 1919 qui
798 1848 1212 1903 monachorum
1252 1850 1612 1921 propositum
1660 1865 1835 1921 appe-

212 1944 272 1992 tu
282 1943 365 1993 nt.

143 2030 225 2081 22.
271 2029 352 2080 De
401 2026 721 2096 virginibus
760 2026 950 2093 sacris,
984 2042 1112 2095 qua:
1155 2031 1391 2097 propter
1436 2026 1837 2081 districtiorem

210 2114 387 2167 vitam
421 2114 490 2167 ad
520 2114 674 2167 aliud
696 2114 1109 2167 monasterium
1138 2114 1222 2168 ire
1255 2115 1658 2184 disposuerint.

144 2205 228 2257 23.
272 2202 399 2265 Quo
431 2202 635 2257 vestitu
686 2202 936 2272 virgines
989 2202 1059 2256 ad
1106 2204 1590 2258 consecrationem
1645 2202 1838 2257 venire

214 2292 486 2345 debeant.

144 2382 231 2434 24.
274 2381 347 2434 Ut
374 2385 589 2449 praeter
630 2378 927 2433 scientiam
970 2378 1193 2433 domini
1222 2379 1312 2433 sui
1351 2396 1545 2434 servus
1573 2395 1691 2434 non
1724 2380 1841 2434 effi-

211 2468 395 2521 ciatur
422 2467 753 2521 monachus.

144 2559 227 2611 25.
268 2558 350 2611 De
378 2554 479 2610 illo
509 2555 608 2626 qui
631 2571 858 2609 servum
883 2555 1135 2609 alienum
1165 2572 1335 2610 causa
1355 2555 1648 2627 religionis
1676 2556 1839 2611 docet

212 2650 582 2699 contemnere
609 2643 909 2698 dominum
940 2660 1128 2698 suum.

147 2739 231 2787 26.
279 2735 355 2787 De
382 2732 638 2804 fugitivis
666 2732 903 2787 clericis.

144 2828 228 2877 27.
270 2824 349 2878 De
380 2822 768 2891 saecularibus,
822 2822 868 2876 si
899 2838 957 2876 se
991 2822 1169 2877 semel
1216 2838 1319 2893 per
1364 2822 1705 2893 religionem
1750 2827 1835 2876 to-

215 2911 528 2979 tonderint,
548 2916 605 2965 et
631 2915 760 2981 post
784 2910 910 2965 laici
941 2911 1286 2967 efﬁciuntur.

1954 530 2041 583 47.
2086 531 2164 583 De
2195 530 2366 583 vidua
2410 546 2542 600 qua:
2591 529 2696 582 sub
2726 529 2964 582 obtentu
3010 527 3307 597 religionis
3360 528 3549 582 velum
3582 530 3651 584 ad

2026 623 2252 688 tempus
2283 617 2391 671 sibi
2418 617 2778 686 imposuerit.

1948 706 2036 760 48.
2081 708 2155 761 De
2204 707 2387 760 viduis
2419 711 2471 759 et
2498 706 2700 773 puellis
2732 721 2861 775 quise
2892 705 2951 757 in
2986 704 3247 758 domibus
3278 705 3525 775 propriis
3548 706 3649 759 ha-

2024 796 2210 849 bitum
2243 796 2534 866 religionis
2560 801 2953 865 susceperunt.

1951 884 2040 939 49.
2083 884 2244 948 Quod
2310 889 2535 937 sanctus
2613 884 2920 954 Gregorius
2987 883 3297 953 quamdam
3374 882 3649 937 feminam

2021 974 2266 1025 velatam
2319 989 2447 1043 quae
2487 987 2710 1025 sacrum
2758 972 3115 1042 propositum
3164 976 3520 1040 transgressa
3567 976 3652 1024 est

2023 1062 2437 1130 comprehendi
2470 1060 2724 1130 jusserit.

1951 1150 2037 1202 50.
2082 1150 2159 1202 De
2193 1149 2377 1202 viduis
2403 1149 2619 1214 velatis,
2655 1148 2702 1200 si
2735 1147 3119 1217 voluptatibus
3146 1147 3332 1201 carnis
3367 1146 3647 1201 inservire

2023 1243 2371 1292 accusantur.

1956 1328 2041 1381 51.
2088 1328 2155 1381 Ut
2201 1325 2458 1396 sacrilegi
2507 1325 2891 1395 dijudicentur
2930 1324 3030 1395 qui
3079 1340 3138 1377 se
3190 1323 3423 1378 sacratis
3470 1324 3645 1377 femi-

2024 1416 2109 1469 nis
2142 1416 2513 1469 miscuerunt.

1951 1508 2036 1559 52.
2083 1505 2159 1558 De
2187 1504 2275 1557 lllS
2307 1504 2403 1573 qui
2436 1502 2894 1557 sanctimoniales
2926 1501 3170 1572 virgines
3204 1502 3288 1554 vel
3318 1502 3515 1556 viduas
3549 1518 3639 1555 ve-

2022 1594 2159 1645 latas
2190 1594 2442 1662 rapiunt.

1951 1686 2037 1736 53.
2082 1682 2153 1735 Ut
2205 1681 2394 1734 clerici
2442 1696 2541 1734 seu
2593 1679 2721 1733 laici
2753 1695 2883 1732 cum
2927 1679 3078 1732 bono
3136 1677 3463 1732 testimonio
3515 1694 3641 1732 cum

2021 1769 2194 1823 sacris
2226 1769 2429 1839 puellis
2456 1768 2615 1838 loqui
2646 1768 2908 1822 debeant.

1949 1858 2034 1911 54.
2078 1858 2240 1921 Quod
2299 1857 2567 1910 mulieres
2598 1856 2819 1924 velatae,
2880 1859 2977 1908 aut
3006 1853 3066 1908 in
3118 1853 3501 1919 monasteriis,
3544 1859 3640 1909 aut

2018 1946 2078 2000 in
2108 1946 2370 1999 domibus
2401 1944 2518 1998 suis
2547 1944 2805 1998 habitum
2838 1944 3159 1997 observent.

1950 2036 2035 2088 55.
2086 2035 2151 2088 Ut
2206 2033 2679 2087 adolescentiores
2740 2031 2942 2094 viduae,
3008 2030 3094 2084 vel
3153 2028 3637 2097 sanctimoniales,

2020 2123 2089 2177 ab
2120 2123 2385 2193 episcopo
2416 2137 2535 2174 non
2564 2120 2951 2191 negligantur.
3056 2156 3063 2161 ο

1949 2215 2034 2266 56.
2082 2211 2148 2265 Ut
2177 2211 2569 2281 unusquisque
2604 2209 2904 2277 episcopus
2934 2207 3172 2261 clericos
3198 2206 3258 2259 in
3289 2223 3390 2259 suo
3419 2205 3637 2276 episco-

2018 2299 2112 2370 pio
2139 2304 2405 2368 vagantes
2433 2298 2501 2351 ad
2531 2313 2698 2350 suum
2730 2296 3063 2366 episcopum
3094 2294 3279 2348 redire
3307 2294 3494 2349 faciat.

1949 2390 2034 2441 57.
2081 2388 2156 2441 De
2188 2386 2405 2440 clericis
2437 2385 2613 2455 vagis.

1949 2479 2035 2530 58.
2083 2478 2150 2531 Ut
2211 2475 2504 2528 monachae
2588 2472 2898 2526 monastice
2962 2471 3180 2537 vivant,
3253 2476 3308 2524 et
3373 2468 3641 2524 canonice

2019 2563 2329 2618 secundum
2360 2561 2695 2617 canonicam
2726 2560 2899 2614 vitam
2934 2560 3140 2613 vivant.

1947 2656 2034 2707 59.
2082 2654 2149 2707 Ut
2178 2651 2642 2705 sanctimoniales
2671 2648 2971 2702 abbatissae
3004 2665 3120 2701 sum
3150 2647 3264 2699 sint
3290 2646 3637 2700 obedientes.

1947 2746 2033 2796 60.
2080 2742 2155 2795 De
2208 2740 2459 2806 feminis,
2509 2754 2638 2809 quae
2695 2742 2931 2807 propter
2963 2736 3381 2791 continentiam
3432 2735 3638 2789 mulie—

2016 2831 2176 2884 brem
2209 2832 2432 2882 mutant
2460 2826 2736 2881 habitum.

1949 2923 2035 2973 61.
2080 2919 2160 2972 De
2217 2918 2317 2971 illo
2366 2916 2466 2987 qui
2530 2912 2919 2985 virginitatem
2985 2910 3346 2981 custodierit,
3411 2912 3641 2982 nuptias

145 3003 231 3053 28.
276 3000 349 3054 Ut
394 3014 591 3053 servus
636 2998 699 3052 in
746 3001 1158 3054 monasterium
1204 3015 1322 3053 non
1370 2998 1682 3070 recipiatur
1732 3016 1831 3054 ne-
1874 3000 1913 3055 Ο
2015 3011 2206 3060 autem
2233 3003 2627 3058 exsecraverit.

209 3088 421 3142 sciente
451 3087 686 3142 domino
717 3104 840 3143 suo.

141 3178 224 3229 29.
273 3178 350 3231 De
400 3176 698 3230 monachis
752 3194 816 3231 ac
862 3177 1250 3232 monachabus
1301 3176 1402 3247 qui
1445 3193 1503 3231 se
1562 3177 1835 3248 sacrilega

211 3264 555 3335 contagione
588 3264 963 3320 miscuerunt.

148 3358 233 3409 30.
277 3356 347 3409 Ut
392 3370 508 3408 non
563 3354 730 3409 liceat
780 3355 894 3409 Deo
934 3354 1167 3409 sacratis
1217 3354 1498 3425 nuptialia
1540 3355 1672 3425 jura
1701 3371 1833 3409 con-

211 3444 457 3497 trahere.

144 3536 230 3587 31.
272 3533 352 3586 De
382 3531 471 3585 his
502 3531 601 3602 qui
632 3530 1093 3586 sanctimoniales
1124 3531 1183 3585 in
1215 3532 1648 3586 matrimonium
1677 3548 1829 3587 acce-

210 3620 425 3691 perint,
456 3625 519 3674 ut
546 3620 792 3690 separati
822 3620 943 3675 sine
975 3638 1072 3690 spe
1095 3621 1351 3693 conjugii
1385 3626 1673 3675 maneant.

143 3712 227 3763 32.
274 3711 352 3763 De
385 3708 700 3779 virginibus
731 3726 860 3779 qua;
887 3709 1273 3780 praevaricatas
1312 3715 1462 3765 sunt.

144 3802 231 3853 33.
276 3799 344 3852 Ut
376 3797 561 3851 vidum
608 3798 801 3851 velum
832 3798 941 3852 sibi
970 3800 1265 3869 imponere
1296 3816 1414 3853 non
1455 3800 1718 3867 debeant,
1748 3798 1834 3852 in-

209 3886 470 3939 consulto
511 3885 777 3955 episcopo
817 3902 940 3952 suo,
974 3891 1030 3939 et
1062 3902 1131 3940 ne
1170 3886 1489 3957 presbyteri
1533 3886 1615 3939 eis
1662 3886 1838 3957 impo-

211 3990 349 4028 nere
379 3978 751 4043 przesumant,
779 3975 932 4045 quod
967 3979 1023 4028 et
1050 3974 1330 4045 episcopis
1362 3991 1477 4027 non
1508 3975 1657 4028 licet.

143 4064 226 4117 34.
270 4063 431 4126 Quod
456 4062 643 4117 vidua:
668 4062 773 4116 sub
803 4063 957 4116 nulla
986 4062 1391 4116 benedictione
1420 4062 1533 4116 sint
1558 4063 1834 4116 velandae.

141 4154 228 4205 35.
271 4151 350 4204 De
380 4149 566 4204 viduis
615 4167 743 4221 quae
799 4152 976 4206 semel
1024 4167 1196 4205 sacrae
1249 4151 1696 4205 conversationis
1740 4168 1834 4205 ve-

209 4240 401 4293 lamen
432 4239 772 4309 suscipiunt.

140 4330 226 4383 36.
268 4329 350 4381 De
382 4326 587 4395 viduis,
622 4332 683 4381 ut
712 4328 903 4381 nullus
933 4344 1028 4382 eas
1058 4329 1247 4382 velare
1276 4331 1538 4383 attentet.

143 4418 229 4469 37.
273 4416 357 4469 De
415 4414 709 4470 nobilibus
766 4414 1013 4479 feminis,
1075 4433 1227 4486 quas,
1289 4421 1596 4487 postquam
1642 4417 1841 4471 velatae

211 4503 448 4568 fuerint,
482 4502 637 4558 domi
671 4502 732 4556 in
763 4504 982 4558 deliciis
1012 4504 1261 4559 residere
1292 4506 1663 4559 delectantur.

144 4595 227 4645 38.
272 4593 353 4645 De
392 4592 480 4645 his
531 4592 631 4662 qui
677 4592 890 4646 velatas
920 4597 978 4647 et
1008 4594 1122 4647 Deo
1155 4598 1511 4648 consecratas
1541 4593 1603 4647 in
1645 4593 1841 4664 conju-

214 4681 374 4749 gium
404 4680 689 4735 duxerint.
1308 4732 1313 4733 ,

149 4773 234 4824 39.
278 4770 356 4823 De
398 4768 587 4823 viduis
615 4786 741 4840 qua:
789 4770 1104 4840 professam
1153 4770 1568 4826 continentiam
1622 4787 1838 4841 praeva-

214 4858 405 4911 ricatze
440 4862 591 4911 sunt.

146 4947 231 4999 40.
278 4947 353 4999 De
383 4946 584 5000 eadem
610 4961 692 5001 re.

84 5046 87 5047 '
148 5036 233 5090 4|.
279 5036 357 5089 De
390 5035 593 5089 eadem
618 5050 703 5089 re.

147 5124 230 5177 42.
278 5125 356 5177 De
406 5122 639 5177 feminis
705 5138 951 5193 quarum
1019 5122 1210 5177 mariti
1268 5123 1535 5193 obierint,
1605 5128 1667 5178 ut
1724 5140 1841 5178 non

213 5212 323 5266 cito
354 5228 417 5266 se
447 5213 660 5266 velent.

147 5303 232 5357 43.
275 5302 344 5355 Ut
371 5300 667 5356 viduitatis
695 5301 975 5372 professio
1006 5319 1201 5358 coram
1229 5302 1496 5373 episcopo
1524 5302 1642 5357 ﬁat.

148 5391 232 5444 44.
276 5392 346 5446 Ut
388 5390 583 5445 nullus
625 5392 791 5459 velet,
842 5392 930 5445 vel
966 5392 1184 5462 jubeat,
1229 5392 1427 5445 viduas
1457 5392 1545 5445 vel
1590 5389 1839 5461 virgines

216 5480 453 5534 nubere.

152 5569 235 5624 45.
279 5571 357 5624 De
386 5568 575 5625 viduis
603 5567 963 5640 propositum
994 5569 1473 5641 relinquentibus.

1944 3099 2031 3150 62.
2076 3097 2153 3149 De
2197 3092 2427 3148 feminis
2458 3107 2587 3163 quas
2634 3092 2871 3161 propter
2920 3088 3264 3159 religionem
3320 3087 3505 3142 crines
3550 3092 3641 3141 to-

2224 3182 2323 3235 int.

2224 3182 2323 3235 'nt.

1946 3182 2295 3327 GBTOBEeirlllis
2324 3268 2425 3339 qui
2458 3271 2690 3339 prepter
2733 3264 3146 3320 continentiam
3176 3262 3367 3333 palliis
3398 3261 3642 3315 vestiun-

2082 3376 2127 3414 Γ.

2082 3376 2127 3414 r.

1946 3366 2155 3501 64que
2186 3445 2299 3500 illis
2328 3444 2428 3516 qui
2470 3443 2857 3514 virginitatem
2891 3443 3216 3504 observant,
3260 3444 3317 3493 et
3344 3439 3423 3492 sic
3453 3439 3640 3493 extol-

2016 3536 2236 3589 luntur.

1946 3629 2031 3679 65.
2076 3624 2237 3688 Quod
2269 3639 2385 3677 non
2414 3622 2487 3676 sit
2530 3620 2983 3692 permittendum
3016 3617 3323 3670 monachos
3354 3618 3410 3669 et
3436 3630 3638 3669 mona-

2016 3714 2150 3768 chas
2178 3713 2237 3766 in
2271 3729 2385 3766 uno
2418 3709 2763 3765 monasterio
2793 3708 2965 3762 simul
2990 3705 3266 3760 habitare.

1947 3806 2033 3856 66.
2079 3802 2145 3856 Ut
2195 3801 2497 3871 episcopus
2547 3797 2894 3852 monasteria
2947 3794 3361 3849 monachorum
3406 3796 3463 3847 et
3509 3809 3637 3846 san—

2016 3889 2435 3946 ctimonialium
2468 3889 2799 3958 frequenter
2824 3885 3031 3939 visitet.

1947 3984 2035 4033 67.
2078 3980 2147 4033 Ut
2174 3979 2407 4032 abbates
2452 3976 2512 4030 in
2545 3980 2826 4046 potestate
2867 3974 3268 4045 episcoporum
3303 3969 3635 4026 consistant.

1948 4071 2033 4122 68.
2079 4069 2156 4121 De
2187 4065 2482 4120 monachis
2513 4064 2612 4134 qui
2645 4064 2790 4118 filios
2823 4062 3264 4134 procreaverint.

1947 4161 2034 4212 69.
2079 4158 2156 4210 De
2197 4153 2730 4208 sanctimonialibus
2775 4168 2905 4223 quae
2951 4151 3067 4204 vim
3114 4148 3470 4205 barbaricam
3513 4162 3640 4216 per-

2017 4245 2291 4299 tulerunt.

1951 4337 2037 4389 70.
2081 4335 2158 4388 De
2189 4332 2432 4403 quadam
2458 4328 2741 4384 abbatissa
2762 4344 2891 4398 quae
2914 4342 2971 4380 se
2996 4325 3449 4396 proclamaverat
3469 4338 3639 4394 super

2020 4422 2300 4478 militibus
2324 4421 2385 4474 in
2415 4421 2658 4473 claustro
2689 4435 2789 4471 suo
2818 4415 3253 4486 hospitantibus.

1950 4518 2035 4568 7t.
2080 4512 2243 4577 Quod
2275 4528 2364 4566 res
2403 4508 2795 4564 ecclesiastica:
2825 4507 2893 4561 ad
2920 4505 3091 4560 laicos
3122 4502 3492 4574 disponendae
3522 4518 3639 4556 non

2020 4598 2341 4669 respiciant.

1949 4689 2036 4739 72.
2081 4686 2159 4739 De
2184 4683 2385 4738 eadem
2417 4698 2498 4736 re.

1949 4778 2039 4830 73.
2082 4774 2152 4827 Ut
2195 4771 2426 4826 abbates
2470 4770 2541 4824 ad
2574 4769 2853 4840 synodum
2902 4768 2984 4822 ire
3018 4784 3133 4822 non
3182 4771 3478 4837 cogantur,
3533 4764 3641 4819 nisv.

2021 4877 2126 4931 pro
2151 4857 2478 4913 rationabili
2509 4874 2590 4913 re.

1950 4951 2039 5004 74.
2082 4951 2153 5004 Ut
2167 4946 2635 5018 congregationes
2652 4946 3066 5001 monachorum
3086 4944 3206 4999 sine
3222 4943 3640 4998 collaudatione

2021 5037 2273 5109 episcopi
2304 5035 2428 5089 fieri
2460 5052 2575 5090 non
2602 5035 2787 5089 liceat.

1953 5133 2038 5183 75.
2082 5129 2159 5181 De
2206 5124 2523 5195 virginibus
2568 5124 2739 5179 sacris
2786 5139 2914 5194 qua:
2957 5120 3290 5191 parentibus
3322 5118 3635 5189 privantur.

1953 5221 2037 5271 76.
2078 5215 2187 5280 Qui
2210 5213 2493 5285 religiosis
2523 5212 2752 5268 feminis
2779 5209 3203 5283 praeponendus
3230 5207 3318 5261 sit.

1949 5313 2038 5362 77.
2082 5308 2160 5361 De
2190 5304 2739 5368 sanctimonialibus,
2789 5300 2927 5372 quid
2958 5299 3018 5353 in
3048 5300 3295 5353 claustro
3322 5297 3505 5350 facere
3550 5296 3643 5350 de-

2022 5391 2210 5444 beant.

1950 5480 2038 5531 78.
2081 5475 2284 5530 Nullus
2341 5473 2518 5528 laicus
2575 5474 2820 5527 claustra
2871 5466 3389 5524 sanctimonialium
3445 5465 3640 5537 ingre-

2024 5565 2235 5630 diatur,
2266 5562 2380 5617 nisi
2410 5562 2481 5617 ad
2512 5578 2687 5633 opera
2714 5558 3047 5615 exercenda.
