3956 6354
220 319 314 369 7m
1301 287 1710 368 BURCHARDI
1751 307 2280 366 WORMACIENSIS
2317 306 2647 363 EPISCOPI.

3627 310 3739 360 792

219 443 306 494 79.
347 437 586 492 ianitrix
616 436 848 492 claustri
894 451 1013 490 non
1043 435 1310 506 eligatur,
1366 434 1478 489 nisi
1513 435 1912 490 testimonium
1950 439 1997 491 Α
2026 436 2113 488 92.
2159 435 2228 488 Ut
2271 431 2527 504 episcopi
2557 431 2675 486 sive
2707 430 2940 486 abbates
2969 435 3102 486 ante
3133 448 3192 486 se
3213 433 3346 504 joca
3379 433 3574 504 turpia
3605 432 3744 488 ﬁeri

292 528 499 581 habeat
530 527 767 580 bonum.

2097 538 2214 575 non
2245 520 2606 591 permittant.

221 619 310 669 80.
355 616 423 669 Ut
451 613 755 678 abbatissa,
805 611 915 666 nisi
960 627 1062 682 per
1093 611 1382 666 licentiam
1427 611 1515 665 sui
1563 611 1842 683 episcopi,
1887 629 1919 665 a
2025 611 2114 664 93.
2158 610 2238 663 De
2285 609 2398 662 illis
2449 608 2550 679 qui
2597 609 2668 664 ab
2717 608 2987 680 episcopo
3031 627 3129 664 seu
3181 611 3251 665 ab
3303 611 3429 666 aliis
3480 611 3744 666 avaritia:

293 700 640 754 monasterio
672 716 788 753 non
819 700 1169 770 egrediatur.

2101 715 2272 752 causa
2301 698 2518 751 seducti
2550 715 2608 751 se
2637 699 3030 752 totonderunt.

225 793 312 841 8t.
357 789 428 842 Ut
459 803 606 841 unus
645 787 816 840 abbas
863 787 1086 841 duobus
1117 785 1482 840 monasteriis
1527 802 1775 856 praeesse
1805 801 1922 840 non
2029 787 2117 841 94.
2163 788 2232 840 Ut
2289 786 2572 840 abbatissa
2634 803 2899 857 magnam
2959 804 3155 842 curam
3210 788 3416 843 habeat
3467 789 3536 844 de
3592 806 3740 843 con-

300 876 524 929 debeat.

228 966 316 1017 82.
364 965 430 1018 Ut
461 962 728 1016 monachi
764 968 1081 1032 compatres
1115 978 1228 1015 non
1258 961 1528 1016 habeant.

230 1055 315 1106 83.
359 1051 517 1116 Quod
551 1050 778 1104 feminae
824 1050 884 1103 in
926 1057 1210 1102 conventu
1259 1050 1464 1103 docere
1495 1065 1613 1102 non
1656 1049 1920 1103 debeant.

230 1142 314 1194 84.
360 1141 430 1194 Ut
479 1138 694 1192 femina
747 1137 1144 1206 pmnitentiam
1195 1137 1331 1190 dare
1379 1153 1496 1190 non
1551 1137 1775 1203 debeat,
1820 1153 1926 1190 nec

302 1229 497 1282 sedere
529 1228 680 1280 inter
710 1226 1029 1280 sacerdotes
1058 1226 1118 1278 in
1149 1223 1427 1281 convivio.

233 1321 320 1370 85.
363 1319 442 1370 De
469 1315 806 1369 mulieribus
840 1315 1092 1367 virorum
1123 1331 1318 1368 causas
1349 1313 1802 1372 discutientibus.

234 1409 319 1460 86.
363 1404 525 1469 Quod
574 1403 742 1456 abbas
775 1418 877 1472 pro
924 1402 1328 1456 humiliatione
1381 1403 1572 1456 locum
1619 1419 1788 1456 suum
1832 1418 1925 1457 re-

306 1494 570 1564 linquere
603 1491 801 1562 possit.

237 1583 323 1635 87.
365 1581 528 1644 Quod
561 1581 736 1635 laicus
777 1579 837 1633 in
879 1579 1115 1634 ecclesia
1162 1578 1468 1633 lectionem
1515 1579 1757 1634 recitare
1813 1597 1928 1634 non

308 1670 531 1723 debeat.

239 1761 325 1812 88.
368 1757 524 1821 Quod
554 1773 671 1811 non
702 1756 869 1810 liceat
899 1756 1166 1826 episcopo
1199 1755 1524 1809 abstrahere
1573 1771 1692 1808 rem
1726 1772 1928 1809 mona-

310 1845 490 1911 sterii,
526 1845 787 1916 quamvis
822 1861 954 1913 erga
989 1861 1046 1898 se
1077 1845 1389 1915 peccaverit
1417 1844 1610 1898 abbas.

242 1937 327 1988 89.
376 1935 454 1987 Ne
481 1933 746 1987 monachi
773 1933 979 2003 placita
1012 1932 1305 1987 saecularia
1331 1933 1554 1986 adeant.

243 2024 329 2075 90.
375 2023 450 2075 De
477 2023 708 2091 negotio
737 2020 1014 2075 saeculari.

245 2112 330 2162 9l.
378 2111 454 2163 De
484 2108 703 2162 clericis
733 2109 942 2178 injuste
977 2107 1304 2162 tonsuratis.

2102 874 2436 945 gregatione
2471 890 2592 929 sua.

2031 966 2117 1017 95.
2165 964 2232 1018 Ut
2295 963 2757 1017 sanctimoniales
2813 962 2874 1016 in
2933 963 3200 1017 domibus
3263 965 3380 1018 suis
3447 981 3578 1018 cum
3619 964 3743 1018 ali-

2103 1051 2314 1122 quibus
2364 1051 2632 1106 masculis
2665 1053 3009 1106 manducare
3057 1053 3144 1108 vel
3191 1054 3385 1108 bibere
3429 1069 3544 1108 non
3575 1069 3743 1122 pra:-

2103 1145 2353 1194 sumant.

2034 1231 2121 1283 96.
2165 1228 2422 1293 Qualiter
2465 1228 2735 1299 indignus
2788 1229 2962 1283 abbas
2992 1247 3022 1283 a
3054 1246 3156 1284 suo
3188 1236 3485 1300 separetur
3526 1232 3745 1285 ofﬁcio.

2035 1320 2122 1371 9‘7.
2167 1318 2245 1370 De
2295 1316 2514 1371 clericis
2567 1317 2666 1388 qui
2714 1323 2975 1372 tonsuras
3024 1318 3362 1384 dimiserint,
3423 1324 3479 1372 et
3526 1335 3747 1374 uxores

2111 1404 2453 1475 acceperint.

2039 1495 2129 1547 98.
2173 1494 2251 1546 De
2273 1493 2480 1562 puellis
2501 1508 2629 1563 quas
2651 1508 2709 1546 se
2734 1498 2864 1547 ante
2886 1494 3175 1564 legitimos
3200 1510 3381 1548 annos
3406 1511 3509 1548 sua
3530 1499 3749 1566 sponte

2111 1597 2283 1634 sacra:
2315 1581 2583 1650 religioni
2608 1582 2969 1638 tradiderint.

2039 1672 2127 1722 99.
2173 1670 2251 1722 De
2301 1669 2400 1722 illo
2436 1671 2536 1740 qui
2585 1671 2786 1737 ﬁliam,
2837 1676 2939 1724 aut
2987 1677 3239 1741 neptem,
3301 1671 3387 1725 vel
3436 1677 3748 1740 parentem

2111 1772 2271 1809 suam
2305 1759 2419 1810 Deo
2449 1757 2831 1828 omnipotenti
2861 1758 3063 1813 offerre
3095 1758 3360 1813 voluerit.

2046 1846 2164 1897 lOO.
2209 1845 2286 1897 De
2317 1845 2516 1898 eadem
2544 1861 2627 1899 re.

2049 1934 2168 1986 lOl.
2214 1933 2292 1986 De
2344 1933 2548 1987 abbate
2599 1932 2699 2003 qui
2744 1933 2989 1988 feminas
3017 1933 3078 1988 in
3128 1933 3478 1990 monasterio
3512 1951 3617 1990 suo
3662 1936 3749 1990 fe-

2117 2020 2390 2075 stivitates
2421 2022 2709 2076 celebrare
2737 2023 3078 2093 permiserit.

2507 2110 2709 2164 Indicis
2736 2112 3100 2180 capitulorum
3126 2114 3274 2180 ﬁnis.

1570 2373 2412 2479 BURCHABDI

1239 2540 1864 2596 WORMACIENSIS
1922 2541 2328 2597 ECCLESIzE
2386 2544 2758 2600 EPISCOPI

488 2725 1840 2873 DECRETORUM
1923 2725 2513 2871 LIBER
2608 2729 3504 2880 OCTAVUS

1265 2951 1365 3015 DE
1415 2951 1628 3016 VIRIS
1678 2949 1782 3015 AC
1833 2950 2160 3015 FEMINIS
2210 2950 2361 3016 ΠΕΟ
2411 2952 2728 3018 DICATIS

734 3219 1219 3276 ARGUMENTUM
1259 3217 1466 3272 LIBRI.

332 3366 498 3422 Libro
548 3366 656 3420 hoc
689 3365 760 3419 de
789 3365 926 3418 viris
957 3369 1014 3418 et
1042 3362 1291 3431 feminis,
1340 3363 1460 3434 qui,
1493 3364 1606 3417 Deo
1637 3364 1827 3433 dicati,
1862 3381 1953 3419 sa-

261 3471 420 3509 crum
453 3453 813 3525 propositum
845 3453 1222 3524 reliquerunt,
1257 3451 1444 3524 deque
1473 3453 1810 3508 eorumdem
1839 3471 1955 3526 pm-

263 3543 505 3598 nitentia
537 3542 799 3598 tractatio
830 3542 1171 3596 instituitur.

265 3688 394 3742 CAP.
424 3687 466 3744 I.
502 3715 576 3728 —
623 3687 701 3741 De
742 3687 855 3740 illis
885 3701 1015 3756 quos
1043 3701 1183 3740 unus
1212 3690 1309 3740 aut
1351 3685 1505 3740 ambo
1529 3691 1781 3756 parentes
1826 3703 1956 3742 san-

733 3763 829 3811 ctae
847 3759 1100 3824 religioni
1128 3757 1480 3811 tradiderint.

338 3881 448 3951 (Ea:
479 3882 663 3935 concil.
703 3882 870 3936 Tolet.
904 3897 979 3946 χι,
1010 3883 1187 3950 capite
1225 3880 1300 3952 6.)
1333 3881 1611 3946 Quoniam
1660 3883 1956 3954 hucusque

264 3971 552 4025 dissolutae
593 3970 947 4041 operationis
990 3972 1222 4025 effectus
1252 3971 1542 4026 interdum
1591 3978 1795 4027 nutare
1825 3973 1959 4028 fecit

264 4060 571 4113 honestum
604 4059 1029 4113 constitutionis
1073 4060 1344 4128 edictum,
1378 4061 1512 4114 dum
1550 4061 1838 4131 incognite
1867 4077 1957 4115 re-

265 4148 402 4202 solvi
431 4153 665 4218 putatur
691 4148 841 4219 quod
874 4148 1255 4202 indissolubili
1285 4149 1592 4203 sanctionis
1623 4150 1956 4204 auctoritate

263 4241 530 4292 tenetur:
567 4237 698 4291 ideo
748 4237 1030 4308 quidquid
1065 4237 1297 4292 obvium
1329 4255 1399 4293 ex
1429 4239 1648 4293 incerto
1701 4254 1956 4292 occurre-

265 4326 338 4380 rit
367 4326 660 4380 evidenter
693 4325 861 4395 abjici
891 4327 1069 4392 decet,
1115 4330 1179 4380 ut
1211 4327 1281 4381 de
1311 4332 1514 4381 caetero
1565 4327 1708 4381 nihil
1754 4344 1954 4398 super-

263 4415 336 4468 sit
385 4414 536 4486 quod
590 4414 896 4468 indubium
948 4419 1130 4469 nutet.
1187 4416 1435 4483 Ideoque
1488 4415 1537 4469 si
1588 4415 1648 4469 in
1701 4415 1956 4486 qualibet

264 4503 476 4557 minori
509 4507 695 4570 astate,
729 4504 815 4557 vel
863 4503 1158 4574 religionis
1205 4510 1523 4571 tonsuram,
1571 4505 1655 4557 vel
1686 4504 1956 4574 religioni
1996 4499 2039 4554 D

265 4589 516 4644 debitam
547 4596 759 4643 vestem
806 4590 867 4644 in
897 4595 1142 4662 utroque
1187 4607 1320 4644 sexu
1353 4590 1487 4644 ﬁliis
1533 4596 1633 4644 aut
1679 4608 1830 4645 unus
1859 4598 1961 4647 aut

266 4679 436 4733 ambo
482 4685 748 4749 parentes
797 4679 1079 4747 dederint,
1139 4685 1288 4734 certe
1336 4682 1426 4733 vel
1486 4681 1813 4735 nolentibus
1857 4687 1958 4736 aut

265 4767 652 4822 nescientibus
681 4785 739 4822 se
779 4776 1099 4840 susceptam
1130 4774 1187 4823 et
1216 4785 1330 4823 non
1362 4785 1494 4822 mox
1522 4769 1702 4824 visam
1733 4769 1793 4824 in
1823 4770 1958 4824 ﬁliis

265 4856 672 4924 abdicaverint,
723 4858 824 4911 sed
871 4859 959 4912 vel
1008 4873 1203 4913 coram
1247 4874 1305 4912 se
1344 4858 1433 4912 vel
1475 4875 1666 4913 coram
1717 4859 1960 4914 Ecclesia

265 4947 574 5018 palamque
625 4945 687 5000 in
747 4952 1024 5000 conventu
1093 4947 1297 5001 eodem
1351 4946 1501 5000 ﬁlios
1556 4948 1694 5003 talia
1745 4949 1958 5004 habere

266 5033 653 5106 permiserint,
711 5034 782 5089 ad
838 5035 1172 5088 sacularem
1232 5035 1440 5089 reverti
1498 5036 1758 5091 habitum
1819 5037 1958 5107 ipsis

265 5124 398 5180 ﬁliis
452 5124 794 5194 quandoque
849 5123 1079 5193 penitus
1135 5138 1251 5176 non
1303 5123 1509 5186 licebit,
1567 5125 1662 5180 sed
1717 5126 1958 5181 convicti

267 5213 418 5284 quod
477 5219 774 5268 tonsuram
832 5219 931 5265 aut
981 5210 1310 5280 religiosam
1367 5218 1583 5267 vestem
1646 5215 1956 5285 aliquando

266 5300 589 5366 habuerint,
619 5315 749 5354 mox
781 5299 853 5353 ad
897 5297 1193 5368 religionis
1234 5304 1290 5354 et
1319 5301 1532 5353 cultum
1584 5301 1956 5373 habitumque

267 5393 624 5457 revocentur,
668 5393 725 5442 et
768 5387 871 5441 sub
907 5393 1136 5441 strenua
1163 5387 1514 5442 districtione
1562 5389 1801 5459 hujusce
1848 5391 1956 5444 ob-

268 5477 564 5531 servantiae
611 5476 886 5531 inservire
915 5479 1210 5544 cogantur.
1260 5475 1594 5530 Parentibus
1625 5475 1776 5530 sanis
1805 5477 1956 5531 ﬁlios

267 5566 535 5637 religioni
583 5565 917 5622 contradere
970 5580 1082 5618 non
1135 5565 1382 5637 amplius
1427 5580 1596 5637 quam
1649 5581 1831 5637 usque
1885 5565 1955 5621 ad

1987 3217 2028 3272 C
2058 3217 2461 3274 duodecimum
2511 3221 2691 3275 aetatis
2738 3237 2942 3276 eorum
2985 3239 3202 3276 annum
3255 3222 3486 3276 licentia
3540 3225 3763 3294 poterit

2065 3323 2204 3362 esse.
2255 3310 2458 3363 Postea
2503 3325 2635 3363 vero
2683 3326 2754 3363 an
2801 3312 3095 3365 voluntate
3141 3316 3466 3381 parentum,
3517 3328 3588 3365 an
3635 3328 3763 3366 suae

2065 3396 2380 3450 devotionis
2435 3397 2507 3451 sit
2561 3398 2880 3454 solitarium
2927 3404 3146 3467 votum,
3191 3401 3299 3453 erit
3350 3400 3483 3454 ﬁliis
3534 3400 3762 3455 licitum

2063 3485 2362 3556 religionis
2419 3487 2719 3540 adsumere
2776 3489 3013 3542 cultum.
3071 3488 3336 3559 Quisquis
3394 3494 3606 3556 autem,
3665 3491 3763 3544 vel

2065 3573 2374 3627 abolitione
2417 3578 2694 3644 tonsuras,
2725 3576 2811 3629 vel
2845 3576 3131 3629 saacularis
3164 3577 3333 3629 vestis
3365 3575 3764 3646 assumptione

2066 3661 2320 3716 detectus
2350 3661 2522 3716 fuerit
2553 3663 2805 3734 attigisse
2851 3668 3384 3736 transgressionem,
3432 3681 3768 3719 excommu-

2067 3750 2369 3804 nicationis
2430 3765 2732 3805 censuram
2789 3752 3033 3823 accipiat
3089 3755 3146 3806 et
3203 3753 3472 3825 religioni
3529 3768 3767 3823 semper

2065 3838 2364 3893 inhaereat.

2067 3979 2193 4033 CAP.
2226 3980 2295 4032 II.
2328 4009 2397 4018 —
2431 3980 2510 4033 De
2549 3981 2856 4048 virginibus
2885 3996 3003 4050 qua
3041 3986 3250 4050 sponte,
3289 3997 3396 4036 non
3439 3986 3632 4036 coactae
3657 3997 3765 4050 pa-

2172 4054 2383 4105 rentum
2419 4052 2666 4120 imperio,
2697 4052 2943 4107 habitum
2971 4051 3251 4120 religionis
3280 4057 3646 4123 susceperunt.

2140 4176 2261 4244 (Ea:
2287 4175 2430 4232 decr.
2464 4177 2656 4231 Leonis
2680 4192 2857 4246 papae,
2887 4179 3064 4246 capite
3095 4177 3205 4248 l7.)
3236 4177 3448 4231 Puella:
3480 4193 3606 4247 quae
3639 4192 3766 4230 non

2067 4271 2373 4335 parentum
2429 4271 2634 4320 coactae
2688 4265 2956 4336 imperio,
3015 4266 3114 4320 sed
3171 4270 3486 4336 spontaneo
3539 4264 3766 4335 judicio

2065 4353 2412 4424 virginitatis
2457 4355 2818 4426 propositum
2862 4361 3033 4424 atque
3071 4353 3333 4408 habitum
3364 4358 3764 4424 susceperunt,

2067 4442 2115 4496 si
2144 4446 2343 4514 postea
2382 4443 2612 4514 nuptias
2666 4444 2908 4513 eligunt.
2964 4442 3432 4513 praevaricantur,
3491 4442 3663 4496 etiam
3716 4443 3769 4498 si

2070 4532 2323 4586 nondum
2359 4532 2442 4586 eis
2471 4532 2655 4602 gratia
2685 4531 3128 4586 consecrationis
3172 4532 3421 4586 accessit.
3455 4531 3626 4601 Cujus
3657 4532 3770 4586 uti-

2067 4639 2179 4694 que
2227 4637 2343 4676 non
2376 4621 2776 4676 fraudarentur
2819 4636 3078 4688 munere,
3122 4620 3254 4674 siin
3284 4620 3578 4692 proposito
3622 4636 3762 4690 per-

2067 4715 2388 4766 manerent.

2068 4836 2195 4891 CAP.
2218 4836 2310 4890 III.
2344 4865 2413 4874 —
2436 4835 2518 4888 De
2547 4835 2659 4888 illis
2690 4835 2788 4903 qui
2824 4848 2878 4888 se
2917 4838 3041 4887 ante
3086 4834 3352 4900 legitimos
3392 4848 3560 4888 annos
3600 4837 3771 4889 toton-

2597 4906 2793 4960 derunt
2817 4910 2868 4959 et
2895 4906 3226 4959 celaverunt.

2137 5031 2257 5100 (Ea:
2285 5031 2506 5085 concilio
2555 5031 2795 5098 Mogunt.
2829 5031 2918 5084 cui
2947 5031 3205 5096 interfuit
3255 5029 3477 5086 Carolus
3524 5030 3769 5098 impera-

2068 5124 2172 5185 tor,
2193 5124 2244 5174 et
2273 5121 2570 5188 Ricolphus
2625 5120 3082 5188 archiepiscopus,
3127 5120 3188 5172 in
3219 5121 3455 5174 claustro
3501 5119 3558 5174 S.
3592 5119 3769 5174 Alba-

2065 5211 2143 5274 ni,
2172 5210 2347 5278 capite
2375 5210 2484 5276 20.)
2516 5207 2572 5262 Si
2616 5207 2744 5278 quis
2773 5211 2904 5261 ante
2950 5222 3132 5260 annos
3163 5206 3449 5278 legitimos
3492 5212 3766 5262 tonsura-

2066 5303 2157 5352 tus
2187 5301 2273 5352 est
2315 5298 2438 5351 sine
2486 5312 2764 5350 consensu
2812 5301 3115 5367 parentum
3158 5301 3415 5362 suorum,
3464 5301 3520 5349 et
3548 5295 3590 5349 si
3645 5296 3764 5367 ipsi

2065 5392 2328 5458 parentes
2357 5386 2506 5440 infra
2532 5401 2750 5440 annum
2776 5401 2894 5440 non
2919 5401 2980 5439 se
3007 5385 3462 5440 reclamaverunt
3490 5384 3557 5439 ad
3592 5387 3764 5456 prin-

2065 5477 2272 5547 cipem,
2303 5480 2402 5530 aut
2426 5475 2494 5530 ad
2526 5475 2827 5546 proprium
2880 5475 3234 5546 episcopum,
3276 5479 3375 5528 aut
3404 5474 3472 5528 ad
3521 5474 3767 5531 missum

2065 5565 2440 5631 dominicum,
2489 5563 2550 5618 in
2603 5564 2730 5636 ipso
2781 5563 3046 5619 clericatu
3101 5568 3459 5635 permaneat.
3509 5563 3568 5618 Si
3627 5580 3767 5619 vero
