3956 6302
117 308 209 357 793
1077 311 1556 371 DECRETORUM
1599 318 1780 375 LIBRI
1820 320 1928 375 XX.
1973 351 2039 359 —
2082 322 2291 377 LIBER
2330 322 2660 380 OCTAVUS.

3512 334 3615 387 794

118 434 234 499 post
264 430 563 501 legitimos
595 448 776 487 annos
804 448 909 503 per
937 433 1051 489 vim
1100 436 1339 490 clericus
1385 439 1564 493 factus
1613 446 1714 508 est,
1746 447 1803 496 et
1838 446 1883 496 A
1918 444 2217 498 devolutus
2295 449 2399 512 est,
2472 447 2721 517 publica;
2802 448 3158 519 poenitentiae
3233 452 3616 509 satisfactione

120 518 259 573 infra
285 536 512 574 annum
545 522 616 576 ad
655 538 827 592 super
857 532 1199 578 memoratas
1249 543 1521 597 personas
1570 530 1809 586 minime

120 624 170 662 se
212 610 574 677 reclamavit,
623 612 703 664 ita
759 612 820 665 in
874 613 1141 667 clericatu
1188 623 1520 685 permaneat
1567 619 1713 674 sicut
1768 620 1814 673 is

118 699 179 750 de
210 714 327 768 quo
355 700 624 769 superius
659 700 874 755 dictum
916 707 1018 755 est.
1072 703 1130 757 Si
1163 720 1295 758 vero
1334 706 1587 774 prmfataa
1626 724 1813 777 perso-

121 801 202 838 nae
230 786 386 839 infra
416 804 636 842 annum
666 788 1131 843 reclamationem
1163 792 1440 859 fecerunt,
1474 795 1533 848 hi
1577 796 1676 865 qui
1716 813 1814 849 eos

118 874 349 927 clericos
401 875 679 940 fecerunt,
726 876 863 947 ipsis
924 878 1041 931 sive
1086 868 1415 948 parentibus
1464 898 1663 936 eorum
1710 885 1815 938 hoc

117 963 433 1033 perlegam
465 966 753 1018 exsolvant
795 967 950 1035 quod
1005 972 1203 1021 contra
1233 984 1328 1022 eos
1380 974 1809 1026 contraxerunt.

119 1050 211 1103 Ille
242 1067 381 1103 vero
425 1052 526 1122 qui
570 1058 702 1107 ante
750 1054 1041 1123 legitimos
1097 1072 1274 1110 annos
1326 1063 1654 1113 tonsuratus
1707 1068 1810 1129 est,

118 1144 311 1192 utrum
363 1140 425 1193 in
462 1141 661 1195 eadem
718 1145 951 1197 tonsura
996 1160 1332 1214 permanere
1372 1147 1575 1202 debeat
1607 1166 1806 1219 necne,

120 1226 173 1279 in
202 1233 487 1297 potestate
532 1230 607 1282 sit
645 1237 967 1300 parentum.
1010 1232 1065 1285 Si
1098 1249 1227 1287 vero
1273 1234 1321 1288 is
1351 1236 1450 1305 qui
1480 1242 1810 1292 tonsuratus

119 1321 199 1369 est
226 1317 476 1386 alicujus
527 1334 722 1372 servus
769 1319 895 1387 fuit,
951 1321 1184 1375 domino
1231 1339 1335 1393 per
1380 1323 1567 1395 legem
1614 1343 1812 1381 emen-

119 1404 280 1457 detur
316 1405 598 1476 quidquid
632 1408 699 1460 de
732 1408 855 1478 ejus
880 1426 1041 1463 servo
1072 1416 1271 1465 contra
1293 1429 1424 1466 eum
1456 1420 1812 1469 contractum

121 1500 219 1546 est.
273 1495 378 1547 Ille
420 1511 554 1548 vero
601 1497 700 1563 qui
736 1502 1067 1552 tonsuratus
1103 1505 1206 1568 est,
1250 1508 1446 1555 utrum
1496 1502 1557 1556 in
1609 1504 1811 1558 eadem

122 1588 352 1635 tonsura
378 1590 735 1653 permaneat,
776 1587 833 1640 in
884 1593 1160 1657 potestate
1206 1589 1278 1642 sit
1323 1591 1541 1645 domini
1589 1593 1697 1647 sui.
1754 1594 1811 1648 Si

121 1686 245 1725 vero
279 1671 341 1724 hi
372 1672 475 1742 qui
508 1673 672 1727 liberi
703 1679 855 1743 sunt,
889 1682 1017 1730 ante
1042 1678 1328 1747 legitimos
1362 1685 1458 1733 aut
1504 1687 1635 1751 post
1681 1683 1813 1754 legi-

124 1758 286 1812 timos
319 1776 520 1827 annos,
557 1763 661 1815 hoc
693 1763 883 1830 modo,
914 1765 1058 1819 sicut
1089 1768 1349 1836 superius
1394 1775 1649 1824 taxatum
1706 1778 1809 1839 est,

124 1848 399 1902 tonsurati
440 1856 573 1903 sunt
611 1856 668 1905 et
710 1852 780 1905 ad
819 1854 1030 1922 gradus
1078 1857 1480 1911 ecclesiasticos
1532 1876 1812 1929 pervene-

124 1938 252 2007 rint,
307 1938 369 1992 in
404 1940 621 1994 eisdem
671 1942 941 2013 gradibus
987 1961 1351 2014 perseverare
1399 1956 1693 2019 cogantur.
1753 1952 1812 2005 Si

124 2043 249 2081 vero
282 2044 502 2088 servus.
555 2029 655 2100 qui
702 2032 964 2101 superius
1019 2037 1209 2088 taxato
1254 2037 1423 2090 modo
1480 2045 1811 2093 tonsuratus

125 2120 219 2182 est,
253 2121 311 2169 et
340 2117 412 2170 ad
458 2117 671 2188 gradus
719 2120 1124 2174 ecclesiasticos
1175 2125 1522 2192 pervenerit,
1573 2127 1811 2183 domino

125 2220 219 2258 suo
252 2220 358 2274 per
388 2205 577 2275 legem
611 2208 968 2276 emendetur,
1004 2214 1059 2263 et
1086 2210 1140 2263 ei
1168 2212 1423 2266 redditus
1453 2214 1512 2266 in
1544 2230 1646 2268 suo
1689 2232 1813 2286 gra-

124 2293 195 2346 du
224 2300 577 2362 permaneat.
616 2297 732 2349 Hoc
763 2301 818 2350 et
842 2297 913 2352 de
944 2299 1196 2353 velaudis
1246 2301 1453 2370 puellis
1503 2302 1811 2356 observan-

123 2382 253 2435 dum
289 2388 393 2437 est.

124 2470 246 2524 (lar.
285 2472 575 2548 lV.—7De
598 2474 829 2548 itlisgui
871 2476 1038 2529 semel
1091 2478 1150 2529 in
1170 2478 1306 2531 clero
1353 2477 1605 2547 deputati
1661 2486 1810 2548 sunt,

402 2547 501 2596 aut
518 2546 901 2599 monachorum
930 2548 1101 2600 vitam
1134 2546 1525 2617 empetiverunt.

187 2628 295 2699 (Ea:
324 2632 550 2684 concilio
578 2632 823 2687 Chalced.
854 2636 1030 2703 capite
1059 2634 1140 2705 7.)
1194 2636 1302 2701 Qui
1348 2638 1525 2692 semel
1567 2638 1626 2692 in
1657 2640 1810 2693 clero

123 2714 376 2785 deputati
407 2722 559 2784 sunt,
585 2726 684 2772 aut
712 2722 1129 2776 monachorum
1164 2724 1337 2778 vitam
1386 2727 1809 2796 expetiverunt,

124 2804 429 2859 statuimus
456 2822 646 2877 neque
675 2809 744 2862 ad
777 2809 1065 2879 militiam,
1106 2828 1294 2884 neque
1348 2815 1418 2868 ad
1476 2815 1811 2886 dignitatem

125 2892 373 2963 aliquam
405 2895 597 2949 venire
646 2899 1045 2953 mundanam:
1102 2903 1217 2963 sed,
1258 2903 1367 2956 hoc
1419 2910 1701 2959 tentantes
1759 2909 1813 2959 et

125 2999 234 3036 non
264 2989 501 3052 agentes
534 2984 953 3054 paenitentiam,
988 3005 1102 3059 quo
1135 2990 1325 3045 minus
1344 2993 1583 3049 redeant
1611 2996 1681 3049 ad
1709 2995 1813 3049 hoc
1847 2996 1885 3050 Ο

126 3072 274 3142 quod
312 3077 552 3142 propter
585 3074 763 3129 Deum
795 3076 1064 3146 primitus
1093 3079 1410 3149 elegerunt,
1441 3083 1813 3140 anathemati-

124 3176 254 3214 281'].

126 3249 244 3303 CAP.
273 3251 337 3303 V.
371 3280 441 3289 —
489 3253 554 3306 Ut
583 3254 828 3308 canonici
874 3257 972 3323 qui
1033 3258 1091 3310 in
1143 3260 1469 3313 monasterio
1528 3263 1813 3316 monacho-

188 3337 309 3375 rum
371 3329 776 3397 conversantur.
823 3332 920 3379 aut
964 3329 1270 3383 monachice
1314 3333 1525 3397 vivant,
1578 3338 1674 3387 aut
1715 3334 1815 3388 sub

189 3394 449 3446 canonica
480 3396 669 3460 regula
685 3399 1148 3463 constringuntur.

191 3480 304 3548 (Ex
352 3482 574 3536 concilio
603 3482 880 3550 Mogunt,
934 3490 1113 3554 capite
1166 3488 1272 3551 17.)
1325 3488 1701 3560 Ρηεοὶρὶωυδ
1751 3496 1816 3545 ut

121 3569 519 3640 unusquisque
549 3570 849 3641 episcopus
879 3572 1021 3626 sciat
1049 3590 1153 3643 per
1192 3574 1421 3645 singula
1468 3580 1817 3633 monasteria

122 3661 336 3725 quanto
365 3658 612 3729 quisque
666 3659 840 3714 abbas
890 3662 1194 3716 canonicos
1226 3662 1285 3718 in
1328 3667 1669 3720 monasterio
1712 3685 1815 3723 suo

122 3745 350 3811 habeat,
383 3752 439 3799 et
475 3747 583 3801 hoc
613 3749 851 3803 omnino
883 3751 1051 3805 ambo
1084 3752 1296 3822 pariter
1345 3755 1705 3825 provideant,
1770 3758 1817 3811 si

122 3834 391 3889 monachi
422 3835 545 3889 ﬁeri
576 3837 879 3906 voluerint,
913 3840 1255 3910 regulariter
1309 3843 1520 3914 vivant,
1574 3844 1661 3899 sin
1716 3863 1816 3901 au-

123 3927 259 3985 tem,
292 3923 567 3979 canonice
589 3925 780 3980 vivant
810 3928 1067 3983 omnino.

128 4012 253 4066 Cap.
296 4013 386 4067 VI.
427 4043 497 4054 --
557 4015 713 4080 Quod
776 4019 1095 4092 monachum
1157 4024 1389 4086 paterna
1445 4020 1673 4092 devotio,
1735 4026 1818 4079 vel

598 4089 828 4157 prapria
861 4091 1127 4157 professio
1149 4092 1341 4156 faciat.

194 4172 308 4241 (Ea:
340 4174 561 4227 concilio
590 4175 811 4229 Toletan
860 4179 1037 4246 capite
1066 4176 1179 4249 49.)
1233 4180 1567 4234 Monachum
1623 4186 1815 4237 autem

1922 534 2256 603 purgandus
2289 540 2375 588 est
2407 552 2420 588 :
2474 536 2612 606 quia
2642 541 2698 590 et
2745 537 2789 590 si
2822 537 3095 592 innocens
3128 540 3356 608 militia,
3415 548 3470 596 et
3508 544 3616 597 ho-

1923 626 2147 674 nestum
2176 627 2359 691 potest
2386 640 2506 677 esse
2537 625 2892 696 conjugium,
2946 627 3284 681 electionem
3320 632 3615 684 meliorem

1924 709 2238 763 deseruisse
2270 713 2656 782 transgressio
2684 720 2786 769 est.

1925 798 2048 851 CAP.
2089 801 2258 854 IX.—
2287 803 2353 856 Ut
2395 803 2653 856 monacho
2711 807 2825 856 sine
2881 807 3204 859 conscientia
3261 809 3349 860 sui
3402 807 3617 862 abbatis

2414 879 2591 926 votum
2614 889 2799 928 vovere
2818 891 2925 928 non
2942 877 3116 931 liceat.

1994 957 2104 1026 (Ea:
2135 957 2296 1012 dictis
2328 961 2569 1027 Basilii.)
2616 962 2890 1015 Monacho
2923 979 3036 1016 non
3065 963 3235 1017 liceat
3264 969 3459 1018 votum
3514 981 3614 1019 vo-

1920 1061 2051 1098 vere
2100 1046 2222 1099 sine
2272 1062 2554 1101 consensu
2601 1048 2821 1103 abbatis
2868 1048 2977 1103 sui.
3036 1050 3094 1105 Si
3136 1057 3333 1106 autem
3378 1052 3615 1120 voverit,

1922 1134 2305 1203 frangendum
2337 1135 2465 1189 erit.

1923 1224 2050 1275 CAP.
2097 1223 2157 1275 X.
2206 1225 2407 1295 —,De
2455 1225 2760 1289 virginibus
2785 1242 2903 1295 quas
2960 1231 3084 1280 ante
3125 1228 3249 1281 XII
3285 1243 3476 1295 annos,
3526 1229 3617 1283 in-

1992 1295 2118 1346 sciis
2144 1294 2526 1347 mundiburdis
2554 1297 2687 1362 suis,
2714 1294 2951 1350 velamen
2975 1299 3083 1351 sibi
3110 1301 3481 1367 imposuerint.

1994 1380 2096 1450 (Ea:
2126 1383 2347 1435 concilio
2383 1383 2622 1449 Tribur.,
2649 1387 2824 1453 capite
2858 1386 2965 1455 10.)
3017 1386 3274 1458 Virgines
3320 1404 3447 1456 quae
3483 1392 3615 1441 ante

1919 1469 2012 1521 XII
2040 1485 2240 1535 annos,
2274 1470 2470 1524 insciis
2521 1472 2923 1526 mundiburdis
2972 1473 3109 1540 suis,
3160 1490 3381 1527 sacrum
3465 1476 3615 1528 vela-

1922 1572 2053 1610 men
2109 1558 2282 1627 capiti
2339 1576 2442 1612 suo
2521 1561 2925 1630 imposuerint,
2983 1572 3037 1616 et
3099 1562 3183 1615 illi
3242 1562 3618 1616 mundiburdi

1922 1661 2137 1699 annum
2206 1653 2261 1701 et
2329 1648 2481 1702 diem
2554 1649 2662 1702 hoc
2744 1650 2985 1704 tacendo
3065 1651 3481 1719 consenserint,
3556 1650 3617 1704 in

1923 1739 2116 1787 sancto
2149 1736 2444 1806 proposito
2478 1744 2873 1806 permaneant.
2904 1740 2969 1792 Et
2996 1739 3043 1791 si
3071 1738 3131 1791 in
3162 1740 3436 1808 praedicto
3468 1755 3617 1793 anno

1924 1826 1979 1873 et
2009 1822 2100 1876 die
2136 1839 2239 1893 pro
2282 1825 2398 1878 illis
2446 1841 2504 1879 se
2553 1827 3054 1896 proclamaverint,
3101 1826 3367 1896 petitioni
3415 1842 3617 1880 eorum

1921 1926 2183 1964 assensus
2234 1913 2579 1982 praebeatur,
2628 1914 2754 1981 nisi,
2815 1915 2960 1968 forte
3023 1916 3120 1969 Dei
3175 1914 3383 1968 timore
3428 1915 3616 1983 tactis,

1923 2015 2052 2053 cum
2103 2017 2301 2055 eorum
2352 2003 2578 2057 licentia
2630 2003 2692 2057 in
2748 2004 3043 2073 religionis
3095 2004 3296 2058 habitu
3353 2020 3615 2074 perseve-

1921 2092 2067 2141 rent.

1924 2178 2049 2231 CAP.
2082 2177 2165 2231 ΧΙ.
2198 2207 2266 2217 --
2310 2181 2377 2235 Ut
2422 2180 2604 2233 clerici
2650 2196 2718 2234 ea:
2756 2196 2820 2233 ea
2866 2181 3138 2247 Ecclesia,
3186 2183 3244 2235 in
3292 2197 3403 2250 qua
3460 2183 3618 2235 semel

2250 2251 2498 2319 legerint,
2539 2251 2605 2304 ab
2640 2253 2756 2305 alia
2782 2267 2888 2305 non
2917 2255 3275 2321 recipiantur,

1993 2341 2102 2406 (Ea:
2123 2339 2345 2394 concilio
2365 2340 2650 2406 Africano,
2687 2342 2879 2409 capite
2923 2341 3037 2408 57.)
3097 2341 3240 2393 Item
3300 2340 3512 2409 placuit
3556 2344 3620 2394 ut

1923 2427 2253 2497 quicunque
2309 2426 2371 2479 in
2424 2427 2669 2481 Ecclesia
2720 2430 2806 2481 vel
2865 2429 3043 2482 semel
3102 2428 3324 2499 legerit,
3380 2428 3451 2483 ab
3509 2428 3619 2482 alia

1924 2515 2166 2570 Ecclesia
2197 2514 2265 2568 ad
2298 2514 2625 2569 clericatum
2659 2532 2773 2569 non
2804 2521 3083 2570 teneatur.

1924 2605 2052 2657 CAP.
2085 2604 2196 2656 XII.
2233 2631 2294 2641 —
2317 2605 2392 2656 De
2428 2605 2731 2668 virginibus
2763 2604 2995 2659 necdum
3027 2605 3238 2669 velatis,
3291 2621 3409 2674 quae
3441 2609 3618 2658 tamen

1994 2677 2049 2727 in
2074 2676 2348 2742 proposito
2384 2676 2647 2739 virginali
2678 2690 2732 2728 se
2762 2677 3155 2729 simulaverant
3176 2690 3507 2745 permanere.

1995 2764 2100 2833 (Ea:
2152 2762 2297 2815 decr.
2356 2764 2649 2815 Innocentii
2690 2779 2872 2832 papae,
2927 2767 3105 2832 capite
3163 2766 3278 2832 20.)
3330 2765 3426 2817 Hae
3482 2780 3616 2816 vero

1922 2868 2071 2922 quae,
2104 2852 2349 2905 necdum
2387 2867 2544 2904 sacro
2574 2852 2858 2905 velamine
2907 2857 3090 2919 tectm,
3142 2857 3339 2906 tamen
3369 2852 3431 2905 in
3485 2867 3617 2922 pro-

1922 2940 2106 3010 posito
2140 2939 2403 3010 virginali
2432 2955 2658 3009 semper
2702 2956 2759 2993 se
2806 2940 3212 2994 simulaverant
3257 2955 3614 3009 permanere,

1924 3029 2059 3083 licet
2104 3030 2302 3083 velata:
2339 3045 2455 3082 non
2509 3028 2743 3097 fuerint,
2788 3028 2836 3082 si
2877 3029 3023 3083 forte
3075 3028 3397 3099 nupserint,
3456 3044 3616 3081 revo-

1927 3118 2126 3171 candae
2177 3123 2331 3187 sunt,
2387 3123 2444 3172 et
2488 3118 2709 3188 agenda
2755 3117 3097 3188 poenitentia
3147 3117 3259 3172 illis
3290 3120 3374 3173 est
3416 3134 3429 3172 :
3483 3117 3620 3188 quia

1926 3206 2157 3277 sponsio
2187 3222 2385 3260 earum
2418 3222 2451 3259 a
2480 3207 2720 3260 Domino
2742 3207 3063 3260 tenebatur.
3095 3208 3237 3261 Nam
3268 3206 3316 3259 si
3378 3210 3615 3277 Aposto-

1926 3296 2013 3348 lus
2060 3295 2184 3348 illas
2248 3310 2376 3365 quae
2446 3312 2478 3347 a
2529 3294 2820 3364 proposito
2891 3294 3181 3348 viduitatis
3235 3294 3619 3348 discesserunt

1926 3383 2145 3445 dixerat
2192 3382 2401 3435 habere
2460 3381 2906 3448 damnationem,
2964 3381 3097 3451 quia
3144 3383 3392 3451 primam
3440 3381 3613 3435 ﬁdem

1923 3471 2145 3525 irritam
2187 3469 2467 3535 fecerunt,
2516 3475 2729 3540 quanto
2778 3470 2960 3539 magis
3000 3470 3246 3540 virgines
3288 3486 3419 3541 qua:
3467 3469 3617 3540 prio-

1925 3560 2002 3613 ris
2029 3557 2425 3629 promissionis
2454 3558 2628 3613 ﬁdem
2659 3559 2922 3627 frangere
2952 3564 3173 3612 conatae
3207 3558 3383 3615 sunt?

1926 3648 2054 3703 CAP.
2090 3647 2230 3702 XIII.
2291 3674 2363 3687 —
2409 3649 2480 3700 De
2530 3648 3053 3715 sanctimonialibus,
3126 3650 3177 3703 si
3242 3664 3277 3702 a
3339 3649 3617 3717 proposito

2495 3734 2653 3774 sacro
2683 3720 3040 3773 deviaverznt.

1995 3804 2103 3865 (Ea:
2124 3803 2265 3858 decr.
2303 3806 2563 3874 ejusdem,
2600 3810 2778 3877 capite
2837 3808 2947 3877 19.)
2993 3807 3131 3871 Quae
3182 3807 3404 3861 Christo
3445 3805 3617 3877 spiri-

1924 3893 2113 3947 taliter
2142 3895 2388 3961 nubunt,
2437 3896 2484 3949 si
2527 3902 2724 3966 postea
2771 3897 2999 3967 publice
3047 3896 3367 3967 nupserint,
3431 3896 3518 3949 vel
3557 3911 3616 3948 se

1926 3979 2192 4041 clanculo
2232 3984 2613 4054 corruperint,
2659 4000 2775 4039 non
2825 4000 2919 4037 eas
2962 3984 3348 4037 admittendas
3387 4000 3508 4037 esse
3549 3983 3618 4037 ad

1925 4078 2208 4145 agendam
2257 4073 2672 4145 paenitentiam,
2726 4073 2837 4126 nisi
2876 4073 2925 4126 is
2962 4073 3053 4125 cui
3100 4089 3159 4126 se
3193 4072 3504 4142 junxerant
3549 4071 3618 4125 de

1926 4165 2141 4219 mundo
2174 4161 2486 4217 recesserit.
2526 4161 2585 4214 Si
2624 4162 2777 4214 enim
2825 4161 2895 4214 de
2945 4160 3274 4214 hominibus
3321 4160 3443 4213 haec
3471 4160 3617 4213 ratio

121 4266 363 4329 paterna
416 4261 663 4328 devotio,
716 4268 814 4318 aut
866 4265 1098 4336 propria
1145 4267 1420 4337 professio
1462 4268 1611 4323 facit.
1649 4270 1807 4334 Quid-

1996 4254 2257 4315 stoditur,
2296 4256 2357 4304 ut
2387 4265 2751 4320 quaecunque
2794 4250 3022 4303 vivente
3060 4249 3181 4301 viro
3215 4249 3377 4302 alteri
3407 4265 3616 4318 nupse-

123 4348 259 4413 quid
290 4350 501 4403 horum
556 4350 752 4419 fuerit,
806 4353 1105 4423 alligatum
1146 4356 1378 4410 tenebit.
1437 4357 1679 4412 Proinde
1726 4359 1812 4413 his

120 4435 191 4489 ad
237 4435 523 4490 mundum
583 4438 789 4492 reverti
843 4441 1197 4496 recludimns
1246 4443 1488 4511 aditum,
1526 4452 1582 4498 et
1612 4462 1812 4500 omnes

120 4524 191 4578 ad
219 4526 498 4579 saeculum
524 4524 920 4583 interdicimus
954 4545 1266 4600 regressus.

154 4614 284 4668 ΟΑΡ.
324 4613 436 4668 VII.
469 4644 535 4654 -
559 4616 636 4670 De
665 4618 872 4673 clericis
902 4622 999 4688 qui
1021 4635 1076 4675 se
1101 4623 1315 4689 ﬁngunt
1343 4624 1629 4677 monachos
1645 4639 1773 4679 esse.

188 4704 298 4768 (Ea:
350 4702 537 4757 eodem
595 4706 860 4777 concilio.)
925 4709 995 4762 Ut
1062 4710 1273 4777 clerici,
1307 4711 1408 4782 qui
1467 4729 1527 4767 se
1584 4713 1814 4784 ﬁngunt

119 4790 316 4847 habitu
383 4796 439 4846 et
504 4795 735 4849 nomine
801 4798 1117 4852 monachos
1171 4816 1314 4868 esse,
1372 4806 1429 4855 et
1481 4819 1600 4856 non
1656 4808 1810 4867 sunt,

119 4880 469 4935 omnimodis
516 4883 879 4955 corrigantur
933 4891 1106 4959 atque
1165 4891 1566 4961 emendentur,
1615 4896 1680 4947 ut
1723 4893 1811 4947 vel

119 4969 233 5022 veri
264 4970 532 5025 monachi
559 4971 672 5025 sint
701 4975 786 5028 vel
809 4974 930 5028 veri
960 4977 1238 5031 canonici.

119 5059 246 5113 CAP.
274 5059 420 5113 VIII.
460 5088 530 5100 --
584 5063 737 5128 Quod
773 5069 1128 5132 spontaneum
1187 5070 1525 5137 propositum
1564 5072 1815 5125 monachi

683 5138 890 5188 mutari
915 5152 1023 5191 non
1053 5138 1229 5193 liceat.

186 5217 299 5287 (Ea:
365 5219 513 5274 decr.
571 5221 766 5277 Leonis
809 5239 988 5292 papa,
1056 5228 1236 5294 capite
1276 5226 1387 5295 26.)
1446 5229 1809 5297 Propositum

119 5307 407 5373 monachi,
435 5308 673 5380 proprio
712 5311 950 5366 arbitrio
990 5318 1090 5367 aut
1117 5315 1407 5369 voluntate
1454 5321 1806 5386 susceptum,

119 5395 301 5450 deseri
335 5413 452 5451 non
482 5403 668 5468 potest
692 5399 908 5471 absque
960 5407 1206 5473 peccato.
1256 5404 1417 5467 Quod
1467 5404 1621 5459 enim
1680 5407 1809 5476 quis

120 5485 269 5539 vovit
302 5487 440 5552 Deo,
468 5487 637 5542 debet
667 5493 724 5543 et
762 5489 1022 5545 reddere.
1086 5492 1244 5547 Unde
1292 5492 1393 5564 qui
1439 5494 1635 5547 relicta
1693 5494 1810 5547 sin-

122 5575 439 5643 gularitatis
466 5578 820 5649 professione
852 5580 925 5636 ad
971 5580 1262 5649 militiam,
1322 5581 1409 5637 vel
1441 5582 1514 5637 ad
1576 5583 1808 5655 nuptias

1922 4342 1997 4395 rit
2046 4342 2303 4395 adultera
2361 4339 2662 4403 habeatur,
2712 4353 2818 4391 nec
2876 4336 2927 4391 ei
2980 4337 3215 4406 agenda!
3267 4336 3616 4406 pmnitentize

1922 4430 2152 4484 licentia
2196 4427 2562 4495 concedatur,
2605 4426 2716 4481 nisi
2764 4442 2914 4479 unus
2962 4441 3027 4479 ex
3084 4424 3173 4478 his
3212 4423 3383 4478 fuerit
3411 4424 3616 4478 defun-

1926 4523 2049 4572 ctus
2082 4535 2095 4573 :
2126 4524 2342 4589 quanto
2374 4516 2556 4587 magis
2587 4516 2655 4569 de
2702 4514 2801 4568 illa
2831 4514 3078 4568 tenenda
3136 4518 3241 4581 est,
3298 4529 3427 4584 quae
3485 4518 3615 4567 ante

1922 4606 2241 4661 immortali
2278 4623 2336 4660 se
2384 4620 2593 4676 sponso
2633 4604 3008 4674 conjunxerat
3056 4606 3111 4656 et
3157 4607 3357 4674 postea
3407 4602 3479 4656 ad
3508 4602 3617 4657 hu-

1922 4712 2119 4751 manas
2150 4694 2379 4766 nuptias
2402 4692 2872 4764 transmigravit?

2362 4783 2489 4838 Car.
2523 4782 2655 4837 XIV.
2691 4811 2753 4821 —
2785 4785 2859 4837 De
2882 4781 3067 4836 eadem
3092 4798 3170 4837 re.

1992 4874 2107 4944 (Ea:
2145 4873 2367 4944 concilio
2411 4872 2682 4940 Toletan.)
2745 4872 2822 4925 De
2872 4870 3007 4925 viris
3055 4887 3120 4925 ac
3166 4870 3396 4925 feminis
3442 4870 3617 4924 sacris

1919 4942 2281 5033 propositum
2322 4942 2915 5031 ‘transgredientibus
3030 4975 3255 5014 sacrum
3338 4958 3607 5029 proclivis

1923 5068 2121 5106 cursus
2150 5056 2236 5106 est
2263 5068 2297 5106 a
2326 5052 2642 5117 voluntate,
2679 5055 2738 5105 et
2766 5049 3047 5103 imitatrix
3068 5053 3274 5103 natura
3322 5047 3610 5101 vitiorum.

1922 5141 2303 5206 Quamobrem
2336 5139 2598 5210 quisquis
2623 5138 2881 5193 virorum
2910 5139 3000 5192 vel
3024 5137 3333 5192 mulierum
3353 5135 3615 5190 habitum

1922 5231 2098 5284 semel
2127 5229 2443 5297 induerint,
2473 5228 2562 5283 vel
2584 5227 2898 5283 induerunt
2918 5232 3229 5298 spontanee
3255 5225 3613 5297 religiosum,

1922 5323 2014 5372 aut
2060 5318 2108 5373 si
2139 5318 2223 5371 vir
2273 5318 2497 5373 deditus
2553 5317 2817 5372 Ecclesia:
2871 5316 3059 5383 thoro,
3083 5316 3170 5369 vel
3226 5314 3440 5369 femina
3481 5314 3613 5368 fue-

1919 5407 2015 5474 rit,
2076 5412 2177 5461 aut
2231 5406 2340 5461 fuit
2406 5407 2668 5477 delegata
2737 5404 3062 5477 puellarum
3117 5403 3491 5472 monasterio,
3551 5402 3613 5458 in

1921 5502 2169 5567 utroque
2224 5512 2364 5551 sexu
2413 5496 2818 5566 praevaricator
2864 5494 2931 5550 ad
2988 5493 3349 5565 propositum
3397 5492 3615 5547 invitus

1918 5585 2125 5640 reverti
2156 5590 2415 5656 cogatur,
2448 5590 2513 5640 ut
2540 5586 2625 5639 vir
2655 5584 3053 5653 detondeatur,
3080 5589 3136 5638 et
3186 5583 3379 5655 puella
3419 5599 3619 5638 mona-
