3956 6306
298 305 402 355 ’795

1362 298 1770 355 BURCHARDI
1814 297 2340 355 WORMACIENSIS
2377 296 2714 354 EPISCOPI.

3693 297 3802 347 796

296 423 534 478 sterium
594 422 976 493 ingrediatur.
1026 422 1085 477 Si
1114 426 1306 475 autem
1359 421 1615 492 quolibet
1674 422 1988 492 patrocinio
2025 425 2071 476 A
2102 439 2222 489 nos,
2258 426 2357 476 aut
2385 437 2600 486 servus,
2656 424 2752 474 aut
2799 419 3056 482 libertus,
3107 419 3191 472 vel
3223 419 3460 473 colonus
3497 423 3804 490 quaeratur

295 513 613 569 desertores
642 526 982 582 permanere
1028 509 1330 576 voluerint,
1379 510 1714 564 sacerdotali
1767 516 1989 564 senten-

292 600 374 653 tia
432 617 466 653 a
521 599 976 654 Christianorum
1035 602 1179 652 cestu
1228 598 1547 652 habeantur
1593 603 1867 664 extorres,
1924 605 1990 653 ut

296 703 402 740 nec
447 688 606 741 locus
647 687 726 741 eis
776 688 928 740 ullus
978 687 1052 740 sit
1099 686 1441 740 communis.
1493 686 1702 740 Viduas
1759 701 1988 756 quoque

294 775 633 830 universalis
655 777 778 845 jam
809 776 1022 830 dudum
1055 775 1250 829 statuit
1287 775 1558 846 synodus,
1617 775 1990 845 professionis

296 865 379 918 vel
419 863 652 917 habitus
693 864 780 918 sui
839 863 1193 929 desertrices,
1249 869 1312 917 ut
1365 863 1650 934 superiori
1701 862 1986 917 sententia

299 952 775 1005 condemnentur.

302 1059 429 1112 CAP.
462 1059 567 1112 XV.
600 1087 669 1098 —-
699 1059 814 1122 Quo
863 1062 1095 1125 tempore
1145 1073 1360 1112 sacrum
1402 1059 1642 1112 velamen
1671 1059 1842 1112 sacris
1880 1058 1990 1111 vir-

795 1129 1013 1196 ginibus
1033 1131 1241 1198 imponi
1270 1129 1484 1184 debeat.

372 1217 487 1287 (Ea:
511 1217 653 1271 decr.
689 1217 899 1272 Gelasii
922 1233 1102 1286 papae,
1153 1221 1328 1286 capite
1361 1216 1470 1288 l2.)
1505 1215 1732 1270 Devotis
1757 1233 1989 1287 quoque

300 1305 635 1375 virginibus,
697 1305 808 1359 nisi
854 1311 954 1360 aut
993 1306 1053 1358 in
1077 1305 1412 1376 Epiphania,
1464 1310 1563 1358 aut
1590 1305 1651 1358 in
1702 1304 1843 1357 albis
1877 1306 1990 1358 Pa-

300 1394 604 1461 schalibus,
631 1400 728 1447 aut
771 1396 830 1447 in
861 1394 1252 1464 apostolorum
1291 1392 1584 1460 natalitiis,
1625 1409 1849 1447 sacrum
1889 1393 1990 1447 mi-

298 1480 454 1535 nime
483 1482 746 1535 velamen
775 1481 1125 1551 imponatur,
1161 1487 1217 1535 et
1245 1498 1360 1534 non
1415 1488 1548 1535 ante
1590 1482 1720 1536 XXV
1769 1499 1986 1549 annos;

299 1570 408 1623 nisi
438 1571 606 1638 forte,
639 1571 784 1623 sicut
814 1570 883 1624 de
914 1571 1254 1640 baptismate
1284 1570 1498 1624 dictum
1529 1577 1636 1638 est,
1669 1571 1828 1641 gravi
1876 1572 1990 1624 Ian-

300 1673 478 1726 guore
504 1657 800 1728 correptis,
834 1673 906 1711 ne
929 1658 974 1711 si
1005 1659 1112 1712 hoc
1141 1674 1381 1714 munere
1410 1659 1479 1713 de
1532 1659 1738 1713 saeculo
1766 1663 1988 1725 exeant,

299 1745 744 1816 implorantibus
775 1762 890 1798 non
922 1751 1180 1815 negetur.

757 1835 885 1889 CAP.
918 1835 1050 1888 XVI.
1074 1863 1142 1874 -—
1167 1837 1242 1888 De
1269 1833 1451 1887 eadem
1476 1849 1552 1889 re.

370 1923 478 1994 (Ea:
527 1925 748 1978 concilio
793 1925 1043 1990 Milevit.,
1096 1926 1274 1992 capite
1315 1922 1429 1993 26.)
1475 1925 1615 1977 Item
1659 1923 1876 1993 placuit
1928 1928 1992 1976 ut

299 2011 627 2081 quicunque
666 2011 1062 2082 episcoporum
1096 2011 1428 2065 necessitate
1471 2012 1846 2082 periclitantis
1893 2027 1992 2082 pu-

298 2099 509 2154 dicitiae
540 2099 852 2170 virginalis,
884 2115 1015 2153 cum
1043 2101 1129 2153 vel
1179 2099 1393 2170 petitor
1429 2106 1630 2170 potens
1672 2100 1759 2153 vel
1801 2106 1994 2171 raptor

300 2187 506 2257 aliquis
561 2188 924 2256 formidatur,
968 2189 1052 2240 vel
1103 2187 1150 2240 si
1209 2187 1382 2241 etiam
1423 2188 1735 2259 aliquando
1789 2189 1992 2244 mortis

300 2275 619 2344 periculoso
649 2275 915 2344 scrupulo
948 2281 1287 2345 compuncta
1314 2276 1508 2344 fuerit,
1542 2293 1612 2330 ne
1647 2293 1763 2330 non
1809 2279 1993 2332 velata

299 2363 602 2430 moriatur,
660 2369 754 2417 aut
816 2363 1177 2437 exigentibus
1225 2363 1578 2434 parentibus,
1634 2369 1733 2418 aut
1784 2365 1874 2419 his
1921 2365 1993 2420 ad

297 2467 543 2522 quorum
573 2467 769 2505 curam
798 2451 1070 2522 pertinet,
1102 2451 1376 2505 velaverit
1411 2451 1719 2522 virginem,
1769 2469 1868 2507 seu
1899 2470 1991 2507 vc-

297 2539 434 2592 lavit
463 2539 615 2594 intra
641 2540 979 2610 vigesimum
1011 2539 1276 2611 quintum
1306 2556 1524 2594 annum
1547 2541 1751 2608 aetatis,
1795 2559 1910 2596 non
1942 2543 1994 2596 ei

298 2627 446 2680 obsit
473 2627 798 2696 consilium,
832 2628 988 2699 quod
1029 2628 1098 2682 de
1140 2627 1247 2682 isto
1279 2643 1522 2684 numero
1552 2645 1834 2684 annorum
1865 2648 1996 2686 con-

298 2715 562 2770 stitutum
593 2721 696 2770 est.

300 2822 428 2877 CAP.
461 2824 624 2879 XVII.
647 2827 724 2879 De
742 2823 1251 2948 sanctimonialibuts
1283 2839 1402 2892 quae
1439 2825 1582 2880 alias
1619 2823 1808 2880 'velare
1847 2841 1992 2896 prx-

1021 2910 1215 2948 sumun
1246 2935 1259 2948 .

1021 2910 1259 2949 sumunt.

368 2983 477 3047 (Ea:
497 2981 638 3036 decr.
667 2983 956 3050 Eutychia
992 2998 1173 3051 papa,
1217 2985 1394 3051 capite
1443 2981 1546 3053 13.)
1604 2984 1992 3039 Nihilominus
2024 2973 2063 3027 Ο

299 3067 473 3123 etiam
504 3069 564 3123 in
594 3069 940 3140 quibusdam
968 3069 1103 3123 locis
1148 3070 1416 3124 inolitum
1451 3071 1776 3126 invenimus
1821 3090 1988 3128 usum

299 3156 558 3210 stultitiae
607 3157 864 3227 plenum,
920 3161 976 3211 et
1034 3157 1430 3212 ecclesiasticas
1488 3161 1815 3215 auctoritati
1859 3180 1991 3217 con-

300 3245 564 3314 trarium,
616 3261 682 3299 eo
723 3245 876 3316 quod
925 3245 1188 3300 videlicet
1239 3247 1534 3302 nonnullae
1587 3249 1881 3306 abbatissa:
1936 3259 1993 3308 et

297 3331 504 3403 aliqua)
561 3349 629 3386 ex
669 3333 1200 3388 sanctimonialibus
1229 3317 1435 3390 ‘viduis
1475 3341 1532 3390 et
1564 3337 1767 3408 puellis
1817 3341 1990 3410 virgi-

299 3420 466 3475 nibus
521 3427 718 3476 contra
779 3423 862 3477 fas
910 3424 1100 3476 velum
1148 3423 1446 3494 imponere
1489 3432 1861 3496 prmsumant.
1925 3429 1991 3482 Et

299 3508 428 3563 ideo
469 3511 761 3565 nonnullae
787 3510 998 3582 injuste
1027 3513 1228 3566 velatae
1248 3517 1454 3582 putant
1483 3529 1540 3566 se
1588 3514 1823 3570 liberius
1871 3517 1988 3571 suis

299 3599 620 3655 carnalibus
659 3600 957 3655 desideriis
995 3617 1156 3672 posse
1187 3601 1484 3671 inservire,
1520 3608 1578 3656 et
1619 3621 1749 3658 suas
1789 3606 1988 3660 volun-

297 3691 442 3742 tates
485 3688 732 3757 explere.
775 3688 1134 3760 Quapropter
1163 3689 1468 3745 statuimus
1521 3696 1583 3746 ut
1623 3692 1671 3746 si
1702 3693 1988 3749 abbatissa

297 3779 399 3828 aut
428 3776 696 3845 quaelibet
724 3777 1173 3832 sanctimonialis
1220 3785 1348 3849 post
1393 3780 1541 3833 banc
1590 3781 1987 3838 deﬁnitionem

299 3861 362 3916 in
397 3867 616 3917 tantam
662 3864 958 3920 audaciam
1001 3867 1328 3937 proruperit
1365 3873 1429 3921 ut
1470 3872 1567 3922 aut
1608 3869 1838 3924 viduam
1889 3880 1988 3928 aut

297 3951 551 4022 puellam
585 3952 862 4024 virginem
906 3955 1094 4008 velare
1136 3958 1586 4027 praesumpserit,
1628 3958 1846 4029 judicio
1894 3979 1985 4016 ca-

299 4039 505 4093 nonico
538 4057 719 4111 usque
749 4043 821 4096 ad
845 4043 1294 4099 satisfactionem
1325 4045 1619 4100 subdatur.

300 4129 430 4182 CAP.
472 4130 658 4184 XVIII.
692 4161 758 4170 —
787 4133 861 4185 De
879 4133 1208 4198 virginibus,
1234 4150 1344 4202 qua
1362 4138 1519 4188 atate
1546 4137 1720 4190 velari
1737 4136 1981 4193 debeant.

371 4222 479 4284 (Em
539 4220 680 4310 decr.
740 4222 828 4274 Pii
871 4221 1074 4293 papae.)
1144 4223 1215 4277 Ut
1259 4222 1511 4294 virgines
1563 4241 1678 4279 non
1727 4227 1987 4281 velentur
2022 4257 2064 4310 D

297 4315 428 4362 ante
453 4308 582 4364 XXV
636 4326 816 4364 annos
860 4311 1060 4378 astatis,
1117 4311 1223 4364 nisi
1263 4313 1410 4367 forte
1455 4315 1790 4370 necessitate
1835 4317 1985 4385 peri-

296 4395 542 4450 clitantis
591 4397 878 4468 pudicitia
949 4398 1265 4470 virginalis.
1325 4403 1388 4457 Et
1441 4419 1557 4457 non
1606 4408 1737 4458 sunt
1782 4420 1990 4460 conse—

299 4485 522 4539 crandae
578 4487 689 4540 alio
769 4494 1024 4558 tempore
1083 4489 1192 4543 nisi
1249 4490 1311 4544 in
1366 4492 1706 4561 Epiphania,
1736 4497 1791 4548 et
1844 4495 1990 4549 albis

299 4573 682 4640 Paschalibus,
715 4580 771 4630 et
803 4580 863 4629 in
911 4579 1302 4647 apostolorum
1353 4581 1648 4647 natalitiis,
1681 4581 1791 4636 nisi
1820 4599 1989 4638 causa

299 4663 501 4717 mortis
523 4669 781 4734 urgente.

298 4767 428 4844 CAP.
453 4770 591 4844 XIX.
620 4800 686 4844 -_-—
720 4771 877 4835 Quod
899 4772 1279 4841 desponsatam
1322 4773 1560 4841 puellam
1615 4775 1718 4844 alii
1758 4778 1874 4830 viro
1915 4777 1990 4831 sit

369 4841 574 4894 licitum
604 4841 756 4907 dare,
779 4846 1164 4898 monasterium
1213 4850 1390 4898 autem
1419 4845 1540 4900 licet
1569 4841 1764 4914 eligere
1797 4849 1848 4901 si
1873 4850 1991 4902 uult

282 4934 288 4940 ’
368 4930 660 4992 (Endecr.
723 4931 946 4986 Eusebii
983 4948 1165 5002 papae,
1207 4935 1381 5003 capite
1437 4934 1545 5003 10.)
1577 4937 1987 5004 Desponsatam

295 5018 543 5087 puellam
577 5035 690 5073 non
718 5019 849 5074 licet
897 5021 1228 5090 parentibus
1278 5021 1413 5075 dare
1463 5023 1560 5076 alii
1609 5024 1748 5091 viro,
1794 5031 1989 5080 tamen

296 5107 709 5162 monasterium
739 5109 873 5163 licet
902 5108 1134 5179 eligere,
1168 5111 1216 5162 si
1245 5110 1508 5165 voluerit.

296 5215 427 5269 CAP.
460 5216 543 5270 XX
572 5244 645 5257 —
676 5219 742 5270 Ut
774 5217 979 5284 aliquis
1021 5219 1349 5284 incognitus,
1398 5233 1505 5272 non
1546 5222 1650 5274 cito
1692 5221 1753 5274 in
1796 5237 1989 5276 mona-

675 5290 840 5341 sterio
877 5287 1256 5341 monachorum
1286 5290 1603 5357 recipiatur.

365 5377 473 5439 (Ea:
494 5377 717 5430 concilio
750 5377 1015 5441 Toletan.,
1050 5391 1170 5445 cap.
1213 5376 1290 5445 5.)
1317 5375 1374 5430 Si
1406 5377 1614 5448 aliquis
1659 5378 1988 5450 incognitus

294 5465 709 5518 monasterium
756 5463 980 5534 ingredi
1028 5463 1292 5531 voluerit,
1327 5470 1458 5519 ante
1509 5466 1822 5522 triennium
1873 5485 1990 5524 mo-

296 5552 464 5607 nachi
498 5552 728 5608 habitus
758 5553 810 5606 ei
840 5568 956 5606 non
1000 5556 1322 5623 praestetur.
1357 5555 1424 5609 Et
1453 5555 1501 5610 si
1530 5555 1681 5612 intra
1726 5562 1840 5612 tres
1887 5575 1987 5614 an-

2099 527 2132 564 a
2165 511 2401 565 domino
2435 527 2558 577 suo,
2593 509 2864 563 reddatur
2903 509 2955 562 ei
2989 525 3118 562 cum
3169 508 3435 562 omnibus
3488 524 3614 578 quae
3646 513 3802 561 attu-

2098 599 2186 662 lit,
2217 599 2331 652 ﬁda
2360 603 2553 652 tamen
2581 603 2810 668 accepta
2842 596 2910 650 de
2974 596 3343 666 impunitate.
3385 597 3442 651 Si
3471 601 3665 649 autem
3701 597 3804 649 in-

2098 691 2187 740 tra
2237 685 2552 740 triennium
2609 685 2920 755 requisitas
2967 701 3083 739 non
3132 685 3323 750 fuerit,
3365 690 3558 756 postea
3616 684 3805 754 quaeri

2099 791 2218 829 non
2249 780 2460 844 potest,
2482 774 2594 828 nisi
2625 774 2694 828 sit
2721 778 2838 828 tam
2863 775 3030 844 longe
3057 774 3211 844 quod
3237 773 3483 828 inveniri
3515 790 3632 827 non
3660 790 3801 844 pos-

2099 864 2191 932 sit,
2243 863 2340 918 sed
2371 868 2596 917 tantum
2662 879 2728 916 ea
2765 879 2896 932 quae
2955 863 3016 916 iu
3055 862 3475 917 monasterium
3531 862 3802 928 adduxit,

2098 951 2364 1006 dominus
2391 952 2538 1006 servi
2577 951 2834 1020 recipiat.

2099 1040 2225 1095 CAP.
2268 1042 2393 1095 XXI.
2439 1071 2510 1080 —
2541 1042 2623 1095 De
2661 1041 2866 1095 clericis
2893 1041 2990 1163 quti
3036 1041 3414 1164 monachorum
3455 1042 3805 1116 propositum

2811 1127 2949 1164 alme
2978 1127 3048 1162 un
3082 1150 3094 1163 .

2811 1127 3094 1179 appetunt.

2168 1198 2275 1268 (Ea:
2321 1198 2520 1266 eodem,
2583 1213 2702 1267 cap.
2765 1198 2878 1269 50.)
2934 1198 3134 1253 Clerici
3207 1197 3307 1269 qui
3382 1199 3804 1252 monachorum

2097 1287 2457 1358 propositum
2488 1291 2787 1356 appetunt,
2820 1291 2876 1340 et
2917 1286 3215 1340 meliorem
3261 1285 3439 1340 vitam
3486 1287 3650 1357 sequi
3703 1303 3806 1340 cu-

2099 1374 2284 1445 piunt,
2317 1374 2524 1428 liberos
2553 1373 2634 1428 eis
2664 1375 2734 1428 ab
2764 1374 3042 1446 episcopis
3096 1374 3156 1428 in
3205 1374 3565 1428 monasteriis
3595 1374 3806 1445 largiri

2101 1468 2323 1534 oportet
2352 1464 2662 1534 ingressus,
2696 1480 2803 1517 nec
2858 1463 3124 1517 interdici
3176 1463 3538 1532 propositum
3568 1479 3804 1532 eorum,

2101 1552 2202 1624 qui
2261 1553 2330 1606 ad
2409 1552 2913 1623 contemplationis
2974 1552 3325 1606 desiderium
3404 1552 3649 1606 transire
3703 1553 3800 1606 ni-

2102 1647 2320 1696 tuntur.

2102 1749 2230 1802 CAP.
2263 1748 2422 1802 XXII.
2455 1776 2522 1787 -—
2557 1747 2635 1800 De
2661 1747 2966 1814 virginibus
2988 1749 3185 1810 sacris,
3217 1762 3336 1816 qua
3360 1753 3585 1817 propter
3606 1748 3804 1802 distri-

2171 1822 2385 1872 ctiorem
2427 1821 2598 1872 vitam
2643 1819 2716 1871 ad
2753 1818 2908 1872 aliud
2956 1822 3341 1872 monasterium
3390 1823 3469 1872 ire
3515 1819 3805 1889 disposue-

2170 1893 2302 1944 rint.

2173 1977 2280 2047 (Ea:
2324 1975 2544 2031 concilio
2607 1975 2853 2042 Tribur.,
2926 1991 3047 2044 cap.
3104 1974 3213 2045 lt.)
3272 1975 3536 2046 Virgines
3599 1992 3798 2044 sacrae,

2100 2066 2148 2120 si
2180 2083 2280 2136 pro
2321 2066 2476 2118 lucro
2518 2063 2726 2117 animae
2755 2067 3151 2133 suae,propter
3179 2064 3583 2118 districtiorem
3619 2065 3804 2119 vitam

2101 2154 2172 2208 ad
2204 2153 2359 2208 aliud
2389 2153 2804 2206 monasterium
2832 2168 3071 2221 pergere
3102 2152 3507 2223 disposuerint,
3557 2152 3804 2206 ibidem-

2101 2259 2212 2312 que
2243 2257 2604 2295 commanere
2660 2240 3036 2308 decreverint,
3092 2241 3344 2311 synodus
3391 2241 3672 2295 concedit.
3735 2240 3800 2295 Si

2100 2349 2231 2386 vero
2262 2329 2737 2400 fuga'disciplinee
2764 2329 2943 2382 alium
2973 2329 3163 2383 locum
3189 2329 3551 2400 Lquesierint,
3603 2329 3797 2385 redire

2102 2424 2400 2490 cogantur.

2103 2510 2228 2564 CAP.
2261 2507 2439 2562 XXIII.
2485 2535 2545 2546 —
2588 2507 2699 2572 Quo
2717 2507 2915 2560 vestitu
2959 2509 3205 2574 virgines
3231 2506 3305 2561 ad
3343 2511 3797 2563 consecrationem

2712 2579 2896 2630 venire
2929 2577 3176 2632 debeant.

2171 2664 2291 2730 (Ea:
2348 2666 2568 2719 concilio
2626 2666 2904 2734 Carthag.,
2961 2681 3080 2735 cap.
3147 2667 3257 2736 ll.)
3334 2666 3802 2723 Sanctimonialis

2101 2752 2282 2823 virgo,
2327 2768 2457 2806 cum
2485 2754 2556 2808 ad
2588 2754 3076 2808 consecrationem
3107 2771 3210 2809 suo
3260 2755 3525 2827 episcopo
3582 2757 3794 2812 offera-

2102 2846 2215 2907 tur,
2244 2841 2305 2894 in
2335 2841 2543 2895 talibus
2588 2843 2836 2896 vestibus
2883 2844 3223 2913 applicetur,
3254 2845 3518 2915 qualibus
3566 2861 3802 2917 semper

2105 2946 2277 2983 usura
2311 2936 2413 2996 est,
2446 2931 2782 3001 professioni
2812 2937 2868 2986 et
2897 2933 3289 2987 sanctimoniae
3320 2935 3483 3004 aptis.

2104 3021 2231 3074 CAP.
2265 3021 2443 3076 XXIV.
2468 3048 2537 3060 —
2587 3022 2652 3074 Ut
2667 3027 2869 3089 praeter
2896 3024 3183 3078 scientiam
3233 3023 3440 3077 domini
3457 3027 3564 3090 sui,
3597 3039 3790 3080 servus

2573 3107 2678 3145 non
2707 3094 2985 3160 efﬁciatur
3011 3095 3322 3148 monachus.

2171 3178 2279 3249 (Ea:
2305 3180 2525 3234 concilio
2568 3179 2878 3248 Arelatan.,
2909 3184 3087 3249 capite
3131 3181 3208 3253 4.)
3254 3181 3472 3236 Placuit
3507 3182 3569 3236 in
3596 3198 3802 3237 mona-

2099 3267 2283 3320 steriis
2312 3283 2428 3320 non
2460 3281 2580 3321 esse
2610 3268 3035 3338 suscipiendum
3071 3284 3295 3322 servum
3336 3269 3404 3323 ad
3447 3270 3803 3326 monachum

2098 3354 2442 3420 faciendum,
2472 3359 2680 3425 praeter
2716 3355 2935 3426 proprii
2982 3356 3213 3410 Domini
3261 3358 3634 3412 voluntatem.
3686 3360 3802 3423 Qui

2096 3459 2229 3498 vero
2285 3444 2394 3498 hoc
2457 3444 2836 3498 constitutum
2877 3450 3141 3499 nostrum
3196 3446 3516 3516 excesserit,
3574 3463 3709 3502 eum
3764 3466 3799 3502 a

2097 3533 2504 3586 communione
2557 3533 2831 3602 suspendi
2871 3533 3246 3603 decrevimus,
3298 3552 3370 3589 ne
3413 3551 3625 3590 nomen
3679 3537 3797 3592 Do-

2096 3621 2240 3675 mini
2265 3621 2716 3692 blasphemetur.

2097 3712 2226 3767 CAP.
2257 3712 2404 3767 XXV.
2434 3740 2502 3750 —
2546 3711 2626 3764 De
2654 3711 2746 3765 illo
2774 3712 2870 3778 qui
2889 3725 3101 3765 servum
3148 3713 3404 3778 alienum,
3445 3728 3611 3768 causa
3657 3715 3795 3768 reli-

2315 3784 2510 3850 gionis,
2544 3782 2692 3835 docet
2719 3787 3047 3836 contemnere
3075 3783 3352 3837 dominum
3379 3799 3553 3838 suum.

2165 3871 2279 3941 (Ea:
2309 3871 2529 3925 concilio
2567 3871 2859 3942 Braggar.,
2900 3873 3076 3940 capite
3123 3871 3235 3942 47.)
3291 3872 3350 3926 Si
3395 3872 3522 3943 quis
3561 3888 3796 3928 servum

2095 3960 2370 4028 alienum,
2395 3975 2560 4012 causa
2577 3958 2895 4029 religionis,
2919 3959 3085 4013 docet
3103 3965 3468 4015 contemnere
3491 3960 3798 4016 dominum

2096 4065 2284 4114 suum,
2347 4052 2404 4102 et
2459 4047 2724 4102 recedere
2783 4047 2852 4101 ab
2893 4049 3016 4120 ejus
3068 4048 3317 4117 servitio,
3372 4049 3675 4104 durissima
3731 4051 3797 4106 in

2095 4139 2364 4194 omnibus
2404 4143 2700 4208 arguatur,
2741 4142 2795 4193 et
2830 4139 2900 4192 ad
2946 4138 3347 4210 paenitentiam
3389 4140 3793 4210 compellatur.

2389 4228 2518 4282 CAP.
2549 4229 2726 4284 XXVI.
2759 4258 2828 4267 —
2859 4229 2940 4281 De
2967 4230 3221 4296 fugitivis
3252 4229 3480 4283 clericis.

2169 4315 2282 4386 (Ea:
2311 4316 2453 4370 decr.
2483 4318 2671 4371 Leonis
2701 4315 2904 4387 papae.)
2940 4316 3265 4386 Fugitivum
3314 4332 3446 4371 vero
3495 4316 3795 4390 clericum,

2098 4411 2198 4460 aut
2234 4405 2581 4460 monachum
2626 4405 2984 4459 deserentem
3029 4405 3413 4476 disciplinam,
3459 4407 3614 4460 velut
3652 4422 3796 4463 con-
3870 4468 3872 4470 τ

2098 4499 2442 4565 temptorem
2473 4494 2690 4563 placuit
2718 4510 3005 4549 revocare.

2099 4601 2229 4655 CAP.
2263 4601 2466 4656 XXVII.
2490 4629 2559 4640 —
2593 4603 2664 4655 Dc
2691 4601 3062 4668 secularibus,
3085 4602 3135 4654 si
3155 4615 3209 4653 se
3228 4601 3386 4654 semel
3426 4616 3532 4671 per
3574 4603 3796 4671 religio-

2316 4687 2436 4726 nem
2467 4671 2813 4739 totonderint,
2845 4676 2894 4726 et
2925 4675 3046 4741 post
3081 4673 3211 4726 laici
3236 4673 3571 4740 efﬁciuntur.

2169 4761 2508 4827 (Emooncilio
2540 4761 2806 4829 Toletan.,
2840 4777 2895 4830 v,
2917 4763 3094 4830 capite
3109 4762 3189 4832 5.)
3221 4761 3558 4831 Quicunque
3588 4777 3657 4817 ex
3679 4779 3797 4817 sse-

2097 4848 2384 4902 cularibus
2414 4848 2758 4919 accipientes
2785 4849 3184 4919 paenitentiam
3219 4865 3278 4904 se
3307 4851 3700 4918 totonderunt,
3735 4857 3794 4907 et

2097 4952 2294 4992 rursus
2323 4937 2758 5008 praevaricantes
2797 4937 2926 4992 laici
2966 4938 3153 4992 effecti
3193 4943 3347 5004 sunt,
3387 4940 3796 5009 comprehensi

2096 5028 2167 5080 ab
2197 5025 2463 5097 episcopo
2498 5043 2620 5093 suo,
2656 5027 2725 5081 ad
2756 5026 3153 5097 paenitentiam
3189 5042 3254 5081 ex
3296 5043 3410 5099 qua
3434 5036 3798 5086 recesserunt

2097 5119 2450 5169 revocentur.
2492 5115 2654 5178 Quod
2693 5114 2740 5169 si
2781 5115 2959 5185 aliqui
2995 5115 3095 5186 qui
3130 5132 3235 5186 per
3281 5117 3598 5186 potentiam
3646 5117 3793 5174 irre-

2099 5203 2378 5258 vocabiles
2427 5208 2579 5270 sunt,
2630 5220 2734 5258 nec
2788 5204 3071 5259 admoniti
3121 5209 3500 5274 revertentur,
3545 5223 3679 5262 vere
3731 5213 3798 5264 ut

2096 5297 2370 5361 apostatae
2448 5309 2642 5347 coram
2707 5292 2951 5348 Ecclesia
3035 5295 3417 5350 anathematis
3505 5297 3794 5352 sententia
3895 5316 3897 5318 ·

2095 5382 2568 5436 condemnentur.
2605 5383 2727 5436 Non
2759 5381 2926 5437 aliter
2956 5387 3013 5437 et
3045 5384 3106 5438 hi
3132 5384 3233 5455 qui
3260 5385 3411 5439 tonsi
3462 5385 3796 5442 collaudan-

2095 5469 2246 5525 tibus
2298 5471 2632 5542 parentibus
2685 5471 2919 5536 fuerint,
2969 5473 3187 5544 seipsos
3230 5473 3499 5544 religioni
3549 5475 3790 5532 devove-

2095 5566 2251 5625 runt,
2291 5565 2350 5614 et
2383 5566 2584 5630 postea
2621 5561 2884 5618 habitum
2928 5565 3261 5619 saecularem
3300 5571 3690 5637 sumpserunt,
3734 5571 3795 5622 et
