3956 6304
127 305 219 354 797

1093 301 1562 359 DECRETORUM
1610 306 1798 361 LIBRI
1836 308 1942 362 XX.
1987 337 2055 345 ——-
2096 305 2309 363 LIBER
2345 308 2674 363 OCTAVUS.

3533 315 3635 364 798

122 422 295 477 iidem
325 440 357 477 a
388 424 682 478 sacerdote
711 424 1132 494 comprehensi,
1166 426 1236 479 ad
1269 426 1488 479 cultum
1531 427 1828 498 religionis
1866 432 1912 484 A
1947 428 2034 482 nis
2098 444 2319 483 norma
2361 429 2778 483 contumaciter
2852 434 3245 500 transgressor
3319 430 3630 497 exstiterit,

122 518 238 565 acta
287 512 455 581 prius
498 511 839 582 poenitentia
898 520 1257 568 revocentur.
1315 514 1475 578 Quod
1520 516 1566 569 si
1615 516 1824 570 reverti

123 600 345 667 nolunt,
374 618 508 655 vere
540 607 601 654 ut
632 606 906 671 apostata
937 602 1318 656 anathematis
1348 604 1645 658 sententia
1684 605 1827 659 sub-

118 689 411 759 jiciantur.
463 691 602 754 Qua
664 690 847 744 forma
906 691 1245 756 servabitur,
1298 692 1473 747 etiam
1525 693 1587 746 in
1646 693 1827 747 viduis

122 777 559 848 virginibusque
610 778 803 846 sacris,
856 794 922 832 ac
966 780 1374 848 panitentibus
1416 781 1664 847 feminis,
1698 798 1828 853 qua

120 866 621 921 sanctimonialem
678 867 939 921 habitum
988 868 1320 934 induerunt,
1382 874 1437 924 et
1501 876 1701 941 postea
1732 875 1829 925 aut

122 960 333 1009 vestem
378 960 767 1022 mutaverunt,
812 961 905 1009 aut
938 955 1009 1009 ad
1049 957 1277 1026 nUptias
1318 958 1684 1013 transierunt.

126 1046 191 1099 Ca
202 1062 247 1098 ιδ.
264 1044 495 1099 XXVIII.
518 1075 586 1084 —
609 1047 676 1098 Ut
698 1060 880 1098 servus
902 1047 960 1099 in
978 1047 1369 1117 monasterium
1384 1062 1489 1100 non
1504 1047 1824 1117 recipiatur,

624 1118 892 1170 nesciente
948 1116 1163 1170 domi-no
1218 1132 1332 1171 suo.

193 1204 304 1274 (Ex
329 1204 554 1258 concilio
586 1204 868 1270 Chalced,
911 1207 1089 1273 capite
1136 1205 1209 1273 4.)
1256 1205 1487 1259 Nullum
1522 1222 1653 1259 vero
1689 1205 1831 1260 reci-

127 1308 260 1364 pere
284 1292 346 1345 in
379 1292 742 1346 monasteriis
772 1309 998 1347 servum
1031 1294 1267 1347 obtentu
1316 1296 1582 1349 monachi
1627 1301 1829 1366 prater

134 1380 354 1435 domini
386 1381 476 1433 sui
498 1380 909 1434 conscientiam
943 1382 1090 1435 licet.

134 1471 258 1525 CAP.
306 1470 481 1523 XXIX.
528 1499 595 1508 —
626 1472 700 1523 De
724 1472 999 1524 monachis
1027 1476 1077 1523 et
1114 1471 1497 1538 monachabus,
1530 1474 1699 1541 quise
1750 1488 1833 1525 sa-

524 1542 728 1608 crilega
760 1543 1075 1608 contagione
1104 1546 1440 1596 miscuerint.

197 1632 309 1695 (Ea:
363 1634 527 1698 epist.
593 1631 805 1697 Syricii
871 1645 1054 1699 papa,
1123 1631 1306 1699 capite
1374 1631 1446 1699 6.)
1513 1631 1833 1701 Impudicas

1934 517 2146 571 scilicet
2169 522 2231 571 ut
2263 517 2483 588 aliquas
2516 518 2714 572 viduas
2747 517 2933 572 velare
2968 524 3295 588 prasumat,
3339 519 3476 589 quia
3523 520 3632 573 hoc

1935 612 1991 660 et
2031 607 2314 676 episcopis
2361 623 2475 660 non
2515 608 2662 671 licet,
2696 607 2909 677 gradus
2949 607 3033 660 sui
3079 608 3398 677 periculum
3439 607 3629 661 incur-

1934 700 2041 749 rat.
2091 694 2363 749 Similiter
2410 695 2567 748 etde
2607 695 2811 765 puellis
2843 695 3158 764 virginibus
3202 712 3235 748 a
3288 695 3633 764 presbyteris

1936 800 2053 838 non
2109 782 2357 837 velandis
2420 788 2694 837 statutum
2724 788 2826 850 est,
2900 789 2961 836 ut
3015 783 3062 836 si
3122 782 3250 853 quis
3288 784 3394 836 hoc
3453 782 3635 836 facere

1935 869 2258 936 tentaverit,
2283 874 2559 941 tanquam
2578 877 2964 941 transgressor
2992 888 3279 926 canonum
3308 873 3631 927 damnetur.

1938 958 2064 1012 CAP.
2098 959 2306 1012 XXXIV.
2337 989 2405 998 —-
2436 961 2590 1024 Quod
2616 961 2793 1084 vidpa
2816 961 2913 1085 si?
2942 962 3096 1015 nulla
3126 961 3487 1015 benedictione
3528 964 3639 1015 sint

2655 1047 2715 1084 ve
2739 1047 2829 1083 ant
2901 1071 2913 1084 .

2655 1047 2913 1084 velandae.

2010 1119 2119 1183 (Ea:
2144 1117 2287 1172 decr.
2343 1118 2547 1173 Gelasii
2601 1134 2782 1188 papa,
2827 1122 3003 1187 capite
3030 1120 3142 1188 '21.)
3183 1120 3323 1173 Nam
3352 1120 3420 1173 de
3454 1119 3639 1173 viduis

1939 1206 2044 1260 sub
2092 1206 2252 1260 nulla
2332 1206 2729 1261 benedictione
2824 1208 3094 1268 velandis,
3157 1208 3422 1277 superius
3466 1208 3638 1261 latius

1940 1293 2210 1348 duximus
2268 1294 2683 1348 disserendum.
2760 1296 2895 1359 Qua
2952 1296 2998 1348 si
3060 1296 3293 1366 propria
3347 1296 3636 1350 voluntate

1940 1380 2252 1449 professam
2284 1381 2783 1452 pristiniconjugii
2806 1384 3125 1436 castitatem
3157 1382 3419 1436 mutabili
3445 1390 3636 1436 mento

1941 1467 2320 1535 calcaverunt,
2380 1468 2621 1537 periculi
2670 1485 2866 1523 earum
2920 1468 3200 1535 intererit,
3253 1469 3410 1539 quali
3461 1470 3637 1522 Deum

1943 1556 2187 1609 debeant
2226 1556 2607 1610 satisfactione
2650 1558 2896 1628 placare.
2945 1558 3099 1612 Sicut
3128 1558 3279 1610 enim
3328 1557 3374 1610 si
3421 1574 3480 1611 se
3526 1558 3638 1611 for-

1945 1643 2093 1698 sitan
2121 1646 2410 1699 conIinere
2442 1661 2557 1698 non
2605 1650 2873 1715 poterant
2920 1646 3237 1700 secundum
3275 1646 3638 1715 Apostoluui,

130 1717 607 1787 detestabilesque
656 1734 948 1787 personas,
1012 1719 1424 1772 monachorum
1478 1718 1691 1773 scilicet
1745 1725 1833 1772 at-
1877 1710 1904 1764 Ε

2028 1734 2269 1787 llatenus
2299 1734 2513 1787 nubere
2548 1710 2907 1800 vetabantur,
2939 1734 3017 1787 sic
3054 1734 3247 1787 habita
3288 1710 3480 1786 secum
3539 1710 3640 1787 de?

132 1823 237 1877 que
268 1807 689 1860 monacharum
750 1823 900 1877 qua,
954 1807 1171 1877 abjecto
1219 1808 1514 1878 proposito
1566 1808 1834 1862 sanctita-

134 1895 221 1961 tis,
255 1895 459 1949 illicita
490 1911 554 1948 ac
572 1895 857 1965 sacrilega
890 1896 1232 1965 contagione
1261 1912 1318 1948 se
1379 1896 1753 1963 miscuerunt,
1778 1901 1833 1949 et

135 1984 190 2037 in
220 1985 543 2053 abruptum
573 1984 936 2037 conscientia
985 1984 1381 2054 desperatione
1426 1985 1715 2054 perducta
1764 1984 1833 2038 de

136 2072 346 2126 illicitis
395 2072 786 2142 complexibus
842 2072 1019 2126 libere
1093 2072 1244 2125 Iilios
1302 2079 1766 2143 procreaverunt,
1802 2089 1834 2127 a

139 2161 614 2214 monasteriorum
688 2166 835 2214 catu
903 2161 1387 2231 ecclesiarumque
1464 2162 1836 2214 conventibus

138 2249 517 2303 eliminandas
560 2265 681 2301 esse
723 2251 1083 2315 mandamus,
1152 2256 1436 2320 quatenus
1494 2254 1727 2303 retrusa
1776 2251 1837 2303 in

138 2339 249 2391 suis
305 2338 631 2407 ergastulis,
689 2343 914 2392 tantum
961 2339 1180 2392 facinus
1241 2340 1511 2393 continua
1566 2341 1838 2393 lamenta-

139 2426 292 2480 tione
352 2426 650 2489 detlentes,
708 2426 1099 2495 puriticatorio
1161 2428 1380 2497 possint
1464 2428 1840 2497 plenitudinis

138 2513 267 2581 igne
312 2512 575 2582 decoqui,
624 2513 683 2565 in
732 2512 814 2566 eis
859 2514 945 2566 vel
991 2514 1063 2567 ad
1111 2520 1356 2568 mortem
1411 2516 1609 2568 saltem
1666 2516 1841 2567 solius

139 2601 547 2655 misericordia
576 2601 785 2656 intuitu
820 2618 924 2672 per
938 2603 1365 2658 communionis
1387 2604 1627 2674 gratiam
1660 2604 1840 2674 possit

140 2689 456 2743 subveniri.

144 2778 267 2833 CAP.
505 2806 578 2819 —
612 2780 681 2833 Ut
717 2794 823 2833 non
847 2779 1139 2904 liciathDeo
1166 2783 1398 2836 sacratis
1424 2783 1695 2851 nuptialia
1709 2782 1844 2851 jura

818 2865 918 2904 con
946 2866 1010 2903 ra
1051 2866 1153 2904 ere.

818 2865 1153 2904 contrahere.

208 2939 333 3009 (E1:
371 2940 594 2993 concilio
634 2939 882 2995 Chalced.
930 2943 1110 3009 capite
1141 2939 1246 3010 16.)
1281 2940 1573 3011 Virginem
1612 2957 1741 3012 qua
1780 2958 1837 2995 se

149 3026 257 3080 Deo
292 3027 536 3080 Domino
564 3028 935 3095 consecravit,
967 3028 1235 3083 similiter
1260 3034 1315 3082 et
1345 3030 1692 3083 monachum
1723 3046 1840 3083 non

145 3114 312 3168 licere
345 3115 629 3186 nuptialia
657 3115 789 3185 jura
819 3116 1178 3171 contrahere.
1217 3117 1376 3181 Quod
1416 3117 1464 3171 si
1487 3118 1594 3171 hoc
1626 3118 1846 3172 inventi

146 3203 358 3256 fuerint
398 3208 818 3273 perpetrantes,
869 3205 1457 3261 excommunicentur.
1510 3206 1844 3261 Conlitenti-

147 3292 295 3345 tibus
344 3297 561 3357 autem,
627 3291 983 3346 decrevimus
1040 3298 1102 3347 ut
1171 3294 1377 3348 habeat
1449 3296 1844 3348 auctoritatem

149 3380 408 3449 ejusdem
458 3379 570 3433 loci
619 3380 940 3450 episcopus,
1010 3382 1462 3436 misericordiam
1510 3383 1845 3437 humanita-

149 3474 383 3541 temque
410 3468 629 3539 largiri.

151 3559 275 3613 Car.
319 3558 497 3613 XXXI.
537 3589 602 3598 —
645 3560 718 3611 De
742 3558 829 3613 his
851 3560 948 3626 qui
969 3560 1402 3614 sanctimoniales
1450 3562 1508 3614 in
1563 3563 1844 3614 matrimo-

214 3632 382 3753 niumt
400 3631 722 3699 acceperint,
752 3634 814 3684 ut
854 3634 1096 3699 separati
1143 3632 1257 3685 sine
1307 3645 1402 3701 Spe
1458 3632 1700 3701 conjugii
1728 3646 1846 3685 ma-

214 3716 357 3753 nean
390 3740 402 3752 .

214 3716 402 3753 neant.

215 3786 327 3858 (Ea:
353 3790 513 3858 epist.
546 3789 822 3843 Paschalis
847 3804 1029 3858 papa,
1063 3791 1239 3858 capite
1280 3789 1390 3858 Il.)
1415 3788 1484 3843 Hi
1528 3788 1707 3860 igitur
1746 3789 1845 3861 qui

146 3877 388 3931 scientes
465 3876 996 3932 sanctimonialibus
1068 3877 1296 3933 feminis
1355 3879 1415 3932 in
1476 3878 1844 3933 matrimonio

146 3970 277 4018 sunt
319 3965 391 4019 ad
430 3964 705 4035 injuriam
762 3966 970 4021 Christi
1029 3968 1277 4037 copulati
1325 3967 1487 4037 juxta
1541 3984 1845 4023 censuram

147 4053 458 4109 Christiani
508 4053 616 4107 zeli
662 4060 1014 4125 separentur,
1066 4060 1122 4109 et
1162 4072 1459 4125 nunquam
1519 4056 1600 4110 eis
1643 4073 1844 4111 conce-

148 4144 528 4214 daturjugali
574 4143 798 4198 vinculo
844 4144 1097 4214 religari,
1142 4144 1239 4198 sed
1291 4145 1351 4198 in
1391 4145 1745 4215 poenitentia
1786 4162 1843 4198 se

150 4233 417 4287 lamentis
441 4232 830 4297 vehementer,
862 4234 999 4286 dum
1025 4233 1242 4299 vivunt,
1290 4234 1557 4288 afliciant.

255 4304 385 4357 Car.
420 4304 616 4357 XXXII.
649 4333 716 4343 —
748 4307 822 4359 De
853 4306 1162 4371 virginibus
1194 4322 1311 4373 qua
1330 4309 1674 4374 pavuricatae
1702 4310 1846 4360 sunt.

220 4377 329 4443 (Ea:
371 4374 519 4428 decr.
569 4375 769 4430 Gelasii
817 4390 993 4444 papa,
1036 4380 1213 4444 capite
1250 4378 1358 4443 IO.)
1392 4376 1720 4445 Virginibus
1758 4393 1851 4429 sa-

148 4462 259 4515 cris
287 4466 503 4515 temere
546 4478 605 4515 se
638 4462 916 4532 quosdam
947 4462 1164 4516 sociare
1210 4463 1601 4533 cognovimus,
1635 4468 1691 4517 et
1728 4468 1855 4533 post

149 4551 402 4604 dicatum
455 4552 569 4604 Deo
607 4551 992 4621 propositum,
1044 4550 1259 4605 incesta
1297 4552 1509 4606 fadera
1548 4552 1854 4622 sacrilega-

149 4656 260 4710 que
317 4640 577 4693 miscere.
635 4640 787 4703 Quos
845 4640 1109 4710 protinus
1181 4657 1412 4711 aquum
1473 4645 1555 4694 est
1606 4657 1639 4693 a
1698 4657 1854 4694 sacra

149 4728 557 4786 communione
604 4728 872 4783 detrudi:
922 4734 980 4783 et
1018 4729 1129 4783 nisi
1164 4746 1266 4798 per
1303 4729 1586 4800 publicam
1640 4730 1853 4800 proba-

147 4822 383 4889 tamque
414 4816 811 4888 paenitentiam
839 4818 1074 4872 omnino
1106 4835 1222 4873 non
1268 4819 1464 4890 recipi,
1518 4821 1615 4874 sed
1660 4825 1853 4874 tamen

150 4908 239 4960 his
265 4906 535 4960 viaticum
568 4906 637 4960 de
687 4907 897 4960 saculo
929 4908 1381 4973 transeuntibus,
1431 4908 1479 4962 si
1525 4909 1699 4979 digne
1730 4924 1849 4978 pte-

152 4996 453 5061 nituerint,
477 5012 596 5049 non
628 5000 893 5066 negetur.

155 5086 277 5141 CAP.
310 5085 534 5139 XXXIII.
554 5114 621 5123 —
638 5084 892 5139 Utvidua
902 5086 1079 5139 velum
1098 5084 1206 5139 sibi
1221 5087 1489 5153 imponere
1502 5100 1608 5139 non
1624 5083 1851 5138 debeant

224 5157 527 5212 inconsulto
551 5158 794 5224 episcopo
834 5171 949 5218 suo,
986 5162 1036 5209 et
1087 5172 1153 5209 ne
1202 5155 1506 5225 presbyteri
1552 5158 1629 5209 eis
1678 5159 1849 5224 impo-

221 5244 346 5283 nere
364 5232 718 5297 prasumant,
748 5228 893 5295 quod
920 5231 970 5281 et
990 5230 1255 5297 episcopis
1286 5243 1390 5280 non
1421 5229 1560 5281 licet.

223 5318 340 5379 (Ea:
413 5332 556 5372 conc.
624 5316 971 5385 Rothomag.,
1045 5319 1224 5386 capite
1282 5318 1360 5384 9.)
1419 5316 1706 5370 Statutum
1768 5318 1854 5368 est

155 5404 351 5459 viduas
394 5420 510 5458 non
557 5404 766 5459 debere
818 5406 1003 5459 velare
1049 5422 1130 5471 se,
1181 5405 1505 5458 inconsulto
1556 5420 1661 5457 suo
1719 5403 1848 5472 epi-

155 5510 346 5564 scopo.
419 5494 601 5549 Simul
657 5498 713 5547 et
765 5493 876 5547 hoc
930 5500 1207 5549 statutum
1254 5498 1357 5560 est,
1423 5499 1485 5546 ut
1562 5491 1611 5545 si
1678 5490 1850 5562 {quis-

155 5582 310 5652 piam
372 5582 841 5654 presbyterorum
907 5583 1179 5654 deinceps
1247 5582 1421 5653 hujus
1486 5579 1851 5636 constitutio-

1944 1820 2302 1887 liberatione,
2334 1821 2675 1893 promissam
2728 1824 2839 1876 Deo
2879 1822 3168 1893 pudicitia
3222 1822 3395 1875 tidem
3425 1821 3640 1875 debue-

1946 1914 2079 1963 runt
2111 1910 2415 1963 custodire.
2448 1911 2560 1963 Nos
2602 1914 2795 1964 autem
2828 1910 3049 1962 nullum
3106 1908 3311 1962 talibus
3369 1910 3641 1979 laqueum

1944 1997 2218 2051 debemus
2265 1998 2519 2068 injicere,
2571 1999 2670 2052 sed
2735 1999 2884 2051 solas
2928 1998 3351 2051 adhortationes
3417 1997 3643 2066 pramii
3700 2038 3709 2045 .

1944 2087 2298 2156 sempiterni,
2348 2102 2657 2157 poenasque
2711 2102 3033 2157 preponere
3101 2084 3279 2139 divini
3309 2084 3533 2153 judicii,
3581 2089 3641 2137 ut

1946 2181 2142 2227 nostra
2189 2174 2259 2228 sit
2307 2174 2569 2228 absoluta
2616 2175 2981 2242 conscientia,
3044 2179 3100 2227 et
3146 2174 3377 2226 illarum
3430 2189 3533 2243 pro
3584 2190 3641 2225 se

1947 2263 2231 2316 rationem
2282 2264 2394 2317 Deo
2444 2263 2645 2316 reddat
2712 2263 2974 2317 intentio.
3050 2261 3375 2318 Cavendum
3426 2260 3641 2331 quippe

1949 2356 2033 2405 est
2096 2354 2249 2423 quod
2311 2352 2379 2405 de
2444 2368 2641 2405 earum
2710 2351 2969 2405 moribus
3035 2349 3369 2420 actibusque
3443 2349 3643 2402 beatus

1952 2442 2161 2494 Paulus
2202 2446 2439 2494 testatur
2496 2441 2807 2509 apostolus,
2866 2440 3017 2510 quod
3073 2439 3301 2509 planius
3361 2452 3644 2506 exponere

1950 2531 2331 2599 praterimus,
2367 2546 2435 2583 ne
2476 2546 2638 2583 sexus
2678 2530 2963 2583 instabilis
3016 2545 3130 2582 non
3191 2533 3307 2582 tam
3371 2526 3644 2581 deterreri

1952 2636 2125 2690 quam
2155 2618 2453 2673 admoneri
2484 2618 2763 2671 videatur.

2022 2708 2146 2763 CAP.
2184 2708 2384 2763 XXXV.
2437 2736 2504 2747 -—
2534 2710 2607 2761 De
2626 2706 2807 2760 viduis
2832 2721 2949 2774 qua
2976 2706 3134 2759 semel
3159 2720 3326 2760 sacra
3356 2719 3642 2758 conversa-

2412 2779 2571 2831 tionis
2594 2778 2832 2830 velamen
2857 2778 3177 2845 suscipiunt.

2024 2869 2129 2935 (Eae
2187 2867 2406 2920 concilio
2455 2866 2766 2931 Aurelian,
2828 2866 3004 2932 capite
3070 2863 3145 2933 3.)
3208 2862 3412 2920 Vidua
3473 2878 3642 2931 spon-

1881 2988 1922 3043 ρ
1952 2960 2121 3009 tanea
2150 2955 2441 3009 voluntate
2469 2954 2538 3007 ab
2570 2952 2736 3006 altari
2783 2967 2955 3006 sacra
2987 2950 3432 3005 conversationis
3488 2951 3644 3002 vela-

1955 3060 2089 3098 men
2114 3043 2450 3114 suscipiunt,
2483 3041 2732 3097 decrevit
2785 3046 2980 3094 sancta
3024 3039 3273 3110 synodus
3332 3038 3393 3092 in
3441 3040 3643 3092 eodem

1954 3132 2246 3203 preposito
2274 3148 2367 3185 eas
2408 3145 2769 3201 permanere.
2809 3129 2930 3182 Non
2963 3128 3121 3182 enim
3154 3128 3237 3181 fas
3288 3144 3409 3181 esse
3462 3128 3648 3181 decer-

1952 3222 2164 3286 nimus,
2219 3226 2282 3274 ut
2339 3226 2643 3290 postquam
2700 3234 2758 3271 se
2811 3217 3053 3272 Domino
3114 3217 3290 3270 semel
3369 3216 3473 3269 sub
3525 3218 3649 3271 velo

1952 3309 2427 3373 consecraverint,
2491 3313 2545 3361 et
2579 3308 2729 3359 inter
2782 3308 2994 3359 velatas
3025 3306 3346 3360 oblationes
3388 3305 3647 3371 fecerint,

1954 3398 2164 3451 iterum
2200 3397 2281 3450 eis
2317 3395 2553 3449 concedi
2582 3394 2820 3464 Spiritui
2848 3399 3042 3447 sancto
3075 3392 3328 3446 mentiri.

1954 3486 2080 3540 CAP.
2114 3485 2345 3539 XXXVI.
2366 3488 2517 3538 —De
2544 3483 2746 3548 viduis,
2778 3487 2835 3536 ut
2864 3483 3043 3535 nullus
3073 3497 3162 3536 eas
3196 3482 3372 3534 velare
3401 3484 3646 3534 attentet.

2027 3556 2133 3626 (Ea:
2154 3557 2339 3610 concil.
2374 3557 2638 3621 Mogunt.,
2688 3570 2808 3622 cap.
2842 3552 2920 3621 6.)
2969 3552 3178 3606 Viduas
3216 3556 3410 3605 autem
3458 3552 3647 3603 velare

1952 3644 2290 3716 pontiﬁcum
2328 3645 2521 3697 nullus
2554 3646 2811 3706 attentet,
2844 3645 3020 3710 prout
3049 3638 3426 3694 constitutum
3456 3644 3540 3692 est
3588 3638 3648 3691 in

1955 3734 2194 3788 decretis
2252 3732 2475 3798 Gelasii,
2530 3731 2779 3802 capitulo
2836 3729 2970 3795 XIII,
3034 3728 3183 3798 quod
3216 3743 3317 3781 nec
3346 3726 3654 3780 auctoritas

1952 3823 2164 3891 divina,
2198 3838 2301 3876 nec
2347 3810 2631 3875 canonum
2664 3820 2849 3873 forma
2899 3816 3184 3888 prastitit.
3236 3817 3373 3880 Qua
3421 3815 3467 3869 si
3528 3831 3656 3885 pro-

1954 3913 2081 3983 pria
2126 3912 2300 3966 fuerit
2348 3911 2639 3964 voluntate
2696 3907 3108 3962 continentiam
3156 3906 3431 3975 professa,
3484 3910 3545 3957 ut
3596 3903 3657 3956 in

1954 4000 2210 4071 ejusdem
2261 3998 2464 4053 Celasii
2505 3998 2752 4066 capitulo
2800 3996 2913 4051 XXI
2959 3995 3188 4063 legitur,
3249 3994 3372 4063 ejus
3413 3992 3655 4046 intentio

1953 4105 2057 4159 pro
2096 4106 2154 4141 se
2205 4088 2410 4141 reddat
2439 4085 2723 4139 rationem
2757 4085 2871 4137 Deo
2906 4099 2919 4136 :
2966 4083 3101 4152 quia
3143 4082 3289 4135 sicut
3341 4080 3657 4134 secundum

1952 4177 2310 4247 Apostolum,
2356 4176 2401 4228 si
2451 4190 2509 4227 se
2539 4173 2827 4227 continere
2864 4187 2978 4224 non
3023 4174 3267 4239 poterat,
3331 4169 3658 4221 nullatenus

1890 4267 2177 4328 Dnubere
2226 4262 2544 4329 vetabatur,
2596 4262 2676 4313 sic
2727 4275 2921 4313 secum
2967 4259 3161 4311 habita
3223 4256 3655 4321 deliberatione,

1962 4353 2305 4424 promissam
2352 4351 2525 4405 tidem
2568 4348 2855 4419 pudicitia
2933 4349 3044 4401 Deo
3122 4345 3291 4400 debet
3352 4343 3657 4398 custodire.

1967 4445 2076 4496 Nos
2108 4447 2321 4505 autem,
2354 4438 2691 4493 auctoritate
2719 4439 2951 4491 Patrum
2983 4434 3222 4499 sutfulti,
3255 4433 3315 4487 in
3342 4433 3448 4486 hoc
3496 4447 3657 4485 sacro

1964 4534 2247 4584 conventu
2292 4527 2603 4592 sancimus,
2650 4532 2703 4579 et
2744 4525 2918 4578 libere
2957 4524 3303 4593 judicamus,
3363 4520 3410 4573 si
3457 4524 3660 4590 sponte

1963 4622 2240 4685 velamen,
2292 4615 2554 4688 quamvis
2595 4630 2713 4668 non
2759 4618 3171 4676 consecratum,
3229 4610 3336 4664 sibi
3363 4610 3661 4677 limposue-

1961 4709 2055 4765 rit.
2080 4712 2137 4761 et
2166 4706 2225 4759 in
2258 4704 2493 4759 ecclesia
2521 4702 2674 4756 inter
2722 4701 2934 4754 velatas
2992 4699 3342 4754 oblationem
3396 4699 3511 4752 Deo
3561 4697 3660 4752 ob-

1961 4797 2177 4861 tulerit,
2223 4794 2380 4861 velit,
2441 4792 2605 4858 nolit,
2665 4788 3056 4843 sanctimonia
3110 4787 3369 4842 habitum
3418 4786 3663 4840 ulterius

1964 4886 2172 4938 habere
2204 4882 2389 4948 debet,
2450 4881 2583 4933 licet
2612 4881 2970 4932 sacramento
3030 4876 3370 4931 continuare
3428 4876 3565 4929 velit
3596 4891 3662 4929 eo

1962 4979 2159 5027 tenore
2211 4977 2263 5024 et
2315 4969 2537 5023 ratione
2586 4969 2845 5021 velamen
2898 4967 3007 5021 sibi
3054 4966 3395 5035 imposuisse
3443 4970 3507 5018 ut
3551 4963 3658 5017 ite-

1963 5078 2091 5115 rum
2128 5065 2321 5130 posset
2338 5060 2648 5128 deponere.

1962 5152 2090 5206 CAP.
2121 5150 2385 5203 XXXVII.
2405 5176 2472 5187 ——
2486 5150 2557 5200 De
2585 5146 2853 5199 nobilibus
2878 5145 3098 5210 feminis
3116 5158 3252 5211 quae,
3270 5146 3561 5210 postquam
3581 5157 3666 5194 ve-

2033 5224 2155 5276 latae
2199 5224 2427 5286 fuerint,
2480 5218 2626 5271 domi
2654 5220 2713 5270 in
2760 5217 2969 5270 deliciis
3026 5214 3258 5268 residere
3307 5212 3659 5266 delectantur.

2032 5312 2139 5383 (Ea:
2187 5311 2411 5364 concilio
2450 5308 2601 5377 apud
2644 5308 3015 5375 Aquisgran.,
3058 5302 3324 5357 Ludovico
3373 5302 3471 5354 Pio
3515 5317 3657 5370 pra:—

1959 5406 2121 5468 sente,
2161 5404 2337 5468 capite
2384 5398 2455 5465 6.)
2498 5398 2573 5451 De
2623 5394 2914 5450 nobilibus
2960 5391 3192 5445 feminis
3242 5406 3371 5460 qua
3436 5389 3662 5443 amissis

1959 5490 2094 5544 viris
2114 5495 2350 5561 repente
2396 5489 2681 5551 velantur,
2723 5490 2781 5539 et
2842 5484 2901 5537 in
2954 5479 3206 5553 propriis
3250 5479 3517 5534 domibus
3585 5478 3667 5532 di-

1958 5595 2148 5633 versas
2196 5576 2562 5633 necessitates
2609 5577 2965 5647 opponentes
3038 5569 3288 5625 residere
3363 5569 3659 5625 delectan-
