3956 6306
288 314 390 365 799

1364 315 1774 370 BURCHARDI
1817 316 2351 373 WORMACIENSIS
2391 317 2725 374 EPISCOI’I.

3687 327 3800 379 800

283 443 398 504 tur,
433 437 503 492 de
525 438 735 510 quibus
767 438 827 492 in
877 437 1004 492 aliis
1033 438 1406 493 conventibus
1443 455 1636 493 coram
1677 440 1978 494 serenitate
2017 443 2062 494 Α
2094 440 2226 506 rint,
2257 446 2427 512 atque
2458 443 2527 496 ad
2561 443 2839 496 secundas
2874 443 3102 514 nuptias
3141 444 3451 500 transitum
3512 445 3801 501 fecerint?

282 534 468 581 vestra
519 529 641 597 jam
711 528 931 581 dudum
1001 528 1338 582 ventilatum
1408 533 1466 582 et
1508 528 1806 582 deﬁnitum
1873 536 1976 593 est,

282 616 491 685 majori
529 616 840 686 solertique
899 616 1090 670 studio
1149 617 1533 670 admonendas
1577 620 1633 669 et
1687 617 1982 670 instruen-

282 705 383 758 das
432 704 501 757 ab
572 703 854 773 episcopis
906 704 1229 766 statuimus,
1284 709 1566 774 quatenus
1632 721 1750 758 sua
1811 705 1982 758 saluti

281 793 600 858 consulant,
661 808 732 845 ne
779 793 859 845 sic
932 792 1238 846 indiscrete
1299 791 1559 859 vivendo,
1616 795 1672 846 et
1747 794 1983 863 propria

279 879 566 950 noxiaque
598 880 856 933 libertate
911 881 1144 944 utendo,
1185 885 1240 933 et
1284 896 1388 949 per
1416 880 1635 934 diversa
1697 880 1978 950 vagando,

283 968 600 1038 periculum
634 967 960 1022 animarum
1005 984 1236 1021 suarum
1277 968 1594 1034 incurrant,
1639 983 1866 1037 semper
1911 968 1977 1020 il-

281 1057 378 1109 lud
410 1055 783 1125 apostolicum
829 1061 960 1108 ante
1001 1057 1194 1109 oculos
1219 1056 1511 1122 habentes,
1560 1073 1675 1126 quo
1723 1057 1976 1110 dicitur:

285 1143 464 1197 Vidua
494 1143 699 1212 quain
726 1143 786 1196 in
811 1143 1030 1197 deliciis
1057 1149 1160 1211 est,
1193 1143 1385 1198 vivens
1413 1148 1640 1197 mortua
1663 1150 1765 1198 est.

282 1249 408 1302 CAP.
430 1249 690 1303 XXXVIII.
716 1277 785 1289 --
807 1251 881 1302 De
905 1251 988 1302 his
1010 1253 1106 1317 qui
1133 1251 1338 1304 velatas
1358 1255 1408 1304 et
1433 1251 1542 1304 Deo
1563 1253 1897 1304 consecratas
1923 1252 1981 1304 in

810 1323 1122 1388 conjugium
1164 1322 1442 1375 duxerint.

349 1409 457 1471 (Ea:
503 1407 724 1460 concilio
793 1408 1102 1475 Aureliam,
1143 1412 1319 1477 capite
1379 1409 1487 1477 23.)
1519 1407 1573 1463 Si
1631 1407 1761 1479 quis
1816 1425 1975 1462 sacro

277 1496 556 1549 velamine
611 1501 997 1549 consecratam
1059 1497 1119 1549 in
1185 1497 1519 1567 conjugium
1601 1496 1848 1563 duxerit,
1923 1500 1978 1549 et

277 1587 408 1654 post
435 1583 684 1638 dicatum
717 1585 828 1638 Deo
860 1585 1215 1654 propositum
1275 1584 1488 1638 incesta
1544 1585 1760 1639 fadera
1811 1585 1978 1638 sacri-

280 1673 520 1742 legaque
569 1671 882 1738 miscuerit,
932 1678 997 1726 ut
1049 1673 1107 1726 in
1173 1674 1494 1727 constitutis
1540 1673 1745 1728 Gelasii
1789 1691 1973 1744 papa,

279 1776 400 1830 cap.
442 1762 546 1827 XX,
573 1761 798 1830 legitur,
827 1760 1090 1830 protinus
1119 1778 1350 1832 aquum
1383 1766 1466 1816 est
1511 1769 1669 1816 sacra
1715 1779 1974 1816 commu-

279 1847 451 1902 nione
500 1849 748 1914 detrudi,
801 1854 856 1902 et
899 1849 1008 1903 nisi
1055 1867 1160 1920 per
1214 1851 1506 1919 publicam
1555 1851 1974 1922 probatamque

279 1936 674 2006 pauitentiam
702 1937 938 1990 omnino
962 1954 1081 1992 non
1116 1938 1314 2008 recipi.
1365 1939 1423 1993 Si
1457 1949 1644 1993 tamen
1701 1939 1976 2010 paenitue-

274 2025 408 2092 rint,
454 2025 881 2079 transeuntibus
928 2026 998 2080 de
1049 2029 1254 2080 saculo
1295 2027 1565 2082 viaticum
1620 2044 1736 2082 non
1795 2045 1972 2099 nege-

280 2119 388 2168 tur.
422 2115 486 2167 In
538 2114 986 2169 Chalcedonensi
1033 2116 1298 2178 concilio,
1344 2133 1467 2187 cap.
1523 2118 1656 2183 XVI,
1697 2117 1805 2170 hoc
1850 2133 1975 2187 per-

279 2205 570 2270 petrantes
610 2203 1193 2258 excommunicantur.
1260 2203 1677 2260 Conﬁtentibus
1722 2204 1973 2258 auctori-

287 2294 396 2342 ...τε
440 2289 690 2362 episcopi
745 2291 1136 2346 misericordia
1183 2293 1438 2364 largitur.
1480 2295 1544 2346 In
1587 2293 1826 2364 epistola
1873 2293 1972 2363 Sy-

280 2377 406 2431 ricii
436 2395 614 2450 papa,
657 2395 779 2451 cap.
831 2381 918 2445 VI,
955 2383 1154 2435 velata
1208 2386 1264 2436 et
1318 2384 1433 2436 Deo
1503 2387 1871 2447 consecrata,
1929 2380 1976 2435 si

282 2466 500 2536 abjecto
553 2469 848 2538 proposito
923 2469 1235 2524 sanctitatis
1311 2471 1632 2524 clanculum
1703 2470 1976 2540 sacrilega

282 2553 619 2622 contagione
667 2572 724 2609 se
774 2555 1125 2624 miscuerint,
1191 2563 1248 2611 et
1309 2558 1519 2611 illicitis
1584 2557 1974 2628 complexibus

279 2641 505 2712 publice
552 2647 608 2696 et
673 2644 848 2698 libere
898 2644 1047 2698 ﬁlios
1087 2647 1532 2715 procreaverint,
1591 2645 1692 2700 has
1746 2646 1974 2716 nuptias

281 2729 641 2784 detestabiles
672 2749 705 2785 a
751 2733 1229 2788 monasteriorum
1286 2740 1454 2796 catu,
1492 2739 1548 2788 et
1602 2734 1970 2788 ecclesiarum

282 2819 652 2873 conventibus
691 2820 1070 2876 eliminandas
1101 2839 1220 2876 esse
1249 2823 1568 2894 judicatum
1594 2829 1678 2877 est
1712 2840 1724 2877 :
1767 2835 1974 2894 quate-

281 2921 391 2958 nus
437 2907 684 2960 detrusa
749 2911 1073 2978 ergastulis,
1145 2915 1368 2966 tantum
1423 2911 1642 2965 facinus
1702 2912 1971 2965 continua

2092 530 2229 594 Qua
2260 537 2317 583 et
2353 529 2402 582 si
2423 530 2694 583 violentia
2721 531 2971 584 irruente
3001 532 3071 585 ab
3106 532 3299 604 aliquo
3352 550 3641 604 oppressa
3669 535 3795 588 fue-

2089 619 2228 683 rint,
2261 635 2326 671 ac
2353 623 2551 688 postea
2583 619 2956 673 delectatione
2996 620 3252 673 libidinis
3305 629 3682 690 permanente
3735 623 3799 677 in

2091 706 2357 777 conjugio
2390 707 2600 776 raptori
2629 708 2714 760 vel
2745 707 2994 762 violento
3028 710 3150 762 viro
3183 696 3594 779 cohsenserint,
3629 712 3799 766 dam-

2090 797 2324 850 natione
2373 799 2635 867 superius
2665 797 2816 851 dicta
2869 804 3176 853 teneantur
3203 801 3486 855 obnoxia.
3531 804 3607 858 De
3661 802 3796 856 tali-

2089 884 2196 938 bus
2243 885 2324 938 ait
2370 887 2721 955 Apostolus:
2774 885 2916 940 Cum
2982 887 3134 941 enim
3205 889 3501 944 luxuriata
3549 890 3792 956 fuerint,

2090 975 2306 1027 nubere
2359 974 2420 1027 in
2459 975 2679 1029 Christo
2747 975 2946 1029 volunt
2995 976 3270 1030 habentes
3331 979 3794 1048 damnationem,

2089 1062 2223 1132 quia
2253 1063 2500 1132 primam
2526 1063 2695 1116 ﬁdem
2732 1063 2949 1117 irritam
2979 1064 3252 1119 fecerunt.

2280 1220 2287 1225 _
2549 1153 2674 1208 CAP.
2704 1153 2806 1206 XL.
2846 1184 2913 1191 —
2942 1156 3012 1206 De
3038 1154 3222 1208 eadem
3243 1171 3319 1208 re.

2187 1241 2294 1311 (Ea:
2322 1240 2466 1294 decr.
2502 1241 2800 1310 Zephyrini
2819 1257 2996 1310 papa,
3026 1245 3202 1310 capite
3241 1243 3318 1312 4.)
3355 1245 3421 1298 Ut
3447 1245 3634 1300 vidua
3667 1261 3791 1300 non

2086 1328 2200 1382 sint
2228 1329 2287 1382 in
2318 1329 2556 1395 deliciis,
2589 1331 2708 1396 sed,
2744 1331 3057 1384 secundum
3085 1334 3436 1402 Apostolum,
3471 1334 3574 1388 sub
3623 1341 3795 1405 pote-

2088 1422 2230 1471 state
2263 1417 2515 1488 episcopi
2549 1418 2756 1472 vivant.

2547 1509 2675 1562 CAP.
2700 1507 2833 1562 XLI.
2855 1537 2925 1548 —
2947 1511 3017 1562 De
3045 1509 3229 1564 eadem
3245 1527 3320 1564 re.

2157 1596 2421 1666 (Apostol.
2457 1596 2635 1664 dicit.)
2670 1595 2943 1666 Pracipe,
2983 1597 3188 1668 inquit,
3231 1599 3500 1654 utvidua
3548 1600 3801 1672 irrepre-

2019 1717 2056 1770 Β
2085 1685 2395 1739 hensibiles
2426 1685 2556 1738 sint.
2591 1685 2773 1739 Vidua
2812 1685 3057 1754 eligatur
3083 1702 3200 1740 non
3239 1687 3430 1741 minus
3486 1689 3573 1744 XL
3604 1705 3802 1744 anno-

2085 1788 2234 1837 rum,
2297 1773 2355 1827 iu
2413 1773 2684 1842 operibus
2759 1773 2922 1826 bonis
2977 1775 3372 1829 testimonium
3441 1777 3678 1843 habens,
3747 1779 3800 1833 si

2085 1863 2233 1916 ﬁlios
2281 1862 2563 1927 educavit,
2614 1866 2716 1914 etc.
2769 1861 3267 1916 Adolescentiores
3322 1863 3522 1918 viduas
3571 1866 3790 1920 devita.

2086 1950 2226 2004 Cum
2259 1951 2411 2003 enim
2445 1950 2747 2004 luxuriata
2776 1950 3010 2016 fuerint,
3045 1951 3105 2005 in
3149 1952 3372 2006 Christo
3421 1954 3637 2008 nubere
3687 1972 3794 2008 vo-

2083 2037 2546 2105 lunt,£habentes
2596 2037 3042 2104 damnationem,
3097 2040 3232 2110 quia
3289 2042 3534 2111 primam
3613 2041 3796 2097 ﬁdem

2084 2126 2305 2181 irritam
2359 2126 2660 2180 fecerunt:
2713 2127 2885 2180 simul
2922 2133 2978 2180 et
3032 2128 3228 2182 otiosa
3277 2130 3575 2199 loquentes
3627 2132 3796 2203 quod

2083 2229 2198 2266 non
2245 2219 2486 2282 oportet.
2524 2215 2657 2268 Volo
2711 2231 2848 2285 ergo
2891 2214 3155 2285 juniores
3195 2217 3431 2285 nubere,
3487 2233 3796 2288 procreare

2084 2301 2250 2367 ﬁlios,
2295 2302 2752 2356 matresfamilias
2782 2319 2923 2371 esse,
2968 2305 3184 2358 nullam
3232 2306 3586 2360 occasionem
3649 2308 3795 2362 dare

2086 2390 2428 2458 adversario,
2496 2391 2786 2445 maledicti
2859 2393 3062 2462 gratia.
3117 2395 3239 2448 Jam
3313 2394 3467 2448 enim
3521 2397 3793 2466 quadam

2087 2495 2376 2534 conversa
2405 2485 2538 2534 sunt
2561 2486 2715 2534 retro
2745 2480 3031 2534 Satanam.

2086 2587 2212 2640 CAP.
2236 2587 2394 2640 XLII.
2427 2617 2496 2626 ——
2528 2590 2604 2642 De
2630 2589 2856 2654 feminis
2899 2604 3133 2656 quarum
3175 2591 3368 2643 mariti
3415 2591 3672 2657 obierint,
3730 2597 3796 2645 ut

2656 2674 2763 2712 non
2802 2661 2908 2712 cito
2940 2675 2995 2712 se
3027 2661 3216 2713 velent.

2155 2745 2262 2816 (Ea:
2304 2747 2524 2800 concilio
2566 2746 2872 2810 Aureliam,
2903 2749 3080 2816 capite
3124 2750 3199 2813 5.)
3237 2748 3314 2801 De
3372 2748 3599 2802 feminis
3641 2767 3794 2822 .qua

2084 2835 2235 2888 viros
2284 2835 2576 2900 amittunt,
2627 2837 2810 2904 placet
2859 2851 2928 2887 ne
2973 2850 3032 2887 se
3082 2835 3226 2889 sicut
3274 2835 3546 2891 hactenus
3604 2838 3792 2892 indis-

2083 2927 2234 2976 crete
2290 2922 2497 2990 velent,
2561 2923 2658 2976 sed
2722 2923 2962 2992 triginta
2989 2923 3108 2977 dies
3139 2927 3270 2993 post
3325 2924 3618 2978 decessum
3681 2926 3794 2980 viri

284 2993 689 3083 lamentatione
722 2996 988 3052 defleant.
1026 2999 1181 3053 Unde
1252 2999 1423 3053 verbo
1467 2999 1692 3053 Domini
1725 3003 1780 3053 et
1806 3015 1980 3053 cano-
2020 3000 2061 3055 C
2091 3011 2179 3065 sui
2207 3016 2549 3082 exspectent,
2599 3013 2668 3065 Et,
2695 3019 2822 3082 post
2850 3013 3208 3066 tricesimum
3259 3013 3411 3067 diem
3458 3030 3562 3083 per
3589 3017 3794 3069 consi-

285 3081 415 3134 nica
442 3083 772 3138 auctoritate
803 3083 862 3138 in
894 3085 998 3140 hac
1027 3093 1220 3140 sancta
1249 3088 1466 3157 synodo
1497 3088 1883 3159 pracipimus,
1916 3094 1982 3142 ut

286 3170 523 3224 omnino
550 3177 906 3242 separentur,
939 3181 996 3228 et
1033 3175 1368 3245 juramento
1412 3177 1776 3248 colligantur,
1823 3178 1976 3232 ulte-

283 3258 403 3312 rius
461 3260 566 3314 sub
611 3277 726 3315 uno
778 3278 896 3316 non
953 3264 1278 3319 cohabitare
1332 3270 1502 3334 tecto,
1559 3282 1664 3320 nec
1708 3265 1980 3320 familiari

282 3347 398 3402 frui
447 3349 753 3420 colloquio,
802 3357 1035 3423 excepto
1068 3352 1127 3407 in
1160 3353 1412 3417 ecclesia,
1467 3359 1568 3408 aut
1609 3354 1670 3407 in
1727 3354 1978 3426 publico,

285 3440 383 3490 aut
432 3452 552 3491 rem
610 3439 821 3494 habere
851 3441 1026 3495 ullam
1057 3457 1444 3508 communem,
1503 3443 1654 3498 unde
1731 3443 1978 3513 suspicio

285 3524 604 3579 illecebrosi
636 3527 925 3590 desiderii,
989 3534 1090 3582 aut
1136 3531 1468 3584 scandalum
1516 3531 1807 3586 libidinosi
1848 3531 1981 3586 facti

275 3613 430 3682 juste
451 3615 628 3683 possit
675 3616 833 3671 oriri.
883 3617 942 3672 Si
992 3634 1106 3688 qua
1130 3618 1303 3673 etiam
1358 3619 1508 3673 inter
1563 3636 1622 3674 se
1675 3619 1981 3674 dividenda

286 3703 420 3768 sint,
453 3702 726 3766 dividant,
758 3711 812 3759 et
841 3710 1082 3776 uterque
1119 3723 1221 3760 sua
1250 3708 1563 3777 provideat,
1605 3713 1664 3763 et
1691 3708 1978 3762 incestuo-

286 3805 381 3843 sus
411 3790 533 3844 sine
563 3807 663 3860 spe
693 3793 949 3863 conjugii
975 3800 1226 3848 maneat.

297 3896 426 3950 CAP.
449 3897 660 3950 XXXIX.
681 3927 750 3936 —
769 3901 845 3953 De
861 3898 1044 3953 viduis
1073 3915 1192 3967 qua
1252 3902 1555 3968 professum
1598 3903 1978 3956 continentiam

846 3973 1222 4039 pravaricata
1266 3977 1412 4026 sunt.

377 4074 486 4143 (Ex
516 4075 738 4130 concilio
769 4075 1061 4146 Carthag.,
1109 4079 1285 4146 capite
1334 4077 1474 4146 104.)
1508 4079 1586 4131 De
1632 4077 1819 4132 viduis
1849 4094 1980 4149 qua

285 4163 600 4234 professam
664 4163 1075 4218 continentiam
1135 4166 1519 4235 pravaricata
1594 4172 1782 4221 sunt:
1835 4166 1980 4221 sicut

2090 3101 2230 3154 lium
2278 3100 2529 3170 episcopi
2587 3101 2694 3167 sui,
2739 3101 2848 3166 vel,
2907 3100 2954 3152 si
2987 3102 3290 3171 episcopus
3343 3101 3548 3156 absens
3589 3103 3789 3173 fuerit,

2089 3189 2324 3244 consilio
2369 3189 2612 3243 aliorum
2658 3189 3065 3260 religiosorum
3111 3191 3469 3245 sacerdotum
3525 3209 3794 3248 suorum-

2089 3294 2200 3348 que
2233 3277 2549 3332 amicorum
2576 3278 2628 3332 id
2678 3278 2831 3350 quod
2867 3278 3080 3350 eligere
3111 3279 3319 3334 debent
3347 3280 3561 3350 eligant
3593 3295 3606 3333 :
3641 3285 3700 3333 et
3731 3285 3795 3335 ut

2087 3372 2327 3437 rogetur
2363 3368 2630 3438 princeps
2660 3386 2693 3422 a
2722 3384 2878 3421 sacro
2905 3373 3210 3434 conventu,
3260 3373 3324 3421 ut
3351 3368 3410 3421 hi
3461 3369 3559 3438 qui
3596 3369 3796 3438 publi-

2089 3469 2212 3507 cam
2279 3459 2522 3525 egerunt
2581 3455 3005 3525 paenitentiam,
3059 3460 3117 3509 et
3178 3454 3408 3509 femina
3452 3472 3578 3526 qua
3637 3457 3794 3511 viros

2089 3542 2377 3609 amittunt,
2455 3559 2558 3596 sua
2628 3543 2964 3597 auctoritate
3040 3543 3222 3597 donec
3271 3543 3590 3598 deliberent
3646 3545 3796 3614 quid

2087 3635 2260 3701 agant
2289 3635 2579 3697 tueantur,
2609 3636 2663 3684 et
2683 3631 3006 3702 specialiter
3057 3647 3162 3701 pro
3192 3632 3280 3686 his
3333 3633 3577 3703 capitula
3637 3633 3794 3701 ﬁeri,

2089 3726 2146 3774 et
2179 3719 2320 3790 legis
2375 3721 2681 3775 mundana
2730 3719 2992 3790 capitulis
3046 3720 3350 3774 inserenda
3412 3721 3791 3777 decrevimus.

2088 3809 2215 3864 CAP.
2231 3809 2410 3863 XLIII.
2427 3838 2491 3850 —
2509 3811 2577 3863 Ut
2599 3809 2886 3863 viduitatis
2906 3811 3172 3878 professio
3189 3825 3372 3866 coram
3399 3813 3643 3880 episcopo
3665 3815 3793 3878 fiat.

2159 3901 2267 3962 (Ea:
2297 3898 2482 3952 concil.
2513 3899 2799 3965 Arausic.,
2835 3901 3012 3966 capite
3044 3898 3122 3964 6.)
3157 3899 3455 3952 Viduitatis
3493 3900 3793 3955 servanda

2087 3985 2502 4058 professionem
2531 4003 2723 4040 coram
2764 3987 3030 4057 episcopo
3059 3988 3118 4040 in
3159 3987 3462 4042 secretario
3506 3987 3789 4055 habitam,

2087 4075 2358 4146 imposita
2414 4091 2607 4129 coram
2665 4075 2932 4146 episcopo
2984 4079 3140 4130 veste
3202 4076 3434 4145 viduali,
3493 4093 3612 4130 non
3662 4093 3791 4132 esse

2089 4163 2438 4229 violandam,
2517 4163 2700 4234 ipsam
2770 4163 2897 4216 talis
2966 4163 3338 4233 professionis
3419 4163 3788 4219 desertricem

287 4252 503 4306 bonum
531 4257 613 4306 est
647 4252 918 4306 castitatis
957 4255 1284 4324 pramium,
1317 4254 1398 4308 ita
1441 4260 1497 4310 et
1543 4255 1748 4326 majori
1791 4255 1980 4310 obser-
2018 4277 2066 4333 D
2094 4252 2298 4306 merito
2329 4268 2448 4306 esse
2480 4251 2862 4306 damnandam
2895 4251 3273 4335 decernimus.

287 4340 476 4394 vantia
503 4346 560 4395 et
591 4341 972 4412 praceptione
1011 4344 1446 4398 custodiendum
1496 4349 1597 4412 est,
1644 4350 1706 4398 ut
1755 4344 1806 4398 si
1851 4361 1982 4416 qua

287 4427 494 4493 vidua,
536 4428 852 4498 quamlibet
879 4429 1064 4484 adhuc
1109 4430 1169 4484 in
1206 4431 1525 4485 minoribus
1571 4431 1737 4484 annis
1781 4432 1982 4502 posita

286 4519 344 4569 et
384 4521 610 4570 matura
647 4522 816 4572 atate
849 4534 881 4570 a
908 4518 1031 4572 viro
1078 4519 1312 4585 relicta,
1358 4535 1418 4572 se
1465 4519 1799 4573 devoverint
1843 4521 1980 4583 Deo,

288 4609 344 4658 et
371 4609 526 4659 veste
585 4605 773 4660 laicali
825 4606 1063 4678 abjecta,
1109 4609 1215 4662 sub
1274 4607 1603 4663 testimonio
1629 4606 1880 4679 episcopi
1927 4615 1985 4664 et

288 4693 547 4747 Ecclesia
585 4693 852 4764 religioso
898 4696 1101 4750 habitu
1155 4701 1568 4767 apparuerunt,
1623 4700 1820 4766 postea
1848 4713 1981 4751 vero

285 4781 354 4836 ad
386 4781 617 4853 nuptias
645 4785 942 4838 saculares
978 4784 1351 4850 transierunt,
1395 4785 1708 4839 secundum
1736 4789 1982 4857 Aposto-

285 4873 406 4925 lum
461 4872 891 4927 damnationem
950 4874 1199 4928 habeant
1233 4890 1246 4926 :
1280 4872 1418 4942 quia
1473 4872 1648 4928 ﬁdem
1709 4873 1985 4930 castitatis

285 4977 457 5031 quam
490 4962 604 5016 Deo
643 4967 940 5028 voverunt,
988 4961 1208 5015 irritam
1250 4961 1435 5015 facere
1484 4961 1593 5016 visi
1629 4966 1780 5018 sunt.
1823 4963 1984 5018 Tales

284 5066 420 5120 ergo
448 5067 713 5121 persona
752 5067 786 5105 a
825 5050 1278 5106 Christianorum
1322 5050 1732 5105 communione
1780 5068 1981 5123 seque-

285 5143 558 5207 strentur,
591 5155 780 5211 neque
825 5140 999 5195 etiam
1049 5139 1110 5193 in
1160 5138 1417 5194 convivio
1469 5155 1602 5194 cum
1645 5139 1986 5195 Christianis

285 5230 727 5284 communicent.
775 5231 916 5285 Nam
945 5229 992 5282 si
1040 5229 1318 5283 adultera
1368 5229 1642 5300 conjuges
1672 5246 1784 5283 rea
1831 5234 1981 5296 sunt,

289 5319 336 5372 si
375 5319 491 5372 suis
517 5319 655 5373 viris
713 5317 974 5373 obnoxia
1021 5317 1253 5383 fuerint,
1301 5324 1514 5388 quanto
1555 5317 1740 5389 magis
1796 5317 1986 5373 vidua

289 5423 419 5478 qua
458 5407 558 5461 Dei
604 5407 1033 5478 religiositatem
1065 5410 1449 5471 mutaverunt,
1480 5407 1720 5461 crimine
1766 5407 1987 5462 adulte-

291 5494 363 5549 rii
390 5497 765 5562 notabuntur,
807 5496 856 5550 si
909 5496 1272 5550 devotionem
1317 5511 1489 5566 quam
1516 5499 1718 5566 sponte
1767 5510 1872 5549 nec
1894 5511 1985 5548 co-

294 5587 416 5637 acte
480 5584 595 5638 Deo
638 5584 971 5639 obtulerunt
1025 5584 1329 5639 libidinosa
1379 5584 1668 5639 voluntate
1706 5599 1986 5655 corrupe-

2163 4359 2290 4412 CAP.
2323 4358 2498 4412 XLIV.
2531 4387 2599 4396 -—
2633 4359 2700 4412 Ut
2727 4357 2910 4412 nullus
2931 4358 3064 4411 velet
3088 4359 3172 4411 vel
3199 4357 3386 4427 iubeat
3409 4358 3605 4412 viduas
3633 4360 3720 4412 vel

2691 4430 2929 4494 virgines
2956 4428 3172 4482 nubere.

2162 4518 2270 4586 (Ea:
2297 4517 2518 4572 concilio
2570 4518 2832 4583 Toletum,
2879 4515 3056 4586 capite
3106 4517 3210 4585 lO.)
3244 4518 3353 4571 Pro
3403 4518 3663 4572 consulto
3705 4535 3797 4572 ca-

2094 4606 2316 4673 stitatis,
2349 4606 2505 4678 quod
2536 4605 2780 4660 maxime
2828 4605 3194 4661 hortamento
3239 4607 3467 4660 concilii
3514 4606 3798 4677 proﬁcere

2093 4695 2318 4761 debeat,
2355 4698 2644 4748 annuente
2691 4694 2940 4764 glorioso
2988 4695 3221 4749 domino
3261 4700 3456 4750 nostro
3503 4696 3797 4751 Recaredo

2093 4799 2246 4854 rege,
2305 4783 2415 4838 hoc
2475 4787 2737 4838 sanctum
2789 4783 3037 4838 afﬁrmat
3108 4783 3438 4851 concilium,
3497 4788 3558 4837 ut
3605 4783 3799 4839 vidua

2093 4872 2302 4942 quibus
2330 4871 2612 4941 placuerit
2651 4877 2848 4926 tenere
2877 4871 3215 4938 castitatem,
3262 4873 3422 4926 nulla
3458 4871 3512 4926 vi
3565 4871 3633 4926 ad
3681 4888 3797 4926 nu-

2094 4961 2240 5031 ptias
2313 4960 2600 5015 iterandas
2674 4960 2869 5015 venire
2921 4965 3214 5030 cogantur.
3277 4960 3439 5025 Quod
3515 4960 3561 5014 si
3607 4960 3798 5031 prius-

2094 5065 2267 5120 quam
2305 5049 2688 5118 proﬁteantur
2749 5049 3185 5116 continentiam,
3228 5050 3444 5104 nubere
3490 5049 3794 5120 elegerint,

2094 5138 2207 5194 illis
2235 5139 2455 5193 nubant
2495 5155 2638 5210 quos
2665 5139 2904 5209 propria
2939 5139 3230 5193 voluntate
3261 5138 3547 5193 voluerint
3577 5139 3796 5194 habere

2096 5228 2346 5282 maritos.
2412 5228 2624 5284 Similis
2670 5227 2922 5283 conditio
2997 5232 3053 5282 et
3098 5227 3417 5298 virginibus
3488 5227 3793 5291 habeatur,

2095 5333 2198 5371 nec
2226 5321 2422 5372 contra
2451 5317 2805 5370 voluntatem
2827 5321 3132 5388 parentum
3177 5315 3267 5369 vel
3299 5331 3460 5369 suam
3508 5318 3798 5384 cogantur

2096 5405 2334 5460 maritos
2363 5406 2637 5476 accipere.
2678 5403 2737 5459 Si
2783 5404 2913 5474 quis
2943 5419 3074 5458 vero
3114 5402 3476 5474 propositum
3518 5401 3798 5457 castitatis

2093 5494 2283 5548 vidua
2351 5495 2438 5548 vel
2501 5493 2742 5564 virginis
2788 5492 3135 5564 impedierit,
3186 5508 3220 5546 a
3279 5495 3472 5546 sancta
3523 5507 3794 5546 commu-

2095 5583 2268 5638 nione
2318 5587 2377 5638 et
2419 5599 2452 5636 a
2497 5581 2793 5637 liminibus
2847 5581 3101 5637 ecclesia
3153 5580 3434 5636 habeatur
3463 5587 3790 5636 extraneus.
