3956 6302
137 318 226 371 801
1105 314 1580 372 DECRETORUM
1625 319 1809 374 LIBRI
1847 320 1954 376 XX.
1995 351 2065 361 —
2108 322 2311 378 LIBER
2350 321 2677 377 OCTAVUS.

203 438 333 493 Car.
368 439 522 493 XLV.
547 467 615 480 —
641 440 715 492 De
731 437 913 491 viduis
931 440 1274 507 propositum
1300 440 1749 509 relinquentibus.

203 528 327 595 (Ea:
355 530 515 597 epist.
549 529 709 596 Greg.
740 543 898 596 papa
926 530 1092 581 missa
1108 527 1182 581 ad
1201 530 1591 597 Bonifacium.)
1624 529 1835 583 Viduas

138 632 168 667 a
192 617 491 685 proposito
543 616 898 670 discedentes
936 616 1248 682 viduitatis,
1282 633 1455 686 super
1495 618 1703 687 quibus
1734 634 1839 671 nos

138 705 440 759 consulere
471 705 649 758 voluit
674 704 903 759 dilectio
931 709 1048 770 tua,
1082 705 1256 758 frater
1286 707 1639 773 charissima,
1671 708 1839 760 credo

140 798 190 845 te
220 810 383 846 nosse
417 811 450 847 a
476 799 671 847 sancto
701 795 899 860 Paulo,
931 798 983 847 et
1017 812 1048 847 a
1080 794 1274 847 multis
1306 796 1511 848 sanctis
1558 795 1840 864 Patribus,

140 882 246 935 nisi
280 888 712 943 convertantur.
758 883 893 936 olim
934 898 1055 935 esse
1099 884 1415 936 damnatas.
1460 884 1609 946 Quas
1651 889 1706 936 et
1737 900 1841 937 nos

140 970 451 1039 apostolica
482 971 818 1024 auctoritate
863 971 1235 1036 damnandos,
1287 979 1345 1024 et
1382 972 1841 1025 acommunione

138 1058 392 1113 fidelium
433 1065 604 1129 atque
653 1077 685 1113 a
742 1059 1037 1113 liminibus
1097 1060 1351 1115 ecclesia
1394 1061 1664 1114 arcendas
1716 1060 1839 1114 fore

139 1163 463 1212 censemus,
510 1164 812 1218 usquequo
868 1148 1140 1201 obediant
1179 1148 1462 1218 episcopis
1510 1149 1629 1202 suis
1670 1153 1727 1202 et
1768 1149 1841 1213 ad

138 1235 356 1289 bonum
386 1238 541 1307 quod
584 1242 879 1307 coeperunt
907 1237 1101 1291 invita
1141 1244 1241 1291 aut
1278 1238 1622 1291 voluntariae
1650 1253 1843 1291 rever-

138 1330 350 1378 tantur.
386 1326 465 1378 De
492 1325 808 1395 virginibus
838 1332 1031 1379 autem
1063 1343 1180 1380 non
1225 1325 1447 1392 velatis,
1499 1326 1543 1379 si
1584 1326 1844 1380 deviave-

138 1413 272 1480 rint,
323 1430 357 1467 a
407 1420 616 1467 sancta
655 1414 951 1467 memoria
996 1416 1411 1484 pradecessore
1459 1420 1652 1467 nostro
1701 1431 1848 1485 papa

140 1503 477 1557 Innocentio
535 1504 723 1557 taliter
803 1503 1095 1557 decretum
1170 1504 1495 1558 habemus:
1555 1506 1653 1557 Ha
1716 1520 1846 1558 vero

140 1608 266 1662 qua
310 1593 556 1646 necdum
599 1608 755 1645 sacro
786 1592 1067 1646 velamine
1115 1597 1300 1657 tecta,
1350 1598 1546 1646 tamen
1600 1593 1659 1644 in
1717 1609 1844 1662 pro-

141 1681 327 1749 posito
359 1680 631 1750 virginali
672 1697 897 1751 semper
935 1698 995 1735 se
1031 1682 1447 1735 simulaverunt
1485 1697 1842 1751 permanere,

140 1770 269 1822 licet
307 1772 512 1823 velata
573 1786 690 1823 non
745 1770 977 1835 fuerint,
1044 1770 1091 1822 si
1156 1770 1477 1841 nupserint,
1535 1770 1836 1840 aliquanto

141 1865 404 1927 tempore
467 1857 556 1911 his
605 1858 825 1928 agenda
854 1857 1193 1929 panitentia
1240 1862 1375 1912 est:
1431 1857 1568 1928 quia
1600 1858 1848 1927 sponsio

143 1962 343 2000 earum
375 1963 409 1999 a
441 1946 685 1999 Domino
724 1948 1040 2000 tenebatur.
1092 1946 1148 2000 Si
1185 1946 1341 1999 enim
1385 1945 1536 2000 inter
1583 1946 1849 2000 homines

144 2036 286 2088 solet
338 2035 508 2089 bona
559 2035 691 2089 ﬁdei
730 2040 1051 2090 contractus
1113 2036 1271 2089 nulla
1319 2035 1541 2089 ratione
1592 2034 1846 2102 dissolvi,

144 2129 360 2193 quanto
398 2124 582 2192 magis
618 2123 725 2177 ista
769 2124 1127 2194 pollicitatio,
1169 2140 1344 2191 quam
1375 2140 1506 2177 cum
1542 2124 1654 2177 Deo
1687 2124 1846 2194 pepi-

144 2212 243 2279 git,
280 2212 427 2264 solvi
457 2212 579 2266 sine
606 2210 851 2265 vindicta
888 2228 1003 2266 non
1030 2214 1278 2282 poterit?
1309 2218 1411 2267 etc.
1449 2214 1590 2265 Nam
1632 2212 1679 2264 si
1727 2212 1849 2265 vir-

146 2299 307 2368 gines
374 2300 637 2353 nondum
705 2300 899 2353 velatae
968 2300 1156 2354 taliter
1215 2300 1556 2370 pauitantia
1622 2299 1853 2370 publica

148 2388 474 2458 puniuntur
513 2394 568 2442 et
611 2406 643 2441 a
674 2394 818 2442 coetu
868 2389 1128 2443 fidelium
1171 2405 1350 2458 usque
1392 2390 1461 2442 ad
1511 2387 1852 2442 satisfactio-

149 2494 280 2531 nem
327 2478 727 2544 excluduntur,
772 2484 987 2548 quanto
1037 2479 1226 2548 potius
1267 2478 1451 2531 vidua
1489 2493 1619 2547 qua
1665 2476 1850 2546 perle-

157 2566 350 2619 ctioris
381 2566 645 2631 atatatis,
672 2571 727 2619 et
753 2566 1081 2619 maturioris
1101 2566 1602 2636 sapientia,atque
1629 2562 1852 2617 consilii

154 2657 423 2717 existunt,
475 2654 847 2725 virorumque
888 2654 1173 2708 consortio
1219 2655 1511 2708 multnties
1547 2670 1663 2707 usa
1696 2657 1850 2717 sunt,

155 2750 207 2796 et
233 2744 500 2797 habitum
530 2743 821 2811 religionis
853 2748 1306 2813 assumpserunt,
1353 2748 1409 2796 et
1436 2743 1671 2796 demum
1725 2756 1856 2809 apo-

157 2836 528 2892 stataverunt,
600 2837 771 2901 atque
829 2831 898 2885 ad
954 2832 1206 2901 priorem
1268 2830 1545 2883 vomitum
1610 2834 1743 2882 sunt
1771 2844 1855 2881 re-

156 2936 354 2986 versa,
387 2936 423 2972 a
460 2919 623 2973 nobis
654 2926 707 2973 et
754 2921 821 2974 ab
872 2920 1141 2974 omnibus
1170 2920 1434 2973 fidelibus
1473 2936 1505 2971 a
1560 2917 1855 2971 liminibus

158 3009 412 3062 ecclesia
461 3015 517 3062 et
560 3024 593 3061 a
633 3015 782 3063 catu
831 3009 1111 3075 ﬁdelium,

159 3112 313 3159 nem,
348 3100 482 3148 sunt
516 3095 891 3165 ‘reliminanda
924 3100 980 3149 et
1016 3095 1338 3149 carceribus
1372 3094 1686 3159 tradenda,
1723 3109 1859 3163 qua-

162 3187 289 3239 liter
337 3185 504 3254 juxta
564 3185 793 3237 beatum
854 3184 1175 3254 apostolum
1243 3185 1508 3251 Paulum,
1570 3182 1859 3236 tradentes

158 3274 495 3345 hujusmodi
522 3273 815 3327 hominem
867 3273 1113 3339 Satana,
1163 3277 1225 3326 ut
1272 3272 1506 3342 spiritus
1552 3271 1740 3324 salvus
1783 3270 1856 3324 sit

158 3364 214 3416 in
264 3363 359 3416 die
414 3360 686 3415 Domini?
728 3362 805 3415 De
854 3363 1059 3415 talibus
1110 3362 1262 3414 enim
1315 3366 1371 3414 et.
1426 3361 1701 3413 Dominus
1759 3374 1862 3427 per

159 3453 391 3521 Moysen
429 3451 683 3520 loquitur
720 3451 913 3504 dicens
950 3467 961 3504 :
1008 3450 1245 3505 Auferte
1286 3450 1503 3503 malum
1552 3449 1622 3501 de
1674 3448 1861 3501 medio

157 3541 351 3594 vestri.
402 3541 481 3593 De
524 3540 731 3611 quibus
775 3546 829 3593 et
870 3556 972 3610 per
1019 3540 1359 3609 PrOphetam
1399 3538 1520 3590 ait:
1556 3535 1864 3590 Latabitur

154 3630 347 3697 justus
393 3645 526 3682 cum
568 3629 773 3682 viderit
818 3628 1145 3694 vindictam,
1201 3643 1404 3681 manus
1465 3643 1595 3679 suas
1653 3624 1865 3678 lavabit

158 3720 213 3771 in
247 3717 535 3787 sanguine
570 3718 897 3786 peccatoris.
933 3720 1007 3771 De
1039 3718 1246 3771 talibus
1280 3732 1530 3786 namque
1571 3720 1629 3768 et
1667 3730 1864 3768 eorum

160 3806 451 3860 similibus
516 3810 686 3875 atque
744 3806 959 3859 eisdem
1041 3805 1531 3858 consentientibus
1598 3803 1861 3857 dicitur:

161 3896 300 3965 quia
332 3911 451 3948 non
495 3895 681 3947 solum
721 3895 821 3964 qui
868 3893 1101 3961 faciunt,
1132 3893 1229 3947 sed
1267 3893 1440 3946 etiam
1481 3891 1580 3962 qui
1621 3907 1864 3945 consen-

162 3984 317 4037 tiunt.
346 3983 706 4049 facientibus,
742 3983 823 4037 rei
856 3988 1007 4037 sunt.

167 4090 296 4145 Car.
328 4090 511 4144 XLVI.
564 4119 632 4129 —
677 4091 743 4144 Ut
797 4089 976 4143 vidua
1007 4089 1195 4142 velata
1233 4087 1307 4142 ad
1346 4089 1571 4155 nuptias
1638 4088 1718 4139 ire
1760 4101 1867 4139 non

895 4161 1138 4214 debeant.

235 4266 349 4336 (Ea:
392 4265 535 4320 decr.
606 4247 815 4319 Celasii
881 4281 1038 4334 papa
1089 4264 1163 4317 ad
1236 4264 1539 4319 Sicilienses
1595 4264 1865 4331 episcopos

163 4356 371 4421 missis,
417 4356 598 4423 capite
637 4355 715 4422 9.)
762 4355 957 4424 Neque
997 4354 1197 4407 viduas
1233 4353 1305 4407 ad
1344 4352 1576 4421 nuptias
1619 4351 1863 4404 transire

165 4444 443 4513 patimur,
477 4458 605 4512 qua
636 4442 904 4511 religioso
933 4441 1227 4512 proposito
1277 4440 1549 4495 diuturna
1596 4440 1863 4493 observa-

164 4532 324 4585 tione
354 4536 813 4601 permanserunt.
841 4531 1110 4585 Similiter
1141 4530 1388 4600 virgines
1415 4529 1628 4583 nubere
1660 4527 1864 4597 prohi-

162 4620 391 4686 bemus,
422 4636 562 4690 quas
601 4621 764 4673 annis
812 4619 1079 4691 plurimis
1124 4619 1186 4673 in
1226 4618 1588 4673 monasteriis
1637 4623 1863 4671 atatem

164 4710 461 4780 peregisse
491 4709 813 4779 contigerit.

164 4819 293 4872 CAP.
343 4816 544 4870 XLVII.
594 4846 661 4855 —
696 4818 776 4869 De
829 4816 1000 4869 vidua
1030 4831 1148 4884 qua
1193 4815 1290 4869 sub
1336 4815 1551 4868 obtentu
1577 4813 1865 4880 religionis

521 4888 695 4941 velum
718 4887 792 4941 ad
814 4894 1019 4956 tempus
1039 4888 1148 4940 sibi
1170 4889 1503 4955 imposuerit.

234 4977 345 5045 (Ea:
372 4979 532 5044 epist.
570 4978 779 5031 Nicolai
810 4992 988 5045 papa,
1020 4977 1196 5042 capite
1232 4976 1307 5043 5.)
1345 4974 1607 5028 Nicolaus
1639 4972 1864 5041 episco-

165 5080 271 5133 pus
321 5081 520 5118 servus
577 5081 872 5119 servorum
916 5066 1038 5131 Dei,
1098 5062 1572 5116 reverendissimo
1630 5065 1689 5113 et
1733 5075 1863 5112 san—

166 5153 423 5209 ctissimo
449 5153 717 5206 confratri
750 5158 946 5207 nOstro
979 5152 1272 5207 Adalwino
1327 5156 1535 5204 sancta
1584 5148 1861 5201 Vivenen-

168 5245 241 5297 sis
273 5242 536 5297 Ecclesia
576 5242 1021 5313 archiepiscopo.
1057 5242 1219 5305 Quod
1260 5244 1453 5293 autem
1499 5236 1864 5305 interrogasti

167 5332 236 5385 de
295 5330 511 5385 femina
567 5348 695 5402 qua
756 5336 886 5401 post
944 5330 1165 5385 obitum
1224 5327 1415 5382 mariti
1475 5325 1563 5379 sui
1607 5325 1865 5378 velamen

169 5436 393 5475 sacrum
425 5436 598 5490 super
628 5426 800 5492 caput
829 5436 995 5474 suum
1027 5419 1322 5490 imposuit,
1372 5422 1428 5470 et
1456 5413 1619 5469 ﬁnxit
1668 5429 1727 5467 se
1762 5414 1866 5467 sub

170 5511 374 5565 eodem
417 5511 702 5565 velamine
749 5509 1245 5564 sanctimonialem
1288 5522 1428 5571 esse,
1484 5510 1680 5575 postea
1732 5518 1865 5556 vero

170 5598 237 5651 ad
298 5598 534 5669 nuptias
598 5599 786 5663 rediit,
824 5599 1039 5654 bonum
1094 5597 1233 5652 mihi
1288 5595 1515 5650 videtur
1567 5592 1702 5664 quia
1765 5606 1869 5663 per

3539 330 3645 381 802

1868 443 1915 495 Α
1942 442 2296 513 hypocrisim
2327 444 2769 498 ecclesiasticam
2790 446 3049 512 regulam
3079 448 3422 502 conturbare
3436 448 3638 515 voluit,

1947 537 2139 586 etnon
2168 533 2424 602 legitime
2446 533 2504 585 in
2527 538 2654 586 voto
2675 550 2776 586 suo
2799 534 3131 603 permansit.
3152 540 3215 588 ut
3241 536 3637 605 pauitantiam

1948 626 2079 690 agat
2107 620 2176 673 de
2217 621 2486 675 illusione
2523 622 2787 689 nefanda,
2831 628 2889 675 et
2928 628 3241 677 revertatur
3281 625 3347 677 ad
3387 625 3442 677 id
3485 625 3639 695 quod

1946 708 2268 779 spopondit,
2315 716 2372 763 et
2412 711 2469 763 in
2509 726 2667 763 sacro
2717 710 3035 764 ministerio
3077 711 3379 765 inchoavit.
3426 714 3565 766 Nam
3597 712 3645 766 si

1948 798 2404 851 consenserimus
2447 799 2598 869 quod
2648 799 2843 852 omnia
2877 805 3232 853 sacramenta
3271 801 3647 854 ecclesiastica

1949 886 2213 956 quisque,
2247 892 2417 956 prout
2445 887 2583 953 vult,
2613 887 2795 957 tingat
2822 892 2880 940 et
2919 904 3038 941 non
3066 903 3200 941 vere
3230 888 3424 954 faciat,
3459 889 3648 942 omnis

1950 974 2090 1027 ordo
2123 974 2533 1028 ecclesiasticus
2586 976 2982 1039 conturbatur,
3012 992 3115 1029 nec
3155 976 3448 1029 catholica
3511 977 3646 1031 ﬁdei

1944 1062 2077 1131 jura
2106 1061 2445 1129 consistunt,
2479 1078 2582 1116 nec
2619 1078 2865 1116 canones
2905 1063 3049 1117 sacri
3088 1064 3194 1118 rite
3246 1065 3643 1119 observantur.

1950 1148 2096 1211 Quid
2126 1149 2279 1203 enim
2308 1150 2526 1220 profuit
2556 1150 2779 1204 Simoni
2826 1152 2983 1221 Mago
3036 1152 3386 1222 baptismum
3417 1169 3642 1207 sacrum

1952 1239 2083 1291 ﬁcte
2123 1238 2432 1308 suscipere,
2467 1243 2524 1292 et
2552 1238 2611 1291 in
2652 1239 3081 1293 Cliristianitate
3111 1256 3555 1310 permansurum
3587 1258 3646 1295 se

1952 1324 2208 1390 ﬁnxisse,
2266 1342 2396 1380 cum
2451 1342 2553 1397 per
2621 1328 2943 1397 apostolum
2994 1328 3194 1383 fraude
3248 1330 3371 1398 ejus
3424 1330 3648 1383 detecta

1954 1414 2111 1485 quod
2177 1415 2287 1469 sibi
2350 1416 2610 1469 futurum
2677 1420 2825 1469 esset
2882 1417 3333 1486 pranuntiatum
3390 1421 3491 1470 est.
3555 1416 3650 1470 Ait

1954 1504 2153 1557 enim:
2206 1503 2447 1557 Pecunia
2518 1508 2615 1557 tua
2671 1508 2860 1557 tecum
2925 1504 2996 1557 sit
3051 1504 3113 1557 in
3165 1505 3516 1575 perditione:
3551 1522 3649 1559 cor

1898 1655 1903 1660 δ
1958 1593 2111 1645 enim
2152 1598 2318 1646 tuum
2362 1608 2479 1645 non
2520 1597 2603 1645 est
2649 1597 2865 1646 rectum
2931 1610 3126 1646 coram
3161 1595 3316 1647 Deo:
3363 1594 3647 1664 paniten-

1959 1681 2094 1734 tiam
2127 1681 2321 1751 itaque
2353 1696 2458 1749 age
2492 1680 2559 1733 ab
2598 1680 2703 1734 hac
2743 1681 2999 1751 nequitia
3037 1686 3153 1744 tua,
3196 1686 3253 1735 et
3292 1697 3431 1752 roga
3473 1668 3651 1736 Deum

1959 1774 2023 1823 ut
2052 1769 2194 1823 forte
2230 1770 2551 1822 remittatur
2581 1768 2683 1822 tibi
2728 1770 2847 1823 hac
2880 1769 3151 1839 cogitatio
3205 1770 3393 1823 cordis
3435 1770 3520 1824 tui
3592 1770 3653 1824 in

1958 1859 2088 1912 felle
2145 1858 2298 1911 enim
2348 1858 2768 1925 amaritudinis,
2820 1862 2878 1911 et
2924 1857 3274 1928 obligatione
3332 1857 3655 1928 iniquitatis

1957 1947 2123 1999 video
2152 1951 2206 1999 te
2241 1964 2383 2000 esse.
2428 1946 2561 2000 Ideo
2600 1948 2763 2009 tales,
2816 1944 2926 1998 nisi
2964 1945 3322 2015 resipiscant,
3373 1944 3655 2015 spirituali

1958 2035 2147 2105 gladio
2178 2040 2476 2106 percutere
2508 2050 2825 2087 censemus.
2860 2035 2982 2087 Non
3003 2033 3156 2087 enim
3189 2033 3273 2087 fas
3301 2039 3387 2086 est
3415 2034 3655 2104 Spiritui

1959 2129 2154 2177 sancto
2198 2122 2450 2189 mentiri,
2504 2122 2668 2175 sicuti
2719 2120 2968 2175 Ananias
3009 2126 3062 2175 et
3116 2120 3397 2192 Sapphira
3425 2122 3653 2175 mentiti

1959 2216 2111 2279 sunt,
2145 2217 2202 2264 et
2232 2210 2419 2263 statim
2454 2210 2767 2280 perierunt.

1960 2300 2088 2354 CAP.
2120 2300 2350 2356 XLVIII.
2374 2327 2443 2339 —
2463 2301 2534 2352 De
2560 2298 2741 2351 viduis
2756 2303 2806 2351 et
2826 2298 3021 2366 puellis
3043 2314 3161 2366 qua
3184 2300 3244 2351 in
3267 2297 3513 2352 domibus
3526 2313 3654 2363 pro-

2242 2369 2386 2438 priis
2418 2370 2662 2422 habitum
2693 2370 2971 2435 religionis
3003 2376 3369 2439 susceperunt.

2035 2450 2142 2519 (Em
2194 2450 2416 2502 concilio
2460 2450 2697 2501 Toletan.
2743 2464 2813 2513 IV,
2867 2450 3043 2516 capite
3098 2448 3210 2517 57.)
3250 2448 3326 2500 De
3375 2446 3563 2500 viduis
3603 2449 3659 2498 et

1960 2538 2170 2608 puellis
2215 2553 2343 2607 qua
2383 2536 2639 2589 habitum
2676 2535 2968 2605 religionis
3007 2536 3065 2589 in
3104 2536 3368 2589 domibus
3409 2534 3660 2605 propriis

1964 2633 2082 2680 tam
2113 2644 2146 2679 a
2175 2626 2507 2696 parentibus
2538 2640 2708 2694 quam
2740 2641 2844 2694 per
2872 2640 2930 2677 se
2963 2630 3350 2690 mutaverunt,
3384 2624 3431 2677 si
3461 2628 3661 2693 postea

1964 2720 2163 2769 contra
2222 2714 2484 2767 instituta
2539 2714 2794 2776 Patrum,
2858 2713 2948 2765 vel
3013 2717 3297 2781 pracepta
3346 2724 3657 2763 canonum.

1962 2803 2230 2873 conjugia
2296 2801 2643 2855 crediderint
2744 2800 3091 2870 copulanda,
3179 2799 3374 2853 tandin
3426 2797 3655 2866 utrique

1963 2894 2283 2947 habeantur
2314 2908 2344 2944 a
2386 2890 2789 2943 communione
2820 2888 3102 2958 suspensi,
3152 2903 3452 2958 quousque
3504 2886 3657 2956 quod

1164 3024 1346 3078 usque
1396 3008 1465 3060 ad
1524 3005 1858 3060 satist-actim
1889 2998 1929 3052 ί]
1966 2980 2163 3035 illicite
2238 2982 2729 3075 perpetraverunt.
2784 2978 3099 3078 emendare.
3170 2975 3557 3071 neglexerint.
3605 2992 3660 3070 'a

1968 3068 2377 3123 communione
2434 3067 2520 3119 vel
2575 3064 2835 3119 omnium
2897 3065 3354 3118 Christianorum
3400 3061 3656 3116 convivio

1968 3158 2028 3211 in
2059 3163 2403 3228 perpetuum
2434 3155 2549 3208 sint
2577 3153 2936 3224 sequestrati.

1969 3247 2097 3301 CAP.
2134 3246 2312 3299 XLIX.
2338 3275 2406 3283 —
2438 3243 2589 3309 Quod
2619 3248 2839 3296 sanctus
2871 3242 3163 3308 Gregorius
3188 3239 3482 3307 quamdam
3500 3240 3661 3305 femi-

2038 3333 2167 3369 nam
2216 3318 2447 3370 velatam
2503 3329 2621 3383 qua
2667 3329 2881 3366 sacrum
2930 3314 3267 3380 propositum
3324 3317 3666 3375 transgressa

2041 3393 2141 3451 est,
2172 3386 2550 3454 comprehendi
2570 3386 2820 3453 jusserit.

2042 3458 2160 3527 (Ea:
2213 3450 2324 3524 reg.
2373 3457 2529 3522 Greg.
2571 3450 2655 3507 ad
2700 3455 3011 3523 Sepontium
3060 3451 3318 3520 episcop.)
3369 3450 3427 3504 Si
3475 3453 3665 3503 custos

1972 3544 2223 3615 religiosi
2258 3544 2486 3598 habitus
2525 3542 2747 3609 fuisses,
2789 3548 2888 3594 aut
2933 3555 3054 3593 esse
3096 3555 3292 3592 nosses
3341 3538 3662 3607 episcopus,

1971 3636 2149 3690 ﬁliam
2196 3633 2463 3704 gloriosa
2502 3630 2800 3685 memoria
2838 3628 3088 3683 Tulliani
3120 3627 3378 3698 magistri
3420 3625 3665 3689 militia,

1973 3729 2028 3777 te
2060 3724 2173 3777 illic
2224 3722 2437 3791 posito,
2490 3736 2595 3773 nec
2638 3718 2908 3789 projectis
2965 3716 3246 3787 religiosis
3296 3714 3546 3768 vestibus
3596 3713 3665 3767 ad

1974 3813 2301 3868 sacularem
2358 3808 2565 3862 reverti
2626 3807 2908 3872 habitum,
2973 3822 3079 3859 nec
3129 3804 3198 3858 ad
3254 3820 3356 3856 nos
3414 3801 3668 3855 licuisset

1976 3916 2300 3972 perversam
2333 3898 2631 3968 epistolam
2681 3896 2985 3949 destinare.
3028 3893 3134 3947 Sed
3177 3892 3313 3963 quia
3345 3890 3524 3943 nimia
3569 3890 3666 3943 de-

1975 3990 2120 4044 sidia
2151 4005 2213 4042 ac
2253 3994 2481 4056 torpore
2519 3984 2881 4055 deprimeris,
2932 3982 2992 4035 in
3022 3987 3122 4034 tuo
3162 3980 3435 4033 dedecore
3472 3992 3561 4030 res
3599 3976 3669 4030 ad

1979 4094 2229 4148 prasens
2282 4075 2481 4129 illicita
2514 4074 2751 4143 impune
2797 4070 3100 4125 commissa
3158 4074 3264 4121 est.
3328 4067 3467 4121 Nam
3524 4066 3670 4118 sicut

1977 4165 2202 4237 prafati
2230 4180 2445 4229 sumus,
2493 4162 2537 4214 si
2570 4161 2845 4215 sollicitus
2882 4174 3052 4223 esses,
3082 4155 3243 4226 prius
3281 4155 3349 4208 ad
3384 4170 3490 4207 nos
3524 4154 3667 4206 ultio

1906 4280 1947 4333 ι)
1981 4254 2235 4309 mulieris
2274 4251 2647 4323 pravissima.
2680 4264 2852 4319 quam
2905 4247 3071 4315 culpa
3109 4243 3306 4298 debuit
3348 4241 3664 4313 pervenire.

1974 4344 2117 4408 Quia
2146 4358 2282 4411 ergo
2314 4345 2539 4393 tantum
2573 4337 2765 4402 hebes,
2790 4340 3131 4403 tantumque
3164 4348 3223 4385 es
3254 4333 3571 4401 negligens,
3605 4334 3669 4382 ut

1976 4434 2083 4487 nisi
2112 4430 2450 4485 canonicam
2476 4427 2607 4480 vita
2641 4425 2816 4480 fueris
2846 4423 3246 4477 coercitionem
3283 4424 3578 4491 expertus,
3610 4419 3669 4472 in

1974 4522 2102 4575 aliis
2145 4518 2557 4574 districtionem
2608 4521 2665 4568 et
2702 4513 3059 4584 disciplinam
3101 4510 3317 4564 nescias
3358 4508 3666 4569 custodire.

1976 4610 2224 4682 qualiter
2264 4609 2472 4661 debeas
2510 4621 2631 4659 esse
2674 4603 2969 4667 sollicitus,
3016 4616 3271 4671 congruo
3313 4599 3439 4663 tibi,
3483 4599 3529 4651 si
3560 4598 3670 4651 Do-

1976 4700 2135 4753 mino
2163 4696 2466 4770 placuerit,
2515 4699 2775 4764 tempore
2820 4691 3306 4745 demonstremus.
3360 4686 3672 4741 Prasentia

1975 4790 2153 4859 igitur
2201 4786 2409 4855 scripta
2455 4783 2771 4853 suscipiens
2816 4780 3040 4849 evigila,
3079 4784 3135 4833 et
3165 4779 3439 4832 excitatus
3470 4776 3669 4829 saltem

1976 4892 2287 4948 exsequere
2340 4873 2493 4945 quod
2536 4887 2764 4942 pressus
2805 4886 2958 4924 nunc
3002 4884 3184 4939 usque
3224 4865 3454 4937 ignavia
3491 4864 3671 4917 distu-

1976 4966 2109 5021 listi.
2148 4962 2439 5019 Instantia
2488 4977 2625 5031 ergo
2681 4965 2796 5013 tua
2848 4959 2940 5024 sit,
2997 4957 3325 5027 pradictam
3373 4953 3671 5007 mulierem

1976 5073 2089 5110 una
2138 5071 2267 5109 cum
2306 5050 2502 5121 Sergio
2552 5050 2851 5105 defensore
2914 5044 3417 5115 comprehendere,
3466 5047 3521 5095 et
3566 5046 3672 5094 sta-

1977 5146 2081 5199 tim
2125 5160 2240 5197 non
2276 5143 2461 5195 solum
2502 5139 2570 5193 ad
2621 5138 2768 5192 male
2820 5140 3213 5203 contemptum
3252 5131 3507 5185 habitum
3549 5129 3672 5183 sine

1978 5232 2335 5289 excusatione
2381 5230 2571 5299 aliqua
2600 5242 2886 5291 revocare,
2930 5223 3026 5277 sed
3073 5223 3245 5276 etiam
3289 5222 3347 5273 in
3384 5224 3670 5273 monaste-

1979 5324 2062 5377 rio
2103 5320 2202 5375 ubi
2257 5319 2491 5372 omnino
2522 5316 2772 5371 districto
2808 5314 2992 5366 valeat
3023 5309 3299 5364 custodiri
3343 5307 3669 5373 detrudere,

1978 5418 2034 5465 et
2056 5412 2135 5465 ita
2160 5424 2390 5464 omnem
2423 5407 2569 5460 circa
2600 5404 2757 5458 illam
2804 5399 3244 5456 sollicitudinem
3288 5397 3579 5461 exhibere,
3614 5403 3676 5449 ut

1979 5516 2150 5570 quam
2176 5498 2247 5551 sit
2276 5494 2561 5551 nefarium
2607 5491 2759 5564 quod
2791 5488 3098 5554 commisit,
3133 5503 3201 5540 cx
3241 5492 3338 5539 tua
3378 5485 3559 5557 possit
3589 5484 3673 5538 di-

1980 5588 2268 5641 strictione
2319 5598 2679 5655 cognoscere.
2737 5580 2859 5645 Qua
2898 5579 2957 5632 in
2996 5594 3057 5631 re
3096 5577 3141 5630 si
3184 5576 3331 5647 quis,
3369 5574 3519 5646 quod
3560 5588 3677 5627 non
