3956 6342
175 329 268 380 805
1134 325 1611 381 DECRETOBUM
1652 326 1837 381 LIBRI
1876 328 1980 383 XX.
2019 357 2087 367 —
2128 328 2334 385 LIBER
2375 329 2700 386 OCTAVUS.

3571 342 3674 395 806

174 448 291 502 CAP.
336 447 477 501 LIX.
534 478 603 487 ——
655 449 724 503 Ut
753 449 1190 528 sanctimoniales
1231 448 1521 504 abbatissa
1574 464 1684 503 sua:
1739 452 1851 504 sint
1888 452 1935 502 A
1966 449 2247 505 hensibile
2291 450 2596 514 invenerit,
2647 453 2935 523 corrigere
2986 460 3222 528 satagat.
3256 459 3671 515 Sanctimonia-

854 519 1173 573 obedientes.

237 608 345 674 (Ea:
372 608 574 673 eodem,
623 608 799 675 capite
851 607 958 677 14.)
1007 607 1499 675 Sanctimoniales,
1549 608 1671 661 nisi
1718 608 1865 661 forte

171 696 450 749 abbatissa
505 711 608 749 sua
662 711 765 766 pro
841 695 1035 766 aliqua
1094 696 1430 749 necessitate
1495 696 1865 750 incumbente

170 784 453 845 mittente,
504 799 872 855 nequaquam
930 784 999 837 de
1056 784 1405 838 monasterio
1468 785 1860 855 egrediantur.

170 873 258 925 Ha:
308 888 447 925 vero
476 889 607 943 quae
659 873 905 926 famulos
937 876 1035 926 aut
1062 873 1309 927 famulas
1359 889 1475 926 non
1508 873 1743 941 habent,
1792 874 1862 927 ad

168 961 474 1015 exercenda
532 962 765 1030 negotia
821 961 889 1015 ad
948 961 1198 1015 mediam
1249 962 1583 1015 monasterii
1633 967 1861 1032 portam

166 1050 523 1118 perveniant,
579 1054 636 1103 et
688 1049 768 1103 ibi
821 1064 1018 1104 coram
1066 1049 1305 1103 testibus
1349 1050 1647 1120 negotium
1692 1066 1861 1103 suum

166 1138 477 1187 exerceant.
629 1132 644 1141 ’

164 1223 281 1276 CAP.
320 1222 435 1276 LX.
489 1250 563 1263 —
616 1212 699 1275 De
744 1223 963 1287 feminis
1030 1237 1149 1291 quae
1192 1226 1422 1290 propter
1475 1224 1860 1277 continentiam

582 1293 894 1346 muliebrem
923 1298 1137 1346 mutant
1165 1294 1430 1347 habitum.

230 1384 335 1451 (Ea:
385 1383 609 1436 concilio
664 1382 933 1449 Grangen.
987 1383 1163 1450 capite
1212 1381 1322 1450 l3.)
1375 1381 1435 1435 Si
1482 1397 1594 1452 qua
1650 1382 1859 1436 mulier

162 1474 397 1540 propter
446 1469 858 1523 continentiam
892 1486 1021 1540 qua;
1069 1472 1322 1540 putatur,
1354 1470 1615 1524 habitum
1650 1476 1853 1541 mutat,

163 1563 214 1610 et
262 1574 369 1628 pro
425 1558 590 1611 solito
630 1558 901 1611 muliebri
954 1557 1166 1611 amictu
1213 1557 1437 1611 virilem
1469 1559 1661 1625 sumit,
1718 1576 1853 1614 ana-

163 1647 354 1699 thema
387 1646 481 1699 sit.

163 1736 290 1789 CAP.
321 1735 462 1789 XLI.
527 1764 600 1776 —
634 1737 714 1788 De
768 1736 862 1789 illo
935 1737 1031 1803 qui
1083 1738 1457 1800 virginitatem
1518 1737 1852 1805 custodierit,

586 1808 809 1874 nuptias
839 1812 1021 1860 autem
1052 1810 1430 1862 emsecraverit.

230 1896 341 1963 (Eat
366 1893 567 1961 eodem,
604 1897 781 1963 capite
801 1894 876 1964 9.)
907 1894 1244 1964 Quicunque
1268 1894 1653 1964 virginitatem
1677 1901 1859 1949 custo-

165 1983 351 2049 diens,
412 1988 513 2036 aut
571 1983 937 2037 continentiae
1004 1984 1258 2050 studens,
1320 1984 1473 2036 velut
1528 1985 1859 2039 horrescens

164 2072 395 2141 nuptias
446 2077 710 2136 temerat,
761 2088 866 2125 nec
913 2076 1149 2141 propter
1195 2072 1304 2125 hoc
1352 2072 1503 2141 quod
1556 2073 1768 2126 bonum
1803 2079 1860 2127 et

163 2166 426 2213 sanctum
474 2166 560 2213 est
613 2176 824 2214 nomen
856 2160 1202 2230 virginitatis
1248 2159 1505 2227 assumit,
1558 2161 1860 2215 anathema

164 2249 252 2301 sit.

163 2339 289 2394 CAP.
322 2337 494 2392 XLII.
537 2368 603 2376 —
636 2339 707 2391 De
734 2338 954 2403 feminis
985 2352 1104 2405 quae
1131 2339 1352 2404 propter
1395 2337 1707 2405 religionem
1748 2341 1857 2392 cri-

775 2422 867 2461 nes
900 2407 1245 2461 totonderint.

232 2501 347 2566 (Ea:
375 2498 576 2563 eodem,
606 2499 782 2566 capite
830 2495 933 2563 l7.)
965 2496 1021 2549 Si
1053 2512 1165 2566 qua
1206 2495 1415 2549 mulier
1444 2500 1679 2565 propter
1708 2497 1855 2550 divi-

158 2603 297 2641 num
352 2586 594 2653 cultum,
647 2589 711 2638 ut
758 2585 1025 2650 aestimat,
1059 2585 1243 2637 crines
1294 2585 1561 2649 attondit,
1617 2601 1760 2655 quos
1804 2587 1856 2639 ei

160 2676 306 2729 Dens
364 2674 436 2728 ad
492 2673 862 2744 subjectionis
917 2673 1257 2726 memoriam
1308 2673 1525 2739 tribuit,
1582 2678 1857 2744 tanquam

156 2768 511 2834 praeceptum
545 2761 857 2817 dissolvens
888 2761 1250 2827 obedientim,
1283 2762 1591 2815 anathema
1621 2762 1713 2816 sit.
1745 2765 1755 2768 ’

157 2870 284 2925 CAP.
307 2870 498 2924 XLIII.
533 2899 601 2908 —
635 2871 708 2922 De
733 2870 845 2923 illis
877 2871 973 2937 qui
1000 2873 1221 2937 propter
1249 2871 1633 2923 continentiam
1666 2870 1856 2938 palliis

846 2942 1169 2993 vestiuntur.

225 3031 349 3097 (Ea:
377 3029 567 3083 concil.
619 3029 904 3096 Cabillon.,
957 3029 1278 3098 capite12.)
1319 3028 1377 3081 Si
1422 3028 1552 3098 quis
1597 3029 1850 3083 virorum

153 3124 389 3189 propter
440 3116 878 3184 continentiam,
936 3133 1064 3186 quae
1111 3120 1365 3187 putatur,
1419 3117 1632 3171 amictu
1692 3119 1851 3188 pallii

154 3208 357 3275 utitur,
410 3206 575 3277 quasi
603 3222 706 3277 per
736 3206 841 3259 hoc
868 3205 1078 3259 habere
1107 3221 1164 3257 se
1190 3205 1472 3272 justitiam
1509 3206 1765 3275 credens,
1798 3213 1853 3260 et

152 3296 401 3366 despicit
476 3312 574 3349 eos
637 3295 738 3365 qui
803 3311 933 3348 cum
994 3294 1313 3347 reverentia
1371 3294 1553 3365 byrris
1609 3298 1664 3347 et
1728 3297 1851 3348 aliis

152 3385 559 3439 communibus
608 3388 663 3438 et
709 3384 890 3438 solitis
939 3384 1189 3438 vestibus
1241 3388 1498 3450 utuntur,
1545 3383 1853 3438 anathema

155 3474 246 3529 sit.

151 3582 277 3635 CAP.
319 3580 496 3635 LXIV.
526 3610 594 3619 —
620 3580 699 3633 De
722 3580 834 3633 illis
853 3582 948 3649 qui
978 3581 1351 3645 virginitatem
1384 3579 1684 3647 observant,
1705 3582 1755 3633 et
1776 3581 1851 3633 sic

830 3652 1181 3704 extolluntur.

218 3742 327 3805 (Ea:
354 3739 557 3807 eodem,
592 3741 768 3807 capite
800 3737 907 3809 10.)
952 3738 1007 3792 Si
1040 3739 1167 3808 quis
1208 3754 1275 3791 ex
1308 3738 1398 3791 his
1424 3738 1522 3808 qui
1553 3738 1850 3807 virginita-

145 3832 263 3880 tem
349 3832 585 3896 propter
654 3827 831 3879 Deum
914 3829 1141 3880 servant
1200 3826 1495 3879 extollitur
1551 3826 1850 3880 adversum

144 3916 507 3985 conjugatos,
544 3916 847 3969 anathema
882 3914 968 3967 sit.

144 4003 274 4057 Csp.
348 4003 497 4057 LXV.
545 4032 617 4043 —
664 4003 817 4068 Quod
853 4018 960 4056 non
984 4005 1057 4056 sit
1094 4002 1515 4071 permittendum
1562 4004 1849 4057 monachos

278 4080 329 4127 et
360 4076 649 4127 monac/tas
676 4076 735 4127 in
764 4090 869 4127 uno
900 4076 1223 4127 monasterio
1254 4075 1416 4127 simul
1446 4075 1712 4128 habitare.

215 4163 335 4231 (Ea:
364 4177 477 4228 reg.
515 4165 677 4228 Greg.
729 4162 934 4233 papae.)
977 4164 1038 4215 In
1070 4163 1227 4216 nullo
1277 4164 1399 4216 loco
1449 4163 1761 4216 monachos
1793 4168 1850 4217 et

141 4252 461 4305 monachas
508 4251 898 4320 permittimus
930 4267 1108 4305 unum
1160 4252 1570 4305 monasterium
1612 4252 1840 4318 habere,

140 4340 240 4393 sed
276 4356 382 4394 nec
428 4356 494 4392 ea
528 4356 656 4410 quae
706 4340 959 4409 duplicia
1006 4345 1225 4406 vocant,
1261 4344 1318 4392 et
1350 4339 1397 4392 si
1428 4340 1564 4409 quid
1597 4341 1707 4393 tale
1740 4345 1840 4394 est.

141 4428 473 4499 Religiosus
521 4428 820 4498 episcopus
869 4428 1139 4482 mulieres
1190 4429 1424 4498 quidem
1472 4429 1531 4481 in
1570 4445 1671 4481 suo
1720 4429 1842 4481 loco

139 4521 373 4570 studeat
404 4532 656 4581 manere,
691 4517 999 4570 monachos
1022 4521 1212 4569 autem
1245 4517 1399 4571 aliud
1434 4516 1842 4570 monasterium

138 4604 432 4658 aediﬁcare
479 4609 659 4673 cogat.
709 4603 809 4657 Sin
860 4608 1049 4657 autem
1100 4604 1350 4674 plurima
1400 4605 1514 4658 sint
1542 4604 1675 4658 talia
1722 4620 1843 4657 mo-

138 4692 414 4757 nasteria,
462 4699 802 4763 separentur
843 4693 904 4745 in
944 4693 1068 4746 aliis
1111 4693 1475 4747 monasteriis
1527 4694 1843 4759 monachie,

136 4784 286 4836 etin
334 4782 462 4835 aliis
510 4782 792 4835 monachi.
850 4784 959 4836 Res
992 4786 1185 4836 autem
1238 4799 1378 4852 quas
1432 4783 1644 4836 habent
1688 4799 1842 4835 com-

134 4886 367 4939 munes,
419 4872 734 4926 secundum
760 4871 893 4941 jura
936 4871 1017 4924 eis
1055 4869 1444 4941 competentia
1491 4871 1843 4925 distribuan-

134 4965 250 5014 tur.

133 5068 267 5122 Csp.
334 5066 511 5121 LXVI.
557 5096 618 5106 —
677 5068 742 5121 Ut
792 5069 1072 5135 episcopus
1102 5069 1433 5120 monasteria
1465 5067 1842 5121 monachorum

416 5143 465 5190 et
498 5139 995 5191 sanctimonialium
1025 5142 1337 5206 frequenter
1368 5140 1569 5191 visitet.

206 5228 327 5294 (Ea:
358 5227 534 5280 consil
585 5227 926 5293 Rothomag.,
976 5229 1152 5295 capite
1178 5227 1256 5292 3.)
1288 5227 1355 5280 Ut
1385 5226 1684 5295 episcopus
1716 5242 1841 5279 mo-

130 5314 389 5368 nasteria
423 5316 840 5369 monachorum
871 5319 929 5367 et
960 5314 1483 5368 sanctimonialium
1512 5315 1843 5384 frequenter

130 5404 407 5469 introeat,
448 5407 505 5456 et
533 5420 661 5456 cum
697 5402 963 5472 gravibus
996 5408 1052 5457 et
1083 5403 1364 5473 religiosis
1394 5402 1674 5472 personis,
1709 5402 1841 5455 etin

130 5508 361 5558 eorum,
394 5491 479 5544 vel
513 5492 571 5545 in
601 5508 795 5545 earum
821 5498 1106 5546 conventu
1134 5491 1409 5557 residens,
1441 5506 1642 5545 eorum
1666 5490 1839 5542 vitam

131 5586 187 5634 et
208 5580 703 5633 conversationem
719 5581 1026 5649 diligenter
1039 5580 1326 5645 discutiat,
1343 5585 1418 5646 et,
1441 5582 1484 5633 si
1499 5579 1637 5650 quid
1654 5593 1839 5648 repre-

1979 538 2119 592 lium
2164 540 2359 607 etiam,
2417 541 2753 611 pudicitiam
2802 544 3089 599 subtiliter
3135 548 3456 619 investiget.
3510 552 3577 604 Et
3626 552 3674 604 si

1977 626 2169 697 aliqua
2203 628 2496 681 invenitur
2543 645 2693 698 quae,
2730 632 2990 701 neglecto
3032 636 3329 703 proposito
3376 638 3671 706 castitatis,

1976 714 2182 769 clerico
2211 720 2310 769 aut
2340 716 2485 769 laico
2519 717 2890 787 impudenter
2919 719 3244 790 misceatur,
3279 728 3334 777 et
3362 723 3422 777 in
3450 725 3673 795 privata

1951 781 2235 856 .custodia
2280 781 2629 870 retrudatur,
2662 805 2759 859 ubi
2791 808 2945 876 quod
2996 810 3151 863 male
3181 781 3471 866 commisit
3502 813 3674 882 digne

1974 891 2265 958 poeniteat.
2310 892 2611 946 Interdicat
2654 893 2827 948 etiam
2859 912 2927 949 ex
2958 898 3300 952 auctoritate
3345 906 3670 956 sanctorum

1973 994 2283 1046 canonum,
2342 985 2406 1034 ut
2455 982 2648 1035 nullus
2695 983 2871 1037 laicus
2925 990 3025 1039 aut
3072 987 3310 1042 clericus
3356 989 3414 1042 in
3468 1006 3669 1045 earum

1971 1068 2230 1121 claustris
2296 1073 2353 1123 et
2417 1070 2647 1123 secretis
2703 1070 3155 1128 habitationibus
3215 1092 3502 1131 accessum
3565 1078 3665 1132 ha-

1970 1156 2121 1219 beat,
2152 1173 2339 1228 neque
2378 1159 2716 1229 presbyteri,
2754 1160 2863 1215 nisi
2910 1167 3129 1218 tantum
3164 1165 3233 1219 ad
3280 1167 3536 1234 missam,
3570 1184 3669 1222 ex-

1968 1244 2124 1314 pleta
2153 1246 2325 1301 missa
2352 1248 2422 1301 ad
2452 1248 2718 1302 ecclesias
2747 1266 2878 1304 suas
2908 1252 3161 1309 redeant.
3197 1254 3478 1309 Omnibus
3514 1272 3670 1326 pra:-

1969 1337 2125 1387 terea
2151 1335 2376 1403 publice
2408 1340 2464 1389 et
2492 1336 2760 1407 privatim
2805 1339 3130 1407 denuntiet,
3162 1348 3440 1412 quantum
3470 1344 3668 1415 piacu-

1965 1422 2088 1475 lum
2140 1423 2230 1489 sit,
2285 1424 2383 1493 qui
2415 1440 2681 1495 sponsam
2731 1428 2939 1481 Christi
2985 1429 3187 1484 vitiare
3234 1433 3555 1501 praesumit.
3608 1433 3667 1487 Si

1968 1511 2122 1565 enim
2153 1511 2251 1566 ille
2301 1528 2433 1566 reus
2479 1518 2709 1568 tenetur
2749 1516 2849 1585 qui
2879 1533 3145 1587 sponsam
3186 1518 3439 1574 hominis
3471 1521 3664 1587 violat,

1965 1602 2181 1667 quanto
2225 1600 2407 1669 magis
2450 1616 2583 1655 reus
2615 1604 2928 1672 majestatis
2976 1605 3223 1660 efﬁcitur
3256 1608 3354 1678 qui
3397 1624 3665 1678 sponsam

1966 1687 2375 1758 omnipotentis
2408 1690 2508 1743 Dei
2536 1691 2853 1762 corrumpit
2876 1692 2903 1746 ‘l

1969 1795 2097 1848 Car.
2130 1795 2327 1867 LXVII.
2390 1826 2459 1836 -——
2523 1800 2588 1852 Ut
2634 1798 2854 1873 abbates
2897 1801 2957 1851 in
2998 1805 3263 1869 potestate
3301 1805 3663 1873 episcoporum

2656 1872 2974 1924 consistant.

2035 1951 2150 2021 (Ea:
2179 1956 2402 2009 concilio
2451 1957 2773 2023 Aureliano,
2820 1960 2997 2027 capite
3021 1958 3101 2026 4.)
3147 1959 3392 2015 Abbates
3425 1978 3526 2032 pro
3556 1963 3664 2017 hu-

1968 2041 2211 2094 militate
2267 2043 2568 2112 religionis
2616 2044 2676 2097 in
2734 2045 3131 2115 episcoporum
3192 2052 3474 2117 potestate
3525 2067 3663 2104 con-

1965 2129 2185 2197 sistant,
2222 2134 2275 2183 et
2306 2130 2355 2184 si
2388 2130 2527 2201 quid
2559 2136 2714 2185 extra
2754 2134 3015 2203 regulam
3045 2135 3303 2203 fecerint,
3345 2138 3416 2191 ab
3446 2138 3663 2208 episco-

1964 2218 2054 2287 pis
2085 2217 2463 2287 corrigantur.
2498 2220 2624 2273 Non
2656 2222 2853 2285 semel,
2885 2221 2983 2275 sed
3016 2222 3225 2292 saepius
3254 2224 3315 2276 in
3346 2241 3521 2290 anno,
3550 2227 3664 2296 epi-

1965 2305 2120 2376 scopi
2162 2305 2394 2362 visitent
2440 2308 2789 2362 monasteria
2836 2311 3270 2378 monachorum,
3325 2316 3381 2366 et
3428 2314 3476 2367 si
3527 2316 3664 2385 quid

1963 2394 2371 2464 corrigendum
2422 2395 2614 2463 fuerit,
2666 2397 2971 2467 corrigant.
3018 2400 3277 2453 Monachi
3329 2407 3521 2455 autem
3567 2404 3665 2457 ab-

1966 2483 2192 2536 batibus
2238 2484 2395 2536 omni
2451 2485 2779 2539 obedientia
2836 2490 2893 2540 et
2952 2487 3254 2541 devotione
3314 2490 3660 2559 subjaceant.

1964 2572 2124 2635 Quod
2156 2571 2201 2624 si
2251 2572 2378 2642 quis
2408 2589 2512 2642 per
2559 2574 2975 2628 contumaciam
3034 2577 3313 2630 exstiterit
3343 2578 3660 2647 indevotus,

1965 2675 2029 2712 ac
2059 2676 2162 2730 per
2203 2660 2326 2713 loca
2355 2661 2547 2730 aliqua
2595 2662 2808 2731 vagari,
2843 2668 2943 2716 aut
2983 2665 3270 2733 peculiare
3300 2666 3535 2735 aliquod
3560 2667 3661 2720 ha-

1965 2748 2100 2801 bere
2151 2750 2602 2819 praesumpserit,
2650 2750 2843 2803 omnia
2891 2767 3021 2821 qua:
3077 2752 3410 2822 acquisierit
3455 2755 3526 2807 ab
3571 2756 3663 2808 ab-

1963 2835 2190 2891 batibus
2241 2838 2571 2891 auferantur
2622 2839 2939 2892 secundum
2996 2841 3259 2909 regulam
3312 2842 3661 2896 monasterio

1964 2926 2281 2995 profutura.
2360 2926 2469 2996 Ipsi
2521 2931 2711 2980 autem
2763 2927 2862 2997 qui
2915 2928 3130 2982 fuerint
3183 2932 3503 3000 pervagati,
3564 2932 3661 2985 ubi

1893 3017 1932 3070 C
1963 3014 2179 3068 inventi
2222 3014 2455 3083 fuerint,
2486 3030 2618 3068 cum
2648 3015 2864 3068 auxilio
2905 3016 3159 3085 episcopi
3188 3023 3464 3088 tanquam
3497 3019 3659 3090 fuga-

1962 3120 2052 3156 ces
2084 3103 2188 3157 sub
2213 3104 2470 3157 custodia
2502 3109 2840 3159 revocentur
2870 3110 2926 3159 et
2955 3106 3444 3177 constringantur.

2000 3193 2127 3247 CAP.
2165 3193 2575 3248 LXVIII.—Dc
2601 3195 2876 3247 monachis
2907 3196 3005 3261 qui
3030 3196 3171 3262 ﬁlios
3198 3198 3622 3263 procreaverint.

2036 3282 2146 3350 (Em
2189 3281 2351 3334 dictis
2400 3282 2454 3336 S.
2517 3281 2741 3351 Isidor.)
2791 3282 3048 3335 Monachi
3098 3282 3250 3335 filios
3291 3290 3660 3353 procreantes

1961 3366 2020 3420 in
2052 3384 2274 3422 carcere
2307 3369 2694 3434 recludantur,
2744 3374 2968 3422 tantum
3018 3370 3239 3423 facinus
3270 3372 3545 3425 continua
3585 3373 3662 3425 la-

1960 3457 2311 3510 mentatione
2342 3456 2639 3522 deflentes,
2689 3461 2751 3511 ut
2776 3457 2857 3510 eis
2886 3459 2972 3511 vel
3007 3458 3077 3511 ad
3116 3464 3363 3512 mortem
3396 3461 3519 3513 sola
3549 3462 3657 3514 mi-

1961 3543 2267 3599 sericordia
2292 3545 2353 3597 in
2379 3544 2799 3598 communionis
2830 3546 3014 3615 gratia
3038 3546 3221 3616 possit
3253 3546 3563 3617 indulgeri.

1962 3653 2090 3705 CAP.
2125 3652 2295 3705 LXIX.
2323 3681 2393 3690 ——
2424 3653 2495 3705 De
2524 3651 3034 3706 sanctimonialibus
3057 3667 3175 3719 qua:
3194 3654 3303 3707 vim
3317 3653 3659 3709 barbaricam

2632 3724 2991 3791 pertulerunt.

2033 3810 2149 3879 (Ea:
2197 3810 2341 3864 decr.
2397 3812 2587 3865 Leonis
2612 3826 2793 3880 papa,
2843 3813 3021 3880 capite
3061 3810 3178 3883 49.)
3217 3812 3295 3866 De
3325 3812 3413 3866 his
3462 3819 3655 3869 autem

1960 3915 2107 3969 quae,
2141 3898 2201 3951 in
2251 3915 2412 3952 sacro
2444 3898 2790 3969 virginitatis
2825 3900 3119 3970 proposito
3152 3901 3497 3967 constitutas,
3527 3902 3657 3956 bar-

1957 3987 2209 4041 baricam
2254 3989 2541 4058 pertulere
2572 3988 2919 4056 violentiam,
2960 3994 3016 4042 et
3046 3988 3432 4059 integritatem
3466 3992 3659 4061 pudo—

1958 4075 2037 4129 ris
2066 4092 2184 4128 non
2215 4076 2274 4128 in
2306 4076 2500 4129 animo
2549 4077 2647 4129 sed
2678 4092 2913 4144 corpore
2949 4076 3343 4145 perdiderunt,
3395 4094 3463 4131 ea
3495 4079 3658 4131 nobis

1957 4160 2183 4212 videtur
2226 4160 2502 4213 servanda
2550 4159 2887 4226 moderatio,
2936 4166 3001 4212 ut
3033 4176 3222 4229 neque
3263 4161 3323 4213 in
3354 4161 3656 4216 viduarum

1960 4247 2303 4317 dejiciantur
2351 4248 2612 4318 gradum,
2647 4263 2833 4317 neque
2865 4247 2924 4300 in
2969 4263 3258 4301 sacrarum
3313 4254 3369 4303 et
3399 4265 3658 4319 perseve-

1959 4338 2208 4390 rantium
2267 4337 2555 4406 virginum
2612 4352 2854 4389 numero
2914 4343 3272 4390 censeantur.
3333 4337 3549 4401 Quibus
3609 4340 3657 4393 si

1957 4425 2016 4479 in
2049 4426 2316 4479 omnibus
2345 4425 2717 4495 virginalibus
2748 4425 3244 4479 observationibus
3269 4433 3654 4497 perseverant,

1958 4520 2016 4568 et
2076 4514 2428 4568 castimonia
2483 4515 2828 4568 soliditatem
2898 4519 3089 4567 mente
3148 4515 3497 4582 custodiunt,
3561 4534 3655 4570 sa-

1956 4607 2381 4656 cramentorum
2439 4618 2558 4655 non
2618 4606 2704 4655 est
2757 4602 3020 4671 neganda
3072 4604 3404 4657 communio
3455 4621 3467 4657 :
3521 4607 3657 4675 quia

1956 4692 2233 4761 injustum
2265 4696 2349 4744 est
2395 4691 2521 4744 illas
2552 4691 2609 4743 in
2656 4706 2723 4744 eo
2756 4691 2843 4743 vel
2891 4691 3076 4761 argui,
3120 4693 3205 4744 vel
3256 4694 3464 4759 notari,
3500 4695 3652 4765 quod

1956 4797 2071 4835 non
2102 4780 2363 4833 voluntas
2393 4779 2644 4843 admisit,
2678 4779 2774 4833 sed
2808 4778 2889 4831 vis
2922 4779 3143 4833 hostilis
3171 4780 3403 4850 eripuit.

1955 4886 2090 4940 Car.
2132 4887 2269 4940 LXX.
2305 4917 2374 4925 -—
2424 4889 2501 4941 De
2531 4886 2769 4954 quadam
2810 4886 3093 4939 abbatissa
3125 4903 3243 4956 quae
3272 4904 3327 4941 se
3355 4890 3656 4957 proclama-

2015 4964 2173 5011 terat
2199 4973 2361 5026 super
2388 4958 2654 5011 militibus
2685 4962 2742 5010 in
2772 4960 3008 5011 claustro
3040 4974 3134 5011 suo
3167 4961 3586 5027 hospitautibus.

2026 5047 2142 5115 (Em
2162 5049 2325 5113 regis.
2359 5049 2521 5112 Greg.
2548 5046 2621 5099 ad
2641 5046 3003 5099 Fortunatum
3030 5050 3334 5115 episcopum
3358 5050 3649 5116 Neapolit.,

1953 5137 2130 5203 capite
2153 5136 2301 5205 112.)
2322 5133 2638 5187 Insinuavit
2654 5134 2820 5187 nobis
2842 5135 3006 5188 latrix
3025 5136 3391 5204 prtesentium
3413 5139 3653 5205 Agnella

1956 5224 2257 5289 abbatissa,
2317 5223 2472 5293 quod
2525 5222 2677 5276 intra
2728 5223 3144 5276 monasterium
3202 5223 3382 5291 ipsius
3438 5226 3651 5279 milites

1954 5312 2333 5382 hospitentur.
2388 5313 2453 5366 Et
2483 5312 2720 5365 omnino
2751 5312 2821 5365 de
2852 5310 3223 5364 fraternitatis
3253 5318 3454 5366 vestrae
3500 5314 3651 5367 solli-

1953 5400 2200 5455 citudine
2258 5400 2449 5454 mirati
2501 5417 2721 5467 sumus,
2777 5415 2877 5453 cur
2928 5399 3035 5452 hoc
3085 5399 3374 5468 patienter
3432 5402 3647 5467 tulerit,

1954 5494 2010 5542 et
2040 5505 2154 5542 non
2203 5490 2343 5542 illud
2375 5505 2504 5543 cum
2553 5488 2713 5542 omni
2745 5488 3035 5541 celeritate
3086 5488 3282 5542 fecerit
3331 5492 3646 5548 emendari.

1958 5577 2115 5631 Unde
2163 5578 2487 5639 hortamur,
2545 5583 2611 5631 ut
2650 5577 2737 5630 vel
2788 5592 2942 5631 nunc
2994 5576 3169 5629 studii
3223 5579 3395 5631 vestri
3443 5580 3517 5634 sit
3562 5580 3650 5634 in-
