3956 6306
337 319 436 373 807

1410 313 1817 370 BURCHARDI
1853 310 2389 368 WORMACIENSIS
2426 310 2764 368 EPISCOPI.

2775 161 2802 184 Ι

3735 311 3840 364 808

336 445 557 496 stanter
609 439 692 494 eis
765 454 1013 510 quorum
1068 438 1305 492 interest
1360 438 1682 505 imminere,
1742 441 2022 508 quatenus
2061 438 2110 492 A
2141 437 2272 492 CAP.
2310 437 2519 492 LXXIX.
2552 465 2621 477 —
2649 436 2910 510 Janitria:
2931 435 3295 510 claustrinon
3337 435 3594 502 eligatur,
3626 435 3743 504 nisi
3770 440 3843 488 te-

336 531 458 583 sine
505 529 702 599 aliqua
749 528 956 582 exinde
1004 529 1359 582 excusatione
1405 527 1696 593 tollantur,
1746 531 1802 580 et
1837 527 2031 580 nullus

337 619 456 672 illic
506 618 748 671 ulterius
800 622 1052 670 meatum
1103 617 1360 686 accipiat,
1413 632 1518 670 nec
1563 617 1802 670 callidus
1854 616 2034 670 hostis

340 707 695 760 occasionem
753 705 1066 772 inveniens,
1127 706 1196 759 de
1254 705 1586 775 deceptione
1633 704 1886 774 religiosi
1937 704 2035 757 ha-

338 795 512 860 bitus,
547 793 698 864 quod
728 791 901 846 absit!
935 793 1120 846 valeat
1148 793 1450 846 exsultare.
1755 853 1760 856 _

337 900 469 955 CAP.
515 901 684 955 LXXI.
719 931 787 940 —-
820 899 973 964 Quod
1000 914 1085 952 res
1112 899 1484 953 ecclesiastica
1515 899 1590 953 ad
1639 900 1802 953 laicos
1848 898 2031 967 dispo-

851 970 1039 1023 nenda:
1060 986 1166 1023 non
1191 973 1503 1038 respiciant.

409 1060 521 1131 (Ea:
549 1062 770 1116 concilio
796 1060 946 1129 apud
973 1059 1386 1129 (.‘ompendium.
1418 1062 1596 1128 capite
1633 1059 1730 1126 IO.)
1762 1057 2034 1130 Synodali

336 1149 562 1202 decreto
609 1149 890 1202 sancitum
924 1152 1028 1211 est,
1063 1163 1134 1200 ne
1165 1147 1296 1200 laici
1332 1148 1416 1200 vel
1464 1148 1763 1201 saeculares
1799 1148 1868 1201 de
1897 1146 2033 1200 viris

336 1238 453 1291 Deo
507 1237 704 1291 dicatis
755 1236 1130 1306 Ecclesiaeque
1181 1235 1546 1289 facultatibus
1593 1235 1811 1306 aliquid
1859 1235 1930 1289 ad
1974 1252 2033 1289 se

335 1329 538 1394 putent
567 1325 653 1378 vel
683 1327 1038 1394 praesumant
1066 1327 1280 1392 praeter
1307 1323 1688 1376 reverentiam
1721 1323 2032 1392 pertinere,

334 1426 579 1482 quorum
631 1427 992 1482 quarumque
1036 1411 1423 1465 sacerdotibus
1462 1410 1804 1481 disponendi
1852 1411 2033 1464 indis-

336 1517 496 1554 cusse
529 1519 560 1554 a
593 1503 707 1555 Deo
739 1517 877 1554 cura
923 1499 1225 1553 commissa
1259 1500 1512 1555 docetur.
1563 1499 1620 1554 Si
1657 1499 1786 1569 quis
1835 1503 2036 1553 contra

333 1587 460 1641 haec
488 1587 684 1640 venire
716 1587 1168 1656 praesumpserit,
1205 1588 1568 1640 anathemate
1599 1587 1853 1640 feriatur.

726 1694 853 1747 CAP.
900 1694 1100 1747 LXXII.
1137 1721 1203 1734 —
1238 1695 1306 1746 De
1335 1694 1522 1747 eadem
1552 1709 1628 1746 re.

407 1782 524 1851 (Ea:
577 1781 776 1845 eodem,
833 1783 1010 1849 capite
1067 1782 1140 1849 3.)
1188 1783 1264 1834 De
1321 1782 1456 1834 viris
1509 1783 1624 1835 Deo
1683 1779 1883 1834 dicatis
1941 1780 2029 1834 vel

336 1867 729 1922 ecclesiasticis
781 1867 1147 1920 facultatibus
1204 1868 1419 1938 aliquid
1472 1867 1832 1938 disponendi,
1874 1868 2029 1921 nulla

335 1956 546 2025 legitur
589 1956 766 2022 laicis,
801 1955 1061 2026 quamvis
1109 1957 1410 2026 religiosis,
1464 1972 1716 2028 unquam
1759 1955 2030 2010 attributa

333 2044 589 2098 facultas.

334 2150 464 2205 CAP.
490 2151 710 2204 LXXIII.
729 2180 790 2190 —
815 2151 880 2204 Ut
895 2150 1112 2204 abbates
1131 2150 1205 2203 ad
1225 2150 1492 2220 synodum
1518 2151 1596 2204 ire
1615 2165 1721 2203 non
1746 2153 2028 2216 cogantur,

826 2224 938 2274 nisi
963 2237 1062 2289 pro
1091 2222 1413 2274 rationabili
1450 2236 1528 2274 re.

408 2310 522 2376 (Em
551 2310 771 2362 concilio
830 2311 1142 2371 Turonensi,
1188 2311 1362 2377 capite
1415 2311 1524 2374 ll.)
1557 2307 1864 2377 Episcopus
1911 2324 2028 2362 non

337 2396 508 2450 debet
557 2397 818 2450 abbatem
869 2413 1070 2465 cogere
1101 2398 1169 2450 ad
1207 2397 1491 2465 synodum
1541 2395 1645 2462 ire,
1694 2396 1804 2450 nisi
1837 2397 2030 2468 aliqua

329 2485 694 2539 rationabilis
723 2503 892 2539 causa
921 2485 1212 2539 consistat.

331 2591 460 2646 CAP.
493 2591 714 2646 LXXIV.
747 2623 813 2630 —
839 2594 904 2645 Ut
923 2593 1358 2657 congregationes
1380 2591 1761 2645 monachorum
1789 2593 1905 2644 sine
1926 2593 2028 2646 col-

661 2663 972 2716 laudatione
996 2665 1235 2731 episcopi
1258 2665 1378 2730 ﬁeri
1402 2678 1509 2716 non
1541 2664 1698 2715 liceat

401 2751 510 2815 (Ea:
567 2750 789 2804 concilio
843 2752 1172 2818 Epaonensi,
1223 2753 1400 2818 capite
1459 2751 1566 2818 l0.)
1625 2749 1871 2803 Cellulas
1926 2766 2025 2803 no-

325 2853 423 2890 vas
455 2843 551 2892 aut
598 2839 1168 2908 congregatiunculas
1215 2837 1627 2891 monachorum
1661 2838 1875 2909 absque
1920 2855 2021 2891 no-

328 2927 456 2980 titia
482 2927 733 2998 episcopi
761 2927 1131 2996 prohibemus
1161 2926 1402 2980 institui.

329 3034 459 3086 CAP.
486 3034 676 3089 LXXV.
699 3063 766 3071 ——-
783 3033 863 3086 De
882 3033 1187 3100 virginibus
1214 3035 1407 3098 sacris,
1432 3048 1550 3100 quae
1566 3033 1886 3102 parentibus
1903 3035 2022 3103 pri-

1064 3109 1283 3157 bantur.

402 3192 509 3261 (Ea:
539 3193 760 3246 concilio
815 3195 1095 3259 Africano,
1140 3193 1318 3260 capite
1369 3191 1484 3260 ll.)
1516 3193 1586 3245 Ut
1637 3191 1883 3262 virgines
1934 3209 2022 3245 sa-

327 3295 455 3340 cras,
502 3279 548 3332 si
592 3279 924 3350 parentibus
954 3296 986 3332 a
1018 3280 1225 3349 quibus
1271 3279 1738 3334 custodiebantur
1785 3281 2021 3351 privatzr

324 3367 561 3434 fuerint,
610 3369 679 3422 ab
729 3369 995 3438 episcopo
1041 3367 1454 3422 custodiantur.
1505 3369 1608 3422 Ubi
1659 3374 1848 3422 autem
1900 3371 2022 3440 epi-

323 3470 528 3526 scopus
573 3456 778 3510 absens
825 3461 928 3523 est,
987 3457 1352 3526 providentia
1396 3455 1753 3526 gravioribus
1793 3457 2022 3511 feminis

323 3545 782 3613 commendetur,
828 3549 894 3598 ut
922 3545 1093 3598 simul
1123 3545 1447 3598 habitantes
1479 3545 1722 3599 invicem
1753 3562 1811 3598 se
1841 3551 2022 3600 custo-

323 3633 502 3698 diant,
555 3649 640 3696 ne,
674 3633 888 3702 passim
938 3634 1220 3703 vagando,
1274 3633 1533 3688 Ecclesia:
1577 3634 1791 3688 laedant
1833 3634 2022 3688 existi-

326 3721 661 3775 mationem.

324 3826 454 3880 CAP.
501 3826 717 3879 LXXVI.
746 3857 814 3865 —
839 3828 943 3894 Qui
971 3827 1238 3893 religiosis
1258 3828 1477 3892 feminis
1501 3827 1896 3896 praeponendus
1926 3831 2016 3882 sit.

394 3933 506 4000 (Ea:
549 3934 772 3986 concilio
835 3933 1270 4000 Carthaginensi,
1327 3931 1508 4001 capite
1558 3933 1672 4003 97.)
1729 3932 1837 3998 Qui
1893 3934 2022 3988 reli-

321 4020 496 4089 giosis
553 4021 784 4075 feminis
830 4021 1252 4092 praeponendus
1303 4021 1392 4090 sit,
1445 4021 1516 4076 ab
1563 4021 1827 4093 episcopo
1881 4039 2020 4094 pro-

322 4109 508 4162 betur.

323 4217 450 4270 CAP.
495 4215 744 4269 LXXVII.
774 4245 832 4257 —
869 4220 942 4270 De
971 4217 1496 4281 sanctimonialibus,
1527 4217 1664 4287 quid
1692 4219 1750 4271 in
1781 4218 2018 4272 claustro

935 4289 1120 4354 facere
1149 4289 1392 4342 debeant.

391 4393 504 4460 (Ea:
547 4395 767 4448 concilio
816 4395 1150 4461 Moguntina,
1203 4397 1381 4462 capite
1426 4395 1499 4463 6.)
1548 4394 2020 4448 Sanctimoniales

319 4479 380 4533 in
438 4483 788 4536 monasterio
837 4483 1161 4536 constitutae
1211 4483 1460 4536 habeant
1515 4481 1770 4536 studium
1824 4483 1882 4536 in
1931 4483 2018 4537 le—

320 4570 506 4639 gendo
549 4577 605 4624 et
634 4571 694 4625 in
724 4572 1034 4640 cantando,
1066 4576 1122 4624 et
1162 4570 1332 4624 horas
1357 4571 1660 4624 canonicas
1688 4573 2020 4626 solemniter

321 4659 536 4728 pariter
581 4661 886 4726 celebrent,
921 4665 978 4713 et
1006 4676 1228 4722 omnes,
1267 4659 1513 4729 exceptis
1545 4675 1686 4729 quas
1714 4659 2019 4715 inﬁrmitas

320 4751 498 4808 tenet,
548 4745 610 4798 in
658 4745 998 4798 dormitorio
1042 4743 1349 4810 dormiant,
1395 4749 1452 4797 et
1497 4743 1763 4798 omnibus
1817 4745 2018 4798 diebus

319 4833 388 4886 ad
419 4832 734 4902 capitulum
767 4838 825 4884 et
857 4831 925 4884 ad
958 4831 1292 4885 collationes
1321 4832 1573 4892 veniant,
1613 4837 1668 4885 et
1697 4835 1954 4902 regulam
1987 4849 2020 4886 a

315 4922 526 4974 sanctis
578 4918 839 4974 Patribus
890 4919 1004 4972 illis
1053 4919 1422 4974 constitutam
1471 4920 1778 4991 diligenter
1824 4921 2016 4976 obser-

317 5013 470 5062 vent.

318 5117 446 5170 CAP.
481 5115 745 5170 LXXVIII.
765 5146 834 5154 —
851 5116 1045 5170 Nullus
1073 5116 1241 5168 laicus
1263 5116 1502 5170 claustra
1523 5117 2018 5171 sanctimonialium

583 5187 949 5255 ingrediatur,
989 5189 1102 5240 nisi
1135 5187 1209 5239 ad
1237 5202 1402 5255 opera
1430 5188 1748 5242 exercenda.

385 5296 494 5359 (Ea:
523 5293 723 5357 eodem,
745 5297 923 5362 capite
961 5295 1019 5346 l6
1052 5294 1068 5364 )
1101 5292 1299 5346 Nullus
1329 5309 1522 5345 vassus
1553 5293 1874 5361 abbatissae,
1909 5309 2014 5347 nec

315 5382 578 5436 minister
632 5381 860 5452 aliquis,
922 5398 1025 5436 nec
1076 5381 1335 5449 clericus,
1390 5397 1492 5434 nec
1541 5382 1718 5435 laicus
1770 5383 2016 5437 claustra

315 5471 655 5524 ancillarum
687 5471 786 5525 Dei
815 5471 1192 5541 ingrediatur,
1227 5469 1338 5524 nisi
1367 5469 1514 5524 forte
1545 5470 1776 5542 quando
1810 5487 2015 5527 neces-

315 5557 454 5612 sitas
484 5558 761 5629 operandi
787 5558 1086 5615 incumbit.

2589 509 2900 562 stimonium
2940 506 3134 559 habeat
3165 505 3378 558 bonum.

2214 597 2334 664 (Em
2365 595 2568 662 eodem,
2609 611 2729 664 cap.
2788 595 2900 662 t5.)
2952 594 3209 649 Portaria
3241 609 3361 647 non
3409 594 3676 664 eligatur,
3729 594 3843 648 nisi

2142 701 2266 755 quae
2316 691 2482 739 aetate
2533 691 2760 738 matura
2805 684 2896 750 sit,
2949 688 3005 737 et
3033 683 3424 737 testimonium
3479 683 3689 738 habeat
3736 684 3843 738 bo—

2139 791 2302 842 num,
2335 780 2392 828 et
2417 775 2546 828 vita:
2571 773 2884 846 probabilis
2910 773 2999 826 sit.

2143 866 2268 918 CAP.
2297 864 2477 918 LXXX.
2511 893 2580 901 -—
2606 865 2671 916 Ut
2697 862 2998 922 abbatissa,
3038 864 3150 914 nisi
3173 877 3272 930 per
3303 863 3577 915 licentiam
3608 863 3700 916 sui
3729 864 3839 930 epi-

2457 937 2605 1002 scopi
2633 950 2668 986 a
2694 935 3018 986 monasterio
3041 948 3147 986 non
3177 932 3509 999 egrediatur.

2211 1025 2330 1090 (Ea:
2360 1025 2583 1078 concilio
2631 1021 2932 1089 Gangren.,
2969 1022 3145 1090 capite
3176 1020 3253 1090 9.)
3284 1020 3585 1074 Abbatissa
3615 1037 3842 1092 nequa-

2141 1129 2312 1183 quam
2345 1113 2416 1166 de
2467 1111 2811 1165 monasterio
2844 1109 3195 1176 egrediatur,
3246 1109 3356 1162 nisi
3385 1125 3490 1178 per
3539 1109 3844 1164 licentiam

2141 1201 2394 1272 episcopi
2426 1201 2534 1253 sui.
2573 1200 2637 1253 Et
2669 1198 2717 1252 si
2746 1198 2976 1267 quando
3005 1198 3156 1251 foras
3186 1197 3397 1268 pergit,
3427 1198 3496 1252 de
3525 1199 3844 1252 sanctimo-

2141 1289 2389 1343 nialibus
2423 1304 2562 1358 quas
2592 1302 2784 1340 secum
2834 1285 2991 1340 ducit
3020 1303 3216 1339 curam
3268 1286 3577 1342 maximam
3604 1288 3842 1355 habeat,

2141 1381 2208 1430 ut
2236 1376 2393 1429 nulla
2424 1375 2505 1428 eis
2529 1375 2696 1428 detur
2721 1374 2939 1428 occasio
2970 1375 3265 1444 peccandi.

2143 1466 2273 1519 CAP.
2305 1465 2516 1518 LXXXI.
2553 1495 2621 1502 —
2655 1465 2721 1518 Ut
2749 1477 2888 1517 unus
2909 1463 3076 1517 abbas
3097 1463 3304 1518 duobus
3325 1465 3672 1518 monasteriis
3689 1479 3843 1533 pra-

2745 1549 2855 1588 esse
2888 1550 2994 1588 non
3021 1535 3229 1588 debeat.

2217 1623 2328 1690 (Ea:
2354 1624 2574 1677 concilio
2623 1625 2907 1686 Arausic.,
2950 1627 3128 1691 capite
3169 1622 3283 1691 54.)
3336 1624 3520 1677 Unum
3567 1623 3845 1677 abbatem

2071 1718 2110 1770 Β
2140 1711 2364 1764 duobus
2390 1711 2749 1764 monasteriis
2775 1710 3176 1764 interdicimus
3207 1710 3534 1780 prasidere.

2179 1800 2305 1854 CAP.
2351 1799 2586 1853 LXXXII.
2619 1829 2688 1838 -—-
2722 1801 2787 1853 Ut
2806 1800 3057 1852 monachi
3084 1805 3380 1868 compatres
3408 1815 3513 1853 non
3543 1799 3800 1854 habeant.

2212 1889 2298 1942 Ea:
2323 1889 2544 1942 concilio
2591 1887 3087 1954 Augustodunensi,
3120 1889 3298 1955 capite
3327 1887 3402 1956 5.)
3449 1888 3519 1942 Ut
3568 1887 3844 1940 monachi

2139 1976 2225 2029 vel
2262 1975 2553 2028 monachae
2585 1980 2906 2045 compatres
2937 1976 3147 2028 habere
3178 1991 3292 2028 non
3324 1980 3699 2045 praesumant.

2139 2065 2270 2118 CAP.
2313 2064 2579 2118 LXXXIII.
2610 2095 2676 2102 —
2707 2063 3104 2188 Quoddfebmin?
3143 2066 3200 2118 in
3231 2069 3490 2118 conventu
3519 2064 3705 2118 docere
3728 2081 3843 2118 non

2901 2151 2927 2188 e
2965 2151 3064 2188 ean
3096 2179 3106 2188 .

2901 2151 3106 2188 eaeam.

2211 2222 2328 2291 (Em
2354 2220 2580 2276 concilio
2622 2221 3086 2289 Carthaginensi.)
3131 2219 3330 2275 Mulier
3373 2221 3636 2292 quamvis
3668 2221 3844 2276 docta

2139 2307 2198 2362 in
2226 2314 2507 2362 conventu
2541 2310 2742 2363 docere
2768 2326 2887 2363 non
2915 2309 3142 2364 audeat.

2140 2398 2266 2451 CAP.
2293 2399 2555 2452 LXXXIV.
2572 2430 2633 2437 —
2654 2401 2720 2452 Ut
2739 2400 2946 2463 femina
2965 2400 3335 2466 pmnitentiam
3353 2398 3485 2452 dare
3500 2415 3606 2453 non
3620 2399 3838 2468 debeat,

2394 2485 2488 2522 nec
2519 2469 2704 2522 sedere
2731 2473 2874 2523 inter
2895 2471 3195 2524 sacerdotes
3218 2472 3279 2523 in
3306 2473 3569 2524 convivio.

2207 2557 2318 2626 (Ea:
2375 2560 2598 2612 concilio
2654 2561 2918 2625 Remensi,
2962 2565 3232 2628 praesente
3280 2558 3549 2613 Ludovico
3595 2562 3839 2629 impera-

2137 2651 2267 2713 tore,
2317 2650 2493 2716 capite
2538 2647 2614 2717 5.)
2665 2647 2898 2701 Femina
2943 2664 3055 2702 non
3099 2648 3196 2702 det
3244 2648 3664 2718 pmuitentiam.
3727 2665 3841 2702 nec

2135 2735 2430 2804 corporale
2471 2750 2600 2787 cum
2656 2734 2962 2800 oblatione,
3013 2750 3117 2788 nec
3156 2735 3391 2789 calicem
3439 2752 3612 2805 super
3653 2738 3838 2792 altare

2135 2826 2331 2891 ponat,
2382 2837 2484 2874 nec
2527 2821 2678 2876 inter
2727 2823 3018 2876 ordinatos
3050 2827 3159 2876 stet
3201 2823 3261 2877 in
3309 2824 3565 2890 ecclesia,
3595 2840 3699 2878 nec
3737 2842 3832 2880 se-

2135 2912 2267 2963 deat
2294 2910 2447 2963 inter
2476 2910 2796 2964 sacerdotes
2825 2910 2885 2964 in
2910 2911 3186 2965 convivio.

2064 2993 2104 3046 C
2135 3015 2264 3068 CAP.
2289 3015 2522 3070 LXXXV.
2542 3047 2608 3054 —
2626 3018 2705 3071 De
2724 3017 3038 3071 mulieribus
3060 3020 3300 3072 virorum
3316 3033 3512 3074 causas
3535 3020 3835 3075 discutien-

2895 3089 3061 3142 tibus.

2204 3174 2313 3254 (βα)
2357 3177 2544 3230 concil.
2612 3179 2931 3245 Nanneten.,
2991 3193 3112 3246 cap.
3175 3180 3249 3240 8.)
3314 3178 3455 3232 Cum
3520 3179 3835 3248 Apostolus

2131 3263 2280 3316 dicat
2311 3283 2323 3318 :
2361 3265 2624 3320 Mulieres
2671 3265 2732 3319 in
2763 3267 3000 3320 ecclesia
3045 3270 3269 3320 taceant
3299 3284 3313 3322 :
3347 3283 3465 3321 non
3496 3269 3650 3322 enim
3694 3285 3837 3339 per-

2133 3351 2382 3405 mittitur
2411 3353 2493 3406 eis
2541 3353 2721 3425 loqui,
2755 3359 2922 3425 turpe
2953 3359 3039 3409 est
3071 3355 3226 3409 enim
3271 3356 3499 3410 mulieri
3540 3357 3600 3410 in
3649 3358 3837 3411 eccle-

2131 3440 2216 3492 sia
2245 3439 2402 3510 loqui
2437 3457 2449 3495 :
2481 3441 2693 3495 mirum
2738 3442 2983 3508 videtur,
3028 3443 3181 3512 quod
3211 3443 3474 3513 quaedam
3526 3444 3841 3500 muliercu-

2131 3528 2201 3581 lae
2233 3534 2434 3582 contra
2474 3529 2695 3584 divinas
2751 3531 3146 3602 humanasque
3193 3531 3369 3601 leges,
3422 3532 3617 3586 attrita
3642 3533 3840 3587 fronte

2130 3615 2498 3686 impudenter
2535 3624 2794 3688 agentes,
2855 3620 3064 3689 placita
3114 3621 3404 3689 generalia
3457 3625 3515 3674 et
3567 3621 3840 3691 publicos

2131 3711 2446 3760 conventus
2516 3707 2906 3763 indesinenter
2964 3709 3197 3776 adeunt,
3265 3715 3321 3763 et
3377 3710 3601 3780 negotia
3665 3713 3842 3780 regni

2130 3793 2520 3865 utilitatesque
2605 3797 2936 3866 reipublicae
3001 3798 3186 3868 magis
3261 3799 3598 3869 perturbant
3651 3815 3836 3869 quam

2131 3882 2455 3951 disponant,
2489 3899 2619 3936 cum
2673 3884 2945 3938 indecens
2975 3885 3069 3952 sit,
3095 3891 3152 3940 et
3181 3886 3352 3940 etiam
3384 3887 3535 3941 inter
3558 3887 3839 3942 barbaras

2130 3976 2329 4041 gentes
2378 3972 2848 4041 reprehensibile,
2882 3975 3152 4028 mulieres
3197 3975 3450 4030 virorum
3481 3991 3679 4029 causas
3711 3977 3834 4031 dis-

2129 4064 2343 4126 cutere,
2377 4065 2433 4112 et
2482 4077 2610 4131 quae
2641 4062 2710 4116 de
2760 4062 3022 4116 lanificiis
3053 4063 3190 4127 suis,
3235 4071 3292 4118 et
3321 4064 3592 4134 operibus
3621 4067 3836 4121 textri-

2131 4147 2296 4214 libus,
2331 4153 2386 4202 et
2417 4150 2754 4205 mulieribus
2796 4152 2948 4206 inter
2977 4153 3309 4223 genitiarias
3341 4171 3470 4207 suas
3507 4154 3834 4209 residentes

2131 4236 2449 4292 debuerant
2504 4239 2814 4310 disputare,
2869 4241 2926 4294 in
2976 4249 3260 4296 conventu
3317 4243 3545 4312 publico
3577 4258 3643 4296 ac
3685 4243 3732 4295 si
3766 4243 3832 4297 in

2129 4326 2286 4378 curia
2333 4327 2668 4393 residentes,
2711 4330 3058 4384 senatoriam
3109 4331 3216 4385 sibi
3245 4335 3526 4402 usurpant
3568 4333 3831 4384 auctori-

2129 4418 2324 4469 tatem.
2359 4415 2496 4479 Quaa
2528 4416 2914 4485 ignominiosa
2946 4419 3321 4490 prmsumptio
3353 4419 3675 4473 fautoribus
3703 4435 3834 4472 ma-

2128 4503 2214 4573 gis
2271 4503 2612 4574 imputanda
2657 4506 2902 4576 videtur,
2953 4524 3127 4578 quam
3175 4507 3426 4562 feminis.
3486 4506 3645 4561 Unde
3691 4509 3836 4578 quia

2129 4590 2336 4644 divinae
2386 4592 2558 4660 leges,
2589 4597 2651 4646 ut
2696 4609 2868 4664 supra
2914 4599 3292 4648 monstratum
3330 4599 3433 4659 est,
3459 4594 3566 4648 hoc
3593 4603 3835 4649 contra-

2126 4677 2347 4746 dicunt,
2378 4684 2435 4732 et
2479 4679 2748 4734 humanm
2792 4681 3173 4735 nihilominus
3201 4682 3448 4752 idipsum
3492 4682 3834 4753 prohibent,

2127 4771 2186 4820 ut
2220 4766 2448 4821 femina:
2482 4768 2625 4822 nihil
2655 4769 2806 4822 aliud
2835 4777 3259 4841 prosequantur
3281 4771 3340 4824 iu
3371 4770 3622 4841 publico,
3651 4788 3836 4842 quam

2127 4871 2290 4908 suam
2323 4872 2572 4910 causam.
2619 4856 2713 4910 Ait
2747 4858 2901 4911 enim
2935 4859 3023 4911 lex
3066 4857 3458 4913 Theodosiana
3490 4875 3503 4912 :
3538 4859 3706 4913 Nulla
3738 4877 3837 4914 ra-

2126 4944 2282 4998 tione
2312 4945 2542 5000 feminas
2581 4947 2828 5017 amplius
2857 4963 3032 5018 quam
3062 4964 3192 5001 suas
3236 4965 3432 5002 causas
3481 4948 3687 5020 agendi
3731 4949 3832 5004 ha-

2125 5031 2300 5086 beant
2348 5038 2710 5104 potestatem,
2743 5051 2846 5089 nec
2877 5036 3119 5107 alicujus
3149 5053 3377 5090 causam
3406 5052 3439 5090 a
3470 5052 3529 5090 se
3560 5039 3835 5093 noverint

2127 5123 2586 5193 prosequendam
2620 5139 2632 5176 :
2663 5124 2876 5178 idcirco
2920 5141 2984 5178 ex
3032 5125 3371 5180 auctoritate
3423 5126 3695 5180 canonica
3744 5127 3835 5181 in-

2126 5211 2478 5276 terdicimus,
2514 5217 2580 5266 ut
2607 5213 2765 5266 nulla
2808 5215 3255 5268 sanctimonialis
3287 5215 3468 5285 virgo,
3499 5215 3587 5268 vel
3632 5214 3828 5282 vidua,

2124 5305 2435 5354 conventus
2485 5302 2784 5371 generales
2842 5303 3026 5363 adeat,
3085 5303 3195 5357 nisi
3251 5320 3284 5357 a
3339 5303 3595 5374 principe
3651 5305 3837 5360 fuerit

2125 5395 2352 5444 evocata
2401 5395 2500 5444 aut
2548 5391 2618 5445 ab
2667 5392 2936 5463 episcopo
3004 5409 3107 5446 suo
3151 5409 3164 5447 :
3202 5392 3310 5447 nisi
3361 5393 3504 5447 forte
3570 5396 3836 5464 propriae

2125 5477 2478 5532 necessitatis
2509 5479 2652 5534 ratio
2682 5479 2995 5549 impulerit,
3030 5486 3086 5536 et
3135 5481 3244 5535 hoc
3274 5481 3461 5552 ipsum
3494 5496 3625 5536 cum
3655 5483 3835 5539 licen-

2123 5568 2203 5622 tia
2229 5571 2284 5620 et
2315 5568 2519 5622 nuntio
2546 5569 2798 5639 episcopi
2825 5569 2934 5624 sui.
