3956 6368
151 410 241 463 809
1098 412 1572 470 DECRETORUM
1614 415 1804 470 LIBRI
1840 415 1946 470 XX.
1992 446 2056 455 --
2099 416 2305 473 LIBER
2343 418 2671 475 OCTAVUS.

3537 427 3643 482 810

142 535 258 591 CAP.
293 534 577 591 LXXXVI.
612 565 680 576 —
713 535 865 602 Quod
885 536 1061 620 abbas
1099 554 1203 607 pro
1241 539 1625 620 humiliatione
1673 541 1843 595 locum
1872 543 1915 597 A
1954 546 2360 597 ornamentum
2406 542 2815 598 inconveniens
2864 545 3163 616 proposito
3210 564 3311 602 suo
3359 566 3637 620 quaerere,

632 624 789 661 suum
818 609 1120 677 relinquere
1149 614 1338 677 possit.

209 694 323 765 (Ea:
376 696 567 749 concit.
624 698 903 767 Mongunt.
948 712 1067 766 cap.
1128 698 1235 769 18.)
1282 698 1470 753 Abbas
1515 702 1702 768 potest
1732 716 1835 769 pro

144 784 558 849 hamiliatione,
611 788 838 838 etcum
890 786 1267 855 permissione
1321 787 1591 857 episcopi,
1646 788 1835 840 locum

145 890 302 926 suum
348 874 715 943 relinquere:
758 879 950 928 tamen
1008 876 1212 928 fratres
1254 876 1471 945 eligant
1513 876 1621 929 sibi
1657 876 1834 929 abba-

144 965 249 1014 tem
282 961 352 1014 de
384 961 523 1031 ipsis
548 962 594 1015 si
627 962 891 1028 habeant,
925 962 1011 1015 sin
1047 968 1237 1017 autem
1278 964 1346 1017 de
1378 964 1676 1017 extraneis.
1726 965 1837 1018 Nec

143 1051 438 1119 episcopus
471 1050 639 1104 debet
686 1051 949 1104 abbatem
979 1051 1258 1105 violenter
1306 1051 1550 1105 retinere
1598 1052 1658 1106 in
1717 1054 1836 1105 loco

140 1155 259 1191 suo.
310 1138 686 1209 Congregatio
740 1140 908 1193 debet
963 1140 1175 1210 eligere
1225 1140 1333 1194 sibi
1379 1141 1640 1195 abbatem
1707 1145 1837 1210 post

140 1230 380 1280 mortem
412 1227 632 1280 abbatis
661 1227 763 1287 sui,
804 1228 892 1281 vel
941 1244 1007 1281 eo
1040 1229 1283 1295 vivente,
1315 1228 1362 1283 si
1406 1229 1526 1299 ipse
1566 1230 1834 1284 discesse-

141 1316 231 1377 rit,
262 1316 348 1369 vel
381 1316 712 1385 peccaverit.
747 1317 873 1386 Ipse
909 1316 1063 1370 enim
1090 1334 1206 1370 non
1239 1323 1425 1388 potest
1454 1318 1704 1389 aliquem
1742 1335 1835 1372 or-

142 1403 335 1457 dinare
366 1403 436 1457 de
472 1404 588 1458 suis
607 1404 947 1475 propinquis
984 1406 1072 1459 vel
1113 1405 1330 1473 amicis,
1366 1405 1487 1460 sine
1544 1407 1835 1462 voluntate

142 1492 398 1546 fratrum.

140 1580 265 1635 CAP.
288 1581 576 1636 LXXXVII.
592 1612 659 1621 —
672 1581 825 1648 Quod
836 1582 1005 1707 laici:
1018 1587 1073 1707 gn
1091 1583 1309 1707 egclesia
1323 1584 1593 1639 lectionem
1607 1586 1835 1639 recitare

812 1669 917 1707 non
991 1671 1017 1707 e
1055 1670 1117 1707 ea
1147 1694 1159 1707 .

812 1669 917 1707 non
951 1669 1159 1708 αροθαι.

205 1739 322 1805 (Ea:
356 1739 556 1805 eodem,
599 1755 720 1808 cap.
765 1741 873 1809 19.)
921 1741 1116 1795 Laicus
1161 1758 1277 1795 non
1328 1743 1498 1797 debet
1542 1742 1601 1795 in
1648 1743 1831 1796 eccle-

138 1829 218 1881 sia
248 1829 554 1881 lectionem
584 1830 846 1896 recitare,
882 1846 985 1883 nec
1020 1831 1253 1883 alleluia
1292 1830 1499 1899 dicere,
1532 1831 1644 1884 nisi
1681 1832 1832 1900 psal-

140 1934 261 1971 mos
287 1923 510 1971 tantum
545 1924 599 1971 et
627 1920 987 1989 responsoria
1017 1919 1139 1973 sine
1172 1920 1423 1975 alleluia.

139 2008 264 2059 CAP.
293 2006 608 2061 LXXXVIII.
634 2037 701 2047 —
740 2007 896 2072 Quod
914 2023 1019 2061 non
1042 2009 1199 2061 liceat
1237 2010 1486 2077 episcopo
1520 2008 1835 2062 abstrahere

460 2082 795 2147 monasterii,
827 2082 1076 2148 quamvis
1105 2095 1234 2146 erga
1275 2095 1329 2132 se
1353 2082 1659 2148 peccaverit

315 2166 349 2201 a
426 2163 508 2201 as.

315 2163 508 2203 αοοαε.

208 2238 327 2303 (Ea:
362 2238 563 2302 eodem,
614 2253 732 2306 cap.
784 2239 899 2308 20.)
962 2238 1240 2308 Episcopo
1298 2254 1410 2291 non
1442 2238 1580 2291 libet
1635 2238 1835 2291 tollere

137 2326 552 2396 possessionem
588 2327 943 2393 monasterii,
979 2327 1241 2396 quamvis
1272 2326 1590 2396 peccaverit
1641 2325 1831 2389 abbas,

140 2415 233 2468 sed
268 2414 461 2468 mittat
491 2431 623 2468 eum
653 2414 712 2469 in
744 2415 901 2469 aliud
932 2415 1372 2481 monasterium,
1403 2415 1462 2468 in
1494 2418 1837 2485 potestatem

140 2503 374 2556 alterius
406 2502 645 2556 abbatis.

281 2590 412 2644 CAP.
440 2590 699 2646 LXXXIX.
728 2620 789 2631 -—
814 2592 891 2645 Ne
916 2592 1166 2715 Zionatchi
1184 2591 1390 2659 placita
1411 2591 1697 2645 saecularia

880 2678 913 2715 a
956 2678 1054 2715 ean
1088 2705 1098 2715 .

880 2678 1098 2715 aaeant.

208 2751 318 2817 (Ea:
359 2748 541 2803 eodem
570 2789 584 2814 ,
610 2764 730 2818 cap.
779 2750 895 2819 2t.)
940 2753 1018 2802 Ac
1046 2749 1251 2803 deinde
1284 2747 1657 2812 decrevimus,
1696 2747 1839 2800 sicut

140 2843 337 2892 sancta
363 2838 567 2907 regula
599 2838 754 2903 dicit,
797 2843 859 2891 ut
901 2837 1317 2891 monasterium
1359 2836 1455 2890 ubi
1486 2836 1612 2890 ﬁeri
1641 2836 1838 2905 possit,

134 2942 237 2995 per
262 2926 514 2979 decanos
546 2924 889 2979 ordinetur:
939 2925 1075 2995 quia
1122 2925 1206 2978 illi
1247 2924 1539 2995 praepositi
1590 2939 1738 2993 saepe
1778 2923 1836 2976 in

136 3016 447 3068 elationem
469 3013 750 3080 incidunt,
777 3017 833 3066 et
864 3014 922 3066 in
945 3013 1217 3083 laqueum
1250 3011 1479 3066 diaboli.
1514 3011 1625 3064 Hoc
1648 3016 1839 3065 tamen

1947 628 2007 682 in
2036 629 2255 683 deliciis
2280 631 2468 684 vivere
2513 633 2678 700 velle,
2729 633 2925 700 gulam
2970 639 3024 687 et
3069 634 3401 690 ebrietatem
3454 638 3635 708 sequi,

1946 718 2202 788 pondera
2234 718 2445 789 injusta
2468 720 2554 773 vel
2603 736 2901 774 mensuras
2949 721 3159 777 habere
3181 764 3195 789 ,
3229 725 3521 793 negotium
3549 727 3638 779 in-

1942 807 2164 876 justam
2193 822 2476 862 exercere.
2524 808 2636 861 Nec
2684 814 2876 862 tamen
2916 810 3140 879 justum
3207 813 3501 882 negotium
3559 820 3644 867 est

1948 902 2031 949 est
2083 895 2584 950 contradicendum
2645 902 2879 967 propter
2918 900 3280 954 necessitates
3343 902 3640 956 diversas:

1947 980 2083 1050 quia
2115 982 2355 1051 legimus
2386 990 2606 1037 sanctos
2636 986 2925 1054 apostolos
2956 990 3301 1059 negotiasse,
3343 995 3398 1045 et
3432 991 3494 1045 in
3552 1007 3642 1044 re-

1946 1067 2080 1138 gula
2108 1070 2161 1124 S.
2198 1072 2482 1126 Benedicti
2512 1074 2843 1144 praecipitur
2872 1078 3209 1147 praevidere,
3243 1096 3344 1149 per
3396 1096 3644 1151 quorum

1948 1173 2152 1212 manus
2191 1161 2485 1229 negotium
2538 1165 2867 1217 monasterii
2912 1171 3180 1220 transeat.
3225 1168 3402 1222 Canes
3431 1174 3486 1222 et
3515 1184 3646 1222 aves

1945 1248 2108 1317 sequi
2140 1248 2210 1301 ad
2239 1250 2584 1317 venandum,
2619 1257 2674 1305 et
2722 1252 2781 1306 in
2811 1254 3077 1308 omnibus
3127 1256 3476 1326 quibuslibet
3511 1274 3644 1311 cau-

1945 1336 2021 1390 sis
2070 1338 2427 1407 superﬂuum
2470 1356 2608 1394 esse.
2664 1342 2799 1395 Ecce
2829 1343 2965 1396 talia
3007 1348 3061 1397 et
3090 1344 3179 1397 his
3214 1345 3423 1398 similia
3470 1344 3644 1398 mini-

1944 1425 2073 1479 stris
2131 1426 2326 1480 altaris
2380 1428 2607 1481 Domini
2667 1445 2891 1483 necnon
2933 1434 2989 1485 et
3044 1433 3337 1486 monachis
3407 1433 3645 1486 omnino

1943 1515 2407 1570 contradicimus.
2445 1518 2521 1570 De
2555 1517 2763 1588 quibus
2794 1518 2930 1572 dicit
2958 1521 3259 1589 Apostolus
3288 1538 3301 1575 :
3338 1523 3515 1575 Nemo
3542 1521 3649 1575 mi-

1944 1602 2113 1658 litans
2140 1604 2255 1657 Deo
2286 1604 2542 1675 implicat
2571 1622 2630 1659 se
2668 1607 2916 1676 negotiis
2938 1608 3324 1664 saecularibus.

2159 1710 2287 1763 CAP.
2306 1710 2444 1765 XCI.
2474 1742 2542 1750 —
2564 1714 2637 1766 De
2664 1713 2868 1766 clericis
2897 1713 3099 1781 injuste
3118 1704 3432 1768 tonsuratis.

2016 1796 2124 1867 (Ea:
2144 1799 2343 1865 eodem,
2375 1814 2493 1868 cap.
2546 1800 2662 1867 23.)
2720 1801 2796 1853 De
2843 1801 3063 1854 clericis
3101 1817 3235 1855 vero
3283 1802 3393 1855 hoc
3434 1801 3643 1855 statui-

1945 1902 2089 1950 mus,
2126 1891 2189 1940 ut
2227 1887 2287 1940 hi
2315 1887 2413 1958 qui
2461 1888 2736 1941 hactenus
2783 1887 3000 1942 inventi
3040 1894 3173 1943 sunt
3210 1890 3327 1943 sive
3376 1891 3648 1945 canonico

1944 1975 2058 2029 sive
2089 1975 2147 2028 in
2175 1976 2509 2030 monachico
2530 1977 2730 2031 ordine
2753 1977 3033 2031 tonsurati
3066 1978 3188 2032 sine
3210 1994 3405 2031 eorum
3448 1980 3646 2032 volun-

1944 2068 2078 2132 tate,
2113 2063 2158 2116 si
2184 2063 2349 2117 liberi
2392 2069 2540 2139 sunlt,
2596 2068 2657 2117 ut
2698 2064 2778 2117 ita
2824 2070 3217 2135 permaneant,
3258 2066 3327 2118 'et
3379 2065 3650 2136 deinceps

1945 2151 2258 2205 cavendum
2293 2156 2354 2204 ut
2402 2152 2596 2204 nullus
2624 2152 2949 2218 tondeatur,
2999 2152 3108 2207 nisi
3159 2154 3408 2223 legitima
3456 2158 3642 2218 aetate,

1946 2246 2002 2294 et
2032 2245 2351 2310 spontanee
2390 2240 2701 2301 voluntate,
2734 2242 2820 2294 vel
2853 2257 2983 2294 cum
3018 2242 3240 2295 licentia
3275 2242 3497 2296 domini
3538 2243 3646 2305 sui,

1946 2328 2032 2381 vel
2053 2344 2327 2381 consensu
2358 2334 2684 2397 parentum.

1948 2433 2075 2487 CAP.
2108 2433 2261 2487 XCII.
2315 2462 2385 2471 —
2445 2435 2511 2487 Ut
2566 2436 2803 2503 episcOpi
2826 2437 2940 2487 sive
2998 2435 3237 2501 abbates,
3270 2441 3393 2491 ante
3430 2452 3484 2490 se
3505 2437 3634 2505 joca

2373 2507 2561 2572 turpia
2594 2507 2718 2571 ﬁeri
2742 2521 2845 2558 non
2871 2508 3211 2573 permittant.

2019 2594 2129 2661 (Ea:
2148 2592 2345 2658 eodem,
2375 2608 2494 2660 cap.
2546 2594 2655 2661 2’2.)
2706 2594 2773 2647 Ut
2817 2594 3067 2664 episcopi
3128 2598 3181 2646 et
3229 2594 3461 2648 abbates
3514 2600 3648 2649 ante

1949 2698 2008 2734 se
2034 2683 2164 2750 joca
2199 2681 2392 2751 turpia
2423 2682 2607 2735 facere
2650 2698 2763 2735 non
2812 2684 3168 2752 permittant,
3222 2684 3320 2737 sed
3369 2700 3649 2754 pauperes

1950 2774 2005 2823 et
2048 2769 2373 2838 indigentes
2420 2786 2610 2823 secum
2634 2770 2701 2823 ad
2749 2786 3002 2824 mensam
3054 2771 3317 2837 habeant,
3379 2777 3432 2825 et
3482 2773 3647 2826 lectio

1950 2858 2145 2911 divina
2182 2858 2261 2912 ibi
2291 2863 2580 2928 personet,
2615 2864 2671 2913 et
2728 2864 2956 2912 sumant
2994 2859 3185 2913 cibum
3235 2876 3363 2913 cum
3411 2860 3647 2914 benedi-

1950 2947 2155 3013 ctione,
2188 2951 2245 3000 et
2274 2947 2441 3000 laude
2484 2947 2709 2999 Domini
2749 2947 3060 3001 secundum
3109 2949 3440 3017 Apostolum
3475 2965 3488 3002 :
3521 2948 3647 3004 Sive

1953 3034 2309 3088 manducetis
2334 3035 2452 3087 sive
2480 3034 2695 3099 bibitis,
2730 3035 2925 3087 omnia
2954 3035 3012 3088 in
3044 3035 3210 3088 laude
3264 3036 3364 3088 Dei
3408 3036 3642 3090 faciatis.

136 3103 380 3192 omni“?
410 3102 799 3192 "Nummum
830 3118 945 3155 non
992 3100 1259 3192 ωοηῗίθδί
1286 3100 1700 3192 8958909181“?
1725 3100 1839 3169 pla‘
1871 3105 1912 3161 C
1953 3124 2079 3178 CAP.
2112 3123 2296 3178 XCIII.
2332 3154 2393 3161 —
2441 3123 2520 3177 De
2580 3124 2690 3177 illis
2757 3125 2852 3190 qui
2879 3123 2947 3175 ab
2998 3126 3242 3192 episcopo
3263 3140 3354 3178 seu
3409 3124 3476 3176 ab
3520 3126 3646 3179 aliis

135 3191 246 3245 cita
275 3190 573 3243 ullatenus
599 3188 850 3255 veniant,
892 3204 1078 3259 neque
1128 3188 1250 3257 ipse
1300 3186 1470 3241 abbas
1503 3188 1625 3241 sine
1664 3187 1837 3241 licen-

136 3284 213 3333 tia
245 3276 508 3349 episcopi
553 3277 661 3339 sui,
713 3284 769 3331 et
798 3293 927 3330 cum
968 3276 1271 3331 necessitas
1302 3276 1494 3344 exigit,
1544 3281 1680 3330 tunc
1738 3292 1841 3346 per

130 3368 463 3438 jussionem
496 3371 550 3418 et
577 3365 876 3419 consilium
918 3365 1171 3436 episcopi
1201 3366 1290 3419 sui
1328 3366 1463 3419 illuc
1490 3366 1673 3420 vadat.
1728 3366 1838 3419 Ne-

138 3470 436 3527 quaquam
490 3459 683 3507 tamen
728 3454 1119 3507 contentiones
1177 3459 1271 3507 aut
1322 3454 1445 3507 lites
1494 3454 1714 3524 aliquas
1760 3453 1841 3506 ibi

138 3557 373 3596 movere
426 3546 755 3612 prmsumat,
806 3542 902 3596 sed
961 3542 1240 3613 quidquid
1303 3542 1699 3613 quaerendum,
1754 3543 1839 3594 vel

137 3632 312 3685 etiam
344 3629 809 3698 respondendum
831 3628 923 3697 sit,
952 3645 1055 3699 per
1082 3631 1380 3683 advocatos
1431 3646 1564 3683 suos
1602 3630 1712 3683 hoc
1751 3630 1841 3683 fa-

136 3719 264 3774 ciat.
302 3718 557 3773 Abhates
586 3725 643 3770 et
674 3718 936 3771 monachi
976 3734 1157 3789 usque
1214 3718 1283 3771 ad
1334 3717 1841 3788 interrogationem

136 3809 437 3862 silentium
492 3806 760 3872 habeant,
794 3811 1007 3860 etcum
1039 3806 1490 3877 interrogantur,
1541 3822 1668 3859 cum
1728 3806 1841 3859 hu-

139 3897 385 3951 militate
419 3899 477 3948 et
534 3895 848 3949 reverentia
897 3896 1323 3965 respondeant:
1378 3895 1531 3949 Alias
1582 3896 1843 3965 querelas

137 3986 337 4039 omino
396 3983 671 4037 devitent.
735 3984 795 4037 In
872 3999 1070 4037 eorum
1124 3985 1372 4036 claustro
1446 3986 1840 4053 permaneant,

137 4076 452 4144 nullusque
501 4088 566 4125 ex
600 4072 678 4125 eis
715 4072 862 4126 foras
892 4072 1078 4141 vadat,
1115 4071 1225 4125 nisi
1289 4087 1391 4142 per
1448 4070 1843 4124 necessitatem

137 4164 205 4216 ab
235 4163 451 4217 abbate
484 4160 740 4214 mittatur
772 4160 831 4214 in
864 4160 1249 4214 obedientiam
1278 4177 1290 4214 :
1328 4176 1429 4213 nec
1475 4159 1613 4213 foris
1677 4176 1844 4212 man-

138 4252 311 4305 ducet
359 4265 550 4320 neque
597 4248 754 4303 bibat
790 4249 914 4303 sine
953 4249 1325 4319 permissione
1364 4248 1602 4314 abbatis,
1645 4265 1750 4302 nec
1775 4249 1844 4302 ad

138 4339 405 4394 convivia
433 4338 728 4391 saecularia
756 4338 946 4391 vadat.

504 4426 634 4481 CAP.
665 4427 765 4481 XC.
795 4457 863 4466 —~
894 4427 975 4479 De
995 4427 1204 4492 negotio
1229 4426 1495 4480 saculari.

210 4518 339 4589 (Ea:
363 4515 563 4583 eodem,
598 4531 717 4585 cap.
747 4516 859 4584 22.)
911 4515 1148 4569 Ministri
1181 4521 1372 4569 autem
1412 4514 1603 4568 altaris
1651 4512 1844 4567 Domi-

136 4606 219 4673 ni,
256 4606 350 4659 vel
376 4604 664 4669 monachi,
696 4604 863 4658 nobis
896 4603 1127 4673 placuit,
1164 4608 1228 4657 ut
1257 4620 1284 4656 a
1336 4603 1581 4673 negotiis
1610 4603 1844 4656 saecula-

134 4695 303 4748 ribus
337 4692 579 4747 omnino
630 4692 971 4746 abstineant.
1017 4693 1188 4745 Multa
1239 4695 1373 4744 sunt
1423 4708 1557 4761 ergo
1618 4691 1844 4761 negotia

130 4783 463 4848 saecularia,
500 4782 569 4835 de
628 4781 715 4835 his
767 4786 959 4834 tamen
1010 4796 1189 4850 pauca
1235 4779 1714 4849 perstringamus,
1775 4781 1845 4833 ad

130 4889 268 4942 quae
303 4871 558 4943 pertinet
590 4870 775 4923 omnis
809 4870 1011 4933 libido,
1071 4885 1186 4922 non
1242 4871 1428 4922 solum
1478 4869 1848 4922 immunditia

128 4961 329 5015 carnis
401 4959 497 5013 sed
572 4959 745 5012 etiam
816 4957 1001 5011 omnis
1058 4956 1302 5011 carnalis
1369 4957 1843 5027 concupiscentia.

126 5047 435 5120 Quidquid
471 5047 601 5117 plus
628 5046 779 5117 justo
803 5045 1022 5116 appetit
1049 5045 1244 5111 homo,
1268 5050 1433 5116 turpe
1466 5045 1690 5098 lucrum
1716 5048 1797 5099 est
1830 5059 1844 5097 :

124 5152 388 5192 munera
432 5135 645 5205 injuste
696 5135 952 5203 accipere
1010 5135 1097 5187 vel
1156 5133 1328 5187 etiam
1379 5133 1515 5187 dare
1590 5149 1694 5203 pro
1738 5133 1848 5187 ali-

121 5242 255 5297 quo
286 5223 551 5278 saeculari
577 5228 930 5293 conquaestu,
982 5221 1168 5291 pretio
1198 5222 1448 5291 aliquem
1501 5221 1847 5290 conducere,

117 5312 565 5379 contentiones,
591 5317 647 5365 et
673 5311 823 5379 lites,
855 5315 911 5364 et
940 5310 1090 5364 rixas
1129 5326 1344 5375 amare,
1379 5310 1437 5363 in
1471 5309 1693 5380 placitis
1742 5325 1845 5363 saa-

118 5402 434 5458 cularibus
476 5399 787 5470 disputare,
824 5404 1055 5469 excepta
1082 5399 1413 5453 defensione
1455 5399 1849 5468 orphanorum

118 5496 197 5548 et
249 5492 583 5553 viduarum,
643 5489 1019 5542 conductores
1076 5493 1176 5541 aut
1257 5492 1657 5558 procuratores
1728 5501 1849 5539 esse

122 5579 511 5637 saecularium
548 5593 759 5644 rerum,
796 5577 980 5647 turpis
1029 5576 1189 5630 verbi
1228 5577 1313 5629 vel
1359 5575 1488 5629 facti
1537 5575 1851 5645 jocularem

120 5686 288 5736 esse,
342 5668 436 5723 vel
480 5667 675 5738 jocum
735 5667 1067 5719 saecularem
1119 5664 1382 5735 diligere,
1452 5666 1604 5720 aleas
1658 5678 1850 5718 amare

516 5773 795 5839 PATROL.
850 5772 1020 5838 CXL.

2224 3214 2472 3265 avaritiae
2501 3227 2666 3265 causa
2684 3212 2893 3264 seducti
2918 3226 2972 3264 se
2999 3212 3360 3266 totonderunt.

2024 3282 2137 3351 (Ex
2179 3283 2377 3348 eodem,
2447 3298 2566 3350 cap.
2620 3283 2730 3349 25.)
2792 3282 3099 3336 Constituit
3146 3299 3281 3335 sane
3337 3299 3495 3336 sacer
3540 3283 3646 3337 iste

1951 3375 2276 3436 conventus,
2312 3375 2375 3424 ut
2411 3370 2665 3441 episcopi
2694 3370 2808 3423 sive
2843 3370 3095 3437 abbates,
3127 3370 3224 3441 qui
3272 3388 3388 3424 non
3418 3372 3478 3425 in
3524 3372 3645 3425 fru-

1950 3466 2103 3515 ctum
2136 3460 2483 3526 animarum,
2534 3459 2631 3513 sed
2664 3459 2724 3513 in
2755 3460 3054 3514 avaritiam
3104 3464 3159 3513 et
3206 3464 3373 3530 turpe
3417 3461 3644 3515 lucrum

1950 3548 2256 3610 inhiantes,
2293 3547 2576 3616 quoslibet
2604 3547 2867 3600 homines
2898 3548 3113 3601 illectos
3144 3547 3644 3602 circumveniendo

1950 3637 2320 3691 totonderunt
2350 3641 2407 3689 et
2439 3651 2527 3688 res
2574 3651 2771 3688 eorum
2810 3635 2909 3688 tali
2967 3635 3341 3705 persuasione
3399 3651 3514 3689 non
3562 3652 3648 3689 so-

1952 3729 2070 3781 lum
2117 3729 2477 3795 acceperunt,
2528 3724 2622 3778 sed
2664 3724 2856 3794 potius
2886 3724 3311 3795 surripuerunt,
3359 3724 3644 3793 poeniten-

1950 3816 2045 3871 tiae
2073 3814 2356 3870 canonicae
2412 3813 2527 3867 sive
2557 3812 2833 3883 regulari,
2900 3817 3097 3883 utpote
3153 3814 3335 3883 turpis
3368 3813 3507 3865 lucri
3558 3828 3645 3866 se-

1952 3909 2215 3971 ctatores,
2268 3900 2645 3971 subjaceant:
2730 3901 2791 3955 hi
2848 3916 2981 3953 vero
3059 3900 3158 3971 qui
3210 3901 3371 3954 vanis
3403 3901 3646 3971 promis-

1954 3987 2205 4042 sionibus
2284 3984 2478 4047 illecti,
2556 3985 2643 4038 vel
2725 3983 3076 4055 quibuslibet
3124 3984 3648 4038 machinationibus

1954 4072 2231 4147 persuasi,
2263 4072 2472 4126 mentis
2519 4071 2722 4142 inOpes
2769 4072 2974 4140 etfecti,
3028 4088 3220 4126 rerum
3269 4089 3503 4127 suarum
3550 4073 3646 4126 do-

1957 4162 2099 4216 mini
2144 4177 2266 4215 esse
2321 4159 2650 4220 nescientes,
2701 4176 2926 4214 comam
2982 4160 3386 4231 deposuerunt.
3453 4162 3515 4215 in
3583 4177 3649 4214 eo

1956 4251 2107 4322 quod
2149 4254 2447 4321 coeperunt
2494 4265 2855 4319 perseverare
2899 4253 3195 4319 cogantur.
3238 4250 3348 4303 Res
3395 4264 3647 4320 namque

1958 4355 2086 4410 quas
2113 4338 2183 4393 ab
2240 4337 2443 4391 illectis
2469 4342 2526 4390 et
2574 4336 3000 4408 negligentibus
3050 4338 3218 4405 datae,
3251 4337 3321 4391 ab
3373 4337 3557 4390 avaris
3594 4341 3653 4390 et

1961 4427 2383 4498 negligentibus
2411 4442 2523 4480 non
2555 4426 2741 4480 solum
2775 4431 3018 4496 acceptas
3050 4426 3148 4479 sed
3198 4430 3376 4495 raptae
3409 4440 3653 4479 noscun-

1955 4522 2070 4583 tur,
2098 4514 2424 4569 haeredibus
2470 4514 2800 4581 reddantur,
2852 4514 2953 4585 qui
2986 4514 3277 4569 dementia
3322 4519 3647 4583 parentum,

1958 4602 2190 4658 avaritia
2233 4602 2595 4656 incentorum
2643 4601 2988 4656 exbaaredati
3043 4618 3165 4655 esse
3205 4606 3539 4654 noscuntur.
3594 4600 3653 4655 Si

1955 4706 2087 4743 vero
2146 4690 2533 4744 nescientibus
2583 4691 2863 4761 episcopis
2889 4696 2985 4744 aut
3034 4690 3352 4753 abbatibus,
3402 4688 3652 4743 ministri

1956 4794 2179 4844 eorum,
2205 4779 2449 4848 quilibet
2495 4779 2761 4833 videlicet
2802 4779 2858 4832 in
2894 4779 3064 4844 clero,
3113 4778 3220 4832 hoc
3270 4778 3467 4832 fecisse
3511 4794 3652 4832 con-

1955 4868 2282 4933 vincuntur,
2335 4866 2587 4937 episcopi
2636 4872 2690 4921 et
2738 4868 2991 4935 abbates,
3040 4867 3307 4922 desidia:
3372 4867 3457 4921 illi
3521 4883 3653 4921 vero

1955 4956 2263 5027 rapacitate
2321 4961 2378 5009 et
2433 4955 2687 5023 avaritia,
2743 4956 3095 5026 judicentur.
3155 4957 3271 5010 Hoc
3304 4972 3437 5010 vero
3499 4955 3650 5026 quod

1957 5045 2084 5116 quis
2112 5046 2227 5099 Deo
2258 5043 2413 5113 juste
2438 5047 2495 5097 et
2524 5043 2944 5099 rationabiliter
2990 5046 3060 5100 de
3093 5045 3262 5100 rebus
3312 5043 3429 5099 suis
3466 5043 3653 5108 offert,

1956 5134 2198 5189 ﬁrmiter
2232 5133 2476 5186 Ecclesia
2501 5137 2696 5186 tenere
2729 5132 2915 5186 debet.

1958 5240 2087 5295 CAP.
2122 5239 2300 5294 XCIV.
2333 5269 2403 5278 —
2436 5240 2502 5293 Ut
2531 5238 2809 5292 abbatissa
2837 5254 3093 5306 magnam
3133 5254 3328 5294 curam
3371 5238 3564 5293 habeat
3594 5238 3659 5292 de

2525 5313 2932 5376 congregatione
2968 5324 3089 5362 sua.

2031 5399 2145 5469 (Ea:
2177 5399 2379 5466 eodem,
2416 5415 2531 5467 cap.
2562 5399 2673 5467 26.)
2722 5397 3019 5451 Abbatissa
3068 5397 3405 5466 diligentem
3452 5397 3661 5452 habeat

1962 5503 2159 5541 curam
2192 5488 2262 5541 de
2292 5487 2764 5557 congregratione
2788 5485 2894 5539 sibi
2925 5485 3249 5551 commissa,
3283 5492 3339 5539 et
3365 5486 3660 5557 provideat

1960 5581 2026 5629 ut
2058 5576 2117 5628 in
2152 5575 2392 5628 lectione
2424 5579 2480 5627 et
2524 5575 2583 5626 in
2616 5573 2827 5638 ofticio,
2888 5578 2943 5627 et
2974 5572 3031 5626 in
3069 5572 3459 5627 modulatione
3507 5575 3662 5644 psal-

1961 5678 2189 5717 morum
2214 5662 2353 5734 ipsa:
2403 5660 2871 5716 sanctimoniales
2903 5666 3151 5717 strenuae
3198 5661 3331 5729 sint,
3360 5665 3417 5716 et
3457 5662 3516 5717 in
3544 5678 3664 5717 om-

3268 5775 3351 5833 26
