3956 6342
351 345 448 398 811
1416 331 1816 388 BURCHARDI
1852 327 2387 386 WORMACIENSIS
2426 325 2761 384 EPISCOPI.

3738 324 3844 377 812

347 463 519 518 nibus
538 459 808 530 operibus
827 455 994 511 bonis
1020 454 1117 508 illa
1133 454 1213 508 eis
1241 454 1507 507 ducatum
1537 451 1808 521 praebeat,
1843 453 2036 518 utpote
2069 451 2116 503 Λ
2154 463 2341 502 serere
2367 445 2597 517 poterit,
2642 445 2738 498 sed
2787 442 2834 496 si
2884 442 3224 508 discesserit,
3269 441 3594 497 reducatur.
3630 442 3689 498 Si
3713 448 3852 497 ton—

348 568 454 622 pro
502 547 802 602 animabus
824 561 1019 599 earum
1054 543 1333 597 rationem
1374 541 1668 594 redditura
1709 539 1768 591 in
1809 552 2044 613 conspe-

349 646 440 694 ctu
476 637 704 693 Domini
738 652 750 689 :
799 639 853 687 et
892 633 1176 704 stipendia
1223 627 1747 684 sanctimonialibus
1789 625 2045 696 praebeat

350 725 688 790 necessaria,
738 740 808 778 ne
848 723 993 776 forte
1037 736 1140 790 per
1179 717 1557 790 indigentiam
1605 715 1718 770 cibi
1748 719 1847 768 aut
1876 719 2042 785 potus

348 830 584 886 peccare
611 812 1047 882 compellantur.

351 921 478 975 CAP.
510 919 660 974 XCV.
703 947 771 955 —
815 917 882 970 Ut
911 912 1346 969 sanctimoniales
1372 912 1432 964 in
1463 909 1709 963 domibus
1771 908 1884 962 suis
1925 921 2043 960 cum

421 990 697 1059 aliquibus
734 988 988 1041 masculis
1037 983 1367 1038 manducare
1405 983 1487 1036 vel
1531 981 1706 1034 bibere
1749 994 1854 1032 non
1909 993 2045 1046 prae-

417 1065 763 1218 :Z‘Zagdmn,
815 1160 935 1214 cap.
982 1144 1100 1211 27.)
1148 1142 1272 1195 Νοη
1327 1140 1534 1195 debere
1584 1135 2042 1192 sanctimoniales

345 1237 408 1291 in
462 1233 710 1307 propriis
763 1231 1158 1287 mansionibus
1211 1245 1338 1283 cum
1405 1228 1693 1299 aliquibus
1753 1224 2040 1290 masculis,

343 1322 562 1378 clericis
640 1321 757 1375 sive
827 1320 986 1374 laicis
1055 1317 1496 1388 consanguineis
1568 1316 1684 1369 sive
1761 1312 2042 1367 extraneis

344 1412 542 1468 bibere
592 1410 709 1464 sive
752 1408 1052 1462 comedere
1087 1423 1100 1460 :
1134 1407 1231 1460 sed
1283 1406 1329 1459 si
1377 1405 1606 1476 quando
1650 1404 1708 1458 id
1757 1403 2040 1474 agendum

345 1506 451 1562 est,
475 1499 535 1553 in
593 1497 878 1552 auditorio
909 1502 1134 1566 agatur,
1187 1499 1243 1548 et
1289 1509 1419 1548 cum
1468 1495 1626 1547 nullo
1667 1492 1920 1548 masculo
1961 1490 2041 1544 eis

343 1587 696 1658 colloquium
727 1586 937 1639 habere
968 1585 1152 1650 liceat,
1185 1582 1296 1637 nisi
1327 1583 1385 1636 in
1427 1581 1735 1648 auditorio,
1758 1586 1815 1636 et
1843 1579 1922 1634 ibi
1952 1595 2042 1633 co-

345 1693 468 1732 ram
495 1675 735 1730 testibus
766 1673 1009 1728 idoneis.

346 1766 472 1821 CAP.
512 1764 688 1819 XCVI.
718 1793 786 1802 --
819 1763 1068 1886 Qualiletr
1113 1761 1377 1901 imit/tigrim
1419 1759 1586 1814 abbas
1627 1773 1778 1812 asuo
1820 1772 2036 1827 separe-

1053 1849 1119 1885 ur
1150 1847 1178 1885 ο
1254 1848 1353 1884 czo.

1053 1849 1119 1885 ur
1150 1847 1353 1885 ΟῘηϐῖΟ.

417 1924 536 1994 (Ea:
582 1923 768 1977 concil.
826 1920 1040 1975 Tribur.
1105 1922 1194 1973 cui
1243 1920 1498 1984 interfuit
1554 1933 1650 1971 rem
1703 1917 2036 1985 Arnolphus,

343 2030 463 2084 cap.
502 2015 611 2078 15.)
653 2011 710 2066 Si
766 2009 892 2080 quis
943 2013 1132 2062 autem
1193 2007 1366 2060 abbas
1408 2011 1605 2060 cautus
1645 2005 1704 2059 in
1757 2004 2038 2074 regimine

349 2107 404 2156 et
431 2099 686 2166 humilis,
738 2103 922 2152 castus
973 2096 1331 2166 sobriusque,
1363 2095 1706 2158 misericors,
1763 2093 2037 2148 discretus

348 2207 465 2245 non
519 2188 710 2255 fuerit,
765 2203 828 2240 ac
878 2186 1070 2240 divina
1101 2190 1384 2255 praecepta
1433 2183 1619 2236 verbis
1657 2187 1713 2236 et
1768 2181 2040 2252 exemplis

349 2293 464 2331 non
497 2274 830 2340 ostenderit,
866 2274 936 2328 ab
983 2272 1247 2342 episcopo
1295 2273 1356 2325 in
1396 2272 1555 2341 cujus
1584 2270 1872 2324 territorio
1904 2285 2040 2323 con-

351 2366 516 2432 sistit,
551 2369 607 2418 et
636 2381 665 2417 a
713 2362 911 2416 vicinis
944 2361 1240 2415 abbatibus
1280 2365 1336 2414 ct
1365 2359 1582 2413 caeteris
1615 2360 1791 2412 Deum
1833 2359 2041 2411 timen-

347 2455 501 2508 tibus
531 2469 663 2507 suos
694 2455 954 2505 arceatur
983 2451 1224 2514 honore,
1265 2448 1437 2502 etiam
1487 2447 1533 2500 si
1567 2447 1755 2500 omnis
1801 2461 2038 2516 congre-

349 2542 531 2611 gratio
575 2539 727 2595 vitiis
776 2539 893 2594 suis
934 2537 1296 2592 consentiens
1344 2537 1603 2591 abbatem
1653 2551 1783 2590 eum
1832 2535 2041 2589 habere

347 2630 606 2685 voluerit.

347 2720 474 2775 CAP.
505 2718 708 2775 XCVII.
769 2747 838 2757 —
868 2719 942 2772 De
963 2715 1170 2770 clericis
1221 2715 1318 2782 qui
1345 2717 1592 2768 tonsuras
1639 2712 1965 2780 dimiserint,
1991 2716 2042 2767 et

910 2802 1104 2841 umores
1152 2787 1472 2855 acceperint.

422 2878 534 2948 (Ea:
556 2877 736 2933 eodem
760 2875 968 2942 concil.,
998 2877 1260 2944 prasente
1293 2872 1576 2942 Arnolpho
1608 2887 1750 2939 rege,
1775 2887 1894 2940 cap.
1933 2869 2037 2940 16.)

2155 553 2347 591 suram
2383 533 2684 600 dimiserit,
2718 547 2946 586 rursum
2980 533 3306 598 tondeatur,
3337 547 3574 586 uxorem
3607 532 3653 586 si
3685 550 3849 586 usur-

2152 625 2388 696 paverit,
2424 623 2713 678 dimittere
2743 622 3142 691 compellatur.

2154 732 2281 786 CAP.
2305 730 2536 785 XCVIII.
2573 758 2642 769 —
2672 731 2749 784 De
2774 728 2968 797 puellis
3000 743 3118 796 quae
3147 742 3202 780 se
3223 733 3349 782 ante
3378 728 3644 793 legitimos
3678 744 3850 783 annos

2397 816 2499 856 sua
2527 805 2715 869 sponte
2752 814 2917 853 sacrae
2959 800 3212 866 religioni
3248 799 3596 853 tradiderint.

2223 889 2359 955 (Ere.
2402 887 2602 953 eodem,
2642 900 2762 954 cap.
2801 887 2910 952 17.)
2952 885 3147 938 Puella
3179 883 3225 936 si
3260 890 3390 938 ante
3420 885 3721 940 duodecim
3750 903 3855 940 an-

2150 992 2256 1032 nos
2285 976 2468 1029 aatatis
2494 980 2698 1045 sponte
2747 990 2849 1026 sua
2876 989 3096 1027 sacrum
3148 973 3253 1026 sibi
3285 975 3548 1028 velamen
3587 975 3851 1040 assumit,

2150 1069 2391 1136 possunt
2437 1062 2628 1118 statim
2659 1067 2925 1133 parentes
2957 1062 3041 1115 vel
3096 1066 3314 1115 tutores
3360 1063 3484 1132 ejus
3528 1062 3584 1116 id
3635 1062 3856 1115 factum

2151 1153 2380 1206 irritum
2412 1151 2618 1217 facere,
2653 1151 2698 1204 si
2723 1151 2942 1215 volunt.
2974 1153 3045 1204 At
3081 1149 3126 1202 si
3159 1166 3374 1203 annum
3397 1155 3453 1202 et
3478 1149 3630 1203 diem
3655 1150 3712 1204 id
3746 1150 3858 1203 dis-

2151 1241 2475 1294 simulando
2520 1239 2932 1307 consenserint,
2983 1238 3222 1292 ulterius
3273 1239 3573 1309 nec.ipsa,
3635 1254 3738 1292 nec
3769 1238 3859 1291 illi

2151 1331 2375 1382 mutare
2405 1328 2513 1382 hoc
2534 1331 2824 1398 poterunt.
2856 1329 3033 1382 Porro
3056 1326 3102 1380 si
3127 1326 3187 1380 in
3213 1326 3437 1380 fortiori
3467 1332 3630 1380 aetate
3665 1343 3700 1380 a
3743 1327 3859 1381 do-

2150 1419 2477 1486 lescentula,
2539 1419 2622 1471 vel
2696 1417 3023 1471 adolescens
3088 1416 3298 1469 servire
3365 1417 3480 1474 Deo
3547 1415 3856 1486 elegerint,

2151 1523 2269 1562 non
2299 1511 2382 1560 est
2414 1509 2662 1577 potestas
2690 1505 3027 1576 parentibus
3058 1504 3163 1558 hoc
3183 1505 3544 1575 prohibendi.
3917 1497 3927 1524 ἓ

2152 1616 2279 1670 CAP.
2307 1614 2479 1668 XCIX.
2508 1643 2576 1653 --
2603 1616 2675 1667 De
2700 1615 2794 1667 illo
2822 1615 2918 1682 qui
2944 1613 3143 1682 ﬁlium,
3167 1617 3262 1665 aut
3289 1617 3521 1680 neptem,
3541 1613 3624 1666 vel
3649 1627 3856 1681 paren-

2350 1689 2452 1739 tem
2479 1700 2635 1738 suam
2663 1688 2767 1738 Deo
2799 1687 3150 1752 omnipotenti
3188 1684 3374 1750 oﬂ'crri
3401 1685 3647 1738 voluerit.

2221 1772 2338 1843 (Ea:
2383 1773 2582 1841 eodem,
2643 1789 2762 1842 cap.
2819 1773 2896 1839 6.)
2927 1773 3262 1842 Quicunque
3311 1771 3487 1831 tiliam
3518 1788 3702 1837 suam,
3752 1777 3862 1826 aut

2147 1867 2403 1932 neptem,
2428 1862 2511 1914 vel
2547 1868 2842 1932 parentem
2877 1864 2989 1916 Deo
3019 1861 3402 1931 omnipotenti
3433 1861 3623 1914 offerri
3651 1862 3857 1916 volue-

2149 1950 2242 2017 rit,
2302 1949 2590 2004 licentiam
2646 1951 2901 2005 habeat:
2950 1949 3038 2002 sin
3093 1955 3307 2016 autem,
3354 1949 3540 2004 virum
3588 1950 3852 2020 accipiat,

2149 2038 2302 2092 domi
2337 2037 2581 2092 infantes
2611 2054 2742 2092 suos
2796 2038 3032 2105 nutriat,
3073 2043 3129 2092 et
3173 2054 3290 2091 non
3325 2037 3494 2091 aliam
3549 2037 3699 2092 infra
3735 2054 3860 2092 mo-

2149 2127 2462 2181 nasterium
2512 2128 2738 2181 mittere
2786 2126 3080 2181 nutriendi
3135 2127 3321 2198 gratia
3358 2131 3686 2196 praesumat,
3742 2127 3854 2180 nisi

2150 2229 2276 2268 eam
2326 2231 2496 2286 quam
2526 2215 2769 2269 firmiter
2794 2215 2850 2268 in
2883 2215 3008 2284 ipso
3051 2215 3193 2281 loco,
3226 2215 3287 2268 in
3319 2214 3419 2268 Dei
3452 2215 3680 2268 servitio
3716 2231 3857 2285 per-

2151 2319 2409 2358 severare
2441 2305 2700 2370 voluerit,
2735 2305 3048 2358 secundum
3081 2304 3341 2358 instituta
3385 2309 3711 2358 sanctorum
3746 2305 3860 2358 Pa-

2150 2397 2326 2462 trum,
2357 2409 2457 2447 seu
2487 2393 2802 2447 secundum
2833 2393 3167 2446 canonicam
3218 2393 3632 2447 auctoritatem.

2623 2499 2751 2554 CAP.
2786 2501 2844 2555 C.
2879 2531 2947 2539 —
2977 2501 3050 2553 De
3072 2499 3260 2554 eadem
3284 2515 3360 2553 re.

2225 2607 2328 2675 (Ea:
2356 2606 2554 2672 eodem,
2597 2621 2716 2676 cap.
2749 2605 2825 2676 7.)
2874 2606 3122 2661 Omnino
3174 2606 3567 2677 prohibemus,
3613 2610 3674 2660 ut
3720 2607 3858 2661 nul-

2151 2695 2241 2749 lus
2270 2694 2451 2748 ﬁlium
2476 2700 2573 2748 aut
2601 2699 2892 2765 nepotem,
2923 2697 3008 2749 vel
3041 2699 3342 2766 parentem
3378 2712 3546 2750 suum
3575 2695 3634 2750 in
3655 2711 3858 2750 mona-

2161 2783 2336 2838 sterio
2368 2785 2686 2855 puellarum
2725 2783 2794 2837 ad
2825 2784 3201 2838 nutriendum
3253 2785 3659 2839 commendare
3704 2800 3860 2854 pra!-

2160 2877 2371 2938 sumat,
2399 2888 2504 2927 nec
2532 2873 2839 2944 quisquam
2859 2873 3020 2926 illum
3053 2872 3134 2928 ibi
3163 2873 3448 2944 suscipere
3478 2872 3703 2928 audeat.

349 2966 596 3021 Clericus
656 2964 703 3016 Si
752 2969 991 3016 tonsura
1047 2960 1280 3014 dimissa
1330 2975 1564 3013 "xorem
1609 2958 1907 3072 δοεθρξθτίῖν
1943 2958 2038 3029 qni
2075 3015 2115 3072 C
2153 2979 2280 3033 CAP.
2317 2978 2400 3032 CI.
2435 3008 2504 3020 —
2532 2981 2604 3033 De
2634 2979 2827 3033 abbate
2857 2981 2956 3048 qui
2998 2981 3232 3044 feminas
3275 2981 3333 3032 in
3378 2980 3706 3033 monasterio
3754 2994 3858 3034 suo

362 3071 369 3072 κ
433 3055 443 3064 ⁸
470 3055 513 3072 1-
545 3070 574 3072 κ-
613 3052 672 3072 ,ΞΑ
711 3052 822 3072 -ἷ..-
865 3049 1035 3072 Δ......Ἰ..
1072 3065 1171 3072 ...ι’
1204 3049 1268 3072 ..λ
1303 3047 1710 3072 ..ΑΛ-πηριΑ-ἶαειιυι
1751 3064 1775 3072 Α
1809 3047 1976 3072 τρε-..ΑΔ
2011 3065 2035 3072 _
2518 3052 2837 3072 1'--‘.'...'J..A--
2876 3050 3132 3072 Α..Ι-¹.----.-
3157 3052 3460 3072 ---μω.’-Α--.”Ᾱ

350 3055 582 3126 quidem
608 3052 678 3106 sit
708 3052 828 3104 sine
859 3049 1039 3121 gradu
1072 3065 1174 3102 nec
1203 3049 1269 3102 ad
1303 3047 1713 3101 monasterium
1749 3047 1980 3118 aliquod
2009 3065 2042 3102 a

345 3142 680 3214 parentibus
736 3139 1000 3203 traditus,
1043 3137 1088 3190 si
1141 3152 1372 3190 uxorem
1412 3136 1621 3190 habere
1669 3135 2044 3207 permittitur,

346 3232 556 3286 iterum
605 3228 829 3283 tonderi
864 3231 1119 3298 cogatur,
1178 3241 1280 3279 nec
1327 3225 1388 3278 in
1426 3225 1541 3278 vita
1595 3241 1694 3278 sua
1750 3229 2043 3279 tonsuram

347 3321 638 3391 negligere
660 3318 885 3371 audeat.
929 3316 1106 3380 Quem
1140 3317 1331 3368 autem
1372 3312 1768 3383 progenitores
1803 3313 1871 3367 ad
1921 3330 2042 3369 mo-

346 3408 662 3468 nasterium
704 3405 1082 3471 tradiderunt,
1115 3407 1173 3457 et
1213 3403 1272 3456 in
1315 3402 1561 3455 Ecclesia
1589 3401 1762 3471 coepit
1792 3408 2041 3470 cantare,

346 3503 402 3552 et
429 3499 641 3569 legere,
673 3510 779 3550 nec
815 3509 1052 3549 uxorem
1084 3493 1312 3557 ducere,
1363 3507 1468 3544 nec
1493 3490 1906 3545 monasterium
1952 3492 2045 3546 de-

2513 3052 2837 3117 festicitates
2870 3050 3132 3104 celebrare
3152 3052 3480 3120 permiserit.

2229 3138 2340 3208 (Ea:
2381 3140 2600 3194 concilio
2635 3138 2878 3210 Urbica.)
2907 3139 2963 3194 Si
3015 3139 3189 3193 abbas
3219 3139 3517 3193 mulierem
3565 3138 3623 3192 in
3657 3155 3861 3195 mona-

2155 3227 2392 3280 sterium
2453 3242 2618 3280 suum
2673 3225 2898 3296 ingredi
2955 3226 3299 3296 permiserit,
3361 3231 3458 3279 aut
3513 3225 3857 3282 festivitates

2155 3315 2373 3387 aliquas
2417 3315 2632 3370 ibidem
2691 3319 2964 3386 spectare,
3029 3315 3212 3370 tribus
3279 3315 3569 3370 mensibus
3626 3315 3688 3369 in
3738 3319 3857 3373 alio

2153 3404 2500 3459 monasterio
2527 3405 2874 3471 retrudatur,
2907 3420 3052 3476 pane
3083 3409 3140 3458 et
3177 3420 3325 3475 aqua
3352 3408 3576 3458 tantum
3611 3399 3860 3476 conten—

2155 3499 2264 3548 tus.

1753 3595 1926 3636 FINIS
1971 3596 2147 3636 LIBRI
2188 3597 2443 3638 OCTAVI.

1235 3769 1530 3842 INDEX
1604 3769 2293 3843 CAPITULORUM
2370 3771 2625 3844 LIBRI
2703 3772 2964 3846 NONI.

349 3915 474 3969 CAP.
506 3913 548 3967 Ι.
580 3910 744 3975 Quod
792 3909 944 3964 aliud
971 3908 1043 3962 sit
1097 3923 1257 3974 uxor,
1308 3907 1460 3961 aliud
1517 3906 1851 3974 concubina,
1930 3923 2029 3961 nec

420 4003 572 4056 erret
602 3999 862 4072 quisquis
905 3997 1082 4052 ﬁliam
1130 4012 1290 4050 suam
1321 3995 1381 4050 in
1420 3995 1853 4050 matrimonium
1899 4011 2031 4050 con-

418 4090 685 4145 cubinam
716 4086 949 4142 habenti
971 4085 1291 4140 tradiderit.

347 4183 397 4234 2.
425 4179 614 4246 Qualis
640 4193 784 4230 uxor
809 4175 1064 4245 legitima
1098 4190 1217 4227 esse
1246 4173 1467 4228 debeat.

349 4274 395 4323 3.
429 4269 498 4322 Ut
518 4267 708 4320 nullus
736 4265 952 4317 occulte
981 4262 1207 4333 nuptias
1237 4261 1500 4315 celebret.

345 4357 396 4411 4.
432 4357 552 4422 Quo
577 4361 834 4424 tempore
867 4353 1080 4422 nuptiae
1112 4351 1463 4405 celebrandae
1495 4349 1626 4403 sint.

349 4449 398 4499 5.
455 4445 706 4510 Qualiter
759 4441 1173 4497 benedicantur
1252 4457 1284 4494 a
1339 4438 1627 4493 sacerdote
1685 4452 1928 4506 sponsus
1980 4440 2036 4491 et

417 4550 644 4604 sponsa.

346 4627 397 4678 6.
433 4625 501 4677 Ut
527 4623 749 4674 nullum
783 4617 1116 4689 conjugium
1148 4617 1270 4671 sine
1294 4615 1424 4669 dote
1455 4613 1574 4667 ﬁat.

343 4717 395 4768 7.
429 4712 496 4765 Ut
547 4725 786 4780 sponsus
818 4712 874 4761 et
927 4723 1136 4778 sponsa
1196 4710 1328 4759 ante
1387 4703 1618 4773 nuptias
1667 4717 1700 4756 a
1742 4702 2034 4757 sacerdote

414 4799 837 4853 benedicuntur.

344 4894 395 4946 8.
435 4893 508 4944 De
533 4889 718 4961 primo
751 4885 1040 4958 conjugio.

342 4982 392 5035 9.
430 4979 590 5044 Quod
647 4977 737 5033 vir
766 4976 948 5030 ﬁdelis
1004 4991 1036 5027 a
1071 4970 1310 5025 muliere
1355 4968 1573 5024 infideli
1632 4969 1881 5040 separari
1917 4985 2032 5024 non

410 5069 632 5123 debeaL

343 5161 425 5212 10.
461 5158 531 5211 Ut
558 5155 619 5207 in
650 5151 1100 5208 Christianorum
1129 5146 1345 5217 nuptiis
1384 5161 1497 5199 non
1531 5145 1783 5200 saltetur.

340 5247 421 5298 11.
456 5245 524 5298 Ut
556 5242 780 5295 viduam
815 5255 984 5294 nemo
1016 5238 1236 5290 furetur
1265 5235 1323 5288 in
1352 5250 1607 5289 uxorem.

337 5335 418 5387 l2.
460 5332 527 5386 Ut
551 5330 833 5399 virginem
868 5341 1040 5380 nemo
1071 5324 1292 5376 furatur
1331 5322 1390 5376 in
1422 5337 1678 5377 uxorem.

339 5424 424 5476 13.
463 5423 538 5474 De
565 5419 786 5490 virgine
820 5419 903 5470 vel
939 5415 1108 5468 vidua
1140 5413 1343 5468 furata.

340 5508 421 5563 1i».
462 5509 537 5562 De
563 5505 878 5578 virginibus
909 5517 1038 5575 quas
1064 5500 1450 5572 virginitatem
1493 5503 1624 5554 ante
1653 5498 1884 5570 nuptias
1916 5515 2032 5556 non

407 5595 799 5650 custodierint.

2148 3912 2229 3962 15.
2266 3909 2423 3972 Quod
2459 3908 2601 3962 nulli
2633 3908 2796 3964 liceat
2816 3910 3164 3966 concubinas
3195 3911 3424 3966 habere.

2145 3999 2227 4052 16.
2268 3998 2343 4052 De
2375 3997 2486 4051 illis
2513 3997 2608 4068 qui
2645 4004 2773 4052 ante
2803 3999 3030 4070 nuptias
3062 4001 3408 4057 concubinas
3434 3999 3765 4057 habuerint.

2146 4091 2228 4140 17.
2263 4087 2402 4140 Item
2439 4087 2506 4140 de
2547 4087 2896 4142 concubinis.

2141 4177 2228 4230 18.
2266 4176 2342 4229 De
2367 4175 2590 4244 ancilla,
2625 4175 2672 4230 si
2729 4176 2966 4247 proprio
2995 4177 3231 4233 domino
3277 4193 3382 4233 suo
3429 4178 3689 4249 legitime
3721 4179 3859 4235 fieri

2215 4264 2412 4334 possit.

2070 4370 2110 4423 ι)
2147 4355 2230 4407 19.
2266 4355 2344 4407 De
2371 4354 2468 4406 illo
2500 4353 2598 4424 qui
2647 4369 2869 4409 servum
2914 4371 3080 4410 suum
3127 4359 3184 4410 et
3231 4356 3497 4411 ancillam
3527 4357 3586 4411 in
3645 4359 3854 4414 matri-

2217 4441 2474 4497 monium
2497 4441 2877 4511 conjunxerit.

2147 4533 2235 4585 20.
2273 4531 2349 4584 De
2381 4530 2740 4586 multinubis.

2145 4623 2233 4672 21.
2269 4618 2430 4682 Quod
2460 4619 2708 4672 secunda
2743 4619 3010 4690 conjugia
3052 4620 3420 4674 saecularibus
3469 4637 3589 4676 non
3635 4637 3857 4695 negen-

2216 4708 2330 4768 tur,
2360 4703 2569 4774 quibus
2599 4709 2793 4758 tamen
2820 4705 2888 4758 ad
2934 4707 3150 4758 clerum
3183 4705 3424 4758 minime
3475 4706 3669 4760 venire
3719 4724 3859 4764 con-

2217 4791 2456 4846 ceditur.

2143 4880 2230 4932 22.
2272 4880 2345 4934 De
2370 4879 2482 4932 illis
2516 4879 2612 4950 qui
2638 4880 2697 4933 in
2723 4879 3002 4951 plurimas
3037 4881 3264 4951 nuptias
3297 4880 3646 4936 inciderunt.

2145 4968 2230 5021 23.
2266 4967 2344 5021 De
2375 4967 2484 5022 illis
2517 4969 2616 5039 qui
2648 4969 2815 5023 tertio
2844 4970 3075 5040 nuptias
3105 4969 3537 5024 celebraverint.

2143 5056 2232 5109 2t.
2271 5058 2345 5110 De
2376 5057 2641 5128 bigamis.

2144 5148 2229 5200 25.
2269 5147 2344 5200 De
2371 5163 2612 5201 numero
2645 5147 3003 5202 maritorum.

2143 5236 2229 5289 26.
2264 5235 2610 5306 Deingeuuo
2644 5237 2901 5306 homine,
2936 5237 2983 5290 si
3037 5237 3273 5291 alterius
3305 5235 3571 5290 ancillam
3611 5253 3722 5308 pro
3766 5240 3856 5294 in-

2214 5340 2420 5394 genua,
2451 5326 2750 5396 acceperit,
2794 5331 2851 5380 et
2879 5330 3009 5397 post
3038 5326 3304 5380 ancillam
3352 5342 3478 5381 eam
3509 5343 3629 5380 esse
3676 5329 3858 5386 intel-

2212 5413 2436 5468 lexerit.

2142 5503 2229 5556 27.
2268 5502 2343 5556 De
2374 5501 2587 5557 femina
2617 5501 2890 5574 ingenua,
2920 5502 2966 5558 si
3020 5519 3244 5558 servum
3295 5503 3570 5558 maritum
3614 5520 3857 5577 accepe-

2212 5590 2305 5645 rit.
