3956 6376
119 401 206 452 813
1098 394 1570 452 DECRETORUM
1614 398 1798 453 LIBRI
1835 396 1943 453 XX.
1984 425 2056 436 —
2094 396 2303 451 LIBER
2344 395 2589 453 NONUS.

3485 401 3590 454 814

117 524 189 575 '28.
222 522 293 575 De
318 518 577 590 legitime
611 516 953 588 conjunctis,
997 516 1040 571 si
1074 517 1219 572 alter
1247 518 1481 573 illorum
1512 518 1570 573 in
1601 535 1793 573 amen-
1822 522 1866 573 Λ
1908 518 2044 584 rint,
2098 518 2253 572 velut
2300 517 2515 589 impiae,
2575 513 2952 572 ecclesiastica
3004 520 3406 576 communione
3462 521 3590 592 pri-

180 610 305 663 tiam
333 607 651 662 devenerit.

114 701 192 751 29.
228 700 297 751 De
326 695 603 766 legitimis
631 694 1015 749 matrimoniis
1045 710 1360 751 servorum.

115 788 191 841 30.
223 786 276 841 Si
306 784 507 839 furiosi
537 784 906 837 matrimonia
935 784 1343 837 contraxerint.

117 878 195 928 31.
227 876 297 927 De
338 874 674 944 desponsata
704 873 916 942 puclla,
940 871 987 925 si
1034 873 1179 927 alter
1225 887 1350 925 eam
1382 871 1440 925 in
1491 871 1787 927 matrimo-

177 963 326 1015 nium
358 962 538 1031 possit
566 960 843 1030 accipere.

114 1054 190 1104 3'2.
227 1051 299 1104 De
331 1050 421 1103 his
452 1049 552 1120 qui
579 1065 816 1119 sponsas
847 1047 1062 1102 alienas
1104 1047 1356 1119 rapiunt.

112 1142 190 1194 33.
222 1140 296 1193 De
327 1138 416 1192 his
455 1137 556 1209 qui
587 1137 828 1192 feminas
858 1136 1110 1207 rapiunt.

115 1229 193 1283 3i.
226 1228 301 1281 De
327 1227 525 1280 eadem
558 1242 637 1280 re.

114 1320 191 1371 35.
224 1318 300 1370 De
327 1315 416 1369 his
446 1316 544 1387 qui
574 1315 806 1387 rapiunt
836 1314 1057 1386 puellas
1086 1312 1191 1367 sub
1221 1311 1458 1367 nomine
1480 1310 1651 1366 simul
1688 1309 1788 1365 ha-

178 1404 411 1459 bitandi.

114 1497 192 1548 36.
227 1495 302 1547 De
333 1492 538 1564 puellis
568 1493 747 1564 raptis
772 1491 1029 1546 nondum
1059 1490 1437 1562 desponsatis.

46 1582 53 1589 “
114 1586 193 1637 37.
227 1584 303 1637 De
328 1582 506 1652 raptis
532 1580 903 1653 desponsatis.

116 1674 193 1725 38.
223 1672 299 1725 De
317 1670 516 1724 eadem
542 1686 624 1724 re.

115 1763 191 1813 39.
225 1761 301 1814 De
340 1759 536 1813 eadem
572 1773 650 1812 re.

111 1850 190 1903 40.
224 1851 303 1903 De
335 1847 450 1901 illis
484 1847 583 1918 qui
615 1847 672 1900 in
729 1844 1097 1901 matrimonio
1143 1848 1275 1898 sunt
1329 1849 1384 1898 et
1410 1842 1790 1897 concumbere

177 1952 289 1990 non
324 1941 582 2006 possunt.

112 2026 190 2079 41.
228 2026 306 2079 De
336 2026 532 2079 eadem
566 2040 646 2079 re.

110 2117 189 2168 4‘2.
225 2116 300 2168 De
331 2114 529 2167 eadem
560 2129 640 2168 re.

113 2206 191 2258 43.
224 2204 303 2256 De
330 2202 529 2256 eadem
562 2217 642 2256 re.

113 2291 193 2343 44.
225 2292 304 2343 De
334 2290 536 2344 eadem
568 2306 648 2343 re.

112 2378 192 2430 45.
228 2380 306 2431 De
336 2378 679 2447 conjugatis,
722 2375 822 2447 qui
862 2374 1156 2429 saecularia
1193 2372 1521 2444 relinquere
1574 2372 1795 2428 deside-

174 2471 325 2519 rant.

110 2555 187 2608 46.
222 2555 303 2608 De
333 2552 455 2606 viro
487 2551 587 2623 qui
612 2567 849 2606 uxorem
881 2567 1042 2605 suam
1074 2550 1261 2604 velare
1292 2547 1640 2619 permiserit.

108 2645 189 2696 47.
221 2644 316 2711 {De
370 2641 633 2708 muliere,
676 2640 721 2693 si
764 2640 886 2695 sine
928 2638 1155 2694 licentia
1184 2637 1289 2692 viri
1330 2637 1416 2691 sui
1459 2637 1648 2690 velum
1690 2634 1799 2690 sibi

174 2730 538 2800 imposuerit.

109 2819 190 2873 48.
228 2821 307 2873 De
358 2819 481 2873 viro
532 2818 632 2890 qui
675 2818 798 2872 sine
851 2816 1041 2871 uxoris
1089 2814 1369 2887 permissu
1421 2814 1798 2867 monasticam

171 2908 349 2961 vitam
381 2907 718 2979 susceperit.

108 2998 189 3049 49.
226 2997 303 3049 De
335 2995 539 3066 regina
565 2995 915 3065 Thiethirga,
951 3010 1078 3065 qua:
1112 3008 1279 3047 causa
1309 2990 1609 3063 religionis
1647 3007 1680 3044 a
1710 3005 1798 3043 re-

173 3084 266 3155 gia
300 3084 583 3155 dignitate
611 3084 897 3139 discedere
926 3084 1203 3137 voluerat.

108 3176 188 3227 50.
226 3174 305 3227 De
351 3172 615 3227 Lothario
660 3189 795 3244 rege
835 3172 936 3244 qui
976 3187 1210 3226 uxorem
1250 3184 1411 3223 suam
1449 3168 1507 3223 in
1546 3167 1803 3222 custodia

172 3262 489 3317 detinebat.

108 3355 189 3407 'o't.
232 3353 309 3405 De
341 3350 622 3421 singulari
662 3350 969 3405 certamine
1028 3349 1180 3420 quod
1226 3346 1522 3402 Lotharius
1570 3344 1803 3399 molitus

173 3446 259 3493 est
285 3444 488 3494 contra
515 3439 903 3510 Thietbirgam
928 3454 1162 3493 uxorem
1196 3452 1377 3490 suam.

106 3532 187 3583 52.
224 3530 302 3583 De
335 3528 553 3583 femina
587 3529 655 3583 de
686 3528 964 3584 adulterio
995 3527 1304 3597 inculpata,
1350 3524 1397 3578 si
1436 3540 1562 3577 cum
1598 3522 1802 3577 marito

173 3617 348 3672 debet
386 3617 535 3671 inire
583 3622 870 3673 certamen
912 3617 1111 3687 legale,
1162 3630 1277 3669 sua:
1331 3612 1594 3684 potestati
1642 3610 1803 3682 prius

176 3707 375 3772 debet,
407 3711 517 3761 etc.

108 3798 196 3849 33.
234 3796 314 3849 Dc
348 3795 546 3849 eadem
580 3811 657 3850 re.

107 3885 190 3937 54.
223 3884 302 3937 De
335 3883 449 3937 illis
482 3885 582 3956 qui
612 3885 669 3938 in
704 3883 843 3938 alias
874 3879 1197 3954 provincias
1236 3878 1489 3950 fugerint
1536 3882 1634 3931 aut
1670 3892 1804 3931 suos

172 3972 434 4026 seniores
466 3973 645 4027 secuti
670 3973 905 4038 fuerint,
943 3975 999 4025 et
1028 3984 1236 4025 uxores
1275 3984 1405 4022 suas
1457 3966 1615 4022 domi
1668 3966 1801 4020 reli-

175 4061 437 4132 querint.

104 4151 191 4203 5'5.
239 4150 319 4204 De
360 4150 590 4205 feminis
643 4166 771 4223 quae
830 4148 1010 4220 captis
1066 4146 1222 4214 viris,
1269 4144 1356 4200 vel
1405 4143 1468 4199 in
1511 4141 1802 4215 captivita-

172 4252 312 4316 tem,
348 4252 460 4304 etc.

100 4338 190 4389 56.
226 4335 392 4400 Quod
428 4353 545 4391 non
575 4336 848 4408 probetur
897 4349 1020 4388 esse
1075 4329 1375 4402 culpabilis
1434 4327 1534 4401 qui
1567 4344 1802 4384 uxorem

176 4426 333 4496 capti
360 4426 421 4480 in
453 4425 822 4481 matrimonio
853 4424 1080 4478 videtur
1109 4437 1231 4475 esse
1258 4419 1511 4474 sortitus.

227 4517 301 4571 Ut
335 4516 383 4570 si
426 4515 701 4571 mulieres
743 4514 811 4569 ad
859 4513 1077 4586 priores
1109 4509 1345 4564 maritos
1385 4507 1571 4562 redire
1603 4505 1805 4561 nolue-

1970 606 2169 660 vaudaa
2204 612 2354 661 sunt.

1900 697 1985 750 58.
2024 696 2091 749 Ut
2115 694 2161 748 si
2190 695 2299 748 viri
2352 695 2423 750 de
2466 694 2792 765 captivitate
2832 694 3097 767 regressi,
3148 695 3593 767 intemperantia

1969 798 2211 837 uxorum
2245 784 2450 837 offensi
2502 800 2617 838 non
2671 784 2905 852 fuerint,
2957 788 3013 837 et
3068 784 3354 839 voluerint
3402 800 3496 839 eas
3530 786 3593 840 in

1969 871 2238 941 conjugio
2268 872 2523 943 recipere
2554 873 2792 926 liberam
2816 872 3065 926 habeant
3097 872 3448 928 facultatem.

1900 963 1986 1015 59.
2022 962 2098 1014 De
2132 960 2231 1014 illo
2253 961 2353 1032 qui
2384 961 2443 1015 in
2474 961 2811 1032 paganismo
2831 977 3064 1015 uxorem
3096 977 3257 1015 suam
3289 961 3592 1018 dimiserit.

1899 1049 1988 1103 60.
2018 1049 2094 1102 De
2126 1048 2435 1119 baptizata,
2473 1050 2521 1103 si
2561 1065 2707 1103 uxor
2743 1050 2868 1120 ejus
2896 1048 3143 1104 inﬁdelis
3169 1051 3426 1105 converti
3479 1067 3592 1106 no-

1970 1138 2164 1192 luerit.

1899 1228 1986 1279 61.
2023 1226 2101 1279 De
2126 1225 2226 1279 illo
2258 1225 2360 1296 qui
2404 1230 2534 1281 ante
2574 1226 2921 1298 baptismum
2968 1224 3269 1281 mulierem
3308 1226 3591 1298 virginem

1971 1317 2285 1384 acceperat.

1898 1402 1988 1457 62.
2022 1402 2100 1455 De
2147 1401 2260 1456 illis
2306 1399 2537 1454 feminis
2587 1416 2717 1472 quas
2764 1401 2918 1455 nulla
2963 1418 3132 1456 causa
3176 1402 3592 1459 interveniente

1972 1490 2330 1561 reliquerunt
2359 1489 2509 1542 viros
2539 1505 2689 1543 suos.

1901 1581 1991 1636 63.
2026 1580 2103 1633 De
2130 1578 2342 1633 femina
2370 1593 2499 1648 quae
2548 1578 2872 1632 adulterum
2914 1577 3231 1648 reliquerit,
3279 1582 3335 1632 et
3381 1579 3593 1667 adulte-

1972 1684 2101 1721 rum
2129 1666 2429 1737 acceperit.

1903 1757 1989 1810 64.
2018 1756 2179 1820 Quod
2230 1771 2418 1826 neque
2476 1754 2742 1810 dimissus
2782 1755 2853 1809 ab
2889 1770 3084 1821 uxore,
3130 1770 3320 1826 neque
3362 1754 3596 1809 dimissa

1977 1861 2008 1899 a
2037 1844 2244 1899 marito
2268 1844 2670 1914 conjuugatur.

1904 1936 1989 1988 65.
2019 1935 2096 1987 De
2130 1933 2226 1987 illo
2256 1932 2357 2003 qui
2393 1931 2617 1986 vivente
2661 1932 2867 1986 marito
2907 1931 3208 2002 conjugem
3236 1932 3388 1987 illius
3429 1932 3597 1987 adul—

1973 2029 2183 2076 terasse
2212 2025 2527 2087 accusatur,
2562 2024 2618 2076 et
2657 2038 2781 2076 eam
2822 2026 2950 2093 post
2987 2022 3110 2092 ejus
3155 2025 3398 2075 mortem
3438 2038 3595 2076 sum-

1973 2110 2157 2182 psisse
2186 2109 2561 2180 dignoscitur.

1904 2202 1989 2254 66.
2030 2201 2103 2254 De
2142 2200 2341 2254 eadem
2375 2215 2454 2253 re.

1904 2292 1989 2344 67.
2035 2289 2111 2341 De
2152 2287 2249 2341 illo
2292 2287 2391 2358 qui
2433 2302 2665 2341 uxorem
2710 2286 2904 2355 habet,
2936 2291 2994 2343 et
3034 2287 3243 2359 saepius
3282 2287 3598 2343 moechatus

1975 2377 2169 2431 fuerit.

1906 2468 1991 2520 68.
2033 2466 2090 2521 Si
2146 2465 2321 2519 laicus
2370 2464 2665 2519 absolutus
2716 2481 2844 2520 cum
2894 2465 3035 2520 laica
3090 2464 3352 2520 absoluta
3395 2481 3599 2536 pecca-

1976 2555 2138 2609 verit.

1908 2647 1994 2699 69.
2031 2645 2107 2697 De
2140 2659 2311 2697 uxore
2345 2657 2469 2712 quae
2496 2641 2721 2695 conscio
2751 2642 2960 2697 marito
2989 2642 3270 2697 moschata
3300 2642 3489 2697 fuerit.

1906 2735 1991 2788 70.
2030 2734 2107 2787 De
2138 2731 2257 2785 viro
2283 2746 2519 2785 uxorem
2551 2746 2663 2784 non
2714 2731 2984 2797 habente,
3017 2731 3063 2785 si
3107 2746 3237 2785 cum
3289 2747 3463 2786 uxore
3514 2730 3591 2785 al-

1976 2818 2153 2873 terius
2184 2817 2525 2871 adulterium
2552 2818 2987 2888 perpetraverit.

1910 2913 1995 2963 71.
2042 2909 2116 2962 De
2148 2906 2466 2977 conjugatis
2498 2906 2597 2976 qui
2626 2905 2823 2978 aliqua
2851 2911 3006 2961 certa
3036 2923 3098 2961 re
3128 2905 3431 2962 discidium
3460 2906 3601 2961 fece-

1978 2998 2111 3061 rint,
2150 3001 2213 3051 ut
2240 2995 2427 3066 iuupti
2461 2999 2757 3049 maneant.

1831 3094 1871 3149 C
1909 3091 1994 3143 72.
2032 3089 2108 3142 De
2139 3086 2249 3140 illis
2280 3086 2378 3156 qui
2406 3084 2821 3138 interveniente
2854 3084 3095 3153 repudio
3127 3082 3253 3138 aliis
3295 3100 3354 3137 se
3381 3082 3442 3136 in
3476 3099 3598 3138 ma-

1978 3176 2248 3230 trimonio
2279 3173 2692 3244 copulaveriut.

1909 3267 1994 3320 ‘73.
2028 3265 2085 3318 Si
2130 3264 2291 3333 cujus
2348 3278 2491 3315 uxor
2541 3264 2913 3330 constuprata
2958 3260 3152 3331 fuerit,
3202 3264 3258 3315 et
3301 3264 3604 3331 propterea

1980 3353 2217 3408 maritus
2250 3352 2488 3421 perdere
2519 3350 2676 3405 illam
2709 3349 3144 3404 machinaverit.

1910 3443 1997 3498 74.
2033 3444 2110 3497 De
2137 3458 2223 3507 eo,
2249 3440 2296 3495 si
2326 3440 2454 3511 quis
2475 3456 2604 3494 cum
2628 3455 2800 3493 uxore
2825 3438 3081 3505 alterius,
3112 3438 3339 3493 vivente
3366 3454 3453 3505 eo,
3487 3437 3598 3493 for-

1980 3532 2202 3586 nicatus
2234 3529 2424 3584 fuerit.

1911 3624 1998 3676 75.
2037 3622 2109 3674 De
2138 3619 2389 3689 ingenuo
2425 3616 2523 3688 qui
2570 3616 2882 3687 ingenuam
2921 3617 3203 3687 acceperit
3243 3630 3507 3682 uxorem,
3549 3618 3606 3671 et

1980 3713 2179 3779 postea
2209 3724 2267 3761 se
2290 3721 2514 3760 servum
2536 3705 2751 3760 fecerit.

1911 3800 1999 3852 76.
2030 3798 2108 3851 De
2137 3796 2253 3850 illis
2293 3793 2633 3865 conjugatis,
2671 3808 2921 3864 quorum
2951 3793 3106 3863 leges
3164 3790 3403 3846 diversae
3447 3795 3600 3847 sunt.

1911 3891 1999 3941 77.
2034 3887 2145 3941 Cur
2174 3883 2661 3939 communicantes
2698 3882 2807 3936 viri
2840 3898 2970 3936 cum
3019 3880 3291 3936 adulteris
3330 3878 3605 3935 uxoribus

1986 3991 2097 4028 non
2128 3973 2488 4027 conveniant.

1912 4067 1999 4119 78.
2034 4062 2194 4127 Quod
2226 4078 2346 4116 non
2395 4058 2694 4114 conveniat
2742 4057 3096 4114 Christianos
3147 4073 3276 4112 cum
3326 4055 3609 4112 haereticis

1986 4150 2263 4221 nuptialia
2280 4149 2412 4219 jura
2436 4147 2793 4201 contrahere.

1913 4244 2002 4296 '79.
2034 4238 2241 4294 Judicii
2268 4235 2636 4291 examinatio.

1917 4332 2005 4385 80.
2038 4326 2328 4398 Separatio
2351 4325 2580 4379 incestae
2606 4321 3009 4393 copulationis.

1920 4421 2007 4472 81.
2041 4414 2447 4472 Reconciliatio
2477 4413 2938 4484 conjugatorum.

1917 4510 2006 4561 82.
2037 4507 2114 4561 De
2146 4505 2348 4560 eadem
2378 4518 2464 4559 re.

1497 4659 1699 4715 Iudicis
1720 4660 2079 4729 capitulorum
2117 4660 2262 4726 ﬁnis.
