  <div class='ocr_page' id='page_1' title='image "/cluster/home/n/w/nwhite01/storage/ocr_20150623/140/umn.31951002477433x/443.png"; bbox 0 0 3956 6306; ppageno 0'>
   <div class='ocr_carea' id='block_1_1' title="bbox 427 358 529 413">
    <p class='ocr_par' dir='ltr' id='par_1_1' title="bbox 427 358 529 413">
     <span class='ocr_line' id='line_1_1' title="bbox 427 358 529 413; baseline -0.02 0"><span class='ocrx_word' id='word_1_1' title='bbox 427 358 529 413; x_wconf 68' lang='grc'>813</span> 
     </span>
    </p>
   </div>
   <div class='ocr_carea' id='block_1_2' title="bbox 1505 355 2846 416">
    <p class='ocr_par' dir='ltr' id='par_1_2' title="bbox 1505 355 2846 416">
     <span class='ocr_line' id='line_1_2' title="bbox 1505 355 2846 416; baseline 0.001 -4"><span class='ocrx_word' id='word_1_2' title='bbox 1505 356 1908 413; x_wconf 81' lang='lat' dir='ltr'>BURCHARDI</span> <span class='ocrx_word' id='word_1_3' title='bbox 1947 355 2477 415; x_wconf 76' lang='lat' dir='ltr'>WORMACIENSIS</span> <span class='ocrx_word' id='word_1_4' title='bbox 2513 358 2846 416; x_wconf 86' lang='lat' dir='ltr'>EPISCOPI.</span> 
     </span>
    </p>
   </div>
   <div class='ocr_carea' id='block_1_3' title="bbox 3829 367 3924 420">
    <p class='ocr_par' dir='ltr' id='par_1_3' title="bbox 3829 367 3924 420">
     <span class='ocr_line' id='line_1_3' title="bbox 3829 367 3924 420; baseline -0.011 0"><span class='ocrx_word' id='word_1_5' title='bbox 3829 367 3924 420; x_wconf 75' lang='grc' dir='ltr'>διε</span> 
     </span>
    </p>
   </div>
   <div class='ocr_carea' id='block_1_4' title="bbox 1675 657 2675 782">
    <p class='ocr_par' dir='ltr' id='par_1_4' title="bbox 1675 657 2675 782">
     <span class='ocr_line' id='line_1_4' title="bbox 1675 657 2675 782; baseline -0.003 0"><span class='ocrx_word' id='word_1_6' title='bbox 1675 657 2675 782; x_wconf 81' lang='lat' dir='ltr'>BURCHABDI</span> 
     </span>
    </p>
   </div>
   <div class='ocr_carea' id='block_1_5' title="bbox 1421 871 3029 935">
    <p class='ocr_par' dir='ltr' id='par_1_5' title="bbox 1421 871 3029 935">
     <span class='ocr_line' id='line_1_5' title="bbox 1421 871 3029 935; baseline -0.002 -1"><span class='ocrx_word' id='word_1_7' title='bbox 1421 879 1828 935; x_wconf 67' lang='grc' dir='ltr'>ΕΟΟιΕδῐίΕ</span> <span class='ocrx_word' id='word_1_8' title='bbox 1883 877 2512 934; x_wconf 83' lang='lat' dir='ltr'>WORMACIENSIS</span> <span class='ocrx_word' id='word_1_9' title='bbox 2570 876 2946 932; x_wconf 85' lang='lat' dir='ltr'>EPISCOPI</span> <span class='ocrx_word' id='word_1_10' title='bbox 3023 871 3029 876; x_wconf 74' lang='grc'><em>’</em></span> 
     </span>
    </p>
   </div>
   <div class='ocr_carea' id='block_1_6' title="bbox 748 1077 2098 1224">
    <p class='ocr_par' dir='ltr' id='par_1_6' title="bbox 748 1077 2098 1224">
     <span class='ocr_line' id='line_1_6' title="bbox 748 1077 2098 1224; baseline -0.001 -1"><span class='ocrx_word' id='word_1_11' title='bbox 748 1077 2098 1224; x_wconf 78' lang='lat' dir='ltr'>DECRETORUM</span> 
     </span>
    </p>
   </div>
   <div class='ocr_carea' id='block_1_7' title="bbox 2209 1077 3608 1226">
    <p class='ocr_par' dir='ltr' id='par_1_7' title="bbox 2209 1077 3608 1226">
     <span class='ocr_line' id='line_1_7' title="bbox 2209 1077 3608 1226; baseline 0.004 -5"><span class='ocrx_word' id='word_1_12' title='bbox 2209 1078 2796 1222; x_wconf 81' lang='lat' dir='ltr'>LIBER</span> <span class='ocrx_word' id='word_1_13' title='bbox 2897 1077 3608 1226; x_wconf 88' lang='lat' dir='ltr'>NONUS.</span> 
     </span>
    </p>
   </div>
   <div class='ocr_carea' id='block_1_8' title="bbox 1517 1299 2824 1410">
    <p class='ocr_par' dir='ltr' id='par_1_8' title="bbox 1517 1299 2824 1410">
     <span class='ocr_line' id='line_1_8' title="bbox 1517 1299 2824 1410; baseline 0 -2"><span class='ocrx_word' id='word_1_14' title='bbox 1517 1344 1616 1408; x_wconf 91' lang='lat' dir='ltr'>DE</span> <span class='ocrx_word' id='word_1_15' title='bbox 1664 1344 1996 1409; x_wconf 87' lang='lat' dir='ltr'>FEMINIS</span> <span class='ocrx_word' id='word_1_16' title='bbox 2043 1299 2207 1410; x_wconf 87' lang='lat' dir='ltr'>NON</span> <span class='ocrx_word' id='word_1_17' title='bbox 2256 1343 2824 1410; x_wconf 82' lang='lat' dir='ltr'>CONSECRATIS.</span> 
     </span>
    </p>
   </div>
   <div class='ocr_carea' id='block_1_9' title="bbox 893 1687 1616 1742">
    <p class='ocr_par' dir='ltr' id='par_1_9' title="bbox 893 1687 1616 1742">
     <span class='ocr_line' id='line_1_9' title="bbox 893 1687 1616 1742; baseline -0.001 -1"><span class='ocrx_word' id='word_1_18' title='bbox 893 1687 1371 1742; x_wconf 79' lang='lat' dir='ltr'>ARGUMENTUM</span> <span class='ocrx_word' id='word_1_19' title='bbox 1417 1687 1616 1740; x_wconf 78' lang='lat' dir='ltr'>LIBRI.</span> 
     </span>
    </p>
   </div>
   <div class='ocr_carea' id='block_1_10' title="bbox 505 1773 2117 1844">
    <p class='ocr_par' dir='ltr' id='par_1_10' title="bbox 505 1773 2117 1844">
     <span class='ocr_line' id='line_1_10' title="bbox 505 1773 2117 1844; baseline -0.002 -13"><span class='ocrx_word' id='word_1_20' title='bbox 505 1777 671 1832; x_wconf 87' lang='lat' dir='ltr'>Libro</span> <span class='ocrx_word' id='word_1_21' title='bbox 702 1775 812 1829; x_wconf 88' lang='lat' dir='ltr'>hoc</span> <span class='ocrx_word' id='word_1_22' title='bbox 843 1775 911 1828; x_wconf 90' lang='lat' dir='ltr'>de</span> <span class='ocrx_word' id='word_1_23' title='bbox 934 1775 1249 1844; x_wconf 80' lang='lat' dir='ltr'>virginibus</span> <span class='ocrx_word' id='word_1_24' title='bbox 1280 1779 1336 1828; x_wconf 88' lang='lat' dir='ltr'>et</span> <span class='ocrx_word' id='word_1_25' title='bbox 1363 1773 1546 1827; x_wconf 87' lang='lat' dir='ltr'>viduis</span> <span class='ocrx_word' id='word_1_26' title='bbox 1572 1776 1683 1828; x_wconf 88' lang='lat' dir='ltr'>Deo</span> <span class='ocrx_word' id='word_1_27' title='bbox 1716 1790 1831 1827; x_wconf 89' lang='lat' dir='ltr'>non</span> <span class='ocrx_word' id='word_1_28' title='bbox 1863 1774 2117 1840; x_wconf 87' lang='lat' dir='ltr'>sacratis,</span> 
     </span>
    </p>
   </div>
   <div class='ocr_carea' id='block_1_11' title="bbox 433 1862 2120 1934">
    <p class='ocr_par' dir='ltr' id='par_1_11' title="bbox 433 1862 2120 1934">
     <span class='ocr_line' id='line_1_11' title="bbox 433 1862 2120 1934; baseline -0.002 -15"><span class='ocrx_word' id='word_1_29' title='bbox 433 1867 501 1920; x_wconf 91' lang='lat' dir='ltr'>de</span> <span class='ocrx_word' id='word_1_30' title='bbox 529 1882 724 1919; x_wconf 86' lang='lat' dir='ltr'>earum</span> <span class='ocrx_word' id='word_1_31' title='bbox 758 1864 1100 1934; x_wconf 82' lang='lat' dir='ltr'>raptoribus,</span> <span class='ocrx_word' id='word_1_32' title='bbox 1129 1880 1410 1933; x_wconf 78' lang='lat' dir='ltr'>poenaque</span> <span class='ocrx_word' id='word_1_33' title='bbox 1435 1863 1505 1916; x_wconf 89' lang='lat' dir='ltr'>iis</span> <span class='ocrx_word' id='word_1_34' title='bbox 1535 1862 1904 1933; x_wconf 89' lang='lat' dir='ltr'>imponenda,</span> <span class='ocrx_word' id='word_1_35' title='bbox 1930 1862 2000 1916; x_wconf 90' lang='lat' dir='ltr'>de</span> <span class='ocrx_word' id='word_1_36' title='bbox 2039 1863 2120 1916; x_wconf 89' lang='lat' dir='ltr'>le-</span> 
     </span>
    </p>
   </div>
   <div class='ocr_carea' id='block_1_12' title="bbox 433 1950 2120 2025">
    <p class='ocr_par' dir='ltr' id='par_1_12' title="bbox 433 1950 2120 2025">
     <span class='ocr_line' id='line_1_12' title="bbox 433 1950 2120 2025; baseline -0.002 -17"><span class='ocrx_word' id='word_1_37' title='bbox 433 1955 634 2025; x_wconf 85' lang='lat' dir='ltr'>gitimo</span> <span class='ocrx_word' id='word_1_38' title='bbox 669 1953 1057 2018; x_wconf 88' lang='lat' dir='ltr'>matrimonio,</span> <span class='ocrx_word' id='word_1_39' title='bbox 1094 1953 1164 2007; x_wconf 91' lang='lat' dir='ltr'>de</span> <span class='ocrx_word' id='word_1_40' title='bbox 1195 1952 1496 2021; x_wconf 83' lang='lat' dir='ltr'>illegitimo</span> <span class='ocrx_word' id='word_1_41' title='bbox 1528 1952 1838 2005; x_wconf 81' lang='lat' dir='ltr'>concubitu</span> <span class='ocrx_word' id='word_1_42' title='bbox 1882 1950 2120 2021; x_wconf 85' lang='lat' dir='ltr'>ejusque</span> 
     </span>
    </p>
   </div>
   <div class='ocr_carea' id='block_1_13' title="bbox 430 2043 1088 2114">
    <p class='ocr_par' dir='ltr' id='par_1_13' title="bbox 430 2043 1088 2114">
     <span class='ocr_line' id='line_1_13' title="bbox 430 2043 1088 2114; baseline -0.005 -17"><span class='ocrx_word' id='word_1_43' title='bbox 430 2043 766 2114; x_wconf 59' lang='lat' dir='ltr'>paenitentia</span> <span class='ocrx_word' id='word_1_44' title='bbox 794 2047 1088 2094; x_wconf 74' lang='lat' dir='ltr'>tractatur.</span> 
     </span>
    </p>
   </div>
   <div class='ocr_carea' id='block_1_14' title="bbox 433 2128 2121 2194">
    <p class='ocr_par' dir='ltr' id='par_1_14' title="bbox 433 2128 2121 2194">
     <span class='ocr_line' id='line_1_14' title="bbox 433 2128 2121 2194; baseline -0.002 -8"><span class='ocrx_word' id='word_1_45' title='bbox 433 2132 557 2185; x_wconf 77' lang='lat' dir='ltr'>CAP.</span> <span class='ocrx_word' id='word_1_46' title='bbox 585 2132 625 2184; x_wconf 89' lang='grc' dir='ltr'><strong>Ι.</strong></span> <span class='ocrx_word' id='word_1_47' title='bbox 659 2161 727 2169; x_wconf 93' lang='grc'><strong>-</strong></span> <span class='ocrx_word' id='word_1_48' title='bbox 764 2130 919 2194; x_wconf 84' lang='lat' dir='ltr'>Quod</span> <span class='ocrx_word' id='word_1_49' title='bbox 950 2129 1105 2182; x_wconf 86' lang='lat' dir='ltr'>aliud</span> <span class='ocrx_word' id='word_1_50' title='bbox 1154 2129 1225 2183; x_wconf 97' lang='lat' dir='ltr'>sit</span> <span class='ocrx_word' id='word_1_51' title='bbox 1261 2145 1420 2193; x_wconf 69' lang='lat' dir='ltr'>uxor,</span> <span class='ocrx_word' id='word_1_52' title='bbox 1473 2128 1626 2182; x_wconf 91' lang='lat' dir='ltr'>aliud</span> <span class='ocrx_word' id='word_1_53' title='bbox 1673 2129 1989 2192; x_wconf 82' lang='lat' dir='ltr'>concubina,</span> <span class='ocrx_word' id='word_1_54' title='bbox 2028 2144 2121 2182; x_wconf 88' lang='lat' dir='ltr'>nec</span> 
     </span>
    </p>
   </div>
   <div class='ocr_carea' id='block_1_15' title="bbox 504 2201 2119 2270">
    <p class='ocr_par' dir='ltr' id='par_1_15' title="bbox 504 2201 2119 2270">
     <span class='ocr_line' id='line_1_15' title="bbox 504 2201 2119 2270; baseline -0.002 -15"><span class='ocrx_word' id='word_1_55' title='bbox 504 2208 644 2256; x_wconf 82' lang='lat' dir='ltr'>erret</span> <span class='ocrx_word' id='word_1_56' title='bbox 673 2203 922 2270; x_wconf 79' lang='lat' dir='ltr'>quisquis</span> <span class='ocrx_word' id='word_1_57' title='bbox 956 2201 1132 2268; x_wconf 79' lang='lat' dir='ltr'>ﬁliam</span> <span class='ocrx_word' id='word_1_58' title='bbox 1171 2215 1326 2253; x_wconf 87' lang='lat' dir='ltr'>suam</span> <span class='ocrx_word' id='word_1_59' title='bbox 1369 2202 1427 2253; x_wconf 86' lang='lat' dir='ltr'>in</span> <span class='ocrx_word' id='word_1_60' title='bbox 1471 2201 1877 2253; x_wconf 81' lang='lat' dir='ltr'>matrimonium</span> <span class='ocrx_word' id='word_1_61' title='bbox 1929 2215 2119 2253; x_wconf 87' lang='lat' dir='ltr'>concu-</span> 
     </span>
    </p>
   </div>
   <div class='ocr_carea' id='block_1_16' title="bbox 507 2270 1268 2326">
    <p class='ocr_par' dir='ltr' id='par_1_16' title="bbox 507 2270 1268 2326">
     <span class='ocr_line' id='line_1_16' title="bbox 507 2270 1268 2326; baseline -0.004 -1"><span class='ocrx_word' id='word_1_62' title='bbox 507 2274 684 2326; x_wconf 72' lang='lat' dir='ltr'>binam</span> <span class='ocrx_word' id='word_1_63' title='bbox 712 2272 931 2325; x_wconf 79' lang='lat' dir='ltr'>habenti</span> <span class='ocrx_word' id='word_1_64' title='bbox 956 2270 1268 2325; x_wconf 77' lang='lat' dir='ltr'>tradiderit.</span> 
     </span>
    </p>
   </div>
   <div class='ocr_carea' id='block_1_17' title="bbox 507 2356 2122 2428">
    <p class='ocr_par' dir='ltr' id='par_1_17' title="bbox 507 2356 2122 2428">
     <span class='ocr_line' id='line_1_17' title="bbox 507 2356 2122 2428; baseline -0.004 -13"><span class='ocrx_word' id='word_1_65' title='bbox 507 2363 613 2428; x_wconf 77' lang='lat' dir='ltr'>(Ea:</span> <span class='ocrx_word' id='word_1_66' title='bbox 639 2361 778 2414; x_wconf 80' lang='lat' dir='ltr'>decr.</span> <span class='ocrx_word' id='word_1_67' title='bbox 817 2361 1006 2414; x_wconf 81' lang='lat' dir='ltr'>Leonis</span> <span class='ocrx_word' id='word_1_68' title='bbox 1029 2374 1210 2428; x_wconf 70' lang='lat' dir='ltr'>papae,</span> <span class='ocrx_word' id='word_1_69' title='bbox 1247 2360 1424 2426; x_wconf 81' lang='lat' dir='ltr'>capite</span> <span class='ocrx_word' id='word_1_70' title='bbox 1471 2357 1579 2426; x_wconf 87' lang='grc'>18.)</span> <span class='ocrx_word' id='word_1_71' title='bbox 1611 2358 1732 2410; x_wconf 83' lang='grc' dir='ltr'>Νοη</span> <span class='ocrx_word' id='word_1_72' title='bbox 1768 2356 1953 2410; x_wconf 89' lang='lat' dir='ltr'>omnis</span> <span class='ocrx_word' id='word_1_73' title='bbox 1988 2373 2122 2410; x_wconf 90' lang='lat' dir='ltr'>mu-</span> 
     </span>
    </p>
   </div>
   <div class='ocr_carea' id='block_1_18' title="bbox 432 2444 2120 2516">
    <p class='ocr_par' dir='ltr' id='par_1_18' title="bbox 432 2444 2120 2516">
     <span class='ocr_line' id='line_1_18' title="bbox 432 2444 2120 2516; baseline -0.004 -14"><span class='ocrx_word' id='word_1_74' title='bbox 432 2449 538 2502; x_wconf 90' lang='lat' dir='ltr'>lier</span> <span class='ocrx_word' id='word_1_75' title='bbox 566 2449 685 2502; x_wconf 87' lang='lat' dir='ltr'>viro</span> <span class='ocrx_word' id='word_1_76' title='bbox 710 2448 907 2516; x_wconf 86' lang='lat' dir='ltr'>juncta</span> <span class='ocrx_word' id='word_1_77' title='bbox 937 2463 1081 2500; x_wconf 85' lang='lat' dir='ltr'>uxor</span> <span class='ocrx_word' id='word_1_78' title='bbox 1124 2451 1212 2500; x_wconf 91' lang='lat' dir='ltr'>est</span> <span class='ocrx_word' id='word_1_79' title='bbox 1258 2445 1382 2511; x_wconf 89' lang='lat' dir='ltr'>viri,</span> <span class='ocrx_word' id='word_1_80' title='bbox 1438 2444 1570 2514; x_wconf 82' lang='lat' dir='ltr'>quia</span> <span class='ocrx_word' id='word_1_81' title='bbox 1620 2460 1721 2497; x_wconf 89' lang='lat' dir='ltr'>nec</span> <span class='ocrx_word' id='word_1_82' title='bbox 1751 2445 1938 2497; x_wconf 90' lang='lat' dir='ltr'>omnis</span> <span class='ocrx_word' id='word_1_83' title='bbox 1969 2444 2120 2496; x_wconf 75' lang='lat' dir='ltr'>filius</span> 
     </span>
    </p>
   </div>
   <div class='ocr_carea' id='block_1_19' title="bbox 431 2533 2122 2606">
    <p class='ocr_par' dir='ltr' id='par_1_19' title="bbox 431 2533 2122 2606">
     <span class='ocr_line' id='line_1_19' title="bbox 431 2533 2122 2606; baseline -0.004 -16"><span class='ocrx_word' id='word_1_84' title='bbox 431 2538 614 2591; x_wconf 69' lang='lat' dir='ltr'>haeres</span> <span class='ocrx_word' id='word_1_85' title='bbox 679 2542 761 2590; x_wconf 89' lang='lat' dir='ltr'>est</span> <span class='ocrx_word' id='word_1_86' title='bbox 817 2535 1015 2606; x_wconf 89' lang='lat' dir='ltr'>patris.</span> <span class='ocrx_word' id='word_1_87' title='bbox 1078 2534 1417 2604; x_wconf 83' lang='lat' dir='ltr'>Nuptiarum</span> <span class='ocrx_word' id='word_1_88' title='bbox 1480 2537 1673 2586; x_wconf 89' lang='lat' dir='ltr'>autem</span> <span class='ocrx_word' id='word_1_89' title='bbox 1712 2533 1925 2586; x_wconf 65' lang='lat' dir='ltr'>fmdera</span> <span class='ocrx_word' id='word_1_90' title='bbox 1973 2533 2122 2585; x_wconf 89' lang='lat' dir='ltr'>inter</span> 
     </span>
    </p>
   </div>
   <div class='ocr_carea' id='block_1_20' title="bbox 433 2619 2121 2696">
    <p class='ocr_par' dir='ltr' id='par_1_20' title="bbox 433 2619 2121 2696">
     <span class='ocr_line' id='line_1_20' title="bbox 433 2619 2121 2696; baseline -0.004 -17"><span class='ocrx_word' id='word_1_91' title='bbox 433 2626 714 2696; x_wconf 82' lang='lat' dir='ltr'>ingenuos</span> <span class='ocrx_word' id='word_1_92' title='bbox 747 2623 1174 2692; x_wconf 81' lang='lat' dir='ltr'>suntlegitima,</span> <span class='ocrx_word' id='word_1_93' title='bbox 1203 2628 1258 2676; x_wconf 92' lang='lat' dir='ltr'>et</span> <span class='ocrx_word' id='word_1_94' title='bbox 1291 2621 1440 2674; x_wconf 90' lang='lat' dir='ltr'>inter</span> <span class='ocrx_word' id='word_1_95' title='bbox 1469 2621 1717 2690; x_wconf 84' lang='lat' dir='ltr'>aequales</span> <span class='ocrx_word' id='word_1_96' title='bbox 1751 2621 1932 2674; x_wconf 90' lang='lat' dir='ltr'>multo</span> <span class='ocrx_word' id='word_1_97' title='bbox 1963 2619 2121 2690; x_wconf 87' lang='lat' dir='ltr'>prius</span> 
     </span>
    </p>
   </div>
   <div class='ocr_carea' id='block_1_21' title="bbox 431 2708 2119 2783">
    <p class='ocr_par' dir='ltr' id='par_1_21' title="bbox 431 2708 2119 2783">
     <span class='ocr_line' id='line_1_21' title="bbox 431 2708 2119 2783; baseline -0.004 -16"><span class='ocrx_word' id='word_1_98' title='bbox 431 2715 537 2767; x_wconf 87' lang='lat' dir='ltr'>hoc</span> <span class='ocrx_word' id='word_1_99' title='bbox 566 2714 752 2783; x_wconf 91' lang='lat' dir='ltr'>ipsum</span> <span class='ocrx_word' id='word_1_100' title='bbox 788 2713 1029 2767; x_wconf 89' lang='lat' dir='ltr'>Domino</span> <span class='ocrx_word' id='word_1_101' title='bbox 1080 2711 1478 2774; x_wconf 88' lang='lat' dir='ltr'>constituente,</span> <span class='ocrx_word' id='word_1_102' title='bbox 1526 2725 1697 2778; x_wconf 88' lang='lat' dir='ltr'>quam</span> <span class='ocrx_word' id='word_1_103' title='bbox 1735 2708 1964 2762; x_wconf 89' lang='lat' dir='ltr'>initium</span> <span class='ocrx_word' id='word_1_104' title='bbox 2009 2708 2119 2762; x_wconf 83' lang='lat' dir='ltr'>Ro-</span> 
     </span>
    </p>
   </div>
   <div class='ocr_carea' id='block_1_22' title="bbox 432 2797 2116 2872">
    <p class='ocr_par' dir='ltr' id='par_1_22' title="bbox 432 2797 2116 2872">
     <span class='ocr_line' id='line_1_22' title="bbox 432 2797 2116 2872; baseline -0.004 -16"><span class='ocrx_word' id='word_1_105' title='bbox 432 2803 587 2856; x_wconf 89' lang='lat' dir='ltr'>mani</span> <span class='ocrx_word' id='word_1_106' title='bbox 635 2801 776 2872; x_wconf 90' lang='lat' dir='ltr'>juris</span> <span class='ocrx_word' id='word_1_107' title='bbox 828 2801 1115 2853; x_wconf 84' lang='lat' dir='ltr'>existeret.</span> <span class='ocrx_word' id='word_1_108' title='bbox 1169 2799 1366 2868; x_wconf 80' lang='lat' dir='ltr'>Itaque</span> <span class='ocrx_word' id='word_1_109' title='bbox 1421 2797 1571 2850; x_wconf 86' lang='lat' dir='ltr'>aliud</span> <span class='ocrx_word' id='word_1_110' title='bbox 1622 2801 1706 2850; x_wconf 87' lang='lat' dir='ltr'>est</span> <span class='ocrx_word' id='word_1_111' title='bbox 1759 2813 1919 2862; x_wconf 84' lang='lat' dir='ltr'>uxor,</span> <span class='ocrx_word' id='word_1_112' title='bbox 1965 2797 2116 2850; x_wconf 80' lang='lat' dir='ltr'>aliud</span> 
     </span>
    </p>
   </div>
   <div class='ocr_carea' id='block_1_23' title="bbox 430 2885 2118 2955">
    <p class='ocr_par' dir='ltr' id='par_1_23' title="bbox 430 2885 2118 2955">
     <span class='ocr_line' id='line_1_23' title="bbox 430 2885 2118 2955; baseline -0.004 -11"><span class='ocrx_word' id='word_1_113' title='bbox 430 2891 766 2955; x_wconf 88' lang='lat' dir='ltr'>concubina,</span> <span class='ocrx_word' id='word_1_114' title='bbox 799 2889 945 2942; x_wconf 88' lang='lat' dir='ltr'>sicut</span> <span class='ocrx_word' id='word_1_115' title='bbox 976 2888 1129 2941; x_wconf 86' lang='lat' dir='ltr'>aliud</span> <span class='ocrx_word' id='word_1_116' title='bbox 1168 2896 1252 2940; x_wconf 91' lang='lat' dir='ltr'>est</span> <span class='ocrx_word' id='word_1_117' title='bbox 1290 2886 1516 2951; x_wconf 84' lang='lat' dir='ltr'>ancilla,</span> <span class='ocrx_word' id='word_1_118' title='bbox 1559 2885 1711 2938; x_wconf 86' lang='lat' dir='ltr'>aliud</span> <span class='ocrx_word' id='word_1_119' title='bbox 1744 2885 1941 2940; x_wconf 87' lang='lat' dir='ltr'>libera.</span> <span class='ocrx_word' id='word_1_120' title='bbox 1973 2887 2081 2939; x_wconf 89' lang='lat' dir='ltr'>Pro</span> <span class='ocrx_word' id='word_1_121' title='bbox 2104 2915 2118 2925; x_wconf 88' lang='lat'><strong>-</strong></span> 
     </span>
    </p>
   </div>
   <div class='ocr_carea' id='block_1_24' title="bbox 427 2968 2190 3048">
    <p class='ocr_par' dir='ltr' id='par_1_24' title="bbox 427 2968 2190 3048">
     <span class='ocr_line' id='line_1_24' title="bbox 427 2968 2190 3048; baseline -0.005 -16"><span class='ocrx_word' id='word_1_122' title='bbox 427 2983 554 3048; x_wconf 87' lang='lat' dir='ltr'>pter</span> <span class='ocrx_word' id='word_1_123' title='bbox 583 2978 732 3048; x_wconf 89' lang='lat' dir='ltr'>quod</span> <span class='ocrx_word' id='word_1_124' title='bbox 770 2977 941 3030; x_wconf 89' lang='lat' dir='ltr'>etiam</span> <span class='ocrx_word' id='word_1_125' title='bbox 971 2977 1270 3044; x_wconf 84' lang='lat' dir='ltr'>Apostolus</span> <span class='ocrx_word' id='word_1_126' title='bbox 1301 2974 1368 3027; x_wconf 89' lang='lat' dir='ltr'>ad</span> <span class='ocrx_word' id='word_1_127' title='bbox 1411 2973 1883 3027; x_wconf 87' lang='lat' dir='ltr'>manifestandam</span> <span class='ocrx_word' id='word_1_128' title='bbox 1914 2973 2117 3027; x_wconf 90' lang='lat' dir='ltr'>harum</span> <span class='ocrx_word' id='word_1_129' title='bbox 2151 2968 2190 3022; x_wconf 87' lang='grc' dir='ltr'><strong>Β</strong></span> 
     </span>
    </p>
   </div>
   <div class='ocr_carea' id='block_1_25' title="bbox 425 3061 2117 3137">
    <p class='ocr_par' dir='ltr' id='par_1_25' title="bbox 425 3061 2117 3137">
     <span class='ocr_line' id='line_1_25' title="bbox 425 3061 2117 3137; baseline -0.001 -19"><span class='ocrx_word' id='word_1_130' title='bbox 425 3081 798 3137; x_wconf 83' lang='lat' dir='ltr'>personarum</span> <span class='ocrx_word' id='word_1_131' title='bbox 877 3064 1278 3118; x_wconf 85' lang='lat' dir='ltr'>discretionem</span> <span class='ocrx_word' id='word_1_132' title='bbox 1365 3061 1758 3116; x_wconf 89' lang='lat' dir='ltr'>testimonium</span> <span class='ocrx_word' id='word_1_133' title='bbox 1825 3061 1988 3131; x_wconf 85' lang='lat' dir='ltr'>ponit</span> <span class='ocrx_word' id='word_1_134' title='bbox 2053 3079 2117 3116; x_wconf 79' lang='lat' dir='ltr'>ex</span> 
     </span>
    </p>
   </div>
   <div class='ocr_carea' id='block_1_26' title="bbox 427 3149 2118 3220">
    <p class='ocr_par' dir='ltr' id='par_1_26' title="bbox 427 3149 2118 3220">
     <span class='ocr_line' id='line_1_26' title="bbox 427 3149 2118 3220; baseline -0.003 -11"><span class='ocrx_word' id='word_1_135' title='bbox 427 3155 651 3219; x_wconf 78' lang='lat' dir='ltr'>Genesi,</span> <span class='ocrx_word' id='word_1_136' title='bbox 724 3153 819 3206; x_wconf 85' lang='lat' dir='ltr'>ubi</span> <span class='ocrx_word' id='word_1_137' title='bbox 886 3152 1091 3206; x_wconf 90' lang='lat' dir='ltr'>dicitur</span> <span class='ocrx_word' id='word_1_138' title='bbox 1145 3151 1431 3204; x_wconf 63' lang='lat' dir='ltr'>Abrahae:</span> <span class='ocrx_word' id='word_1_139' title='bbox 1506 3151 1655 3220; x_wconf 81' lang='lat' dir='ltr'>Ejice</span> <span class='ocrx_word' id='word_1_140' title='bbox 1743 3149 2007 3204; x_wconf 81' lang='lat' dir='ltr'>ancillam</span> <span class='ocrx_word' id='word_1_141' title='bbox 2064 3155 2118 3204; x_wconf 77' lang='lat' dir='ltr'>et</span> 
     </span>
    </p>
   </div>
   <div class='ocr_carea' id='block_1_27' title="bbox 422 3239 2112 3312">
    <p class='ocr_par' dir='ltr' id='par_1_27' title="bbox 422 3239 2112 3312">
     <span class='ocr_line' id='line_1_27' title="bbox 422 3239 2112 3312; baseline -0.003 -15"><span class='ocrx_word' id='word_1_142' title='bbox 422 3244 608 3297; x_wconf 79' lang='lat' dir='ltr'>tilium</span> <span class='ocrx_word' id='word_1_143' title='bbox 637 3243 759 3312; x_wconf 83' lang='lat' dir='ltr'>ejus</span> <span class='ocrx_word' id='word_1_144' title='bbox 795 3258 807 3294; x_wconf 91' lang='lat'><strong>:</strong></span> <span class='ocrx_word' id='word_1_145' title='bbox 838 3257 955 3294; x_wconf 90' lang='lat' dir='ltr'>non</span> <span class='ocrx_word' id='word_1_146' title='bbox 988 3240 1139 3293; x_wconf 91' lang='lat' dir='ltr'>enim</span> <span class='ocrx_word' id='word_1_147' title='bbox 1181 3239 1363 3292; x_wconf 59' lang='lat' dir='ltr'>haeres</span> <span class='ocrx_word' id='word_1_148' title='bbox 1404 3239 1513 3292; x_wconf 90' lang='lat' dir='ltr'>erit</span> <span class='ocrx_word' id='word_1_149' title='bbox 1554 3239 1705 3292; x_wconf 85' lang='lat' dir='ltr'>tilius</span> <span class='ocrx_word' id='word_1_150' title='bbox 1735 3239 1953 3292; x_wconf 64' lang='lat' dir='ltr'>ancillae</span> <span class='ocrx_word' id='word_1_151' title='bbox 1984 3255 2112 3292; x_wconf 90' lang='lat' dir='ltr'>cum</span> 
     </span>
    </p>
   </div>
   <div class='ocr_carea' id='block_1_28' title="bbox 421 3326 2116 3396">
    <p class='ocr_par' dir='ltr' id='par_1_28' title="bbox 421 3326 2116 3396">
     <span class='ocr_line' id='line_1_28' title="bbox 421 3326 2116 3396; baseline -0.004 -10"><span class='ocrx_word' id='word_1_152' title='bbox 421 3331 542 3386; x_wconf 79' lang='lat' dir='ltr'>tilio</span> <span class='ocrx_word' id='word_1_153' title='bbox 579 3347 706 3384; x_wconf 91' lang='lat' dir='ltr'>meo</span> <span class='ocrx_word' id='word_1_154' title='bbox 759 3330 929 3382; x_wconf 90' lang='lat' dir='ltr'>Isaac.</span> <span class='ocrx_word' id='word_1_155' title='bbox 984 3328 1139 3381; x_wconf 86' lang='lat' dir='ltr'>Unde</span> <span class='ocrx_word' id='word_1_156' title='bbox 1193 3343 1322 3380; x_wconf 91' lang='lat' dir='ltr'>cum</span> <span class='ocrx_word' id='word_1_157' title='bbox 1370 3326 1604 3380; x_wconf 86' lang='lat' dir='ltr'>societas</span> <span class='ocrx_word' id='word_1_158' title='bbox 1652 3326 1979 3396; x_wconf 86' lang='lat' dir='ltr'>nuptiarum</span> <span class='ocrx_word' id='word_1_159' title='bbox 2038 3327 2116 3380; x_wconf 88' lang='lat' dir='ltr'>ita</span> 
     </span>
    </p>
   </div>
   <div class='ocr_carea' id='block_1_29' title="bbox 421 3415 2117 3484">
    <p class='ocr_par' dir='ltr' id='par_1_29' title="bbox 421 3415 2117 3484">
     <span class='ocr_line' id='line_1_29' title="bbox 421 3415 2117 3484; baseline -0.002 -12"><span class='ocrx_word' id='word_1_160' title='bbox 421 3419 491 3472; x_wconf 86' lang='lat' dir='ltr'>ab</span> <span class='ocrx_word' id='word_1_161' title='bbox 524 3418 688 3471; x_wconf 90' lang='lat' dir='ltr'>initio</span> <span class='ocrx_word' id='word_1_162' title='bbox 737 3418 1043 3470; x_wconf 86' lang='lat' dir='ltr'>constituta</span> <span class='ocrx_word' id='word_1_163' title='bbox 1086 3416 1178 3482; x_wconf 89' lang='lat' dir='ltr'>sit,</span> <span class='ocrx_word' id='word_1_164' title='bbox 1232 3421 1296 3468; x_wconf 88' lang='lat' dir='ltr'>ut</span> <span class='ocrx_word' id='word_1_165' title='bbox 1342 3421 1552 3484; x_wconf 64' lang='lat' dir='ltr'>praeter</span> <span class='ocrx_word' id='word_1_166' title='bbox 1599 3430 1835 3467; x_wconf 84' lang='lat' dir='ltr'>sexuum</span> <span class='ocrx_word' id='word_1_167' title='bbox 1882 3415 2117 3484; x_wconf 90' lang='lat' dir='ltr'>conjun-</span> 
     </span>
    </p>
   </div>
   <div class='ocr_carea' id='block_1_30' title="bbox 421 3503 2111 3561">
    <p class='ocr_par' dir='ltr' id='par_1_30' title="bbox 421 3503 2111 3561">
     <span class='ocr_line' id='line_1_30' title="bbox 421 3503 2111 3561; baseline -0.003 0"><span class='ocrx_word' id='word_1_168' title='bbox 421 3508 668 3561; x_wconf 88' lang='lat' dir='ltr'>ctionem</span> <span class='ocrx_word' id='word_1_169' title='bbox 703 3507 936 3559; x_wconf 83' lang='lat' dir='ltr'>haberet</span> <span class='ocrx_word' id='word_1_170' title='bbox 961 3505 1017 3557; x_wconf 90' lang='lat' dir='ltr'>in</span> <span class='ocrx_word' id='word_1_171' title='bbox 1059 3521 1116 3556; x_wconf 87' lang='lat' dir='ltr'>se</span> <span class='ocrx_word' id='word_1_172' title='bbox 1146 3503 1350 3559; x_wconf 85' lang='lat' dir='ltr'>Christi</span> <span class='ocrx_word' id='word_1_173' title='bbox 1401 3510 1456 3555; x_wconf 92' lang='lat' dir='ltr'>et</span> <span class='ocrx_word' id='word_1_174' title='bbox 1498 3503 1761 3556; x_wconf 57' lang='lat' dir='ltr'>Ecclesiae</span> <span class='ocrx_word' id='word_1_175' title='bbox 1790 3519 2111 3556; x_wconf 89' lang='lat' dir='ltr'>sacramen-</span> 
     </span>
    </p>
   </div>
   <div class='ocr_carea' id='block_1_31' title="bbox 417 3591 2112 3660">
    <p class='ocr_par' dir='ltr' id='par_1_31' title="bbox 417 3591 2112 3660">
     <span class='ocr_line' id='line_1_31' title="bbox 417 3591 2112 3660; baseline -0.002 -12"><span class='ocrx_word' id='word_1_176' title='bbox 417 3599 563 3660; x_wconf 86' lang='lat' dir='ltr'>tum,</span> <span class='ocrx_word' id='word_1_177' title='bbox 596 3594 832 3647; x_wconf 92' lang='lat' dir='ltr'>dubium</span> <span class='ocrx_word' id='word_1_178' title='bbox 865 3609 978 3645; x_wconf 90' lang='lat' dir='ltr'>non</span> <span class='ocrx_word' id='word_1_179' title='bbox 1011 3597 1096 3645; x_wconf 86' lang='lat' dir='ltr'>est</span> <span class='ocrx_word' id='word_1_180' title='bbox 1128 3607 1253 3645; x_wconf 89' lang='lat' dir='ltr'>eam</span> <span class='ocrx_word' id='word_1_181' title='bbox 1314 3591 1615 3644; x_wconf 87' lang='lat' dir='ltr'>mulierem</span> <span class='ocrx_word' id='word_1_182' title='bbox 1659 3607 1771 3644; x_wconf 90' lang='lat' dir='ltr'>non</span> <span class='ocrx_word' id='word_1_183' title='bbox 1821 3591 2112 3660; x_wconf 86' lang='lat' dir='ltr'>pertinere</span> 
     </span>
    </p>
   </div>
   <div class='ocr_carea' id='block_1_32' title="bbox 418 3679 2110 3750">
    <p class='ocr_par' dir='ltr' id='par_1_32' title="bbox 418 3679 2110 3750">
     <span class='ocr_line' id='line_1_32' title="bbox 418 3679 2110 3750; baseline -0.003 -14"><span class='ocrx_word' id='word_1_184' title='bbox 418 3683 487 3736; x_wconf 88' lang='lat' dir='ltr'>ad</span> <span class='ocrx_word' id='word_1_185' title='bbox 523 3682 974 3743; x_wconf 83' lang='lat' dir='ltr'>matrimonium,</span> <span class='ocrx_word' id='word_1_186' title='bbox 1008 3681 1066 3733; x_wconf 90' lang='lat' dir='ltr'>in</span> <span class='ocrx_word' id='word_1_187' title='bbox 1098 3697 1212 3750; x_wconf 89' lang='lat' dir='ltr'>qua</span> <span class='ocrx_word' id='word_1_188' title='bbox 1241 3679 1474 3732; x_wconf 86' lang='lat' dir='ltr'>docetur</span> <span class='ocrx_word' id='word_1_189' title='bbox 1505 3679 1762 3748; x_wconf 89' lang='lat' dir='ltr'>nuptiale</span> <span class='ocrx_word' id='word_1_190' title='bbox 1795 3695 1912 3732; x_wconf 90' lang='lat' dir='ltr'>non</span> <span class='ocrx_word' id='word_1_191' title='bbox 1937 3679 2110 3732; x_wconf 88' lang='lat' dir='ltr'>fuisse</span> 
     </span>
    </p>
   </div>
   <div class='ocr_carea' id='block_1_33' title="bbox 422 3767 2107 3841">
    <p class='ocr_par' dir='ltr' id='par_1_33' title="bbox 422 3767 2107 3841">
     <span class='ocr_line' id='line_1_33' title="bbox 422 3767 2107 3841; baseline -0.002 -17"><span class='ocrx_word' id='word_1_192' title='bbox 422 3771 775 3841; x_wconf 75' lang='lat' dir='ltr'>mysterium.</span> <span class='ocrx_word' id='word_1_193' title='bbox 847 3770 1028 3838; x_wconf 83' lang='lat' dir='ltr'>Igitur</span> <span class='ocrx_word' id='word_1_194' title='bbox 1085 3769 1386 3838; x_wconf 84' lang='lat' dir='ltr'>cujuslibet</span> <span class='ocrx_word' id='word_1_195' title='bbox 1435 3768 1541 3821; x_wconf 89' lang='lat' dir='ltr'>loci</span> <span class='ocrx_word' id='word_1_196' title='bbox 1591 3767 1785 3834; x_wconf 81' lang='lat' dir='ltr'>laicus,</span> <span class='ocrx_word' id='word_1_197' title='bbox 1843 3768 1889 3821; x_wconf 91' lang='lat' dir='ltr'>si</span> <span class='ocrx_word' id='word_1_198' title='bbox 1929 3768 2107 3821; x_wconf 82' lang='lat' dir='ltr'>tiliam</span> 
     </span>
    </p>
   </div>
   <div class='ocr_carea' id='block_1_34' title="bbox 419 3857 2106 3913">
    <p class='ocr_par' dir='ltr' id='par_1_34' title="bbox 419 3857 2106 3913">
     <span class='ocr_line' id='line_1_34' title="bbox 419 3857 2106 3913; baseline -0.002 0"><span class='ocrx_word' id='word_1_199' title='bbox 419 3875 578 3913; x_wconf 84' lang='lat' dir='ltr'>suam</span> <span class='ocrx_word' id='word_1_200' title='bbox 605 3860 722 3913; x_wconf 90' lang='lat' dir='ltr'>viro</span> <span class='ocrx_word' id='word_1_201' title='bbox 745 3859 977 3911; x_wconf 87' lang='lat' dir='ltr'>habenti</span> <span class='ocrx_word' id='word_1_202' title='bbox 999 3857 1375 3910; x_wconf 86' lang='lat' dir='ltr'>concubinam</span> <span class='ocrx_word' id='word_1_203' title='bbox 1400 3857 1456 3909; x_wconf 91' lang='lat' dir='ltr'>in</span> <span class='ocrx_word' id='word_1_204' title='bbox 1479 3857 1913 3910; x_wconf 87' lang='lat' dir='ltr'>matrimonium</span> <span class='ocrx_word' id='word_1_205' title='bbox 1939 3857 2106 3910; x_wconf 80' lang='lat' dir='ltr'>dede-</span> 
     </span>
    </p>
   </div>
   <div class='ocr_carea' id='block_1_35' title="bbox 418 3945 2106 4016">
    <p class='ocr_par' dir='ltr' id='par_1_35' title="bbox 418 3945 2106 4016">
     <span class='ocr_line' id='line_1_35' title="bbox 418 3945 2106 4016; baseline -0.002 -15"><span class='ocrx_word' id='word_1_206' title='bbox 418 3950 514 4014; x_wconf 89' lang='lat' dir='ltr'>rit,</span> <span class='ocrx_word' id='word_1_207' title='bbox 542 3965 654 4002; x_wconf 91' lang='lat' dir='ltr'>non</span> <span class='ocrx_word' id='word_1_208' title='bbox 686 3948 766 4001; x_wconf 89' lang='lat' dir='ltr'>ita</span> <span class='ocrx_word' id='word_1_209' title='bbox 817 3947 1207 4016; x_wconf 88' lang='lat' dir='ltr'>accipiendum</span> <span class='ocrx_word' id='word_1_210' title='bbox 1263 3952 1345 3999; x_wconf 85' lang='lat' dir='ltr'>est</span> <span class='ocrx_word' id='word_1_211' title='bbox 1408 3946 1570 4016; x_wconf 88' lang='lat' dir='ltr'>quasi</span> <span class='ocrx_word' id='word_1_212' title='bbox 1619 3961 1744 3998; x_wconf 87' lang='lat' dir='ltr'>eam</span> <span class='ocrx_word' id='word_1_213' title='bbox 1802 3945 2106 4016; x_wconf 82' lang='lat' dir='ltr'>conjugato</span> 
     </span>
    </p>
   </div>
   <div class='ocr_carea' id='block_1_36' title="bbox 417 4033 2108 4103">
    <p class='ocr_par' dir='ltr' id='par_1_36' title="bbox 417 4033 2108 4103">
     <span class='ocr_line' id='line_1_36' title="bbox 417 4033 2108 4103; baseline -0.003 -11"><span class='ocrx_word' id='word_1_214' title='bbox 417 4037 656 4103; x_wconf 87' lang='lat' dir='ltr'>dederit,</span> <span class='ocrx_word' id='word_1_215' title='bbox 699 4036 806 4090; x_wconf 91' lang='lat' dir='ltr'>nisi</span> <span class='ocrx_word' id='word_1_216' title='bbox 855 4036 1000 4089; x_wconf 87' lang='lat' dir='ltr'>forte</span> <span class='ocrx_word' id='word_1_217' title='bbox 1048 4035 1145 4088; x_wconf 87' lang='lat' dir='ltr'>illa</span> <span class='ocrx_word' id='word_1_218' title='bbox 1186 4035 1392 4088; x_wconf 87' lang='lat' dir='ltr'>mulier</span> <span class='ocrx_word' id='word_1_219' title='bbox 1427 4041 1482 4087; x_wconf 90' lang='lat' dir='ltr'>et</span> <span class='ocrx_word' id='word_1_220' title='bbox 1529 4035 1783 4103; x_wconf 87' lang='lat' dir='ltr'>ingenua</span> <span class='ocrx_word' id='word_1_221' title='bbox 1837 4033 2005 4096; x_wconf 89' lang='lat' dir='ltr'>facta,</span> <span class='ocrx_word' id='word_1_222' title='bbox 2051 4037 2108 4087; x_wconf 85' lang='lat' dir='ltr'>et</span> 
     </span>
    </p>
   </div>
   <div class='ocr_carea' id='block_1_37' title="bbox 413 4121 2101 4195">
    <p class='ocr_par' dir='ltr' id='par_1_37' title="bbox 413 4121 2101 4195">
     <span class='ocr_line' id='line_1_37' title="bbox 413 4121 2101 4195; baseline -0.005 -15"><span class='ocrx_word' id='word_1_223' title='bbox 413 4125 606 4180; x_wconf 89' lang='lat' dir='ltr'>dotata</span> <span class='ocrx_word' id='word_1_224' title='bbox 641 4125 918 4195; x_wconf 79' lang='lat' dir='ltr'>legitime,</span> <span class='ocrx_word' id='word_1_225' title='bbox 954 4129 1040 4177; x_wconf 87' lang='lat' dir='ltr'>est</span> <span class='ocrx_word' id='word_1_226' title='bbox 1069 4122 1312 4193; x_wconf 89' lang='lat' dir='ltr'>publicis</span> <span class='ocrx_word' id='word_1_227' title='bbox 1333 4122 1547 4193; x_wconf 85' lang='lat' dir='ltr'>nuptiis</span> <span class='ocrx_word' id='word_1_228' title='bbox 1587 4123 1881 4176; x_wconf 90' lang='lat' dir='ltr'>honestata</span> <span class='ocrx_word' id='word_1_229' title='bbox 1909 4121 2101 4174; x_wconf 79' lang='lat' dir='ltr'>videa-</span> 
     </span>
    </p>
   </div>
   <div class='ocr_carea' id='block_1_38' title="bbox 2156 1687 3788 1759">
    <p class='ocr_par' dir='ltr' id='par_1_38' title="bbox 2156 1687 3788 1759">
     <span class='ocr_line' id='line_1_38' title="bbox 2156 1687 3788 1759; baseline 0.004 -20"><span class='ocrx_word' id='word_1_230' title='bbox 2156 1690 2195 1739; x_wconf 83' lang='lat' dir='ltr'><strong>A</strong></span> <span class='ocrx_word' id='word_1_231' title='bbox 2382 1688 2508 1741; x_wconf 80' lang='lat' dir='ltr'>CAP.</span> <span class='ocrx_word' id='word_1_232' title='bbox 2543 1687 2636 1741; x_wconf 88' lang='lat' dir='ltr'>Ill.</span> <span class='ocrx_word' id='word_1_233' title='bbox 2666 1717 2735 1727; x_wconf 94' lang='lat'>—</span> <span class='ocrx_word' id='word_1_234' title='bbox 2769 1690 2835 1742; x_wconf 88' lang='lat' dir='ltr'>Ut</span> <span class='ocrx_word' id='word_1_235' title='bbox 2861 1687 3048 1743; x_wconf 86' lang='lat' dir='ltr'>nullus</span> <span class='ocrx_word' id='word_1_236' title='bbox 3069 1689 3267 1743; x_wconf 86' lang='lat' dir='ltr'>occulte</span> <span class='ocrx_word' id='word_1_237' title='bbox 3289 1694 3513 1759; x_wconf 81' lang='lat' dir='ltr'>nuptias</span> <span class='ocrx_word' id='word_1_238' title='bbox 3541 1692 3788 1746; x_wconf 86' lang='lat' dir='ltr'>celebret.</span> 
     </span>
    </p>
   </div>
   <div class='ocr_carea' id='block_1_39' title="bbox 2305 1773 3924 1850">
    <p class='ocr_par' dir='ltr' id='par_1_39' title="bbox 2305 1773 3924 1850">
     <span class='ocr_line' id='line_1_39' title="bbox 2305 1773 3924 1850; baseline 0.005 -24"><span class='ocrx_word' id='word_1_239' title='bbox 2305 1773 2416 1840; x_wconf 72' lang='lat' dir='ltr'>(Em</span> <span class='ocrx_word' id='word_1_240' title='bbox 2463 1774 2608 1827; x_wconf 81' lang='lat' dir='ltr'>decr.</span> <span class='ocrx_word' id='word_1_241' title='bbox 2663 1776 2966 1830; x_wconf 66' lang='lat' dir='ltr'>Hormisdz</span> <span class='ocrx_word' id='word_1_242' title='bbox 3015 1793 3198 1848; x_wconf 57' lang='lat' dir='ltr'>papa,</span> <span class='ocrx_word' id='word_1_243' title='bbox 3259 1781 3434 1848; x_wconf 83' lang='lat' dir='ltr'>capite</span> <span class='ocrx_word' id='word_1_244' title='bbox 3487 1779 3563 1850; x_wconf 91' lang='lat'>6.)</span> <span class='ocrx_word' id='word_1_245' title='bbox 3615 1781 3685 1834; x_wconf 88' lang='lat' dir='ltr'>Ut</span> <span class='ocrx_word' id='word_1_246' title='bbox 3737 1782 3924 1836; x_wconf 70' lang='lat' dir='ltr'>nullus</span> 
     </span>
    </p>
   </div>
   <div class='ocr_carea' id='block_1_40' title="bbox 2232 1860 3924 1940">
    <p class='ocr_par' dir='ltr' id='par_1_40' title="bbox 2232 1860 3924 1940">
     <span class='ocr_line' id='line_1_40' title="bbox 2232 1860 3924 1940; baseline 0.005 -26"><span class='ocrx_word' id='word_1_247' title='bbox 2232 1860 2416 1915; x_wconf 83' lang='lat' dir='ltr'>ﬁdelis</span> <span class='ocrx_word' id='word_1_248' title='bbox 2467 1863 2858 1934; x_wconf 88' lang='lat' dir='ltr'>cujuscunque</span> <span class='ocrx_word' id='word_1_249' title='bbox 2925 1866 3268 1920; x_wconf 89' lang='lat' dir='ltr'>conditionis</span> <span class='ocrx_word' id='word_1_250' title='bbox 3327 1867 3400 1921; x_wconf 88' lang='lat' dir='ltr'>sit</span> <span class='ocrx_word' id='word_1_251' title='bbox 3451 1870 3635 1922; x_wconf 91' lang='lat' dir='ltr'>oculte</span> <span class='ocrx_word' id='word_1_252' title='bbox 3696 1871 3924 1940; x_wconf 72' lang='lat' dir='ltr'>nuptiae</span> 
     </span>
    </p>
   </div>
   <div class='ocr_carea' id='block_1_41' title="bbox 2231 1949 3924 2028">
    <p class='ocr_par' dir='ltr' id='par_1_41' title="bbox 2231 1949 3924 2028">
     <span class='ocr_line' id='line_1_41' title="bbox 2231 1949 3924 2028; baseline 0.005 -24"><span class='ocrx_word' id='word_1_253' title='bbox 2231 1949 2419 2016; x_wconf 83' lang='lat' dir='ltr'>faciat,</span> <span class='ocrx_word' id='word_1_254' title='bbox 2452 1952 2572 2019; x_wconf 89' lang='lat' dir='ltr'>sed,</span> <span class='ocrx_word' id='word_1_255' title='bbox 2604 1951 2996 2008; x_wconf 86' lang='lat' dir='ltr'>benedictione</span> <span class='ocrx_word' id='word_1_256' title='bbox 3025 1971 3059 2007; x_wconf 87' lang='lat' dir='ltr'>a</span> <span class='ocrx_word' id='word_1_257' title='bbox 3090 1955 3380 2010; x_wconf 88' lang='lat' dir='ltr'>sacerdote</span> <span class='ocrx_word' id='word_1_258' title='bbox 3411 1960 3662 2028; x_wconf 75' lang='lat' dir='ltr'>accepta,</span> <span class='ocrx_word' id='word_1_259' title='bbox 3697 1960 3924 2028; x_wconf 68' lang='lat' dir='ltr'>publice</span> 
     </span>
    </p>
   </div>
   <div class='ocr_carea' id='block_1_42' title="bbox 2232 2039 2786 2096">
    <p class='ocr_par' dir='ltr' id='par_1_42' title="bbox 2232 2039 2786 2096">
     <span class='ocr_line' id='line_1_42' title="bbox 2232 2039 2786 2096; baseline 0.007 -4"><span class='ocrx_word' id='word_1_260' title='bbox 2232 2039 2410 2093; x_wconf 89' lang='lat' dir='ltr'>nubat</span> <span class='ocrx_word' id='word_1_261' title='bbox 2438 2039 2494 2092; x_wconf 92' lang='lat' dir='ltr'>in</span> <span class='ocrx_word' id='word_1_262' title='bbox 2527 2041 2786 2096; x_wconf 88' lang='lat' dir='ltr'>Domino.</span> 
     </span>
    </p>
   </div>
   <div class='ocr_carea' id='block_1_43' title="bbox 2305 2127 3804 2200">
    <p class='ocr_par' dir='ltr' id='par_1_43' title="bbox 2305 2127 3804 2200">
     <span class='ocr_line' id='line_1_43' title="bbox 2305 2127 3804 2200; baseline 0.005 -19"><span class='ocrx_word' id='word_1_263' title='bbox 2305 2127 2429 2181; x_wconf 81' lang='lat' dir='ltr'>CAP.</span> <span class='ocrx_word' id='word_1_264' title='bbox 2462 2128 2548 2182; x_wconf 75' lang='grc' dir='ltr'>ιν.</span> <span class='ocrx_word' id='word_1_265' title='bbox 2581 2159 2648 2168; x_wconf 83' lang='lat'>—-—</span> <span class='ocrx_word' id='word_1_266' title='bbox 2681 2134 2792 2199; x_wconf 74' lang='lat' dir='ltr'>()uo</span> <span class='ocrx_word' id='word_1_267' title='bbox 2819 2135 3050 2198; x_wconf 86' lang='lat' dir='ltr'>tempore</span> <span class='ocrx_word' id='word_1_268' title='bbox 3076 2131 3284 2200; x_wconf 75' lang='lat' dir='ltr'>nuptiae</span> <span class='ocrx_word' id='word_1_269' title='bbox 3311 2132 3640 2187; x_wconf 59' lang='lat' dir='ltr'>celebranda</span> <span class='ocrx_word' id='word_1_270' title='bbox 3669 2137 3804 2188; x_wconf 87' lang='lat' dir='ltr'>sint.</span> 
     </span>
    </p>
   </div>
   <div class='ocr_carea' id='block_1_44' title="bbox 2305 2216 3924 2294">
    <p class='ocr_par' dir='ltr' id='par_1_44' title="bbox 2305 2216 3924 2294">
     <span class='ocr_line' id='line_1_44' title="bbox 2305 2216 3924 2294; baseline 0.006 -25"><span class='ocrx_word' id='word_1_271' title='bbox 2305 2216 2422 2285; x_wconf 76' lang='lat' dir='ltr'>(Ea:</span> <span class='ocrx_word' id='word_1_272' title='bbox 2451 2219 2668 2272; x_wconf 79' lang='lat' dir='ltr'>concilio</span> <span class='ocrx_word' id='word_1_273' title='bbox 2715 2218 3039 2283; x_wconf 83' lang='lat' dir='ltr'>Ililerdensi,</span> <span class='ocrx_word' id='word_1_274' title='bbox 3093 2235 3215 2288; x_wconf 86' lang='lat' dir='ltr'>cap.</span> <span class='ocrx_word' id='word_1_275' title='bbox 3252 2222 3324 2289; x_wconf 92' lang='lat'>3.)</span> <span class='ocrx_word' id='word_1_276' title='bbox 3353 2221 3509 2284; x_wconf 87' lang='lat' dir='ltr'>Quod</span> <span class='ocrx_word' id='word_1_277' title='bbox 3578 2239 3693 2276; x_wconf 91' lang='lat' dir='ltr'>non</span> <span class='ocrx_word' id='word_1_278' title='bbox 3749 2241 3924 2294; x_wconf 89' lang='lat' dir='ltr'>opor-</span> 
     </span>
    </p>
   </div>
   <div class='ocr_carea' id='block_1_45' title="bbox 2198 2305 3924 2378">
    <p class='ocr_par' dir='ltr' id='par_1_45' title="bbox 2198 2305 3924 2378">
     <span class='ocr_line' id='line_1_45' title="bbox 2198 2305 3924 2378; baseline 0.003 -20"><span class='ocrx_word' id='word_1_279' title='bbox 2198 2361 2208 2363; x_wconf 43' lang='grc' dir='ltr'><em>η</em></span> <span class='ocrx_word' id='word_1_280' title='bbox 2232 2309 2349 2358; x_wconf 87' lang='lat' dir='ltr'>teat</span> <span class='ocrx_word' id='word_1_281' title='bbox 2406 2323 2438 2356; x_wconf 85' lang='lat' dir='ltr'>a</span> <span class='ocrx_word' id='word_1_282' title='bbox 2492 2305 2924 2376; x_wconf 86' lang='lat' dir='ltr'>Septuagesima</span> <span class='ocrx_word' id='word_1_283' title='bbox 2962 2324 3144 2378; x_wconf 91' lang='lat' dir='ltr'>usque</span> <span class='ocrx_word' id='word_1_284' title='bbox 3184 2309 3244 2362; x_wconf 90' lang='lat' dir='ltr'>in</span> <span class='ocrx_word' id='word_1_285' title='bbox 3284 2314 3507 2363; x_wconf 89' lang='lat' dir='ltr'>octavas</span> <span class='ocrx_word' id='word_1_286' title='bbox 3565 2312 3818 2378; x_wconf 63' lang='lat' dir='ltr'>Paschm,</span> <span class='ocrx_word' id='word_1_287' title='bbox 3880 2321 3924 2366; x_wconf 76' lang='lat' dir='ltr'>et</span> 
     </span>
    </p>
   </div>
   <div class='ocr_carea' id='block_1_46' title="bbox 2233 2393 3924 2455">
    <p class='ocr_par' dir='ltr' id='par_1_46' title="bbox 2233 2393 3924 2455">
     <span class='ocr_line' id='line_1_46' title="bbox 2233 2393 3924 2455; baseline 0.006 -10"><span class='ocrx_word' id='word_1_288' title='bbox 2233 2393 2411 2446; x_wconf 90' lang='lat' dir='ltr'>tribus</span> <span class='ocrx_word' id='word_1_289' title='bbox 2442 2394 2890 2448; x_wconf 85' lang='lat' dir='ltr'>hebdomadibus</span> <span class='ocrx_word' id='word_1_290' title='bbox 2921 2402 3051 2449; x_wconf 88' lang='lat' dir='ltr'>ante</span> <span class='ocrx_word' id='word_1_291' title='bbox 3084 2397 3445 2451; x_wconf 85' lang='lat' dir='ltr'>festivitatem</span> <span class='ocrx_word' id='word_1_292' title='bbox 3481 2399 3658 2452; x_wconf 91' lang='lat' dir='ltr'>sancti</span> <span class='ocrx_word' id='word_1_293' title='bbox 3689 2401 3924 2455; x_wconf 81' lang='lat' dir='ltr'>Joannis</span> 
     </span>
    </p>
   </div>
   <div class='ocr_carea' id='block_1_47' title="bbox 2238 2481 3924 2560">
    <p class='ocr_par' dir='ltr' id='par_1_47' title="bbox 2238 2481 3924 2560">
     <span class='ocr_line' id='line_1_47' title="bbox 2238 2481 3924 2560; baseline 0.007 -27"><span class='ocrx_word' id='word_1_294' title='bbox 2238 2481 2516 2551; x_wconf 80' lang='lat' dir='ltr'>Baptistae,</span> <span class='ocrx_word' id='word_1_295' title='bbox 2551 2485 2704 2537; x_wconf 84' lang='lat' dir='ltr'>etab</span> <span class='ocrx_word' id='word_1_296' title='bbox 2734 2485 2995 2539; x_wconf 84' lang='lat' dir='ltr'>Adventu</span> <span class='ocrx_word' id='word_1_297' title='bbox 3029 2486 3255 2539; x_wconf 89' lang='lat' dir='ltr'>Domini</span> <span class='ocrx_word' id='word_1_298' title='bbox 3290 2503 3469 2558; x_wconf 90' lang='lat' dir='ltr'>usque</span> <span class='ocrx_word' id='word_1_299' title='bbox 3499 2495 3631 2557; x_wconf 88' lang='lat' dir='ltr'>post</span> <span class='ocrx_word' id='word_1_300' title='bbox 3675 2490 3924 2560; x_wconf 89' lang='lat' dir='ltr'>Epipha-</span> 
     </span>
    </p>
   </div>
   <div class='ocr_carea' id='block_1_48' title="bbox 2232 2571 3924 2648">
    <p class='ocr_par' dir='ltr' id='par_1_48' title="bbox 2232 2571 3924 2648">
     <span class='ocr_line' id='line_1_48' title="bbox 2232 2571 3924 2648; baseline 0.006 -25"><span class='ocrx_word' id='word_1_301' title='bbox 2232 2573 2387 2624; x_wconf 86' lang='lat' dir='ltr'>niam</span> <span class='ocrx_word' id='word_1_302' title='bbox 2419 2571 2646 2641; x_wconf 88' lang='lat' dir='ltr'>nuptias</span> <span class='ocrx_word' id='word_1_303' title='bbox 2675 2572 2974 2628; x_wconf 90' lang='lat' dir='ltr'>celebrare.</span> <span class='ocrx_word' id='word_1_304' title='bbox 3009 2574 3166 2638; x_wconf 88' lang='lat' dir='ltr'>Quod</span> <span class='ocrx_word' id='word_1_305' title='bbox 3200 2575 3245 2628; x_wconf 90' lang='lat' dir='ltr'>si</span> <span class='ocrx_word' id='word_1_306' title='bbox 3278 2575 3492 2630; x_wconf 85' lang='lat' dir='ltr'>factum</span> <span class='ocrx_word' id='word_1_307' title='bbox 3524 2578 3716 2645; x_wconf 84' lang='lat' dir='ltr'>fuerit,</span> <span class='ocrx_word' id='word_1_308' title='bbox 3752 2595 3924 2648; x_wconf 90' lang='lat' dir='ltr'>sepa-</span> 
     </span>
    </p>
   </div>
   <div class='ocr_carea' id='block_1_49' title="bbox 2233 2665 2452 2713">
    <p class='ocr_par' dir='ltr' id='par_1_49' title="bbox 2233 2665 2452 2713">
     <span class='ocr_line' id='line_1_49' title="bbox 2233 2665 2452 2713; baseline 0.009 -2"><span class='ocrx_word' id='word_1_309' title='bbox 2233 2665 2452 2713; x_wconf 89' lang='lat' dir='ltr'>rentur.</span> 
     </span>
    </p>
   </div>
   <div class='ocr_carea' id='block_1_50' title="bbox 2233 2747 3924 2874">
    <p class='ocr_par' dir='ltr' id='par_1_50' title="bbox 2233 2747 3924 2874">
     <span class='ocr_line' id='line_1_50' title="bbox 2233 2747 3924 2874; baseline 0.005 -72"><span class='ocrx_word' id='word_1_310' title='bbox 2233 2747 2362 2802; x_wconf 82' lang='lat' dir='ltr'>CAP.</span> <span class='ocrx_word' id='word_1_311' title='bbox 2397 2747 2458 2802; x_wconf 91' lang='lat' dir='ltr'>V.</span> <span class='ocrx_word' id='word_1_312' title='bbox 2494 2779 2560 2787; x_wconf 95' lang='lat'><strong><em>—</em></strong></span> <span class='ocrx_word' id='word_1_313' title='bbox 2593 2749 2840 2814; x_wconf 83' lang='lat' dir='ltr'>Qualiter</span> <span class='ocrx_word' id='word_1_314' title='bbox 2895 2749 3278 2874; x_wconf 60' lang='lat' dir='ltr'>beztzedicantur</span> <span class='ocrx_word' id='word_1_315' title='bbox 3315 2768 3348 2806; x_wconf 91' lang='lat' dir='ltr'>a</span> <span class='ocrx_word' id='word_1_316' title='bbox 3387 2754 3660 2809; x_wconf 85' lang='lat' dir='ltr'>sacerdote</span> <span class='ocrx_word' id='word_1_317' title='bbox 3697 2770 3924 2825; x_wconf 68' lang='lat' dir='ltr'>sponsu:</span> 
     </span>
     <span class='ocr_line' id='line_1_51' title="bbox 2935 2837 3230 2874; baseline 0.003 -1"><span class='ocrx_word' id='word_1_318' title='bbox 2935 2837 2960 2873; x_wconf 89' lang='lat' dir='ltr'>e</span> <span class='ocrx_word' id='word_1_319' title='bbox 3013 2837 3230 2874; x_wconf 79' lang='lat' dir='ltr'>suonsa.</span> 
     </span>
    </p>
   </div>
   <div class='ocr_carea' id='block_1_51' title="bbox 2935 2837 3230 2890">
    <p class='ocr_par' dir='ltr' id='par_1_51' title="bbox 2935 2837 3230 2890">
     <span class='ocr_line' id='line_1_52' title="bbox 2935 2837 3230 2890; baseline 0.01 -17"><span class='ocrx_word' id='word_1_320' title='bbox 2935 2837 2984 2874; x_wconf 76' lang='lat' dir='ltr'>et</span> <span class='ocrx_word' id='word_1_321' title='bbox 3013 2837 3230 2890; x_wconf 83' lang='lat' dir='ltr'>sponsa.</span> 
     </span>
    </p>
   </div>
   <div class='ocr_carea' id='block_1_52' title="bbox 2304 2905 3924 2985">
    <p class='ocr_par' dir='ltr' id='par_1_52' title="bbox 2304 2905 3924 2985">
     <span class='ocr_line' id='line_1_53' title="bbox 2304 2905 3924 2985; baseline 0.005 -26"><span class='ocrx_word' id='word_1_322' title='bbox 2304 2905 2412 2976; x_wconf 76' lang='lat' dir='ltr'>(Ea:</span> <span class='ocrx_word' id='word_1_323' title='bbox 2460 2909 2680 2961; x_wconf 85' lang='lat' dir='ltr'>concilio</span> <span class='ocrx_word' id='word_1_324' title='bbox 2726 2908 2877 2976; x_wconf 88' lang='lat' dir='ltr'>apud</span> <span class='ocrx_word' id='word_1_325' title='bbox 2933 2911 3229 2976; x_wconf 84' lang='lat' dir='ltr'>Valentius,</span> <span class='ocrx_word' id='word_1_326' title='bbox 3262 2913 3438 2980; x_wconf 79' lang='lat' dir='ltr'>capite</span> <span class='ocrx_word' id='word_1_327' title='bbox 3472 2912 3612 2983; x_wconf 88' lang='grc'>101.)</span> <span class='ocrx_word' id='word_1_328' title='bbox 3669 2913 3924 2985; x_wconf 79' lang='lat' dir='ltr'>Sponsus</span> 
     </span>
    </p>
   </div>
   <div class='ocr_carea' id='block_1_53' title="bbox 2232 2997 3924 3074">
    <p class='ocr_par' dir='ltr' id='par_1_53' title="bbox 2232 2997 3924 3074">
     <span class='ocr_line' id='line_1_54' title="bbox 2232 2997 3924 3074; baseline 0.006 -26"><span class='ocrx_word' id='word_1_329' title='bbox 2232 3000 2287 3049; x_wconf 94' lang='lat' dir='ltr'>et</span> <span class='ocrx_word' id='word_1_330' title='bbox 2316 3011 2527 3064; x_wconf 89' lang='lat' dir='ltr'>sponsa</span> <span class='ocrx_word' id='word_1_331' title='bbox 2551 3012 2681 3049; x_wconf 88' lang='lat' dir='ltr'>cum</span> <span class='ocrx_word' id='word_1_332' title='bbox 2715 2997 3088 3051; x_wconf 91' lang='lat' dir='ltr'>benedicendi</span> <span class='ocrx_word' id='word_1_333' title='bbox 3120 3005 3272 3066; x_wconf 90' lang='lat' dir='ltr'>sunt,</span> <span class='ocrx_word' id='word_1_334' title='bbox 3303 3017 3336 3052; x_wconf 88' lang='lat' dir='ltr'>a</span> <span class='ocrx_word' id='word_1_335' title='bbox 3387 3001 3699 3067; x_wconf 86' lang='lat' dir='ltr'>sacerdote,</span> <span class='ocrx_word' id='word_1_336' title='bbox 3743 3020 3776 3056; x_wconf 89' lang='lat' dir='ltr'>a</span> <span class='ocrx_word' id='word_1_337' title='bbox 3834 3021 3924 3074; x_wconf 86' lang='lat' dir='ltr'>pa-</span> 
     </span>
    </p>
   </div>
   <div class='ocr_carea' id='block_1_54' title="bbox 2229 3083 3924 3156">
    <p class='ocr_par' dir='ltr' id='par_1_54' title="bbox 2229 3083 3924 3156">
     <span class='ocr_line' id='line_1_55' title="bbox 2229 3083 3924 3156; baseline 0.005 -19"><span class='ocrx_word' id='word_1_338' title='bbox 2229 3083 2508 3149; x_wconf 89' lang='lat' dir='ltr'>rentibus,</span> <span class='ocrx_word' id='word_1_339' title='bbox 2557 3085 2643 3138; x_wconf 87' lang='lat' dir='ltr'>vel</span> <span class='ocrx_word' id='word_1_340' title='bbox 2696 3100 2729 3136; x_wconf 90' lang='lat' dir='ltr'>a</span> <span class='ocrx_word' id='word_1_341' title='bbox 2775 3086 3184 3156; x_wconf 87' lang='lat' dir='ltr'>paranymphis</span> <span class='ocrx_word' id='word_1_342' title='bbox 3240 3087 3299 3140; x_wconf 90' lang='lat' dir='ltr'>in</span> <span class='ocrx_word' id='word_1_343' title='bbox 3349 3089 3582 3142; x_wconf 84' lang='lat' dir='ltr'>ecclesia</span> <span class='ocrx_word' id='word_1_344' title='bbox 3638 3093 3924 3146; x_wconf 84' lang='lat' dir='ltr'>sacerdoti</span> 
     </span>
    </p>
   </div>
   <div class='ocr_carea' id='block_1_55' title="bbox 2229 3167 3922 3241">
    <p class='ocr_par' dir='ltr' id='par_1_55' title="bbox 2229 3167 3922 3241">
     <span class='ocr_line' id='line_1_56' title="bbox 2229 3167 3922 3241; baseline 0.006 -22"><span class='ocrx_word' id='word_1_345' title='bbox 2229 3167 2555 3230; x_wconf 82' lang='lat' dir='ltr'>oﬂerantur,</span> <span class='ocrx_word' id='word_1_346' title='bbox 2591 3172 2646 3219; x_wconf 91' lang='lat' dir='ltr'>et</span> <span class='ocrx_word' id='word_1_347' title='bbox 2677 3183 2804 3220; x_wconf 91' lang='lat' dir='ltr'>cum</span> <span class='ocrx_word' id='word_1_348' title='bbox 2837 3168 3294 3224; x_wconf 87' lang='lat' dir='ltr'>benedictionem</span> <span class='ocrx_word' id='word_1_349' title='bbox 3324 3173 3662 3241; x_wconf 87' lang='lat' dir='ltr'>acceperint,</span> <span class='ocrx_word' id='word_1_350' title='bbox 3716 3176 3922 3229; x_wconf 86' lang='lat' dir='ltr'>eadem</span> 
     </span>
    </p>
   </div>
   <div class='ocr_carea' id='block_1_56' title="bbox 2229 3257 3920 3333">
    <p class='ocr_par' dir='ltr' id='par_1_56' title="bbox 2229 3257 3920 3333">
     <span class='ocr_line' id='line_1_57' title="bbox 2229 3257 3920 3333; baseline 0.006 -25"><span class='ocrx_word' id='word_1_351' title='bbox 2229 3261 2390 3308; x_wconf 91' lang='lat' dir='ltr'>nocte</span> <span class='ocrx_word' id='word_1_352' title='bbox 2422 3271 2524 3324; x_wconf 88' lang='lat' dir='ltr'>pro</span> <span class='ocrx_word' id='word_1_353' title='bbox 2555 3257 2872 3310; x_wconf 87' lang='lat' dir='ltr'>reverentia</span> <span class='ocrx_word' id='word_1_354' title='bbox 2902 3257 3080 3326; x_wconf 88' lang='lat' dir='ltr'>ipsius</span> <span class='ocrx_word' id='word_1_355' title='bbox 3121 3258 3539 3314; x_wconf 88' lang='lat' dir='ltr'>benedictionis</span> <span class='ocrx_word' id='word_1_356' title='bbox 3585 3263 3645 3315; x_wconf 89' lang='lat' dir='ltr'>in</span> <span class='ocrx_word' id='word_1_357' title='bbox 3675 3262 3920 3333; x_wconf 87' lang='lat' dir='ltr'>virgini-</span> 
     </span>
    </p>
   </div>
   <div class='ocr_carea' id='block_1_57' title="bbox 2228 3348 2776 3413">
    <p class='ocr_par' dir='ltr' id='par_1_57' title="bbox 2228 3348 2776 3413">
     <span class='ocr_line' id='line_1_58' title="bbox 2228 3348 2776 3413; baseline 0.004 -17"><span class='ocrx_word' id='word_1_358' title='bbox 2228 3348 2340 3397; x_wconf 90' lang='lat' dir='ltr'>tate</span> <span class='ocrx_word' id='word_1_359' title='bbox 2381 3351 2776 3413; x_wconf 89' lang='lat' dir='ltr'>permaneant.</span> 
     </span>
    </p>
   </div>
   <div class='ocr_carea' id='block_1_58' title="bbox 2296 3433 3724 3506">
    <p class='ocr_par' dir='ltr' id='par_1_58' title="bbox 2296 3433 3724 3506">
     <span class='ocr_line' id='line_1_59' title="bbox 2296 3433 3724 3506; baseline 0.005 -20"><span class='ocrx_word' id='word_1_360' title='bbox 2296 3433 2424 3486; x_wconf 77' lang='lat' dir='ltr'>CAP.</span> <span class='ocrx_word' id='word_1_361' title='bbox 2460 3434 2547 3486; x_wconf 89' lang='lat' dir='ltr'>VI.</span> <span class='ocrx_word' id='word_1_362' title='bbox 2579 3463 2645 3471; x_wconf 90' lang='lat'>—-</span> <span class='ocrx_word' id='word_1_363' title='bbox 2672 3435 2738 3486; x_wconf 84' lang='lat' dir='ltr'>Ut</span> <span class='ocrx_word' id='word_1_364' title='bbox 2765 3434 2969 3487; x_wconf 87' lang='lat' dir='ltr'>nullum</span> <span class='ocrx_word' id='word_1_365' title='bbox 3001 3435 3312 3504; x_wconf 88' lang='lat' dir='ltr'>conjugium</span> <span class='ocrx_word' id='word_1_366' title='bbox 3333 3439 3448 3490; x_wconf 85' lang='lat' dir='ltr'>sine</span> <span class='ocrx_word' id='word_1_367' title='bbox 3470 3437 3589 3492; x_wconf 88' lang='lat' dir='ltr'>dote</span> <span class='ocrx_word' id='word_1_368' title='bbox 3605 3441 3724 3506; x_wconf 80' lang='lat' dir='ltr'>ﬁat.</span> 
     </span>
    </p>
   </div>
   <div class='ocr_carea' id='block_1_59' title="bbox 2293 3521 3916 3593">
    <p class='ocr_par' dir='ltr' id='par_1_59' title="bbox 2293 3521 3916 3593">
     <span class='ocr_line' id='line_1_60' title="bbox 2293 3521 3916 3593; baseline 0.006 -19"><span class='ocrx_word' id='word_1_369' title='bbox 2293 3521 2401 3591; x_wconf 77' lang='lat' dir='ltr'>(Ea:</span> <span class='ocrx_word' id='word_1_370' title='bbox 2431 3523 2650 3575; x_wconf 83' lang='lat' dir='ltr'>concilio</span> <span class='ocrx_word' id='word_1_371' title='bbox 2685 3524 3011 3582; x_wconf 82' lang='lat' dir='ltr'>Arelatensi.</span> <span class='ocrx_word' id='word_1_372' title='bbox 3045 3529 3222 3592; x_wconf 80' lang='lat' dir='ltr'>capite</span> <span class='ocrx_word' id='word_1_373' title='bbox 3242 3525 3319 3593; x_wconf 89' lang='lat'>6.)</span> <span class='ocrx_word' id='word_1_374' title='bbox 3363 3525 3592 3579; x_wconf 82' lang='lat' dir='ltr'>Nullum</span> <span class='ocrx_word' id='word_1_375' title='bbox 3625 3528 3750 3580; x_wconf 89' lang='lat' dir='ltr'>sine</span> <span class='ocrx_word' id='word_1_376' title='bbox 3786 3529 3916 3583; x_wconf 80' lang='lat' dir='ltr'>dote</span> 
     </span>
    </p>
   </div>
   <div class='ocr_carea' id='block_1_60' title="bbox 2222 3608 3914 3681">
    <p class='ocr_par' dir='ltr' id='par_1_60' title="bbox 2222 3608 3914 3681">
     <span class='ocr_line' id='line_1_61' title="bbox 2222 3608 3914 3681; baseline 0.006 -20"><span class='ocrx_word' id='word_1_377' title='bbox 2222 3608 2320 3662; x_wconf 85' lang='lat' dir='ltr'>fiat</span> <span class='ocrx_word' id='word_1_378' title='bbox 2376 3610 2733 3679; x_wconf 85' lang='lat' dir='ltr'>conjugium,</span> <span class='ocrx_word' id='word_1_379' title='bbox 2777 3611 2944 3679; x_wconf 86' lang='lat' dir='ltr'>juxta</span> <span class='ocrx_word' id='word_1_380' title='bbox 2998 3612 3435 3681; x_wconf 89' lang='lat' dir='ltr'>possibilitatem</span> <span class='ocrx_word' id='word_1_381' title='bbox 3489 3614 3588 3667; x_wconf 84' lang='lat' dir='ltr'>ﬁat</span> <span class='ocrx_word' id='word_1_382' title='bbox 3632 3615 3758 3680; x_wconf 91' lang='lat' dir='ltr'>dos,</span> <span class='ocrx_word' id='word_1_383' title='bbox 3813 3633 3914 3670; x_wconf 82' lang='lat' dir='ltr'>nec</span> 
     </span>
    </p>
   </div>
   <div class='ocr_carea' id='block_1_61' title="bbox 2222 3697 3912 3770">
    <p class='ocr_par' dir='ltr' id='par_1_61' title="bbox 2222 3697 3912 3770">
     <span class='ocr_line' id='line_1_62' title="bbox 2222 3697 3912 3770; baseline 0.006 -21"><span class='ocrx_word' id='word_1_384' title='bbox 2222 3697 2343 3750; x_wconf 89' lang='lat' dir='ltr'>sine</span> <span class='ocrx_word' id='word_1_385' title='bbox 2388 3698 2630 3768; x_wconf 89' lang='lat' dir='ltr'>publicis</span> <span class='ocrx_word' id='word_1_386' title='bbox 2673 3699 2890 3768; x_wconf 89' lang='lat' dir='ltr'>nuptiis</span> <span class='ocrx_word' id='word_1_387' title='bbox 2931 3701 3235 3770; x_wconf 83' lang='lat' dir='ltr'>quisquam</span> <span class='ocrx_word' id='word_1_388' title='bbox 3276 3702 3494 3756; x_wconf 87' lang='lat' dir='ltr'>nubere</span> <span class='ocrx_word' id='word_1_389' title='bbox 3532 3703 3618 3756; x_wconf 90' lang='lat' dir='ltr'>vel</span> <span class='ocrx_word' id='word_1_390' title='bbox 3675 3720 3912 3760; x_wconf 84' lang='lat' dir='ltr'>uxorem</span> 
     </span>
    </p>
   </div>
   <div class='ocr_carea' id='block_1_62' title="bbox 2221 3786 2788 3855">
    <p class='ocr_par' dir='ltr' id='par_1_62' title="bbox 2221 3786 2788 3855">
     <span class='ocr_line' id='line_1_63' title="bbox 2221 3786 2788 3855; baseline 0.005 -17"><span class='ocrx_word' id='word_1_391' title='bbox 2221 3786 2427 3838; x_wconf 88' lang='lat' dir='ltr'>ducere</span> <span class='ocrx_word' id='word_1_392' title='bbox 2459 3792 2788 3855; x_wconf 79' lang='lat' dir='ltr'>praesumat.</span> 
     </span>
    </p>
   </div>
   <div class='ocr_carea' id='block_1_63' title="bbox 2220 3875 3908 3949">
    <p class='ocr_par' dir='ltr' id='par_1_63' title="bbox 2220 3875 3908 3949">
     <span class='ocr_line' id='line_1_64' title="bbox 2220 3875 3908 3949; baseline 0.004 -19"><span class='ocrx_word' id='word_1_393' title='bbox 2220 3876 2346 3930; x_wconf 78' lang='lat' dir='ltr'>CAP.</span> <span class='ocrx_word' id='word_1_394' title='bbox 2375 3875 2488 3930; x_wconf 87' lang='lat' dir='ltr'>VII.</span> <span class='ocrx_word' id='word_1_395' title='bbox 2524 3905 2598 3917; x_wconf 93' lang='lat'><em>—</em></span> <span class='ocrx_word' id='word_1_396' title='bbox 2629 3877 2694 3930; x_wconf 88' lang='lat' dir='ltr'>Ut</span> <span class='ocrx_word' id='word_1_397' title='bbox 2723 3890 2949 3949; x_wconf 84' lang='lat' dir='ltr'>sponsus</span> <span class='ocrx_word' id='word_1_398' title='bbox 2978 3882 3027 3931; x_wconf 91' lang='lat' dir='ltr'>et</span> <span class='ocrx_word' id='word_1_399' title='bbox 3047 3893 3243 3946; x_wconf 84' lang='lat' dir='ltr'>sponsa</span> <span class='ocrx_word' id='word_1_400' title='bbox 3269 3883 3397 3933; x_wconf 87' lang='lat' dir='ltr'>ante</span> <span class='ocrx_word' id='word_1_401' title='bbox 3417 3882 3638 3949; x_wconf 80' lang='lat' dir='ltr'>nuptias</span> <span class='ocrx_word' id='word_1_402' title='bbox 3667 3896 3703 3934; x_wconf 88' lang='lat' dir='ltr'>a</span> <span class='ocrx_word' id='word_1_403' title='bbox 3731 3896 3908 3938; x_wconf 83' lang='lat' dir='ltr'>sacer-</span> 
     </span>
    </p>
   </div>
   <div class='ocr_carea' id='block_1_64' title="bbox 2783 3947 3336 4003">
    <p class='ocr_par' dir='ltr' id='par_1_64' title="bbox 2783 3947 3336 4003">
     <span class='ocr_line' id='line_1_65' title="bbox 2783 3947 3336 4003; baseline 0.005 -3"><span class='ocrx_word' id='word_1_404' title='bbox 2783 3947 2905 4002; x_wconf 84' lang='lat' dir='ltr'>dote</span> <span class='ocrx_word' id='word_1_405' title='bbox 2935 3949 3336 4003; x_wconf 81' lang='lat' dir='ltr'>benedicuntur.</span> 
     </span>
    </p>
   </div>
   <div class='ocr_carea' id='block_1_65' title="bbox 2285 4033 3904 4110">
    <p class='ocr_par' dir='ltr' id='par_1_65' title="bbox 2285 4033 3904 4110">
     <span class='ocr_line' id='line_1_66' title="bbox 2285 4033 3904 4110; baseline 0.006 -23"><span class='ocrx_word' id='word_1_406' title='bbox 2285 4033 2396 4102; x_wconf 77' lang='lat' dir='ltr'>(Ea:</span> <span class='ocrx_word' id='word_1_407' title='bbox 2425 4034 2568 4089; x_wconf 85' lang='lat' dir='ltr'>decr.</span> <span class='ocrx_word' id='word_1_408' title='bbox 2614 4035 2852 4090; x_wconf 88' lang='lat' dir='ltr'>Sotheris</span> <span class='ocrx_word' id='word_1_409' title='bbox 2891 4053 3066 4106; x_wconf 72' lang='lat' dir='ltr'>papae,</span> <span class='ocrx_word' id='word_1_410' title='bbox 3117 4041 3294 4106; x_wconf 84' lang='lat' dir='ltr'>capite</span> <span class='ocrx_word' id='word_1_411' title='bbox 3343 4037 3418 4107; x_wconf 83' lang='lat'>5.)</span> <span class='ocrx_word' id='word_1_412' title='bbox 3457 4039 3527 4094; x_wconf 91' lang='lat' dir='ltr'>Ut</span> <span class='ocrx_word' id='word_1_413' title='bbox 3553 4055 3801 4110; x_wconf 89' lang='lat' dir='ltr'>sponsus</span> <span class='ocrx_word' id='word_1_414' title='bbox 3854 4061 3904 4097; x_wconf 67' lang='lat' dir='ltr'>at</span> 
     </span>
    </p>
   </div>
   <div class='ocr_carea' id='block_1_66' title="bbox 2214 4125 3902 4194">
    <p class='ocr_par' dir='ltr' id='par_1_66' title="bbox 2214 4125 3902 4194">
     <span class='ocr_line' id='line_1_67' title="bbox 2214 4125 3902 4194; baseline 0.006 -20"><span class='ocrx_word' id='word_1_415' title='bbox 2214 4139 2421 4191; x_wconf 88' lang='lat' dir='ltr'>sponsa</span> <span class='ocrx_word' id='word_1_416' title='bbox 2485 4140 2613 4178; x_wconf 90' lang='lat' dir='ltr'>cum</span> <span class='ocrx_word' id='word_1_417' title='bbox 2654 4125 2916 4194; x_wconf 90' lang='lat' dir='ltr'>precibus</span> <span class='ocrx_word' id='word_1_418' title='bbox 2982 4131 3039 4179; x_wconf 92' lang='lat' dir='ltr'>et</span> <span class='ocrx_word' id='word_1_419' title='bbox 3083 4125 3471 4180; x_wconf 88' lang='lat' dir='ltr'>oblationibus</span> <span class='ocrx_word' id='word_1_420' title='bbox 3531 4144 3562 4181; x_wconf 94' lang='lat' dir='ltr'>a</span> <span class='ocrx_word' id='word_1_421' title='bbox 3610 4131 3902 4185; x_wconf 66' lang='lat' dir='ltr'>sacerdoti</span> 
     </span>
    </p>
   </div>
   <div class='ocr_carea' id='block_1_67' title="bbox 412 4210 3900 4303">
    <p class='ocr_par' dir='ltr' id='par_1_67' title="bbox 412 4210 3900 4303">
     <span class='ocr_line' id='line_1_68' title="bbox 412 4210 3900 4303; baseline 0.001 -35"><span class='ocrx_word' id='word_1_422' title='bbox 412 4220 540 4280; x_wconf 89' lang='lat' dir='ltr'>tur;</span> <span class='ocrx_word' id='word_1_423' title='bbox 591 4215 724 4284; x_wconf 89' lang='lat' dir='ltr'>quia</span> <span class='ocrx_word' id='word_1_424' title='bbox 774 4219 1009 4283; x_wconf 90' lang='lat' dir='ltr'>paterno</span> <span class='ocrx_word' id='word_1_425' title='bbox 1075 4212 1308 4264; x_wconf 86' lang='lat' dir='ltr'>arbitrio</span> <span class='ocrx_word' id='word_1_426' title='bbox 1367 4211 1499 4263; x_wconf 90' lang='lat' dir='ltr'>viris</span> <span class='ocrx_word' id='word_1_427' title='bbox 1549 4212 1866 4278; x_wconf 57' lang='lat' dir='ltr'>conjunctae</span> <span class='ocrx_word' id='word_1_428' title='bbox 1909 4216 2104 4264; x_wconf 89' lang='lat' dir='ltr'>carent</span> <span class='ocrx_word' id='word_1_429' title='bbox 2133 4249 2174 4303; x_wconf 65' lang='grc' dir='ltr'>Ο</span> <span class='ocrx_word' id='word_1_430' title='bbox 2214 4210 2645 4278; x_wconf 80' lang='lat' dir='ltr'>benedicentur,</span> <span class='ocrx_word' id='word_1_431' title='bbox 2677 4217 2734 4265; x_wconf 89' lang='lat' dir='ltr'>et</span> <span class='ocrx_word' id='word_1_432' title='bbox 2762 4212 2981 4283; x_wconf 82' lang='lat' dir='ltr'>legibus</span> <span class='ocrx_word' id='word_1_433' title='bbox 3033 4220 3332 4283; x_wconf 90' lang='lat' dir='ltr'>sponsetur</span> <span class='ocrx_word' id='word_1_434' title='bbox 3374 4231 3438 4269; x_wconf 89' lang='lat' dir='ltr'>ac</span> <span class='ocrx_word' id='word_1_435' title='bbox 3480 4216 3750 4284; x_wconf 90' lang='lat' dir='ltr'>donetur,</span> <span class='ocrx_word' id='word_1_436' title='bbox 3794 4226 3900 4274; x_wconf 59' lang='lat' dir='ltr'>et:</span> 
     </span>
    </p>
   </div>
   <div class='ocr_carea' id='block_1_68' title="bbox 411 4297 2100 4371">
    <p class='ocr_par' dir='ltr' id='par_1_68' title="bbox 411 4297 2100 4371">
     <span class='ocr_line' id='line_1_69' title="bbox 411 4297 2100 4371; baseline -0.002 -16"><span class='ocrx_word' id='word_1_437' title='bbox 411 4304 597 4371; x_wconf 88' lang='lat' dir='ltr'>culpa,</span> <span class='ocrx_word' id='word_1_438' title='bbox 633 4302 678 4354; x_wconf 92' lang='lat' dir='ltr'>si</span> <span class='ocrx_word' id='word_1_439' title='bbox 710 4301 978 4354; x_wconf 85' lang='lat' dir='ltr'>mulieres</span> <span class='ocrx_word' id='word_1_440' title='bbox 1019 4315 1145 4370; x_wconf 62' lang='lat' dir='ltr'>qua:</span> <span class='ocrx_word' id='word_1_441' title='bbox 1179 4315 1209 4352; x_wconf 86' lang='lat' dir='ltr'>a</span> <span class='ocrx_word' id='word_1_442' title='bbox 1236 4299 1370 4352; x_wconf 89' lang='lat' dir='ltr'>viris</span> <span class='ocrx_word' id='word_1_443' title='bbox 1417 4298 1777 4352; x_wconf 85' lang='lat' dir='ltr'>habebantur</span> <span class='ocrx_word' id='word_1_444' title='bbox 1805 4297 1865 4350; x_wconf 89' lang='lat' dir='ltr'>in</span> <span class='ocrx_word' id='word_1_445' title='bbox 1898 4299 2100 4351; x_wconf 88' lang='lat' dir='ltr'>matri-</span> 
     </span>
    </p>
   </div>
   <div class='ocr_carea' id='block_1_69' title="bbox 410 4385 2100 4458">
    <p class='ocr_par' dir='ltr' id='par_1_69' title="bbox 410 4385 2100 4458">
     <span class='ocr_line' id='line_1_70' title="bbox 410 4385 2100 4458; baseline -0.002 -15"><span class='ocrx_word' id='word_1_446' title='bbox 410 4390 608 4444; x_wconf 90' lang='lat' dir='ltr'>monio</span> <span class='ocrx_word' id='word_1_447' title='bbox 643 4406 757 4442; x_wconf 89' lang='lat' dir='ltr'>non</span> <span class='ocrx_word' id='word_1_448' title='bbox 787 4390 1035 4454; x_wconf 86' lang='lat' dir='ltr'>fuerunt,</span> <span class='ocrx_word' id='word_1_449' title='bbox 1069 4388 1203 4458; x_wconf 87' lang='lat' dir='ltr'>quia</span> <span class='ocrx_word' id='word_1_450' title='bbox 1242 4387 1395 4442; x_wconf 91' lang='lat' dir='ltr'>aliud</span> <span class='ocrx_word' id='word_1_451' title='bbox 1429 4393 1514 4440; x_wconf 89' lang='lat' dir='ltr'>est</span> <span class='ocrx_word' id='word_1_452' title='bbox 1547 4392 1746 4455; x_wconf 87' lang='lat' dir='ltr'>nupta,</span> <span class='ocrx_word' id='word_1_453' title='bbox 1783 4385 1937 4440; x_wconf 88' lang='lat' dir='ltr'>aliud</span> <span class='ocrx_word' id='word_1_454' title='bbox 1970 4403 2100 4440; x_wconf 91' lang='lat' dir='ltr'>con-</span> 
     </span>
    </p>
   </div>
   <div class='ocr_carea' id='block_1_70' title="bbox 410 4479 635 4532">
    <p class='ocr_par' dir='ltr' id='par_1_70' title="bbox 410 4479 635 4532">
     <span class='ocr_line' id='line_1_71' title="bbox 410 4479 635 4532; baseline 0 0"><span class='ocrx_word' id='word_1_455' title='bbox 410 4479 635 4532; x_wconf 87' lang='lat' dir='ltr'>cubina.</span> 
     </span>
    </p>
   </div>
   <div class='ocr_carea' id='block_1_71' title="bbox 567 4560 1924 4631">
    <p class='ocr_par' dir='ltr' id='par_1_71' title="bbox 567 4560 1924 4631">
     <span class='ocr_line' id='line_1_72' title="bbox 567 4560 1924 4631; baseline -0.004 -11"><span class='ocrx_word' id='word_1_456' title='bbox 567 4569 693 4620; x_wconf 75' lang='lat' dir='ltr'>CAP.</span> <span class='ocrx_word' id='word_1_457' title='bbox 727 4567 797 4620; x_wconf 89' lang='lat' dir='ltr'>II.</span> <span class='ocrx_word' id='word_1_458' title='bbox 831 4595 899 4604; x_wconf 88' lang='lat'>-—</span> <span class='ocrx_word' id='word_1_459' title='bbox 929 4566 1118 4631; x_wconf 84' lang='lat' dir='ltr'>Qualis</span> <span class='ocrx_word' id='word_1_460' title='bbox 1140 4579 1279 4618; x_wconf 74' lang='lat' dir='ltr'>umor</span> <span class='ocrx_word' id='word_1_461' title='bbox 1301 4564 1545 4628; x_wconf 81' lang='lat' dir='ltr'>legitima</span> <span class='ocrx_word' id='word_1_462' title='bbox 1583 4576 1694 4615; x_wconf 89' lang='lat' dir='ltr'>esse</span> <span class='ocrx_word' id='word_1_463' title='bbox 1716 4560 1924 4615; x_wconf 88' lang='lat' dir='ltr'>debeat.</span> 
     </span>
    </p>
   </div>
   <div class='ocr_carea' id='block_1_72' title="bbox 474 4647 2096 4723">
    <p class='ocr_par' dir='ltr' id='par_1_72' title="bbox 474 4647 2096 4723">
     <span class='ocr_line' id='line_1_73' title="bbox 474 4647 2096 4723; baseline -0.003 -15"><span class='ocrx_word' id='word_1_464' title='bbox 474 4655 596 4721; x_wconf 75' lang='lat' dir='ltr'>(Ea:</span> <span class='ocrx_word' id='word_1_465' title='bbox 633 4655 858 4723; x_wconf 82' lang='lat' dir='ltr'>epistola</span> <span class='ocrx_word' id='word_1_466' title='bbox 905 4655 1095 4708; x_wconf 87' lang='lat' dir='ltr'>Leonis</span> <span class='ocrx_word' id='word_1_467' title='bbox 1126 4657 1328 4720; x_wconf 54' lang='lat' dir='ltr'>papa.)</span> <span class='ocrx_word' id='word_1_468' title='bbox 1349 4647 1541 4714; x_wconf 88' lang='lat' dir='ltr'>Qualis</span> <span class='ocrx_word' id='word_1_469' title='bbox 1571 4665 1692 4702; x_wconf 83' lang='lat' dir='ltr'>esse</span> <span class='ocrx_word' id='word_1_470' title='bbox 1723 4649 1923 4702; x_wconf 90' lang='lat' dir='ltr'>debeat</span> <span class='ocrx_word' id='word_1_471' title='bbox 1954 4665 2096 4703; x_wconf 86' lang='lat' dir='ltr'>uxor</span> 
     </span>
    </p>
   </div>
   <div class='ocr_carea' id='block_1_73' title="bbox 405 4736 2094 4811">
    <p class='ocr_par' dir='ltr' id='par_1_73' title="bbox 405 4736 2094 4811">
     <span class='ocr_line' id='line_1_74' title="bbox 405 4736 2094 4811; baseline -0.002 -17"><span class='ocrx_word' id='word_1_472' title='bbox 405 4758 534 4811; x_wconf 72' lang='lat' dir='ltr'>qum</span> <span class='ocrx_word' id='word_1_473' title='bbox 566 4742 828 4796; x_wconf 87' lang='lat' dir='ltr'>habenda</span> <span class='ocrx_word' id='word_1_474' title='bbox 871 4747 957 4794; x_wconf 89' lang='lat' dir='ltr'>est</span> <span class='ocrx_word' id='word_1_475' title='bbox 1003 4739 1316 4793; x_wconf 91' lang='lat' dir='ltr'>secundum</span> <span class='ocrx_word' id='word_1_476' title='bbox 1369 4739 1599 4808; x_wconf 83' lang='lat' dir='ltr'>legem:</span> <span class='ocrx_word' id='word_1_477' title='bbox 1647 4736 1806 4807; x_wconf 86' lang='lat' dir='ltr'>virgo</span> <span class='ocrx_word' id='word_1_478' title='bbox 1855 4742 2005 4789; x_wconf 89' lang='lat' dir='ltr'>casta</span> <span class='ocrx_word' id='word_1_479' title='bbox 2039 4741 2094 4790; x_wconf 90' lang='lat' dir='ltr'>et</span> 
     </span>
    </p>
   </div>
   <div class='ocr_carea' id='block_1_74' title="bbox 399 4817 2088 4900">
    <p class='ocr_par' dir='ltr' id='par_1_74' title="bbox 399 4817 2088 4900">
     <span class='ocr_line' id='line_1_75' title="bbox 399 4817 2088 4900; baseline -0.002 -16"><span class='ocrx_word' id='word_1_480' title='bbox 399 4817 736 4900; x_wconf 85' lang='lat' dir='ltr'>desponsata</span> <span class='ocrx_word' id='word_1_481' title='bbox 782 4829 842 4882; x_wconf 89' lang='lat' dir='ltr'>in</span> <span class='ocrx_word' id='word_1_482' title='bbox 887 4827 1233 4898; x_wconf 79' lang='lat' dir='ltr'>virginitate,</span> <span class='ocrx_word' id='word_1_483' title='bbox 1283 4829 1339 4879; x_wconf 91' lang='lat' dir='ltr'>et</span> <span class='ocrx_word' id='word_1_484' title='bbox 1385 4827 1573 4879; x_wconf 86' lang='lat' dir='ltr'>dotata</span> <span class='ocrx_word' id='word_1_485' title='bbox 1627 4826 1900 4894; x_wconf 83' lang='lat' dir='ltr'>legitime,</span> <span class='ocrx_word' id='word_1_486' title='bbox 1954 4829 2008 4878; x_wconf 92' lang='lat' dir='ltr'>et</span> <span class='ocrx_word' id='word_1_487' title='bbox 2059 4844 2088 4880; x_wconf 91' lang='lat' dir='ltr'>a</span> 
     </span>
    </p>
   </div>
   <div class='ocr_carea' id='block_1_75' title="bbox 395 4915 2086 4989">
    <p class='ocr_par' dir='ltr' id='par_1_75' title="bbox 395 4915 2086 4989">
     <span class='ocr_line' id='line_1_76' title="bbox 395 4915 2086 4989; baseline -0.003 -16"><span class='ocrx_word' id='word_1_488' title='bbox 395 4921 730 4989; x_wconf 90' lang='lat' dir='ltr'>parentibus</span> <span class='ocrx_word' id='word_1_489' title='bbox 779 4919 1004 4984; x_wconf 74' lang='lat' dir='ltr'>tradita,</span> <span class='ocrx_word' id='word_1_490' title='bbox 1058 4922 1113 4970; x_wconf 90' lang='lat' dir='ltr'>et</span> <span class='ocrx_word' id='word_1_491' title='bbox 1164 4934 1194 4970; x_wconf 88' lang='lat' dir='ltr'>a</span> <span class='ocrx_word' id='word_1_492' title='bbox 1247 4932 1457 4985; x_wconf 89' lang='lat' dir='ltr'>sponso</span> <span class='ocrx_word' id='word_1_493' title='bbox 1504 4920 1559 4969; x_wconf 91' lang='lat' dir='ltr'>et</span> <span class='ocrx_word' id='word_1_494' title='bbox 1597 4932 1626 4968; x_wconf 89' lang='lat' dir='ltr'>a</span> <span class='ocrx_word' id='word_1_495' title='bbox 1677 4915 2086 4985; x_wconf 81' lang='lat' dir='ltr'>paranymphis</span> 
     </span>
    </p>
   </div>
   <div class='ocr_carea' id='block_1_76' title="bbox 397 5003 2082 5078">
    <p class='ocr_par' dir='ltr' id='par_1_76' title="bbox 397 5003 2082 5078">
     <span class='ocr_line' id='line_1_77' title="bbox 397 5003 2082 5078; baseline -0.002 -18"><span class='ocrx_word' id='word_1_496' title='bbox 397 5009 741 5078; x_wconf 89' lang='lat' dir='ltr'>accipienda,</span> <span class='ocrx_word' id='word_1_497' title='bbox 785 5012 841 5060; x_wconf 91' lang='lat' dir='ltr'>et</span> <span class='ocrx_word' id='word_1_498' title='bbox 870 5007 950 5060; x_wconf 89' lang='lat' dir='ltr'>ita</span> <span class='ocrx_word' id='word_1_499' title='bbox 1006 5004 1320 5058; x_wconf 88' lang='lat' dir='ltr'>secundum</span> <span class='ocrx_word' id='word_1_500' title='bbox 1377 5004 1560 5073; x_wconf 82' lang='lat' dir='ltr'>legem</span> <span class='ocrx_word' id='word_1_501' title='bbox 1613 5008 1669 5056; x_wconf 91' lang='lat' dir='ltr'>et</span> <span class='ocrx_word' id='word_1_502' title='bbox 1712 5003 2082 5072; x_wconf 84' lang='lat' dir='ltr'>Evangelium</span> 
     </span>
    </p>
   </div>
   <div class='ocr_carea' id='block_1_77' title="bbox 390 5091 2080 5168">
    <p class='ocr_par' dir='ltr' id='par_1_77' title="bbox 390 5091 2080 5168">
     <span class='ocr_line' id='line_1_78' title="bbox 390 5091 2080 5168; baseline -0.004 -17"><span class='ocrx_word' id='word_1_503' title='bbox 390 5098 631 5168; x_wconf 88' lang='lat' dir='ltr'>publicis</span> <span class='ocrx_word' id='word_1_504' title='bbox 685 5095 899 5166; x_wconf 89' lang='lat' dir='ltr'>nuptiis</span> <span class='ocrx_word' id='word_1_505' title='bbox 958 5095 1195 5149; x_wconf 88' lang='lat' dir='ltr'>honeste</span> <span class='ocrx_word' id='word_1_506' title='bbox 1243 5093 1303 5144; x_wconf 89' lang='lat' dir='ltr'>in</span> <span class='ocrx_word' id='word_1_507' title='bbox 1347 5092 1678 5162; x_wconf 86' lang='lat' dir='ltr'>conjugium</span> <span class='ocrx_word' id='word_1_508' title='bbox 1725 5091 1937 5162; x_wconf 89' lang='lat' dir='ltr'>liquide</span> <span class='ocrx_word' id='word_1_509' title='bbox 1987 5108 2080 5144; x_wconf 90' lang='lat' dir='ltr'>su-</span> 
     </span>
    </p>
   </div>
   <div class='ocr_carea' id='block_1_78' title="bbox 390 5180 2082 5240">
    <p class='ocr_par' dir='ltr' id='par_1_78' title="bbox 390 5180 2082 5240">
     <span class='ocr_line' id='line_1_79' title="bbox 390 5180 2082 5240; baseline -0.004 0"><span class='ocrx_word' id='word_1_510' title='bbox 390 5187 598 5240; x_wconf 89' lang='lat' dir='ltr'>menda</span> <span class='ocrx_word' id='word_1_511' title='bbox 633 5202 645 5239; x_wconf 87' lang='lat'><strong>:</strong></span> <span class='ocrx_word' id='word_1_512' title='bbox 681 5191 737 5239; x_wconf 92' lang='lat' dir='ltr'>et</span> <span class='ocrx_word' id='word_1_513' title='bbox 763 5185 1030 5239; x_wconf 90' lang='lat' dir='ltr'>omnibus</span> <span class='ocrx_word' id='word_1_514' title='bbox 1061 5182 1261 5236; x_wconf 87' lang='lat' dir='ltr'>diebus</span> <span class='ocrx_word' id='word_1_515' title='bbox 1302 5180 1432 5234; x_wconf 73' lang='lat' dir='ltr'>vitae</span> <span class='ocrx_word' id='word_1_516' title='bbox 1473 5181 1580 5233; x_wconf 89' lang='lat' dir='ltr'>nisi</span> <span class='ocrx_word' id='word_1_517' title='bbox 1616 5197 1679 5234; x_wconf 85' lang='lat' dir='ltr'>ex</span> <span class='ocrx_word' id='word_1_518' title='bbox 1713 5197 1990 5234; x_wconf 91' lang='lat' dir='ltr'>consensu</span> <span class='ocrx_word' id='word_1_519' title='bbox 2024 5185 2082 5234; x_wconf 88' lang='lat' dir='ltr'>et</span> 
     </span>
    </p>
   </div>
   <div class='ocr_carea' id='block_1_79' title="bbox 382 5269 2077 5340">
    <p class='ocr_par' dir='ltr' id='par_1_79' title="bbox 382 5269 2077 5340">
     <span class='ocr_line' id='line_1_80' title="bbox 382 5269 2077 5340; baseline -0.005 -12"><span class='ocrx_word' id='word_1_520' title='bbox 382 5291 552 5329; x_wconf 90' lang='lat' dir='ltr'>causa</span> <span class='ocrx_word' id='word_1_521' title='bbox 584 5274 819 5329; x_wconf 87' lang='lat' dir='ltr'>vacandi</span> <span class='ocrx_word' id='word_1_522' title='bbox 853 5274 965 5326; x_wconf 89' lang='lat' dir='ltr'>Deo</span> <span class='ocrx_word' id='word_1_523' title='bbox 1022 5285 1318 5340; x_wconf 90' lang='lat' dir='ltr'>nunquam</span> <span class='ocrx_word' id='word_1_524' title='bbox 1366 5275 1600 5339; x_wconf 88' lang='lat' dir='ltr'>propter</span> <span class='ocrx_word' id='word_1_525' title='bbox 1631 5269 1922 5322; x_wconf 90' lang='lat' dir='ltr'>hominem</span> <span class='ocrx_word' id='word_1_526' title='bbox 1982 5285 2077 5321; x_wconf 88' lang='lat' dir='ltr'>se-</span> 
     </span>
    </p>
   </div>
   <div class='ocr_carea' id='block_1_80' title="bbox 382 5357 2075 5433">
    <p class='ocr_par' dir='ltr' id='par_1_80' title="bbox 382 5357 2075 5433">
     <span class='ocr_line' id='line_1_81' title="bbox 382 5357 2075 5433; baseline -0.002 -18"><span class='ocrx_word' id='word_1_527' title='bbox 382 5364 654 5433; x_wconf 85' lang='lat' dir='ltr'>paranda,</span> <span class='ocrx_word' id='word_1_528' title='bbox 709 5367 765 5416; x_wconf 89' lang='lat' dir='ltr'>et</span> <span class='ocrx_word' id='word_1_529' title='bbox 803 5363 850 5414; x_wconf 91' lang='lat' dir='ltr'>si</span> <span class='ocrx_word' id='word_1_530' title='bbox 890 5361 1168 5414; x_wconf 87' lang='lat' dir='ltr'>fornicata</span> <span class='ocrx_word' id='word_1_531' title='bbox 1210 5358 1382 5411; x_wconf 83' lang='lat' dir='ltr'>fuerit</span> <span class='ocrx_word' id='word_1_532' title='bbox 1426 5358 1794 5423; x_wconf 89' lang='lat' dir='ltr'>dimittenda;</span> <span class='ocrx_word' id='word_1_533' title='bbox 1830 5357 1926 5411; x_wconf 91' lang='lat' dir='ltr'>sed</span> <span class='ocrx_word' id='word_1_534' title='bbox 1977 5357 2075 5411; x_wconf 89' lang='lat' dir='ltr'>illa</span> 
     </span>
    </p>
   </div>
   <div class='ocr_carea' id='block_1_81' title="bbox 379 5445 2070 5516">
    <p class='ocr_par' dir='ltr' id='par_1_81' title="bbox 379 5445 2070 5516">
     <span class='ocr_line' id='line_1_82' title="bbox 379 5445 2070 5516; baseline -0.001 -14"><span class='ocrx_word' id='word_1_535' title='bbox 379 5452 603 5506; x_wconf 84' lang='lat' dir='ltr'>vivente</span> <span class='ocrx_word' id='word_1_536' title='bbox 644 5453 820 5504; x_wconf 77' lang='lat' dir='ltr'>altero</span> <span class='ocrx_word' id='word_1_537' title='bbox 852 5465 964 5502; x_wconf 91' lang='lat' dir='ltr'>non</span> <span class='ocrx_word' id='word_1_538' title='bbox 1006 5447 1355 5506; x_wconf 86' lang='lat' dir='ltr'>deducenda,</span> <span class='ocrx_word' id='word_1_539' title='bbox 1386 5446 1520 5516; x_wconf 90' lang='lat' dir='ltr'>quia</span> <span class='ocrx_word' id='word_1_540' title='bbox 1550 5445 1793 5499; x_wconf 87' lang='lat' dir='ltr'>adulteri</span> <span class='ocrx_word' id='word_1_541' title='bbox 1827 5461 2070 5516; x_wconf 81' lang='lat' dir='ltr'>regnum</span> 
     </span>
    </p>
   </div>
   <div class='ocr_carea' id='block_1_82' title="bbox 376 5535 2069 5617">
    <p class='ocr_par' dir='ltr' id='par_1_82' title="bbox 376 5535 2069 5617">
     <span class='ocr_line' id='line_1_83' title="bbox 376 5535 2069 5617; baseline -0.004 -23"><span class='ocrx_word' id='word_1_542' title='bbox 376 5539 480 5617; x_wconf 70' lang='lat' dir='ltr'>Dei</span> <span class='ocrx_word' id='word_1_543' title='bbox 510 5558 624 5594; x_wconf 90' lang='lat' dir='ltr'>non</span> <span class='ocrx_word' id='word_1_544' title='bbox 648 5538 1039 5610; x_wconf 87' lang='lat' dir='ltr'>possidebunt,</span> <span class='ocrx_word' id='word_1_545' title='bbox 1073 5541 1130 5591; x_wconf 90' lang='lat' dir='ltr'>et</span> <span class='ocrx_word' id='word_1_546' title='bbox 1168 5535 1506 5607; x_wconf 79' lang='lat' dir='ltr'>pcenitentia</span> <span class='ocrx_word' id='word_1_547' title='bbox 1553 5535 1706 5590; x_wconf 90' lang='lat' dir='ltr'>illius</span> <span class='ocrx_word' id='word_1_548' title='bbox 1750 5551 1854 5605; x_wconf 91' lang='lat' dir='ltr'>per</span> <span class='ocrx_word' id='word_1_549' title='bbox 1893 5535 2069 5606; x_wconf 89' lang='lat' dir='ltr'>scrip-</span> 
     </span>
    </p>
   </div>
   <div class='ocr_carea' id='block_1_83' title="bbox 375 5627 954 5699">
    <p class='ocr_par' dir='ltr' id='par_1_83' title="bbox 375 5627 954 5699">
     <span class='ocr_line' id='line_1_84' title="bbox 375 5627 954 5699; baseline -0.002 -16"><span class='ocrx_word' id='word_1_550' title='bbox 375 5633 574 5699; x_wconf 85' lang='lat' dir='ltr'>pturas</span> <span class='ocrx_word' id='word_1_551' title='bbox 605 5627 954 5699; x_wconf 87' lang='lat' dir='ltr'>recipienda.</span> 
     </span>
    </p>
   </div>
   <div class='ocr_carea' id='block_1_84' title="bbox 2211 4301 3898 4379">
    <p class='ocr_par' dir='ltr' id='par_1_84' title="bbox 2211 4301 3898 4379">
     <span class='ocr_line' id='line_1_85' title="bbox 2211 4301 3898 4379; baseline 0.007 -27"><span class='ocrx_word' id='word_1_552' title='bbox 2211 4301 2620 4370; x_wconf 79' lang='lat' dir='ltr'>paranympbis</span> <span class='ocrx_word' id='word_1_553' title='bbox 2659 4303 3027 4366; x_wconf 88' lang='lat' dir='ltr'>custodiatur,</span> <span class='ocrx_word' id='word_1_554' title='bbox 3085 4307 3141 4357; x_wconf 92' lang='lat' dir='ltr'>et</span> <span class='ocrx_word' id='word_1_555' title='bbox 3178 4303 3402 4374; x_wconf 87' lang='lat' dir='ltr'>publice</span> <span class='ocrx_word' id='word_1_556' title='bbox 3455 4305 3898 4379; x_wconf 70' lang='lat' dir='ltr'>solemniterqut</span> 
     </span>
    </p>
   </div>
   <div class='ocr_carea' id='block_1_85' title="bbox 2210 4387 3895 4457">
    <p class='ocr_par' dir='ltr' id='par_1_85' title="bbox 2210 4387 3895 4457">
     <span class='ocr_line' id='line_1_86' title="bbox 2210 4387 3895 4457; baseline 0.005 -16"><span class='ocrx_word' id='word_1_557' title='bbox 2210 4387 2534 4457; x_wconf 88' lang='lat' dir='ltr'>accipiatur.</span> <span class='ocrx_word' id='word_1_558' title='bbox 2598 4388 2778 4442; x_wconf 87' lang='lat' dir='ltr'>Biduo</span> <span class='ocrx_word' id='word_1_559' title='bbox 2843 4391 3014 4443; x_wconf 86' lang='lat' dir='ltr'>etiam</span> <span class='ocrx_word' id='word_1_560' title='bbox 3073 4407 3136 4444; x_wconf 92' lang='lat' dir='ltr'>ac</span> <span class='ocrx_word' id='word_1_561' title='bbox 3176 4391 3366 4446; x_wconf 89' lang='lat' dir='ltr'>triduo</span> <span class='ocrx_word' id='word_1_562' title='bbox 3433 4392 3765 4448; x_wconf 86' lang='lat' dir='ltr'>abstineant</span> <span class='ocrx_word' id='word_1_563' title='bbox 3825 4414 3895 4450; x_wconf 49' lang='lat' dir='ltr'>se.</span> 
     </span>
    </p>
   </div>
   <div class='ocr_carea' id='block_1_86' title="bbox 2213 4477 3894 4548">
    <p class='ocr_par' dir='ltr' id='par_1_86' title="bbox 2213 4477 3894 4548">
     <span class='ocr_line' id='line_1_87' title="bbox 2213 4477 3894 4548; baseline 0.005 -19"><span class='ocrx_word' id='word_1_564' title='bbox 2213 4480 2269 4530; x_wconf 87' lang='lat' dir='ltr'>et</span> <span class='ocrx_word' id='word_1_565' title='bbox 2297 4477 2629 4546; x_wconf 85' lang='lat' dir='ltr'>doceantur,</span> <span class='ocrx_word' id='word_1_566' title='bbox 2663 4481 2724 4531; x_wconf 87' lang='lat' dir='ltr'>ut</span> <span class='ocrx_word' id='word_1_567' title='bbox 2752 4479 3068 4532; x_wconf 89' lang='lat' dir='ltr'>castitatem</span> <span class='ocrx_word' id='word_1_568' title='bbox 3115 4479 3264 4532; x_wconf 89' lang='lat' dir='ltr'>inter</span> <span class='ocrx_word' id='word_1_569' title='bbox 3300 4496 3359 4534; x_wconf 91' lang='lat' dir='ltr'>se</span> <span class='ocrx_word' id='word_1_570' title='bbox 3407 4480 3753 4548; x_wconf 87' lang='lat' dir='ltr'>custodiant,</span> <span class='ocrx_word' id='word_1_571' title='bbox 3789 4501 3894 4538; x_wconf 89' lang='lat' dir='ltr'>cer-</span> 
     </span>
    </p>
   </div>
   <div class='ocr_carea' id='block_1_87' title="bbox 2205 4565 3894 4640">
    <p class='ocr_par' dir='ltr' id='par_1_87' title="bbox 2205 4565 3894 4640">
     <span class='ocr_line' id='line_1_88' title="bbox 2205 4565 3894 4640; baseline 0.004 -20"><span class='ocrx_word' id='word_1_572' title='bbox 2205 4565 2394 4636; x_wconf 86' lang='lat' dir='ltr'>tisque</span> <span class='ocrx_word' id='word_1_573' title='bbox 2427 4567 2781 4636; x_wconf 89' lang='lat' dir='ltr'>temporibus</span> <span class='ocrx_word' id='word_1_574' title='bbox 2815 4569 3056 4637; x_wconf 88' lang='lat' dir='ltr'>nubant,</span> <span class='ocrx_word' id='word_1_575' title='bbox 3101 4573 3163 4622; x_wconf 91' lang='lat' dir='ltr'>ut</span> <span class='ocrx_word' id='word_1_576' title='bbox 3202 4569 3348 4622; x_wconf 85' lang='lat' dir='ltr'>tilios</span> <span class='ocrx_word' id='word_1_577' title='bbox 3387 4585 3500 4623; x_wconf 91' lang='lat' dir='ltr'>non</span> <span class='ocrx_word' id='word_1_578' title='bbox 3534 4570 3765 4640; x_wconf 89' lang='lat' dir='ltr'>spurios</span> <span class='ocrx_word' id='word_1_579' title='bbox 3807 4574 3894 4628; x_wconf 79' lang='lat' dir='ltr'>sed</span> 
     </span>
    </p>
   </div>
   <div class='ocr_carea' id='block_1_88' title="bbox 2205 4654 3395 4725">
    <p class='ocr_par' dir='ltr' id='par_1_88' title="bbox 2205 4654 3395 4725">
     <span class='ocr_line' id='line_1_89' title="bbox 2205 4654 3395 4725; baseline 0 -16"><span class='ocrx_word' id='word_1_580' title='bbox 2205 4654 2600 4709; x_wconf 58' lang='lat' dir='ltr'>hereditarios</span> <span class='ocrx_word' id='word_1_581' title='bbox 2629 4656 2742 4710; x_wconf 91' lang='lat' dir='ltr'>Deo</span> <span class='ocrx_word' id='word_1_582' title='bbox 2772 4661 2828 4708; x_wconf 91' lang='lat' dir='ltr'>et</span> <span class='ocrx_word' id='word_1_583' title='bbox 2856 4656 3064 4709; x_wconf 74' lang='lat' dir='ltr'>saeculo</span> <span class='ocrx_word' id='word_1_584' title='bbox 3099 4665 3395 4725; x_wconf 86' lang='lat' dir='ltr'>generent.</span> 
     </span>
    </p>
   </div>
   <div class='ocr_carea' id='block_1_89' title="bbox 2532 4761 3553 4830">
    <p class='ocr_par' dir='ltr' id='par_1_89' title="bbox 2532 4761 3553 4830">
     <span class='ocr_line' id='line_1_90' title="bbox 2532 4761 3553 4830; baseline 0.002 -16"><span class='ocrx_word' id='word_1_585' title='bbox 2532 4761 2658 4814; x_wconf 80' lang='lat' dir='ltr'>CAP.</span> <span class='ocrx_word' id='word_1_586' title='bbox 2696 4762 2836 4814; x_wconf 85' lang='lat' dir='ltr'>VIII.</span> <span class='ocrx_word' id='word_1_587' title='bbox 2867 4792 2936 4800; x_wconf 90' lang='lat'><strong><em>—</em></strong></span> <span class='ocrx_word' id='word_1_588' title='bbox 2969 4763 3050 4815; x_wconf 88' lang='lat' dir='ltr'>De</span> <span class='ocrx_word' id='word_1_589' title='bbox 3077 4764 3254 4830; x_wconf 87' lang='lat' dir='ltr'>primo</span> <span class='ocrx_word' id='word_1_590' title='bbox 3285 4763 3553 4830; x_wconf 85' lang='lat' dir='ltr'>conjugio.</span> 
     </span>
    </p>
   </div>
   <div class='ocr_carea' id='block_1_90' title="bbox 2271 4847 3888 4924">
    <p class='ocr_par' dir='ltr' id='par_1_90' title="bbox 2271 4847 3888 4924">
     <span class='ocr_line' id='line_1_91' title="bbox 2271 4847 3888 4924; baseline 0.004 -22"><span class='ocrx_word' id='word_1_591' title='bbox 2271 4847 2388 4919; x_wconf 77' lang='lat' dir='ltr'>(Ea:</span> <span class='ocrx_word' id='word_1_592' title='bbox 2417 4851 2601 4904; x_wconf 88' lang='lat' dir='ltr'>concil.</span> <span class='ocrx_word' id='word_1_593' title='bbox 2635 4849 2948 4913; x_wconf 85' lang='lat' dir='ltr'>Mediolan.,</span> <span class='ocrx_word' id='word_1_594' title='bbox 2980 4866 3098 4919; x_wconf 87' lang='lat' dir='ltr'>cap.</span> <span class='ocrx_word' id='word_1_595' title='bbox 3137 4853 3167 4903; x_wconf 80' lang='grc'>2</span> <span class='ocrx_word' id='word_1_596' title='bbox 3200 4852 3216 4916; x_wconf 89' lang='grc'><strong>)</strong></span> <span class='ocrx_word' id='word_1_597' title='bbox 3280 4851 3342 4904; x_wconf 90' lang='lat' dir='ltr'>In</span> <span class='ocrx_word' id='word_1_598' title='bbox 3374 4850 3563 4918; x_wconf 90' lang='lat' dir='ltr'>primo</span> <span class='ocrx_word' id='word_1_599' title='bbox 3624 4853 3888 4924; x_wconf 83' lang='lat' dir='ltr'>conjugic</span> 
     </span>
    </p>
   </div>
   <div class='ocr_carea' id='block_1_91' title="bbox 2195 4935 3886 5006">
    <p class='ocr_par' dir='ltr' id='par_1_91' title="bbox 2195 4935 3886 5006">
     <span class='ocr_line' id='line_1_92' title="bbox 2195 4935 3886 5006; baseline 0.004 -17"><span class='ocrx_word' id='word_1_600' title='bbox 2195 4937 2364 4990; x_wconf 87' lang='lat' dir='ltr'>debet</span> <span class='ocrx_word' id='word_1_601' title='bbox 2412 4937 2711 5005; x_wconf 87' lang='lat' dir='ltr'>presbyter</span> <span class='ocrx_word' id='word_1_602' title='bbox 2769 4935 2995 4989; x_wconf 90' lang='lat' dir='ltr'>missam</span> <span class='ocrx_word' id='word_1_603' title='bbox 3045 4952 3213 5006; x_wconf 85' lang='lat' dir='ltr'>agere</span> <span class='ocrx_word' id='word_1_604' title='bbox 3269 4943 3325 4990; x_wconf 90' lang='lat' dir='ltr'>et</span> <span class='ocrx_word' id='word_1_605' title='bbox 3385 4938 3724 4992; x_wconf 82' lang='lat' dir='ltr'>benedicere</span> <span class='ocrx_word' id='word_1_606' title='bbox 3771 4959 3886 4995; x_wconf 86' lang='lat' dir='ltr'>am-</span> 
     </span>
    </p>
   </div>
   <div class='ocr_carea' id='block_1_92' title="bbox 2194 5024 3884 5095">
    <p class='ocr_par' dir='ltr' id='par_1_92' title="bbox 2194 5024 3884 5095">
     <span class='ocr_line' id='line_1_93' title="bbox 2194 5024 3884 5095; baseline 0.004 -17"><span class='ocrx_word' id='word_1_607' title='bbox 2194 5024 2314 5090; x_wconf 83' lang='lat' dir='ltr'>bos,</span> <span class='ocrx_word' id='word_1_608' title='bbox 2385 5030 2440 5078; x_wconf 88' lang='lat' dir='ltr'>et</span> <span class='ocrx_word' id='word_1_609' title='bbox 2505 5030 2704 5095; x_wconf 85' lang='lat' dir='ltr'>postea</span> <span class='ocrx_word' id='word_1_610' title='bbox 2770 5041 2828 5078; x_wconf 89' lang='lat' dir='ltr'>se</span> <span class='ocrx_word' id='word_1_611' title='bbox 2902 5025 3230 5079; x_wconf 89' lang='lat' dir='ltr'>abstineant</span> <span class='ocrx_word' id='word_1_612' title='bbox 3303 5025 3372 5079; x_wconf 91' lang='lat' dir='ltr'>ab</span> <span class='ocrx_word' id='word_1_613' title='bbox 3437 5025 3708 5080; x_wconf 89' lang='lat' dir='ltr'>eccclesia</span> <span class='ocrx_word' id='word_1_614' title='bbox 3775 5045 3884 5084; x_wconf 72' lang='lat' dir='ltr'>xxx</span> 
     </span>
    </p>
   </div>
   <div class='ocr_carea' id='block_1_93' title="bbox 2192 5112 2412 5166">
    <p class='ocr_par' dir='ltr' id='par_1_93' title="bbox 2192 5112 2412 5166">
     <span class='ocr_line' id='line_1_94' title="bbox 2192 5112 2412 5166; baseline 0 0"><span class='ocrx_word' id='word_1_615' title='bbox 2192 5112 2412 5166; x_wconf 89' lang='lat' dir='ltr'>diebus.</span> 
     </span>
    </p>
   </div>
   <div class='ocr_carea' id='block_1_94' title="bbox 2192 5200 3880 5274">
    <p class='ocr_par' dir='ltr' id='par_1_94' title="bbox 2192 5200 3880 5274">
     <span class='ocr_line' id='line_1_95' title="bbox 2192 5200 3880 5274; baseline 0.002 -18"><span class='ocrx_word' id='word_1_616' title='bbox 2192 5203 2316 5256; x_wconf 69' lang='lat' dir='ltr'>CAP.</span> <span class='ocrx_word' id='word_1_617' title='bbox 2352 5202 2438 5255; x_wconf 82' lang='lat' dir='ltr'>IX.</span> <span class='ocrx_word' id='word_1_618' title='bbox 2472 5233 2539 5240; x_wconf 95' lang='lat'><strong>—</strong></span> <span class='ocrx_word' id='word_1_619' title='bbox 2580 5201 2732 5266; x_wconf 85' lang='lat' dir='ltr'>Quod</span> <span class='ocrx_word' id='word_1_620' title='bbox 2759 5203 2846 5255; x_wconf 77' lang='lat' dir='ltr'>vir</span> <span class='ocrx_word' id='word_1_621' title='bbox 2869 5200 3044 5270; x_wconf 83' lang='lat' dir='ltr'>ﬁdelis</span> <span class='ocrx_word' id='word_1_622' title='bbox 3071 5219 3104 5255; x_wconf 90' lang='lat' dir='ltr'>a</span> <span class='ocrx_word' id='word_1_623' title='bbox 3141 5204 3364 5257; x_wconf 85' lang='lat' dir='ltr'>muliere</span> <span class='ocrx_word' id='word_1_624' title='bbox 3401 5203 3613 5273; x_wconf 83' lang='lat' dir='ltr'>inﬁdeli</span> <span class='ocrx_word' id='word_1_625' title='bbox 3628 5220 3880 5274; x_wconf 77' lang='lat' dir='ltr'>separari</span> 
     </span>
    </p>
   </div>
   <div class='ocr_carea' id='block_1_95' title="bbox 2865 5273 3202 5327">
    <p class='ocr_par' dir='ltr' id='par_1_95' title="bbox 2865 5273 3202 5327">
     <span class='ocr_line' id='line_1_96' title="bbox 2865 5273 3202 5327; baseline 0.006 -2"><span class='ocrx_word' id='word_1_626' title='bbox 2865 5289 2970 5326; x_wconf 89' lang='lat' dir='ltr'>non</span> <span class='ocrx_word' id='word_1_627' title='bbox 2997 5273 3202 5327; x_wconf 81' lang='lat' dir='ltr'>debeat.</span> 
     </span>
    </p>
   </div>
   <div class='ocr_carea' id='block_1_96' title="bbox 2254 5358 3876 5431">
    <p class='ocr_par' dir='ltr' id='par_1_96' title="bbox 2254 5358 3876 5431">
     <span class='ocr_line' id='line_1_97' title="bbox 2254 5358 3876 5431; baseline 0.003 -18"><span class='ocrx_word' id='word_1_628' title='bbox 2254 5359 2568 5427; x_wconf 85' lang='lat' dir='ltr'>(Apostolus</span> <span class='ocrx_word' id='word_1_629' title='bbox 2598 5358 2780 5428; x_wconf 88' lang='lat' dir='ltr'>dicit.)</span> <span class='ocrx_word' id='word_1_630' title='bbox 2817 5359 2874 5414; x_wconf 92' lang='lat' dir='ltr'>Si</span> <span class='ocrx_word' id='word_1_631' title='bbox 2923 5362 3048 5431; x_wconf 86' lang='lat' dir='ltr'>quis</span> <span class='ocrx_word' id='word_1_632' title='bbox 3097 5361 3270 5415; x_wconf 87' lang='lat' dir='ltr'>frater</span> <span class='ocrx_word' id='word_1_633' title='bbox 3316 5379 3548 5416; x_wconf 85' lang='lat' dir='ltr'>uxorem</span> <span class='ocrx_word' id='word_1_634' title='bbox 3590 5362 3771 5418; x_wconf 89' lang='lat' dir='ltr'>habet</span> <span class='ocrx_word' id='word_1_635' title='bbox 3802 5365 3876 5418; x_wconf 90' lang='lat' dir='ltr'>in-</span> 
     </span>
    </p>
   </div>
   <div class='ocr_carea' id='block_1_97' title="bbox 2183 5449 3874 5518">
    <p class='ocr_par' dir='ltr' id='par_1_97' title="bbox 2183 5449 3874 5518">
     <span class='ocr_line' id='line_1_98' title="bbox 2183 5449 3874 5518; baseline 0.004 -16"><span class='ocrx_word' id='word_1_636' title='bbox 2183 5449 2430 5513; x_wconf 81' lang='lat' dir='ltr'>fidelem,</span> <span class='ocrx_word' id='word_1_637' title='bbox 2467 5456 2522 5502; x_wconf 88' lang='lat' dir='ltr'>et</span> <span class='ocrx_word' id='word_1_638' title='bbox 2552 5452 2671 5503; x_wconf 66' lang='lat' dir='ltr'>haec</span> <span class='ocrx_word' id='word_1_639' title='bbox 2696 5451 2976 5503; x_wconf 86' lang='lat' dir='ltr'>consentit</span> <span class='ocrx_word' id='word_1_640' title='bbox 3027 5451 3285 5505; x_wconf 88' lang='lat' dir='ltr'>habitare</span> <span class='ocrx_word' id='word_1_641' title='bbox 3315 5469 3445 5506; x_wconf 89' lang='lat' dir='ltr'>cum</span> <span class='ocrx_word' id='word_1_642' title='bbox 3477 5453 3596 5518; x_wconf 92' lang='lat' dir='ltr'>illo,</span> <span class='ocrx_word' id='word_1_643' title='bbox 3631 5469 3753 5507; x_wconf 86' lang='lat' dir='ltr'>non</span> <span class='ocrx_word' id='word_1_644' title='bbox 3789 5455 3874 5509; x_wconf 89' lang='lat' dir='ltr'>di-</span> 
     </span>
    </p>
   </div>
   <div class='ocr_carea' id='block_1_98' title="bbox 2182 5537 3872 5611">
    <p class='ocr_par' dir='ltr' id='par_1_98' title="bbox 2182 5537 3872 5611">
     <span class='ocr_line' id='line_1_99' title="bbox 2182 5537 3872 5611; baseline 0.004 -21"><span class='ocrx_word' id='word_1_645' title='bbox 2182 5537 2372 5590; x_wconf 87' lang='lat' dir='ltr'>mittat</span> <span class='ocrx_word' id='word_1_646' title='bbox 2401 5537 2577 5591; x_wconf 86' lang='lat' dir='ltr'>illam.</span> <span class='ocrx_word' id='word_1_647' title='bbox 2616 5539 2750 5591; x_wconf 84' lang='lat' dir='ltr'>Etsi</span> <span class='ocrx_word' id='word_1_648' title='bbox 2782 5556 2894 5608; x_wconf 80' lang='lat' dir='ltr'>qua</span> <span class='ocrx_word' id='word_1_649' title='bbox 2924 5540 3318 5594; x_wconf 85' lang='lat' dir='ltr'>mulicrhabet</span> <span class='ocrx_word' id='word_1_650' title='bbox 3341 5542 3523 5594; x_wconf 88' lang='lat' dir='ltr'>virum</span> <span class='ocrx_word' id='word_1_651' title='bbox 3555 5540 3872 5611; x_wconf 84' lang='lat' dir='ltr'>inﬁdelem,</span> 
     </span>
    </p>
   </div>
   <div class='ocr_carea' id='block_1_99' title="bbox 2177 5625 3868 5695">
    <p class='ocr_par' dir='ltr' id='par_1_99' title="bbox 2177 5625 3868 5695">
     <span class='ocr_line' id='line_1_100' title="bbox 2177 5625 3868 5695; baseline 0.005 -18"><span class='ocrx_word' id='word_1_652' title='bbox 2177 5631 2234 5679; x_wconf 89' lang='lat' dir='ltr'>et</span> <span class='ocrx_word' id='word_1_653' title='bbox 2254 5625 2343 5680; x_wconf 87' lang='lat' dir='ltr'>hic</span> <span class='ocrx_word' id='word_1_654' title='bbox 2369 5628 2652 5680; x_wconf 80' lang='lat' dir='ltr'>consentit.</span> <span class='ocrx_word' id='word_1_655' title='bbox 2689 5627 2950 5682; x_wconf 83' lang='lat' dir='ltr'>habitare</span> <span class='ocrx_word' id='word_1_656' title='bbox 2993 5645 3123 5682; x_wconf 89' lang='lat' dir='ltr'>cum</span> <span class='ocrx_word' id='word_1_657' title='bbox 3181 5629 3298 5695; x_wconf 89' lang='lat' dir='ltr'>illa,</span> <span class='ocrx_word' id='word_1_658' title='bbox 3345 5647 3460 5684; x_wconf 89' lang='lat' dir='ltr'>non</span> <span class='ocrx_word' id='word_1_659' title='bbox 3501 5630 3752 5685; x_wconf 88' lang='lat' dir='ltr'>dimittat</span> <span class='ocrx_word' id='word_1_660' title='bbox 3787 5633 3868 5686; x_wconf 85' lang='lat' dir='ltr'>vi-</span> 
     </span>
    </p>
   </div>
  </div>
