3956 6304
97 311 196 363 8Π

1100 310 1575 367 DECRETORUM
1619 312 1800 366 LIBRI
1843 313 1951 368 ΧΧ.
1989 342 2057 352 -
2104 312 2303 367 LIBER
2354 311 2598 367 NONUS.

3508 315 3611 367 818

99 446 245 483 rum.
297 430 695 485 Sanctiﬁcatus
727 431 878 485 enim
913 431 1021 485 erit
1066 431 1153 485 vir
1185 433 1435 487 inﬁdelis
1464 434 1525 488 in
1556 435 1796 488 muliere
1814 438 1872 515 _A
1911 440 2093 515 scunt,
2156 452 2298 506 quas
2349 440 2478 504 post
2536 434 2757 504 aliquot.
2809 449 2992 487 annos
3040 434 3362 504 dimittunt,
3419 440 3474 489 et
3534 438 3613 490 sic

98 518 277 581 ﬁdeli,
313 526 370 572 et
412 518 767 573 sanctiﬁcata
812 520 918 573 erit
953 520 1163 573 mulier
1192 521 1442 576 inﬁdelis
1482 538 1588 593 per
1616 522 1802 577 virum

98 608 351 661 ﬁdelem.

96 700 225 751 CAP.
256 698 319 751 X.
351 726 423 736 —
465 698 540 751 Ut
584 698 644 749 in
676 696 1114 753 Christianorum
1148 700 1360 767 nuptiis
1401 714 1508 753 non
1550 701 1797 753 saltetur.

167 788 278 851 (Ea:
322 786 511 839 concit.
548 785 855 851 Laodicen.,
885 800 1005 854 cap.
1042 786 1157 853 35.)
1183 786 1345 849 Quod
1394 803 1509 839 non
1541 792 1804 856 oporteat

98 874 449 928 Christianos
494 879 696 927 euntes
744 873 813 926 ad
849 873 1079 943 nuptias
1129 873 1403 943 plaudere
1454 876 1541 928 vel
1570 875 1800 939 saltare,

100 963 194 1017 sed
245 962 652 1016 venerabiliter
679 977 924 1029 coenare,
957 963 1042 1015 vel
1085 963 1391 1032 prandere,
1435 962 1581 1017 sicut
1611 963 1800 1017 Chris-

98 1052 319 1105 stianos
349 1052 530 1106 decet.

204 1140 338 1193 CAP.
372 1140 462 1195 XI.
488 1168 557 1179 —-
589 1141 654 1193 Ut
682 1138 909 1192 viduam
935 1154 1087 1193 nemo
1116 1141 1334 1205 furatur
1366 1142 1425 1193 in
1446 1154 1686 1195 uxorem.

169 1228 419 1295 (Gregor.
471 1227 654 1297 dicit.)
686 1227 743 1281 Si
790 1227 918 1297 quis
978 1227 1207 1281 viduam
1256 1228 1477 1281 furatus
1526 1228 1701 1282 fuerit
1739 1229 1797 1283 in

98 1332 357 1381 uxorem,
389 1317 474 1369 vel
507 1315 868 1369 consentiens
897 1316 971 1382 ei,
1000 1317 1309 1369 anathema
1341 1316 1431 1371 sit.
1468 1318 1533 1371 Et
1559 1333 1795 1388 respon-

99 1405 311 1459 derunt
339 1420 540 1458 omnes
572 1404 740 1457 tertio
774 1420 786 1457 :
819 1405 1140 1458 Anathema
1170 1405 1261 1459 sit.

167 1494 295 1547 CAP.
344 1493 454 1546 XII.
485 1522 552 1531 —-
586 1495 652 1547 Ut
680 1496 945 1559 virginem
973 1509 1123 1546 nemo
1151 1495 1370 1559 furctur
1393 1495 1451 1546 in
1480 1509 1718 1548 umorem.

165 1582 322 1652 (Item
353 1582 636 1651 ejusdem.)
687 1582 744 1636 Si
773 1582 899 1651 quis
930 1582 1236 1652 virginem,
1271 1582 1380 1636 nisi
1413 1584 1795 1653 desponsave-

98 1671 184 1733 rit,
245 1673 468 1724 iuratus
526 1670 700 1724 fuerit
749 1670 810 1723 in
867 1686 1103 1724 uxorem
1163 1672 1249 1724 vel
1307 1672 1669 1725 consentiens
1719 1672 1791 1737 ei,

97 1758 403 1811 anathema
448 1757 537 1811 sit.
574 1758 639 1811 Et
685 1758 1107 1828 responderunt
1147 1774 1346 1812 omnes
1393 1759 1563 1812 tertio
1597 1776 1610 1813 :
1642 1762 1794 1813 Ana-

96 1848 290 1900 thema
322 1846 397 1900 sit
418 1844 429 1898 ι

291 1935 423 1988 CAP.
455 1933 597 1988 Xlll.
629 1963 698 1973 -—
720 1936 795 1988 De
826 1935 1039 2001 virgine
1061 1934 1146 1988 vel
1186 1933 1355 1987 vidua
1384 1935 1596 1999 furata.

166 2025 283 2095 (Eae
317 2023 460 2077 decr.
493 2022 713 2078 Eusebii
754 2038 914 2092 pap.,
964 2038 1083 2092 cap.
1122 2022 1232 2092 10.)
1265 2022 1320 2077 Si
1352 2022 1480 2092 quis
1513 2019 1790 2090 virginem

100 2117 196 2165 aut
226 2112 463 2165 viduam
515 2112 735 2164 furatus
784 2111 845 2164 in
874 2127 1135 2177 uxorem,
1185 2110 1297 2164 nisi
1326 2110 1499 2165 fuerit
1527 2126 1561 2163 a
1600 2125 1660 2163 se
1690 2109 1791 2163 de-

99 2206 449 2273 sponsatam,
481 2200 785 2253 anathema
816 2200 906 2253 sit.

98 2309 225 2362 CAP.
260 2307 396 2361 XIV.
440 2334 514 2347 —
550 2306 633 2360 De
652 2306 955 2371 virginibus
990 2322 1107 2374 qua:
1134 2308 1508 2372 virginitatem
1540 2308 1662 2358 ante
1692 2318 1793 2356 nu-

603 2379 754 2445 ptius
782 2393 888 2430 non
917 2378 1287 2431 custodierint.

166 2466 289 2537 (Ea:
317 2467 504 2520 concil.
542 2466 869 2528 Elibertan,
903 2481 1021 2534 cap.
1059 2469 1138 2533 5.)
1171 2464 1429 2534 Virgines
1454 2479 1582 2533 quia
1612 2462 1793 2532 virgi-

99 2554 339 2607 nitatem
392 2568 555 2606 suam
605 2568 719 2605 non
749 2552 1146 2618 custodierint,
1180 2552 1225 2605 si
1273 2552 1504 2605 eosdem
1554 2550 1653 2620 qui
1698 2565 1792 2603 eas

100 2641 443 2696 viulaverint
472 2641 705 2695 maritos
736 2641 1075 2711 acceperint,
1109 2657 1175 2694 eo
1205 2640 1360 2711 quod
1393 2644 1536 2692 solas
1567 2638 1795 2707 nuptias

97 2731 460 2797 violaverint,
489 2736 619 2800 post
643 2730 1037 2800 paenitentiam
1067 2730 1239 2783 unius
1270 2729 1407 2782 anni
1431 2727 1796 2781 reconcilien-

98 2827 207 2875 tur.
241 2821 301 2875 Si
355 2820 495 2873 alios
550 2818 918 2889 cognoverint
972 2819 1141 2883 viros,
1175 2835 1243 2871 eo
1297 2818 1451 2888 quod
1494 2817 1792 2870 mmchatee

98 2914 252 2974 sunt,
304 2907 704 2979 quinquennio
756 2907 1089 2978 pueniteant,
1131 2910 1187 2960 et
1214 2907 1291 2959 sic
1320 2906 1389 2960 ad
1431 2903 1791 2959 communio-

96 3015 227 3052 nem
254 2998 549 3051 accedant.

165 3088 297 3141 CAP.
334 3087 439 3140 XV.
475 3114 546 3126 —
568 3072 734 3150 Quod
763 3085 903 3139 nulli
930 3086 1087 3138 liceat
1136 3084 1482 3138 concubinam
1508 3082 1719 3136 habere.

165 3176 275 3245 (Ea:
328 3175 489 3228 dictis
542 3172 803 3242 August.)
853 3173 1079 3238 Audite,
1133 3172 1474 3237 charissimi,
1535 3170 1795 3225 membra

99 3263 329 3328 Christi,
362 3268 421 3315 et
448 3262 643 3315 matris
671 3262 964 3316 catholicae
1015 3261 1273 3315 Ecclesiae
1316 3260 1444 3314 ﬁlii.
1474 3259 1636 3324 Quod
1668 3259 1791 3313 dico

98 3350 580 3422 competentibus,
623 3350 856 3404 audiant
884 3350 1118 3416 ﬁdeles;
1149 3349 1301 3420 quod
1336 3348 1460 3401 dico
1506 3346 1790 3413 ﬁdelibus,

99 3441 337 3494 audiant
369 3444 793 3509 competentes;
828 3438 979 3509 quod
1021 3438 1147 3492 dico
1178 3436 1440 3491 ﬁdelibus
1475 3442 1531 3489 et
1562 3451 1790 3505 compe-

98 3529 371 3593 tentibus,
425 3528 662 3581 audiant
690 3527 1072 3597 puenitentes;
1104 3526 1259 3596 quod
1290 3525 1413 3579 dico
1446 3523 1707 3579 ﬁdelibus
1738 3528 1794 3577 et

98 3615 579 3686 competentibus,
617 3620 674 3668 et
701 3614 1130 3685 paenitentibus,
1163 3613 1398 3667 audiant
1443 3617 1498 3666 et
1531 3612 1790 3665 catechu-

99 3706 273 3771 meni,
293 3704 536 3758 audiant
552 3720 749 3757 omnes
767 3720 779 3756 :
795 3719 992 3757 omnes
1013 3704 1271 3769 timeant,
1290 3708 1347 3754 et
1364 3717 1530 3754 nemo
1545 3705 1793 3753 contem-

98 3800 212 3848 nat.
240 3794 328 3847 Sit
349 3793 491 3847 mihi
516 3794 573 3845 in
597 3793 1047 3847 consolationem
1063 3797 1247 3845 vester
1267 3791 1514 3853 auditus,
1542 3806 1610 3843 ne
1637 3790 1793 3843 vobis

97 3884 169 3937 sit
200 3884 259 3936 in
289 3881 683 3937 testimonium
730 3881 893 3935 dolor
922 3897 1103 3934 meus.
1149 3878 1615 3949 Competentibus
1644 3877 1789 3943 dico,

99 3971 389 4026 Fomicari
409 3970 567 4024 vobis
584 3986 701 4023 non
729 3970 912 4030 liceat,
938 3968 1223 4022 sufﬁciant
1239 3966 1397 4020 vobis
1418 3981 1645 4033 uxores,
1667 3981 1795 4018 con-

97 4060 337 4113 cubinas
383 4058 542 4112 vobis
577 4075 693 4112 non
744 4058 876 4111 licet
904 4057 1134 4111 habere.
1181 4057 1389 4110 Audiat
1421 4057 1588 4121 Deus,
1621 4053 1668 4106 si
1697 4070 1794 4107 vos

99 4148 255 4203 surdi
286 4148 453 4215 estis;
503 4147 740 4201 audiant
769 4146 956 4216 angeli
995 4146 1143 4216 ejus,
1177 4145 1223 4197 si
1256 4161 1353 4197 vos
1382 4142 1745 4196 contemnitis
1778 4158 1789 4195 :

100 4235 461 4289 Concubinas
509 4251 626 4288 non
655 4234 787 4288 licet
829 4233 986 4287 vobis
1018 4233 1241 4287 habere.
1273 4233 1339 4285 Et
1376 4231 1423 4284 si
1456 4247 1573 4284 non
1621 4230 1792 4283 habe-

100 4326 174 4379 tis
205 4340 435 4391 uxores,
466 4328 660 4378 tamen
686 4340 803 4377 non
833 4323 966 4377 licet
999 4323 1156 4377 vobis
1192 4322 1402 4376 habere
1430 4320 1790 4386 concubinas,

103 4430 247 4486 quas
288 4418 491 4482 postea
521 4412 846 4477 dimittatis,
889 4416 949 4465 ut
974 4411 1173 4465 dicatis
1204 4426 1432 4465 uxores.
1465 4410 1642 4463 Tanto
1675 4424 1796 4460 ma-

96 4503 192 4572 jor
234 4500 531 4555 damnatio
574 4500 736 4553 vobis
759 4499 887 4567 erit,
919 4500 965 4552 si
995 4498 1283 4552 volueritis
1335 4497 1544 4552 habere
1575 4501 1630 4549 et
1658 4511 1799 4548 con-

103 4592 345 4645 cubinas
396 4595 453 4644 et
499 4606 721 4643 uxores.
783 4590 907 4643 Non
957 4589 1087 4641 licet
1132 4588 1339 4641 habere
1384 4602 1601 4651 uxores,
1656 4601 1794 4655 qua-

104 4696 234 4734 rum
253 4679 481 4750 priores
510 4677 700 4731 mariti
722 4678 938 4731 vivunt.
972 4678 1084 4732 Nec
1109 4676 1287 4744 vobis,
1312 4675 1561 4741 feminae,
1589 4674 1799 4728 habere

104 4767 257 4820 viros
305 4765 458 4832 licet,
510 4781 759 4836 quorum
805 4765 1029 4835 priores
1072 4780 1276 4818 uxores
1305 4764 1523 4817 vivunt.
1572 4762 1801 4816 Adulte-

104 4856 231 4909 tina
292 4858 429 4908 sunt
481 4853 590 4907 ista
647 4853 934 4923 conjugia,
982 4869 1099 4906 non
1145 4853 1276 4923 jure
1323 4851 1469 4917 caeli,
1527 4850 1625 4904 sed
1668 4851 1800 4919 jure

102 4942 298 4997 seculi
332 4960 345 4997 :
374 4959 480 4996 nec
528 4942 685 4996 illam
732 4943 1009 4997 feminam
1066 4940 1198 4995 licet
1239 4941 1469 5003 habere,
1525 4955 1651 5010 qua:
1702 4954 1803 5007 per

103 5031 417 5102 repudium
455 5030 711 5085 discessit
742 5048 774 5084 a
804 5030 1030 5098 marito,
1064 5046 1131 5085 eo
1175 5029 1420 5083 vivente.
1471 5028 1654 5083 Solius
1686 5028 1803 5082 for-

108 5120 415 5173 nicationis
456 5136 625 5173 causa
679 5119 814 5174 licet
854 5136 1090 5173 uxorem
1138 5120 1458 5173 adulteram
1490 5117 1800 5183 dimittere,

107 5209 211 5263 sed
242 5208 340 5262 illa
370 5208 595 5261 vivente
626 5224 741 5261 non
771 5208 901 5262 licet
931 5210 1166 5262 alteram
1195 5208 1420 5261 ducere.

112 5318 238 5371 CAP.
276 5317 409 5370 XVI.
461 5344 526 5355 —
562 5315 641 5368 De
673 5315 787 5370 illis
818 5319 914 5440 qgi
942 5321 1066 5440 ant:
1104 5317 1326 5384 nuptias
1365 5313 1686 5368 concubinas
1716 5312 1810 5364 ha-

884 5402 1037 5440 uerin
1069 5427 1081 5440 .

884 5391 1081 5440 uerint.

183 5476 349 5545 (Item
392 5475 563 5544 Aug.)
596 5474 771 5539 Quale
802 5481 966 5529 estet
991 5474 1136 5529 illud
1170 5472 1327 5545 quod
1357 5470 1523 5527 multi
1552 5469 1808 5524 virorum

108 5568 243 5617 ante
290 5562 524 5633 nuptias
571 5562 920 5618 concubinas
961 5563 1069 5617 sibi
1103 5562 1393 5616 adhaerere
1437 5576 1555 5616 non
1605 5558 1808 5613 erube-

1915 512 2113 593 postea
2178 524 2464 594 legitimas
2525 538 2731 575 uxores
2802 521 3105 592 accipiunt.
3195 524 3349 577 Unde
3415 540 3608 578 coram

1915 614 2030 667 Deo
2063 618 2118 666 et
2143 628 2334 666 coram
2360 612 2582 681 angelis
2609 611 2734 681 ejus
2764 616 3069 676 contestor,
3104 616 3275 681 atque
3303 612 3601 681 denuntio,

1915 702 2094 755 Deum
2126 707 2183 754 et
2236 701 2347 754 ista
2394 716 2619 770 semper
2663 699 3046 769 prohibuisse,
3092 704 3149 753 et
3201 716 3499 769 nunquam
3551 703 3605 756 ei

1913 780 2208 859 placuisse.
2243 789 2313 842 Et
2352 789 2641 858 praecipue
2688 788 3042 857 temporibus
3089 788 3425 842 Christianis
3471 805 3608 842 con-

1912 878 2148 931 cubinas
2213 878 2423 931 habere
2499 892 2797 947 nunquam
2858 875 3010 941 licet,
3080 880 3138 930 et
3200 892 3498 947 nunquam
3540 878 3606 931 li-

1911 965 2078 1020 cebit.

2227 1054 2356 1108 CAP.
2388 1054 2544 1107 XVII.
2587 1084 2652 1093 —
2692 1054 2827 1105 Item
2857 1052 2921 1105 de
2950 1053 3282 1107 concubinis.

1978 1143 2096 1212 (Ea;
2127 1144 2348 1197 concilio
2396 1143 2708 1208 Arelatem,
2757 1144 2933 1209 capite
2976 1140 3053 1207 4.)
3088 1142 3236 1195 Nulli
3287 1141 3456 1194 liceat
3486 1157 3600 1194 uno

1909 1236 2169 1302 tempore
2218 1232 2359 1285 duas
2416 1246 2621 1284 uxores
2668 1230 2879 1283 habere
2914 1246 2927 1283 :
2961 1230 3057 1284 sed
3101 1245 3288 1300 neque
3340 1246 3597 1302 unquam

1907 1321 2308 1374 concubinam.

1907 1426 2033 1480 CAP.
2064 1425 2247 1479 XVIlI.
2270 1455 2335 1462 —
2364 1426 2431 1477 De
2456 1424 2677 1484 ancilla,
2702 1425 2988 1490 siproprio
3003 1422 3215 1477 domino
3236 1438 3329 1476 suo
3353 1423 3600 1493 legitima

2572 1496 2691 1561 ﬁeri
2718 1496 2915 1561 possit.

1978 1583 2085 1654 (Ecc
2114 1583 2253 1637 decr.
2307 1584 2457 1636 Julii
2510 1598 2688 1651 papa,
2742 1584 2918 1650 capite
2966 1583 3039 1648 4.)
3070 1581 3129 1635 Si
3159 1581 3287 1651 quis
3333 1581 3598 1634 ancillam

1905 1688 2068 1725 suam
2125 1672 2386 1725 libertate
2444 1669 2754 1735 donaverit,
2828 1673 2885 1723 et
2941 1671 3001 1722 in
3059 1669 3424 1722 matrimonio
3490 1668 3599 1722 sibi

1906 1759 2224 1827 sociaverit,
2274 1758 2644 1813 dubitabatur
2674 1757 2827 1828 apud
2858 1757 3135 1827 quosdam
3168 1762 3362 1810 utrum
3392 1757 3599 1827 hujus-

1906 1848 2060 1903 modi
2093 1847 2308 1917 nuptiae
2358 1847 2626 1917 legitima
2658 1862 2778 1899 esse
2828 1845 3149 1910 videantur,
3198 1862 3269 1897 an
3313 1861 3451 1899 non.
3490 1845 3600 1898 Nos

1904 1939 2096 2008 itaque
2142 1944 2425 1990 vetustam
2464 1935 2901 2003 ambiguitatem
2933 1934 3254 1987 decidentes
3294 1934 3427 1987 talia
3458 1950 3594 1986 con-

1906 2026 2085 2080 nubia
2130 2025 2388 2095 legitima
2439 2040 2558 2077 esse
2588 2023 2931 2076 censuimus.
2974 2022 3031 2077 Si
3086 2022 3240 2075 enim
3272 2039 3341 2075 ex
3391 2022 3592 2076 affectu

1902 2114 2049 2169 ﬁunt
2102 2129 2299 2167 omnes
2352 2111 2589 2181 nuptias,
2649 2114 2704 2164 et
2760 2110 2901 2164 nihil
2948 2109 3211 2180 impium,
3266 2115 3324 2163 et
3374 2109 3596 2179 legibus

1903 2202 2251 2256 contrarium
2298 2200 2357 2253 in
2408 2200 2508 2252 tali
2558 2198 2924 2268 copulatione
2981 2197 3105 2251 ﬁeri
3160 2202 3366 2269 potest,
3418 2214 3595 2268 quare

1903 2291 2202 2362 praedictas
2245 2287 2475 2359 nuptias
2517 2287 2858 2341 inhibendas
2890 2286 3426 2340 existimaverimus.
3460 2286 3593 2340 Om-

1903 2380 2074 2433 nibus
2120 2377 2281 2432 vobis
2324 2392 2473 2430 unus
2503 2381 2586 2429 est
2619 2382 2778 2445 pater
2807 2375 2866 2429 in
2908 2375 3082 2439 caelis,
3117 2380 3169 2428 et
3203 2374 3596 2445 unusquisque

1903 2468 2057 2521 dives
2105 2471 2161 2521 et
2202 2481 2439 2537 pauper,
2490 2465 2633 2518 liber
2662 2468 2716 2517 et
2763 2480 2976 2529 servus,
3031 2462 3328 2534 aequaliter
3370 2478 3473 2532 pro
3513 2478 3592 2529 se,

1904 2561 1961 2610 et
2023 2571 2129 2627 pro
2193 2553 2490 2608 animabus
2556 2568 2757 2607 eorum
2825 2553 3109 2605 rationem
3176 2551 3366 2605 daturi
3430 2555 3591 2603 sunt.

1904 2644 2261 2714 Quapropter
2306 2642 2572 2696 omnibus
2627 2641 3017 2710 cujuscunque
3064 2639 3411 2692 conditionis
3459 2638 3592 2707 sint,

1906 2748 2078 2786 unam
2126 2732 2333 2801 legem,
2368 2735 2649 2800 quantum
2681 2729 2747 2781 ad
2780 2730 2984 2797 Deum,
3026 2728 3237 2781 habere
3278 2743 3393 2781 non
3427 2725 3590 2779 dubi-

1901 2826 2110 2875 tamus.

1901 2912 2029 2965 CAP.
2064 2910 2195 2964 XIX.
2240 2937 2309 2948 —
2340 2909 2412 2961 De
2458 2907 2550 2961 itlo
2572 2908 2668 2973 qui
2705 2920 2917 2959 servum
2946 2919 3123 2967 suum,
3156 2908 3206 2957 et
3246 2904 3503 2957 ancillam
3530 2904 3591 2956 in

2346 2979 2749 3031 matrimonium
2780 2976 3144 3045 conjunmerit.

1975 3071 2083 3135 (Ea:
2108 3068 2328 3122 concilio
2360 3068 2662 3129 Matiscen.,
2695 3067 2873 3133 capite
2925 3063 3029 3133 10.)
3061 3062 3118 3116 Si
3147 3077 3374 3116 servum
3407 3065 3463 3114 et
3493 3078 3593 3115 an-

1901 3156 2089 3211 cillam
2120 3155 2386 3210 dominus
2407 3153 2709 3208 amborum
2738 3152 2800 3205 in
2830 3150 3262 3205 matrimonium
3286 3149 3593 3219 conjunxe-

1904 3246 1995 3310 rit,
2028 3249 2083 3297 et
2128 3249 2324 3314 postea
2374 3242 2611 3296 liberato
2645 3256 2807 3293 servo
2842 3240 2920 3291 vel
2952 3239 3182 3304 ancilla,
3236 3253 3354 3291 non
3406 3241 3595 3306 potest

1902 3331 2108 3386 redimi
2168 3331 2267 3401 qui
2314 3330 2372 3384 in
2427 3328 2657 3383 servitio
2706 3333 2809 3391 est,
2873 3327 2998 3379 ideo
3058 3324 3423 3379 matrimonia
3476 3340 3591 3378 non

1900 3421 2209 3473 solvantur.

2326 3507 2452 3561 CAP.
2478 3506 2578 3558 XX.
2615 3533 2683 3542 —
2713 3503 2793 3556 De
2822 3501 3162 3555 multinubis.

1974 3598 2078 3664 (Ea:
2105 3596 2326 3651 concilio
2353 3593 2739 3660 Braggarensi,
2791 3592 2966 3659 capite
2996 3588 3108 3659 8|.)
3143 3588 3197 3642 Si
3237 3587 3364 3659 quis
3397 3586 3591 3640 multis

1902 3684 2118 3755 nuptiis
2168 3682 2344 3737 fuerit
2399 3681 2720 3751 copulatus,
2774 3677 3173 3748 paenitentiam
3229 3680 3361 3745 agat
3401 3692 3414 3729 :
3458 3690 3590 3727 con-

1902 3773 2145 3827 versatio
2230 3776 2421 3825 autem
2508 3773 2563 3822 et
2652 3767 2795 3821 ﬁdes
2869 3765 3199 3835 paenitentis
3264 3762 3595 3833 compendit

1901 3868 2149 3932 tempus.

1904 3951 2028 4006 CAP.
2062 3950 2191 4003 XXI.
2238 3977 2306 3988 —
2338 3946 2493 4011 Quod
2538 3944 2773 3999 secunda
2799 3944 3056 4010 conjugia
3102 3940 3453 3995 saecularibus
3490 3954 3595 3992 non

1972 4025 2251 4086 negentur,
2302 4018 2497 4087 quibus
2549 4021 2725 4069 tamen
2786 4013 2859 4066 ad
2907 4016 3105 4066 clerum
3150 4014 3370 4075 minime
3414 4012 3596 4063 venire

1974 4091 2298 4145 conceditur.

1973 4180 2087 4248 (Ea:
2117 4178 2257 4231 decr.
2284 4176 2485 4231 Gelasii
2505 4188 2681 4242 papas,
2705 4175 2878 4239 capite
2899 4171 3013 4236 22.)
3036 4170 3323 4224 Secundus
3342 4167 3591 4238 nuptias,

1905 4267 2051 4322 sicut
2079 4263 2444 4320 saecularibus
2490 4261 2635 4315 inire
2670 4258 3017 4323 conceditur,
3049 4257 3129 4309 ita
3170 4260 3299 4326 post
3341 4272 3434 4309 eas
3464 4255 3593 4307 nul-

1906 4358 1992 4410 lus
2030 4354 2101 4409 ad
2149 4352 2408 4406 clericale
2458 4349 2666 4403 sinitur
2710 4346 2905 4401 venire
2958 4344 3281 4415 collegium.
3338 4344 3464 4399 Alia
3511 4346 3597 4396 est

1906 4444 2058 4499 enim
2090 4443 2361 4497 humanae
2406 4436 2705 4509 fragilitati
2739 4433 3087 4508 generaliter
3115 4448 3379 4486 concessa
3414 4431 3595 4485 licen-

1905 4533 2005 4598 tia,
2037 4531 2147 4584 alia
2199 4529 2368 4583 debet
2426 4542 2545 4581 esse
2591 4526 2704 4578 vita
2753 4523 3075 4579 divinarum
3129 4536 3324 4574 rerum
3366 4518 3596 4573 servitio

1907 4620 2182 4674 dedicata.

1979 4707 2104 4762 CAP.
2124 4705 2281 4760 XXII.
2314 4734 2381 4743 -
2406 4705 2478 4756 De
2504 4701 2616 4755 illis
2644 4698 3119 4824 jztplurimas
3140 4696 3362 4763 nuptias
3393 4695 3528 4748 inci-

2689 4785 2862 4823 erunt.

1982 4867 2091 4935 (Ea:
2138 4863 2360 4918 concilio
2414 4862 2739 4927 Neoczsar.,
2788 4859 2965 4926 capite
3014 4855 3087 4926 1.)
3143 4855 3220 4909 De
3249 4853 3339 4908 his
3395 4853 3496 4924 qui
3541 4853 3601 4907 in

1910 4953 2186 5025 plurimas
2212 4950 2439 5021 nuptias
2468 4947 2813 5021 inciderunt,
2847 4950 2902 4999 et
2934 4951 3160 5015 tempus
3189 4943 3422 5014 quidem
3456 4958 3604 5013 prae-

1913 5043 2139 5099 ﬁnitum
2193 5039 2563 5094 manifestum
2612 5041 2717 5102 est,
2765 5034 2863 5089 sed
2910 5033 3263 5089 conversatio
3294 5046 3517 5099 eorum,
3548 5034 3605 5083 et

1915 5134 2075 5198 ﬁdes,
2108 5136 2334 5199 tempus
2367 5126 2679 5182 abbreviat.

1915 5222 2042 5276 CAP.
2110 5220 2287 5274 XXIII.
2348 5246 2414 5256 —-
2474 5218 2554 5271 De
2613 5215 2725 5268 illis
2771 5216 2887 5337 .qtui
2925 5212 3081 5265 tertio
3122 5210 3346 5278 nuptias
3377 5207 3607 5261 celebra-

2665 5300 2815 5337 verin
2847 5322 2859 5335 .

2665 5300 2859 5339 υθτιητ.

1988 5380 2108 5449 (Ea:
2135 5379 2278 5433 decr.
2325 5374 2629 5431 Hormisdav
2656 5388 2831 5443 papae,
2864 5372 3039 5439 capite
3066 5369 3146 5437 2.)
3196 5368 3275 5422 Ne
3302 5365 3606 5437 quisquam

1919 5468 2186 5537 amplius,
2235 5481 2410 5536 quam
2441 5465 2582 5519 duas
2626 5461 2865 5533 accipiat
2911 5473 3111 5513 uxores
3142 5472 3156 5512 :
3186 5455 3321 5528 quia
3336 5455 3459 5527 jam
3490 5459 3608 5509 ter-

1919 5557 2001 5611 tia
2030 5554 2321 5628 superﬂua
2349 5558 2454 5607 est.
