3956 6302
339 308 444 360 819

779 425 908 481 CAP.
941 426 1111 480 XXIV.
1142 453 1215 467 -—
1238 427 1310 479 De
1335 424 1590 494 bigamis.

410 516 520 588 (Ea:
567 517 792 570 concilio
841 514 1181 580 Laodicensi,
1223 517 1401 582 capite
1443 513 1518 582 I.)
1572 515 1649 569 De
1688 513 1779 568 his
1807 513 1908 585 qui
1946 528 2034 567 se-

341 605 598 659 cundum
649 602 1087 657 ecclesiasticam
1141 605 1398 672 regulam
1449 602 1625 656 libere
1668 618 1732 656 ac
1779 601 2036 672 legitime

342 693 606 747 secundis
637 691 853 763 nuptiis
889 691 1079 761 juncti
1121 695 1269 755 sunt,
1307 706 1410 744 nec
1446 690 1664 745 occulte
1702 690 2034 762 nuptiarum

343 781 611 851 copulam
656 781 934 845 fecerunt,
986 785 1212 849 oportet
1253 784 1316 832 ut
1360 792 1533 849 parvo
1565 785 1823 850 tempore
1853 784 2037 832 trans-

345 873 468 922 acto
525 872 724 922 vacent
776 867 1129 920 orationibus
1184 870 1240 920 et
1284 865 1539 936 jejuniis.
1601 867 1816 931 Quibus
1865 866 2038 920 etiam

338 957 502 1025 juxta
579 954 999 1024 indulgentiam
1071 954 1538 1008 communionem
1613 955 1776 1010 reddi
1845 955 2037 1009 decre-

347 1044 550 1098 vimus.

612 1131 740 1186 CAP.
781 1131 928 1186 XXV.
959 1159 1033 1172 --
1067 1132 1146 1185 De
1183 1146 1403 1184 numero
1430 1133 1772 1186 maritorum.

418 1220 529 1290 (Ea:
555 1219 721 1274 dictis
760 1219 1116 1290 Hieronymi.)
1147 1219 1250 1273 Ubi
1298 1219 1470 1273 fuerit
1500 1235 1775 1274 numerus
1806 1219 2040 1274 marito-

347 1323 496 1376 rum,
529 1308 612 1361 ibi
634 1307 720 1361 vir
745 1308 1012 1378 proprius
1046 1323 1196 1360 unus
1227 1323 1348 1361 esse
1379 1307 1620 1362 desistit.

349 1395 478 1450 CAP.
504 1396 680 1450 XXVI.
733 1425 796 1436 —
830 1399 903 1450 De
926 1397 1156 1463 ingenuo
1179 1396 1409 1459 homine,
1441 1397 1493 1450 si
1535 1397 1759 1450 alterius
1787 1397 2044 1451 ancillam

415 1482 516 1534 pro
538 1469 800 1589 “ingenua
855 1470 1138 1535 acceperit,
1194 1471 1245 1519 et
1293 1473 1415 1535 post
1466 1467 1723 1520 ancillam
1769 1483 1884 1521 eam
1935 1483 2045 1522 esse

421 1540 534 1589 inte
578 1538 770 1589 emerit.

421 1538 770 1590 intellewcrit.

422 1625 529 1692 (Ea:
568 1622 757 1677 concil.
809 1622 960 1691 apud
1018 1625 1370 1688 Vermeriam,
1410 1626 1500 1677 cui
1541 1626 2045 1694 inter/uitPipinus

350 1727 470 1779 rem,
517 1713 694 1780 capite
725 1709 799 1780 '7.)
830 1709 888 1764 Si
915 1710 1041 1780 quis
1071 1710 1358 1780 ingenuus
1404 1711 1577 1766 homo
1607 1712 1871 1767 ancillam
1908 1715 2051 1768 alte-
2082 1711 2123 1768 Β

353 1800 475 1854 rius
521 1815 761 1853 uxorem
808 1798 1108 1868 acceperit,
1162 1803 1219 1853 et
1265 1798 1550 1854 existimat
1598 1801 1748 1871 quod
1800 1801 2052 1872 ingenua

356 1887 446 1949 sit,
503 1887 551 1940 si
582 1885 704 1957 ipsa
749 1885 966 1940 femina
1016 1891 1214 1956 postca
1259 1888 1431 1941 fuerit
1459 1888 1750 1957 inservita,
1788 1889 1834 1943 si
1863 1907 1987 1944 eam
2019 1909 2052 1946 a

357 1975 627 2030 servitute
672 1975 954 2028 redimere
1003 1980 1212 2044 potest,
1261 1975 1429 2030 faciat
1459 1992 1472 2030 :
1506 1977 1555 2030 si
1603 1993 1717 2031 non
1746 1984 1956 2048 potest,
2007 1981 2053 2034 si

358 2063 622 2129 voluerit,
663 2062 835 2116 aliam
868 2062 1125 2132 accipiat.
1159 2062 1216 2117 Si
1265 2069 1453 2118 autem
1491 2079 1710 2118 servam
1741 2081 1866 2120 eam
1914 2067 2052 2121 scie-

359 2157 464 2212 rat,
520 2157 576 2206 et
625 2152 1267 2221 collaudaveratzpost,
1323 2156 1387 2207 ut
1441 2152 1760 2222 legitimam
1823 2154 2050 2210 habeat.

360 2239 636 2296 Similiter
667 2244 723 2295 et
755 2239 961 2294 mulier
990 2239 1246 2310 ingenua
1283 2240 1352 2296 de
1398 2256 1559 2294 servo
1591 2241 1824 2296 alterius
1871 2243 2055 2299 facere

362 2327 552 2383 debet.

364 2416 492 2472 CAP.
537 2414 737 2471 XXVII.
783 2445 852 2455 —
882 2417 954 2470 De
971 2416 1180 2482 femina
1205 2417 1462 2482 ingenua,
1496 2418 1550 2472 si
1568 2431 1778 2472 servum
1797 2421 2057 2474 maritum

1071 2489 1350 2555 acceperit.

440 2574 562 2642 (Ea:
589 2573 770 2628 codem
823 2574 1065 2643 concilio,
1114 2577 1293 2642 capite
1337 2577 1411 2642 8.)
1443 2574 1501 2630 Si
1545 2574 1760 2629 femina
1806 2575 2058 2648 ingenua

366 2661 571 2731 accipit
597 2676 846 2727 servum,
878 2660 1058 2715 sciens
1088 2660 1224 2731 quia
1254 2675 1446 2714 servus
1467 2667 1633 2727 esset,
1657 2661 1865 2717 habeat
1885 2679 2017 2717 eum
2041 2679 2056 2718 :

368 2749 505 2820 quia
528 2764 728 2802 omnes
757 2764 939 2803 unum
969 2752 1191 2819 patrem
1220 2748 1497 2803 habemus
1524 2749 1584 2803 in
1613 2749 1786 2804 ccelis.
1821 2751 1944 2804 Una
1967 2750 2060 2805 lex

367 2837 492 2905 erit,
527 2843 582 2890 et
608 2836 731 2891 viro
763 2842 818 2891 et
857 2837 1101 2890 feminas.

370 2924 499 2980 CAP.
533 2926 760 2979 XXVIII.
778 2953 852 2966 —
879 2927 953 2978 De
974 2926 1205 2991 legitime
1225 2923 1548 2992 conjunctis,
1578 2927 1628 2979 si
1648 2925 1786 2980 alter
1805 2940 1986 2981 eorum
2003 2929 2061 2981 in

911 2997 1200 3049 amentiam
1231 2995 1517 3049 devenerit.

449 3085 558 3149 (Ea:
581 3083 806 3152 epistola
843 3084 1058 3138 Nicolai
1082 3083 1156 3136 ad
1193 3083 1442 3138 Carolum
1478 3082 1719 3150 Mogunt.
1761 3087 2065 3154 episcopum

377 3172 591 3240 missa.)
640 3171 698 3226 Si
745 3171 843 3242 qui
890 3170 1323 3226 matrimonium
1371 3171 1496 3225 sani
1547 3174 1952 3242 contraxerint,
2010 3179 2067 3228 et

375 3261 481 3316 uni
511 3277 578 3315 ex
625 3260 849 3314 duobus
878 3259 1152 3328 amentia,
1204 3263 1301 3314 aut
1330 3261 1509 3327 furor,
1541 3265 1639 3316 aut
1685 3262 1876 3333 aliqua
1906 3263 2067 3318 inﬁr-

378 3350 547 3404 mitas
594 3347 908 3416 accesserit,
942 3348 1012 3402 ob
1057 3348 1204 3403 hanc
1244 3349 1638 3404 infirmitatem
1689 3351 1954 3422 conjugia
1985 3359 2067 3407 ta-

378 3439 519 3492 lium
555 3438 697 3492 solvi
728 3453 846 3492 non
891 3441 1148 3508 possunt.
1181 3436 1452 3492 Similiter
1492 3437 1851 3494 sentiendum
1880 3440 1949 3494 de
1979 3441 2068 3495 his

378 3527 480 3599 qui
505 3527 576 3582 ab
601 3526 940 3581 adversariis
982 3529 1355 3593 excascantur,
1387 3529 1485 3579 aut
1531 3526 1805 3580 membris
1835 3526 2068 3582 detrun-

378 3620 600 3670 cantur.

453 3705 581 3759 CAP.
615 3703 784 3757 XXIX.
813 3731 881 3741 —-
912 3704 987 3756 De
1015 3703 1270 3770 legitimis
1309 3705 1673 3758 matrimoniis
1703 3718 1995 3759 servorum.

455 3792 562 3862 (Ea:
591 3791 812 3845 concilio
839 3789 1124 3856 Cabillon.,
1158 3793 1335 3860 capite
1367 3792 1478 3860 30.)
1514 3792 1736 3846 Dictum
1767 3797 1852 3847 est
1881 3793 2067 3861 nobis,

383 3877 534 3948 quod
567 3877 801 3947 quidam
831 3876 1089 3946 legitima
1121 3892 1409 3930 servorum
1437 3878 1802 3933 matrimonia
1831 3885 2074 3949 potesta-

379 3965 496 4018 tiva
525 3964 772 4034 quadam
807 3963 1253 4034 praesumptione
1291 3964 1584 4033 dirimant,
1618 3983 1734 4020 non
1765 3969 2070 4022 attenden-

382 4057 466 4107 tes
498 4052 641 4106 illud
688 4052 1080 4122 evangelicum
1113 4067 1126 4105 :
1163 4051 1320 4116 Quod
1356 4053 1500 4106 Deus
1544 4055 1860 4125 conjunxit,
1898 4056 2070 4110 homo

383 4156 498 4195 non
554 4145 792 4211 separet.
851 4140 1006 4194 Unde
1079 4139 1244 4194 nobis
1299 4140 1482 4195 visum
1539 4147 1628 4196 est
1677 4147 1742 4197 ut
1804 4145 2074 4215 conjugia

1407 301 1815 360 BURCHARDI
1858 300 2388 359 WORMACIENSIS
2428 297 2757 356 EPISCOPI.

3735 302 3849 355 8'20

2064 427 2110 479 Α
2147 423 2278 478 dam
2326 419 2609 492 sacrilegii
2640 421 2820 474 instar
2865 422 2969 486 est,
3001 419 3048 474 si
3078 420 3194 474 ulla
3233 420 3688 492 transgressione
3720 420 3852 474 vio—

2142 513 2309 566 letur.

2215 600 2344 654 CAP.
2375 599 2572 653 XXXII.
2601 627 2669 639 —
2706 600 2773 652 De
2801 596 2888 651 his
2915 598 3013 666 qui
3037 588 3264 666 sponsas
3293 599 3499 652 alienas
3521 599 3772 667 rapiunt.

2217 690 2328 759 (Ea:
2357 691 2577 743 concilio
2610 688 2886 753 Meldensi,
2920 689 3098 756 capite
3127 687 3204 757 5.)
3239 687 3315 740 De
3363 687 3450 740 his
3478 686 3578 758 qui
3604 702 3855 756 sponsas

2145 775 2360 829 alienas
2390 776 2640 846 rapiunt,
2690 775 2923 843 antiqua
2951 780 3007 829 et
3035 773 3324 844 synodalis
3348 775 3633 828 sententia
3655 774 3854 828 obser-

2145 869 2326 919 vetur.
2371 864 2533 928 Quod
2563 868 2619 918 et
2647 863 2694 916 si
2741 866 2885 916 forte
2917 862 2976 916 in
3020 861 3269 916 Ecclesia
3299 868 3537 916 eventus
3568 862 3699 916 talis
3750 877 3856 915 re-

2144 952 2322 1024 periri
2369 953 2740 1024 dignoscitur,
2785 957 2843 1006 ut
2881 967 2984 1021 pro
3016 950 3214 1004 salutis
3245 956 3301 1004 et
3350 950 3650 1021 religionis
3682 967 3852 1004 com-

2147 1042 2398 1113 petentia
2428 1041 2736 1096 humanius
2764 1040 3039 1112 quiddam
3068 1041 3314 1094 debeant
3342 1045 3584 1094 tractare
3615 1039 3862 1110 pontiﬁ-

2147 1145 2257 1196 ces,
2299 1130 2444 1184 sicut
2490 1130 2782 1194 canonica,
2820 1133 2881 1182 ut
2909 1127 3123 1182 eisdem
3158 1126 3346 1182 verbis
3375 1133 3626 1195 utamur,
3683 1127 3862 1180 docet

2148 1218 2476 1285 auctoritas,
2529 1217 2664 1288 quia
2717 1217 2894 1287 prior,
2946 1216 3236 1286 inquiens,
3296 1215 3556 1270 deﬁnitio
3599 1214 3860 1270 durius:

2149 1304 2432 1376 posterior
2472 1311 2663 1359 autem
2699 1304 2973 1376 quiddam
3022 1304 3284 1357 tractavit
3323 1302 3650 1371 humanius,
3689 1303 3861 1356 nullo

2152 1394 2318 1448 modo
2370 1400 2431 1448 ut
2459 1394 2528 1447 ad
2578 1393 2887 1447 maximam
2944 1392 3361 1462 indulgentiam
3416 1392 3860 1458 descendamus,

2152 1483 2387 1537 alterius
2430 1498 2652 1552 sponsae
2695 1486 2981 1550 acceptor,
3025 1481 3148 1534 sine
3178 1481 3405 1552 publica
3450 1486 3702 1535 transeat
3733 1497 3866 1550 pae-

2154 1571 2417 1626 nitentia.
2473 1571 2638 1635 Quod
2686 1571 2734 1624 si
2781 1571 2904 1624 haec
2950 1569 3183 1623 obedire
3239 1569 3514 1637 renuerit,
3561 1570 3685 1624 sine
3739 1570 3870 1624 ulla

2162 1659 2541 1730 refragatioue
2591 1657 3122 1712 anathematizetur.
3181 1658 3452 1712 Fautores
3490 1673 3624 1712 vero
3672 1657 3861 1721 illius,

2153 1747 2316 1817 juxta
2347 1748 2579 1802 modum
2610 1747 2818 1816 culpae,
2849 1745 3106 1817 episcopi
3151 1746 3376 1801 decreto
3424 1747 3762 1816 poeniteant.
3798 1746 3866 1802 Si

2157 1852 2312 1902 vero,
2361 1836 2515 1907 quod
2545 1852 2658 1890 non
2689 1840 2974 1905 optamus,
3008 1835 3080 1889 de
3109 1835 3292 1906 gradu
3341 1835 3721 1890 ecclesiastico
3769 1839 3862 1889 ta-

2158 1921 2308 1975 libus
2337 1921 2556 1992 nuptiis
2587 1938 2646 1976 se
2675 1937 3097 1988 consensorem,
3131 1923 3216 1976 vel
3247 1922 3692 1976 interventorem
3726 1938 3863 1976 ma-

2160 2009 2364 2064 nifeste
2391 2010 2726 2080 prodiderit,
2756 2028 2788 2065 a
2817 2011 2998 2082 gradu
3032 2010 3263 2080 proprio
3295 2011 3665 2079 repellantur.
3708 2012 3776 2065 Et
3809 2011 3863 2065 si

2164 2098 2566 2152 verisimilibus
2618 2098 2821 2153 exinde
2865 2097 3288 2169 suspicionibus
3334 2099 3508 2154 fuerit
3548 2099 3863 2170 propulsa-

2161 2191 2273 2256 tus,
2302 2187 2570 2241 canonice
2596 2203 2654 2241 se
2694 2193 2920 2258 purget.

2321 2272 2450 2327 CAP.
2481 2273 2704 2327 XXXIII.
2735 2301 2808 2314 —
2839 2277 2908 2328 De
2941 2274 3025 2329 his
3054 2277 3152 2344 qui
3186 2275 3419 2341 feminas
3445 2277 3691 2346 rapiunt.

2235 2359 2340 2431 (Ea:
2369 2363 2590 2416 concilio
2629 2362 2780 2430 apud
2809 2363 3151 2432 Aquisgran.
3199 2365 3377 2431 capite
3421 2364 3504 2432 3.)
3535 2362 3752 2418 Placuit
3797 2369 3871 2418 ut

2164 2448 2225 2503 hi
2255 2450 2355 2520 qui
2402 2449 2631 2520 rapiunt
2671 2450 2934 2516 feminas,
2967 2452 3055 2505 vel
3085 2451 3367 2516 furantur,
3413 2457 3512 2505 aut
3553 2452 3866 2520 seducunt,

2166 2553 2260 2591 eas
2291 2538 2619 2592 nullatenus
2649 2539 2896 2593 habeant
2928 2555 3152 2602 uxores,
3199 2539 3460 2610 quamvis
3487 2541 3568 2593 eis
3605 2545 3874 2610 postmo-

2167 2626 2307 2681 dum
2354 2627 2677 2696 conveniat,
2722 2631 2820 2680 aut
2863 2643 2958 2682 eas
3002 2628 3344 2698 dotaverint,
3379 2629 3466 2682 vel
3525 2629 3872 2699 nuptialiter

2167 2730 2298 2768 cum
2340 2731 2616 2770 consensu
2645 2721 2950 2786 parentum
2981 2732 3217 2771 suorum
3263 2717 3604 2788 acceperint.
3642 2718 3702 2773 Si
3733 2718 3872 2789 quis

2168 2809 2362 2858 autem
2395 2819 2626 2858 uxorem
2669 2805 2882 2859 habere
2911 2805 3179 2868 voluerit,
3214 2806 3486 2860 canonice
3517 2810 3574 2860 et
3598 2807 3874 2878 legaliter

2169 2909 2296 2946 eam
2337 2892 2594 2963 accipiat,
2628 2897 2685 2946 et
2714 2909 2832 2947 non
2863 2892 3064 2963 rapiat.
3100 2893 3208 2957 Qui
3247 2910 3380 2948 vero
3411 2911 3534 2948 eam
3583 2896 3867 2966 rapuerit,

2093 2992 2134 3046 ρ
2171 2982 2258 3035 vel
2285 2981 2507 3035 furatus
2534 2981 2728 3050 fuerit,
2764 2987 2862 3036 aut
2902 2982 3207 3049 seduxerit,
3241 2998 3541 3056 nunquam
3572 2999 3698 3038 eam
3729 3001 3874 3039 uxo-

2173 3086 2296 3124 rem
2325 3070 2547 3124 habeat.

2557 3154 2682 3209 CAP.
2716 3155 2929 3209 XXXIV.
2963 3183 3032 3196 —
3064 3156 3144 3208 De
3185 3155 3369 3209 eadem
3397 3171 3475 3210 re.

2246 3244 2354 3313 (Ea:
2404 3243 2626 3298 concilio
2669 3242 2950 3308 Meldensi,
3004 3244 3184 3314 capite
3217 3241 3327 3312 IO.)
3379 3243 3486 3308 Qui
3532 3259 3662 3299 vero
3709 3244 3875 3300 dein-

2175 3347 2332 3407 ceps
2373 3346 2571 3400 rapere
2637 3330 2886 3400 virgines
2927 3330 3415 3401 praesumpserint,
3484 3332 3572 3386 vel
3635 3333 3870 3401 viduas,

2177 3418 2492 3474 secundum
2550 3418 2882 3488 synodalem
2937 3418 3088 3473 beati
3139 3419 3398 3489 Gregorii
3447 3419 3874 3490 deﬁnitionem,

2175 3505 2303 3578 ipsi,
2336 3510 2392 3560 et
2419 3505 2724 3576 complices
2756 3522 2954 3560 eorum
2985 3506 3563 3574 anathematizentur,
3597 3512 3654 3562 et
3672 3516 3876 3579 rapto-

2176 3612 2266 3650 res
2297 3595 2419 3649 sine
2448 3611 2546 3666 spe
2573 3594 2827 3666 conjugii
2855 3600 3137 3666 perpetuo
3171 3601 3460 3650 maneant.

2177 3700 2304 3759 CAP.
2326 3702 2519 3756 XXXV.
2547 3731 2618 3742 -—
2641 3703 2718 3756 De
2740 3702 2826 3756 his
2848 3703 2944 3770 qui
2972 3704 3200 3771 rapiunt
3218 3703 3538 3770 puellassub
3568 3705 3781 3758 nomine
3795 3706 3883 3760 si-

2796 3773 2910 3826 mul
2940 3773 3248 3827 habitandi.

2249 3858 2357 3930 (Ea:
2387 3860 2608 3914 concilio
2658 3859 2905 3917 Chalced.
2955 3862 3135 3929 capite
3179 3858 3294 3930 27.)
3324 3861 3433 3914 Eos
3487 3859 3588 3930 qui
3634 3861 3884 3930 rapiunt

2181 3945 2449 4000 mulieres
2496 3947 2601 4001 sub
2646 3949 2883 4002 nomine
2913 3947 3086 4003 simul
3133 3947 3449 4015 habitandi,
3497 3955 3881 4020 cooperantes

2181 4039 2371 4087 autem
2421 4039 2479 4089 et
2528 4036 2894 4090 conniventes
2961 4036 3308 4106 raptoribus,
3375 4037 3622 4091 decrevit
3676 4046 3879 4094 sancta

2181 4123 2432 4193 synodus
2462 4129 2526 4178 ut
2553 4125 2600 4178 si
2625 4124 2859 4195 quidem
2889 4125 3079 4178 clerici
3109 4129 3262 4192 sunt,
3295 4125 3562 4180 decidant
3590 4127 3660 4181 de
3691 4129 3881 4198 gradu

383 4245 676 4283 servorum
707 4245 822 4283 non
863 4228 1223 4296 dirimentur,
1259 4229 1483 4284 etiamsi
1515 4231 1763 4286 diversos
1806 4233 2041 4288 domino

2229 4211 2453 4282 roprio;
2483 4212 2529 4266 si
2559 4229 2688 4266 vero
2720 4212 2868 4280 laici,
2897 4213 3474 4269 anathematizentur.

381 4317 632 4372 habeant
662 4333 676 4370 :
711 4317 805 4370 sed
836 4316 896 4370 in
927 4333 1042 4371 uno
1071 4317 1339 4389 conjugio
1370 4325 1792 4388 permanentes,
1829 4322 2075 4376 dominis

383 4407 636 4462 serviant
667 4406 803 4460 suis.
859 4407 927 4460 Et
958 4407 1064 4461 hoc
1107 4407 1168 4461 in
1203 4407 1318 4461 illis
1370 4409 1787 4463 observandum
1817 4415 1920 4476 est,
1975 4411 2074 4465 ubi

380 4495 579 4565 legalis
635 4494 960 4565 cunjunctio
1023 4494 1153 4564 fuit,
1215 4499 1273 4549 et
1330 4511 1433 4566 per
1482 4496 1834 4553 voluntatem
1888 4498 2072 4554 domi-

381 4599 612 4638 norum.

455 4672 584 4727 CAP.
613 4673 755 4726 XXX.
788 4701 858 4712 —
883 4673 949 4727 Si
982 4674 1184 4739 furiosi
1226 4674 1576 4728 matrimonia
1613 4677 1998 4730 contramerint.

452 4761 564 4828 (Ea:
593 4760 798 4815 decreto
827 4761 1060 4815 Fabiani
1073 4777 1250 4832 papa,
1277 4763 1454 4830 capite
1485 4762 1560 4832 5.)
1590 4761 1786 4832 Neque
1807 4763 2072 4832 furiosus,

381 4865 570 4922 neque
599 4849 814 4904 furiosa
845 4850 1274 4906 matrimonium
1306 4850 1643 4905 contrahere
1676 4859 1942 4922 possunt;
1974 4855 2073 4908 sed

381 4936 429 4990 si
459 4943 816 4990 contractum
846 4937 1041 5001 fuerit,
1073 4953 1188 4990 non
1218 4943 1576 5006 separentur.

378 5026 505 5081 CAP.
539 5026 711 5080 XXXI.
742 5054 814 5065 —
837 5028 914 5080 De
933 5025 1259 5092 desponsata
1273 5027 1480 5094 puella,
1498 5029 1549 5079 si
1568 5028 1706 5080 alter
1725 5043 1842 5082 eam
1862 5029 1922 5082 in
1952 5045 2073 5084 ma-

829 5097 1142 5150 trimonium
1167 5099 1341 5164 possit
1370 5100 1626 5166 accipere.

451 5184 560 5255 (Ere
584 5186 744 5253 epist.
775 5185 985 5251 Syricii
1010 5199 1186 5252 papae,
1224 5187 1400 5253 capite
1425 5185 1504 5254 4.)
1537 5187 1614 5239 De
1647 5185 1933 5257 conjugali
1963 5203 2073 5242 au-

377 5279 492 5328 tem
525 5271 832 5326 violatione
873 5270 1183 5342 requisisti,
1226 5271 1273 5325 si
1318 5271 1718 5342 desponsatam
1763 5274 1858 5327 alii
1908 5276 2069 5344 puel-

376 5363 510 5426 lam,
565 5361 711 5414 alter
751 5359 810 5414 in
841 5359 1275 5414 matrimonium
1319 5360 1498 5431 possit
1525 5361 1800 5431 accipere.
1835 5363 1952 5415 Hoc
1998 5379 2069 5417 ne

378 5449 476 5503 tiat
507 5449 690 5504 modis
737 5448 1006 5504 omnibus
1049 5448 1379 5503 inhibemus
1411 5466 1424 5503 :
1455 5449 1591 5520 quia
1620 5450 1718 5503 illa
1747 5449 2068 5507 benedictio

378 5551 550 5607 quam
584 5539 851 5606 nupturae
879 5534 1140 5589 sacerdos
1170 5534 1431 5608 imponit,
1462 5536 1612 5607 apud
1646 5536 1834 5591 iideles
1864 5538 2062 5609 cujus-

2186 4302 2313 4356 CAP.
2341 4301 2558 4358 XXXVI.
2598 4332 2666 4342 —
2691 4304 2766 4356 De
2797 4303 2993 4371 puellis
3022 4305 3201 4372 raptis
3244 4303 3484 4357 nondum
3514 4303 3879 4372 desponsatis.

2252 4390 2363 4455 (Ea:
2393 4387 2613 4444 concilio
2643 4391 2940 4456 Cabillon.,
2988 4393 3166 4459 capite
3189 4393 3302 4457 27.)
3337 4393 3414 4445 De
3463 4391 3668 4461 puellis
3697 4396 3884 4464 raptis

2184 4479 2427 4532 necdum
2476 4478 2827 4549 desponsatis
2857 4479 2916 4534 in
2959 4478 3408 4534 Chalcedonensi
3456 4480 3700 4534 concilio
3749 4483 3884 4536 scri-

2185 4570 2345 4636 ptum
2375 4570 2458 4620 est
2491 4582 2504 4620 :
2533 4567 2640 4622 Eos
2668 4567 2766 4638 qui
2794 4567 3028 4638 rapiunt
3056 4568 3276 4638 puellas
3307 4568 3413 4622 sub
3443 4568 3676 4622 nomine
3703 4569 3881 4626 simul

2181 4654 2497 4722 habitandi,
2564 4662 2935 4727 cooperantes
3001 4661 3057 4710 et
3121 4656 3487 4712 conniventes
3553 4659 3883 4728 raptoribus

2183 4743 2432 4798 decrevit
2491 4749 2684 4799 sancta
2736 4745 2984 4816 synodus
3029 4749 3093 4799 ut
3138 4745 3424 4816 siquidem
3483 4745 3674 4800 clerici
3722 4754 3880 4816 sunt,

2181 4831 2447 4886 decidant
2485 4831 2554 4886 de
2585 4832 2764 4903 gradu
2795 4833 3031 4904 proprio
3065 4849 3080 4886 :
3114 4833 3159 4886 si
3190 4850 3323 4888 vero
3355 4834 3502 4900 laici,
3535 4835 3884 4891 anathema-

2179 4921 2445 4974 tizentur.
2475 4921 2690 4984 Quibus
2720 4921 2905 4975 verbis
2933 4923 3102 4976 datur
3128 4921 3391 4994 intelligi,
3428 4923 3675 4994 qualiter
3703 4923 3883 4994 hujus

2182 5008 2321 5064 mali
2375 5014 2636 5064 auctores
2691 5010 3005 5064 damnandi
3061 5015 3194 5064 sunt
3233 5027 3246 5066 :
3282 5012 3512 5081 quando
3569 5013 3880 5086 participes

2179 5097 2484 5152 consilium
2528 5098 2904 5153 conniventes
2947 5103 3108 5153 tanto
3155 5099 3518 5154 anathemate
3565 5100 3878 5171 feriuntur,

2181 5191 2236 5240 et
2260 5187 2422 5256 juxta
2467 5185 2804 5240 canonicam
2851 5186 3249 5241 auctoritatem
3301 5188 3369 5241 ad
3418 5188 3688 5259 conjugia
3733 5192 3878 5262 legi-

2177 5274 2317 5330 tima
2347 5281 2537 5346 raptas
2565 5275 2675 5329 sibi
2698 5276 2830 5345 jure
2860 5275 3154 5330 vindicare
3186 5276 3515 5330 nullatenus
3540 5284 3804 5347 possunt.

2426 5365 2556 5419 CAP.
2587 5364 2826 5419 XXXVII.
2857 5393 2929 5406 -—
2955 5367 3033 5421 De
3055 5369 3232 5435 raptis
3261 5367 3622 5435 desponsatis.

2248 5452 2366 5521 (Ea:
2401 5454 2625 5508 concilio
2659 5452 2960 5524 Toletano.)
2987 5454 3233 5509 Proinde
3265 5454 3497 5525 placuit,
3546 5460 3719 5524 atque
3765 5463 3879 5512 sta-

2177 5543 2361 5594 tutum
2411 5545 2496 5594 est
2522 5557 2554 5594 a
2589 5556 2749 5594 sacro
2791 5547 3095 5607 conventu,
3151 5546 3218 5595 ut
3260 5544 3307 5595 si
3336 5542 3548 5612 aliquis
3598 5559 3872 5612 sponsam
