3956 6302
129 312 225 367 8'2I
672 379 681 386 .
1129 315 1605 371 DECRETORUM
1654 319 1840 375 LIBRI
1880 321 1987 376 XX.
2032 348 2099 360 -—
2141 319 2360 376 LIBER
2398 320 2638 377 NONUS.

132 434 364 490 alterius
404 433 687 505 rapuerit,
742 433 973 505 publica
1011 435 1351 505 poenitentia
1399 438 1724 502 mulctetur,
1775 444 1831 495 et
1857 446 1903 498 Α

132 526 252 580 sine
284 540 384 594 spe
425 523 683 595 conjugii
732 529 980 579 maneat.
1028 526 1092 578 Et
1132 525 1178 579 si
1213 525 1336 596 ipsa
1373 527 1561 581 eidem
1604 528 1833 583 crimini

131 613 497 667 consentiens
532 628 648 667 non
677 611 805 679 fuit,
839 612 1066 667 licentia
1097 614 1353 669 nubendi
1380 615 1478 670 alii
1508 633 1625 670 non
1658 633 1831 686 nege-

132 706 243 755 tur.
277 700 441 764 Quod
471 700 517 753 si
549 706 607 754 et
637 700 747 770 ipsi
779 707 906 771 post
935 701 1057 755 hinc
1086 718 1145 755 se
1173 702 1520 773 conjungere
1552 720 1832 774 praesum-

131 790 372 860 pserint,
419 790 649 861 utrique
683 805 864 860 usque
911 790 983 844 ad
1015 790 1461 846 satisfactionem
1497 793 1831 847 anathema-

132 880 403 934 tizentur.

504 968 635 1023 CAP.
666 969 937 1024 XXXVIII.
973 1000 1041 1009 —
1071 972 1143 1024 De
1170 971 1353 1025 eadem
1382 986 1458 1025 re.

204 1059 318 1123 (Ea:
338 1058 557 1111 concilio
591 1059 888 1122 Ancirano,
911 1060 1087 1127 capite
1117 1058 1232 1126 10.)
1265 1060 1640 1129 Desponsatas
1672 1059 1831 1129 puel-

135 1146 237 1211 las,
271 1150 330 1199 et
361 1151 489 1215 post
513 1145 584 1198 ab
616 1145 741 1198 aliis
772 1150 980 1215 raptas,
1014 1147 1229 1217 placuit
1258 1147 1404 1213 erui,
1434 1154 1490 1202 et
1519 1148 1599 1201 eis
1647 1148 1828 1214 reddi,

136 1236 345 1304 quibus
377 1240 509 1288 ante
539 1234 770 1288 fuerant
795 1235 1169 1305 desponsam,
1202 1236 1425 1290 etiamsi
1458 1236 1537 1291 eis
1571 1254 1601 1290 a
1638 1242 1828 1308 rapto—

134 1324 293 1377 ribus
325 1323 407 1376 vis
436 1324 595 1377 illata
624 1323 962 1377 constiterit.

526 1412 653 1465 CAP.
691 1412 906 1466 XXXIX.
941 1441 1010 1451 —
1036 1415 1111 1467 De
1141 1413 1323 1467 eadem
1348 1428 1424 1466 re.

205 1500 328 1571 (Ea:
354 1501 575 1555 concilio
607 1500 888 1564 Meldensi,
920 1502 1097 1570 capite
1134 1502 1245 1572 65.)
1279 1500 1335 1556 Si
1361 1506 1555 1555 autem
1586 1502 1829 1555 necdum

136 1606 229 1644 eas
287 1606 431 1660 quas
494 1595 805 1658 rapuerant
850 1606 982 1643 cum
1041 1591 1333 1645 voluntate
1389 1595 1693 1660 parentum
1725 1592 1829 1646 sub

134 1677 373 1747 praefato
405 1677 824 1748 desponsionis,
856 1678 943 1733 vel
973 1678 1215 1733 dotalitii
1260 1679 1490 1734 nomine
1522 1680 1583 1733 in
1630 1680 1827 1751 conju-
1860 1718 1899 1771 Β

136 1767 296 1837 gium
324 1770 582 1836 sumptas
608 1766 837 1832 habent,
870 1768 1100 1838 quando
1131 1767 1192 1821 in
1223 1768 1482 1822 omnium
1514 1785 1678 1821 aures
1708 1770 1830 1822 htec

135 1856 309 1909 fuerit
336 1854 668 1909 constitutio
697 1857 1081 1926 promulgata,
1118 1857 1186 1910 ab
1209 1872 1406 1911 earum
1429 1857 1831 1926 conjunctione

137 1949 494 2014 separentur,
529 1948 584 1997 et
614 1943 856 2015 publica:
880 1944 1231 2014 poenitentia:
1254 1945 1610 2017 subigantur.
1634 1946 1830 2017 Baptae

137 2038 329 2086 autem
361 2033 700 2103 parentibus
723 2033 984 2103 legaliter
1024 2034 1429 2091 restituantur.
1484 2037 1614 2089 Post
1645 2040 1830 2090 actam

135 2137 266 2175 vero
296 2121 585 2192 publicam
613 2121 1027 2192 paenitentiam,
1070 2122 1117 2175 si
1157 2128 1293 2177 aetas
1326 2128 1381 2177 et
1418 2123 1831 2178 incontinentia

136 2209 419 2279 exegerit,
473 2208 727 2279 legitimo
776 2214 832 2262 et
887 2225 954 2263 ex
1006 2209 1265 2280 utrisque
1314 2210 1573 2281 partibus
1619 2210 1829 2280 placito

134 2297 407 2367 conjugio
437 2296 743 2350 socientur.
781 2297 921 2350 Nam
950 2297 1008 2351 in
1055 2298 1146 2352 his
1176 2314 1293 2351 non
1324 2300 1583 2368 regulam
1621 2298 1829 2352 consti-

134 2387 371 2454 tuimus,
416 2386 532 2453 sed,
570 2391 631 2440 ut
676 2385 866 2440 verbis
910 2387 1094 2456 Magni
1140 2387 1346 2441 Leonis
1393 2391 1643 2448 utamur,
1691 2387 1831 2457 quid

133 2475 203 2528 sit
249 2473 610 2529 tolerabilius
658 2474 1029 2529 aestimamus.
1078 2475 1236 2539 Quod
1269 2475 1316 2528 si
1352 2492 1497 2528 unus
1528 2491 1594 2528 ex
1632 2475 1828 2546 conju-

135 2564 279 2634 gatis
324 2562 551 2627 obierit,
577 2563 625 2616 is
664 2563 763 2633 qui
806 2563 1093 2634 publicam
1122 2564 1516 2634 paenitentiam
1543 2563 1745 2634 egerit,
1777 2567 1833 2619 et

135 2657 426 2721 superstes
451 2651 750 2717 exstiterit,
772 2651 978 2706 iterare
1000 2652 1334 2723 conjugium
1356 2668 1474 2706 non
1496 2656 1827 2723 prmsumat,

135 2740 242 2794 nisi
290 2740 438 2793 forte
492 2740 793 2810 episcopus
836 2740 1166 2811 praaviderit
1213 2741 1467 2812 aliquam
1523 2741 1831 2795 concedere

135 2828 579 2900 indulgentiam,
630 2834 696 2884 ut
745 2830 1068 2901 graviorem
1105 2830 1285 2900 possit
1333 2846 1592 2885 amovere
1646 2830 1831 2885 offen-

136 2933 275 2972 sam.

136 3025 263 3079 CAP.
299 3023 404 3078 XL.
447 3053 518 3064 —
545 3026 617 3078 De
656 3024 739 3078 his
774 3026 871 3092 qui
908 3026 967 3078 in
998 3027 1338 3079 matrimonio
1369 3026 1552 3094 juncti
1588 3028 1733 3088 sunt,
1781 3030 1831 3079 et

599 3096 937 3149 concumbere
963 3111 1069 3149 non
1094 3101 1341 3165 possunt.

207 3184 321 3252 (Ea:
360 3186 521 3252 epist.
570 3184 726 3251 Greg.
788 3184 861 3239 ad
913 3187 1169 3239 Joannem
1211 3187 1571 3240 Ravennatem
1628 3186 1831 3253 episco-

134 3274 313 3342 pum.)
342 3272 505 3336 Quod
529 3278 721 3326 autem
745 3273 1111 3343 interrogasti
1134 3274 1203 3327 de
1224 3272 1312 3327 his
1334 3273 1433 3344 qui
1462 3272 1831 3326 matrimonio

129 3360 317 3429 juncti
367 3366 524 3425 sunt,
574 3366 631 3414 et
672 3362 888 3415 nubere
930 3378 1049 3415 non
1093 3366 1351 3432 possunt,
1405 3361 1450 3414 si
1492 3361 1589 3415 ille
1635 3362 1827 3426 aliam,

136 3449 216 3502 vel
248 3449 350 3502 illa
383 3448 560 3502 alium
602 3448 808 3503 ducere
859 3450 1060 3520 possit,
1113 3450 1321 3520 quibus
1366 3449 1641 3519 scriptum
1696 3453 1826 3502 est:

134 3536 229 3590 Vir
268 3540 326 3591 et
364 3537 578 3591 mulier
615 3537 663 3590 si
714 3553 773 3591 se
825 3537 1249 3607 conjunxerint,
1299 3542 1354 3590 et
1402 3543 1598 3608 postea
1624 3537 1832 3592 dixerit

138 3625 351 3680 mulier
390 3626 461 3681 de
493 3625 633 3694 viro,
668 3627 820 3697 quod
849 3643 963 3680 non
985 3626 1166 3697 possit
1187 3626 1337 3681 coire
1369 3643 1498 3680 cum
1532 3643 1621 3693 eo,
1655 3627 1700 3680 si
1730 3643 1830 3696 po-

136 3720 242 3770 test
289 3715 537 3785 probare
573 3730 674 3785 per
714 3716 932 3785 justum
970 3716 1256 3787 judicium
1304 3716 1455 3785 quod
1501 3731 1700 3769 verum
1739 3716 1829 3781 sit,

139 3804 380 3875 accipiat
413 3803 591 3857 alium
624 3820 637 3857 :
670 3802 716 3856 si
748 3808 938 3858 autem
980 3803 1076 3857 ille
1106 3803 1278 3857 aliam
1322 3803 1624 3873 acceperit,
1663 3820 1833 3874 sepa-

139 3899 361 3947 rentur.

579 3981 706 4035 CAP.
737 3981 880 4035 XLI.
912 4010 981 4021 —
1013 3984 1086 4035 De
1109 3980 1296 4037 eadem
1324 3997 1402 4035 re.

209 4072 329 4135 (Em
359 4071 583 4124 concilio
607 4070 757 4139 apud
792 4071 1123 4125 Vermeriam
1170 4070 1496 4138 temporibus
1538 4071 1720 4139 Pipini
1755 4085 1836 4123 re-

141 4163 244 4228 gis,
266 4162 448 4229 capite
486 4159 590 4229 l7.)
643 4159 701 4213 Si
760 4176 873 4230 qua
920 4159 1128 4213 mulier
1176 4158 1633 4229 proclamaverit,
1680 4159 1834 4227 quod

137 4250 221 4302 vir
270 4264 411 4301 suus
458 4263 757 4319 nunquam
798 4263 928 4301 cum
976 4263 1042 4301 ea
1073 4247 1297 4313 coisset,
1350 4251 1552 4301 exeant
1582 4246 1714 4300 inde
1764 4246 1832 4300 ad

140 4353 365 4391 crucem
402 4353 414 4390 :
458 4340 514 4391 et
534 4337 580 4390 si
610 4353 807 4391 verum
844 4337 1035 4400 fuerit,
1069 4341 1428 4407 separentur,
1462 4341 1518 4391 et
1540 4336 1637 4390 illa
1665 4336 1836 4390 faciat

140 4425 295 4496 quod
321 4424 461 4479 vult.

582 4511 711 4565 CAP.
740 4512 892 4566 XLII.
925 4540 993 4552 —-
1019 4514 1092 4566 De
1118 4512 1303 4567 eadem
1322 4527 1398 4566 re.

211 4600 323 4671 (Ea:
353 4600 578 4654 concilio
622 4600 772 4669 apud
810 4601 1218 4670 Compendium,
1259 4604 1435 4670 capite
1472 4600 1587 4670 20.)
1622 4599 1676 4655 Si
1709 4599 1836 4671 quis

143 4689 361 4760 accepit
392 4704 648 4754 uxorem,
681 4695 737 4743 et
767 4689 970 4744 habuit
993 4690 1175 4760 ipsam
1222 4690 1415 4761 aliquo
1459 4694 1738 4760 tempore,
1780 4693 1839 4744 et

142 4778 265 4848 ipsa
296 4778 514 4831 femina
543 4776 678 4831 dicit
725 4778 883 4849 quod
932 4795 1048 4832 non
1101 4778 1307 4833 coisset
1362 4794 1492 4832 cum
1527 4795 1613 4843 ea,
1644 4784 1701 4832 et
1742 4778 1836 4831 ille

146 4868 226 4920 vir
259 4866 398 4921 dicit
436 4865 591 4937 quod
642 4866 720 4919 sic
766 4867 917 4932 fecit,
963 4867 1025 4920 iu
1073 4866 1310 4921 veritate
1358 4866 1465 4920 viri
1520 4866 1833 4921 consistat.

144 4954 283 5025 quia
314 4954 401 5008 vir
430 4958 699 5024 caputest
733 4954 1008 5009 mulieris.

550 5042 676 5096 CAP.
708 5044 891 5099 XLIII.
933 5073 1004 5085 —
1029 5047 1102 5098 De
1140 5043 1323 5098 eadem
1352 5060 1428 5099 re.

217 5133 322 5202 (Ea:
352 5132 574 5186 concilio
610 5132 846 5197 Tribun,
887 5136 1061 5201 capite
1098 5133 1175 5203 3.)
1219 5132 1314 5186 Vir
1355 5132 1402 5185 si
1448 5131 1673 5186 duxerit
1704 5148 1840 5186 uxo-

150 5236 267 5274 rem
296 5220 679 5274 concumbere
725 5237 853 5273 cum
898 5237 964 5274 ea
1000 5238 1116 5274 non
1162 5221 1378 5283 valens,
1417 5225 1473 5273 et
1501 5220 1679 5272 frater
1720 5218 1841 5289 ejus

148 5308 405 5362 clanculo
441 5324 568 5361 eam
609 5308 911 5374 vitiaverit,
955 5314 1011 5362 et
1051 5308 1345 5379 gravidam
1386 5306 1720 5373 reddiderit,
1749 5322 1839 5360 se-

150 5402 445 5466 parentur.
489 5396 859 5451 Cousiderata
894 5403 1088 5451 autem
1146 5396 1559 5460 imbecillitate,
1618 5394 1840 5449 miseri-

150 5486 341 5540 cordia
371 5485 455 5540 eis
483 5484 847 5555 impartiatur
873 5487 943 5541 ad
975 5486 1332 5557 conjugium,
1371 5489 1595 5539 tantum
1641 5482 1702 5536 in
1733 5484 1841 5537 Do-

155 5586 327 5625 mino.

3526 328 3631 381 822

2359 443 2485 498 CAP.
2521 436 2705 499 XLIV.
2726 475 2793 486 —
2822 448 2893 500 De
2921 447 3103 501 eadem
3130 464 3213 501 re.

2012 531 2126 596 (Ea:
2161 533 2321 601 epist.
2365 532 2611 604 Gregor.)
2648 535 2722 587 De
2755 534 2843 587 his
2897 535 3212 605 acquisitis,
3251 535 3350 606 qui
3388 536 3460 590 ob
3492 551 3623 590 cau-

1940 634 2061 672 sam
2092 619 2316 690 frigidae
2349 626 2569 675 naturai
2609 638 2667 676 se
2709 623 2910 676 dicunt
2949 640 3065 677 non
3102 640 3265 693 posse
3295 624 3355 677 in
3385 623 3629 679 invicem

1940 722 2172 776 operam
2203 709 2389 763 carnis
2428 711 2629 765 dantes
2669 712 3026 765 commisceri
3060 728 3071 766 :
3105 712 3217 767 Iste
3246 728 3379 765 vero
3432 713 3478 766 si
3508 729 3627 766 non

1936 799 2123 864 potest
2151 812 2215 849 ea
2246 797 2331 850 uti
2358 813 2461 868 pro
2495 815 2692 864 uxore,
2725 799 2935 853 habeat
2966 800 3129 870 quasi
3161 817 3435 855 sororem.
3471 801 3630 865 Quod

1938 883 2319 938 retinaculum
2388 884 2586 956 jugale
2666 888 2866 941 volunt
2935 889 3280 952 rescindere,
3356 896 3628 943 maneant

1937 971 2167 1042 utrique
2202 972 2431 1044 innupti
2465 990 2478 1027 :
2514 990 2646 1027 nam
2684 975 2731 1028 si
2758 975 2893 1029 huic
2920 992 3037 1029 non
3069 976 3255 1046 potuit
3294 977 3633 1031 naturaliter

1938 1061 2301 1127 concordare,
2335 1063 2624 1132 quomodo
2656 1064 2820 1116 alteri
2849 1064 3187 1118 conveniet?
3219 1064 3397 1135 igitur
3445 1065 3493 1119 si
3541 1065 3629 1118 vir

1936 1147 2107 1202 aliam
2143 1151 2261 1201 vult
2308 1149 2564 1218 accipere
2598 1166 2854 1213 uxorem,
2907 1152 3207 1205 manifesta
3254 1152 3400 1205 ratio
3444 1156 3621 1221 patet,

1939 1236 2075 1306 quia
2106 1238 2486 1291 succendente
2517 1237 2746 1291 diabolo
2778 1237 2893 1292 odii
2925 1238 3199 1301 fomitem,
3234 1255 3464 1294 exosam
3502 1256 3628 1294 eam

1936 1324 2155 1394 habuit,
2188 1332 2244 1380 et
2272 1324 2483 1379 idcirco
2528 1326 2686 1379 illam
2712 1326 3000 1380 dimittere
3046 1328 3324 1381 mendacii
3374 1328 3626 1383 falsitate

1941 1412 2188 1466 molitur.
2244 1413 2407 1477 Quod
2440 1413 2486 1467 si
2545 1415 2749 1468 mulier
2804 1420 3090 1484 causatur,
3157 1418 3215 1468 et
3276 1416 3431 1481 dicit,
3485 1417 3620 1469 Volo

1940 1506 2122 1554 mater
2188 1518 2310 1556 esse
2392 1505 2450 1555 et
2504 1502 2649 1555 ﬁlios
2720 1500 3043 1572 procreare,
3122 1511 3361 1574 uterque
3426 1520 3627 1557 eorum

1937 1590 2179 1660 septima
2242 1606 2415 1644 manu
2498 1591 2952 1661 propinquorum
3014 1593 3177 1645 tactis
3254 1593 3628 1647 sacrosanctis

1938 1678 2216 1749 reliquiis,
2259 1679 2636 1750 jurejurando
2677 1679 2827 1733 dicat
2874 1684 2937 1734 ut
2982 1696 3280 1751 nunquam
3331 1697 3432 1750 per
3470 1696 3627 1734 com-

1940 1768 2267 1822 mistionem
2326 1768 2510 1822 carnis
2569 1768 2857 1837 conjuncti
2927 1784 3041 1821 una
3075 1784 3207 1822 caro
3249 1768 3433 1822 etfecti
3487 1767 3627 1822 fuis-

1941 1860 2086 1923 sent,
2134 1861 2271 1910 tunc
2319 1856 2544 1910 videtur
2605 1857 2905 1910 mulierem
2956 1857 3229 1911 secundas
3273 1872 3438 1927 posse
3486 1872 3628 1910 con-

1940 1945 2165 1998 trahere
2203 1944 2449 2014 nuptias.
2492 1946 2820 1999 IIumanum
2868 1945 2992 1999 dico
3043 1950 3276 2015 propter
3323 1943 3630 1998 inﬁrmita-

1941 2038 2055 2087 tem
2089 2033 2277 2086 carnis
2316 2048 2536 2086 eorum.
2589 2032 2686 2086 Vir
2733 2040 2926 2087 autem
2975 2034 3075 2104 qui
3133 2033 3358 2103 frigida:
3408 2038 3627 2086 natura:

1940 2126 2041 2187 est,
2076 2126 2303 2175 maneat
2333 2120 2452 2175 sine
2482 2122 2745 2192 conjuge.
2792 2122 2954 2187 Quod
2993 2122 3039 2175 si
3074 2127 3129 2175 et
3179 2123 3277 2175 ille
3327 2121 3498 2175 aliam
3528 2137 3627 2174 co—

1941 2210 2136 2281 pulam
2191 2210 2493 2280 acceperit,
2544 2215 2680 2264 tunc
2733 2210 2791 2264 hi
2848 2211 2947 2282 qui
3000 2211 3319 2281 juraverint
3387 2209 3629 2279 perjurii

1940 2299 2177 2353 crimine
2206 2299 2291 2353 rei
2322 2302 2642 2364 teneantur,
2694 2303 2751 2352 et
2782 2298 3121 2369 paenitentia
3150 2303 3397 2369 peracta,
3432 2298 3627 2369 priora

1941 2393 2219 2458 cogantur
2240 2388 2493 2457 recipere
2524 2388 2833 2441 connubia.

1941 2495 2065 2548 CAP.
2126 2494 2275 2548 XLV.
2330 2496 2413 2548 De
2499 2495 2801 2562 conjugatis
2868 2496 2964 2561 qui
3011 2495 3297 2549 saecularia
3326 2495 3628 2562 relinquere

2610 2566 2941 2619 desiderant.

2046 2654 2156 2720 (Ea:
2182 2653 2342 2707 dictis
2375 2653 2571 2707 Basilii
2590 2654 2874 2721 episcopi.)
2894 2652 2952 2707 Si
2983 2652 3110 2723 quis
3128 2652 3249 2705 vult
3286 2652 3626 2721 conjugatus

1941 2741 2195 2795 converti
2233 2741 2304 2795 ad
2332 2741 2767 2805 monasterium,
2818 2756 2934 2794 non
2967 2745 3050 2794 est
3094 2739 3478 2811 recipiendus,
3517 2739 3627 2793 nisi

1941 2830 2102 2901 prius
2147 2829 2388 2899 conjuge
2437 2829 2832 2883 castimoniam
2885 2830 3189 2898 profitente
3232 2827 3404 2883 fuerit
3459 2829 3625 2882 abso-

1943 2920 2117 2973 lutus.
2153 2919 2294 2973 Nam
2336 2918 2383 2971 si
2416 2917 2534 2983 illa,
2579 2918 2803 2971 vivente
2850 2917 2965 2981 illo,
3004 2934 3107 2986 per
3147 2915 3623 2971 incontinentiam

1865 2997 1905 3051 Ο
1944 3006 2103 3063 alteri
2133 3006 2413 3076 nupserit,
2444 3007 2641 3077 procul
2672 3006 2848 3061 dubio
2890 3007 3146 3060 adultera
3176 3006 3304 3071 erit,
3346 3020 3449 3059 nec
3484 3004 3624 3058 reci-

1938 3097 2094 3169 pitur
2139 3096 2296 3167 upud
2342 3097 2523 3150 Deum
2583 3095 2867 3165 ejusmodi
2937 3095 3045 3149 viri
3095 3095 3409 3157 conversio,
3467 3095 3629 3164 cujus

1939 3185 2201 3256 sequitur
2241 3185 2560 3255 conjugalis
2609 3184 2837 3238 foederis
2885 3183 3232 3253 prostitutio.
3282 3183 3442 3237 Tales
3491 3198 3627 3252 ergo

1939 3279 2077 3327 tunc
2109 3273 2229 3326 sine
2259 3274 2427 3341 culpa
2477 3277 2793 3341 sequantur
2834 3271 3119 3325 Christum
3164 3269 3358 3324 relicto
3397 3272 3626 3339 saeculo,

1937 3362 1984 3416 si
2010 3362 2259 3416 habeant
2313 3376 2379 3414 ex
2439 3360 2563 3429 pari
2615 3359 2908 3413 voluntate
2942 3358 3216 3415 castitatis
3261 3374 3623 3412 consensum.

1939 3469 2065 3523 CAP.
2088 3466 2276 3521 XLVI.
2309 3496 2375 3505 —-
2406 3469 2478 3520 De
2506 3467 2623 3519 viro
2671 3467 2768 3533 qui
2814 3480 3035 3519 umorem
3083 3479 3239 3518 suam
3286 3464 3463 3517 velare
3500 3478 3628 3535 per-

2673 3538 2902 3589 miserit.

2012 3629 2119 3693 (Ea:
2151 3625 2369 3679 concilio
2413 3625 2687 3691 Remensi,
2724 3625 2900 3692 capite
2926 3622 3004 3691 3.)
3038 3622 3145 3686 Qui
3187 3638 3423 3677 uxorem
3464 3638 3628 3676 suam

1940 3713 2268 3785 permiserit
2327 3712 2537 3779 velare,
2571 3712 2741 3766 aliam
2790 3728 2905 3765 non
2955 3710 3212 3782 accipiat,
3262 3727 3319 3764 se
3365 3710 3630 3765 similiter

1940 3804 2322 3857 convertatur.

1943 3910 2070 3964 CAP.
2100 3908 2301 3963 XLVII.
2316 3937 2384 3946 -—
2401 3906 2481 3960 De
2496 3908 2737 3971 muliere,
2766 3909 2815 3961 si
2835 3909 2950 3960 sine
2981 3908 3200 3961 licentia
3218 3908 3330 3960 viri
3349 3908 3437 3962 sui
3456 3906 3629 3961 velum

2556 3980 2664 4032 sibi
2686 3979 3020 4046 imposuerit.

2014 4070 2119 4138 (Ea:
2158 4066 2300 4121 decr.
2330 4065 2483 4135 apud
2528 4066 2929 4136 Compendium,
2989 4069 3166 4135 capite
3201 4065 3273 4133 6.)
3323 4065 3540 4134 Mulier,
3584 4065 3632 4118 si

1945 4157 2066 4210 sine
2098 4153 2324 4209 licentia
2355 4152 2545 4207 mariti
2579 4154 2667 4206 sui
2700 4154 2889 4206 velum
2937 4154 2997 4205 in
3057 4158 3226 4222 caput
3282 4153 3524 4220 miserit,
3583 4154 3631 4207 si

1944 4246 2066 4298 viro
2094 4241 2394 4313 placuerit,
2441 4241 2679 4311 recipiet
2725 4258 2852 4296 eam
2902 4241 3111 4295 iterum
3152 4243 3222 4297 ad
3274 4242 3627 4313 conjugium.

1946 4352 2073 4405 CAP.
2105 4348 2335 4405 XLVIII.
2361 4378 2429 4387 —
2452 4350 2523 4401 De
2541 4349 2658 4401 viro
2685 4349 2781 4415 qui
2800 4350 2915 4402 sine
2947 4350 3137 4402 umoris
3158 4352 3430 4418 permissu
3450 4364 3628 4403 mona-

2419 4421 2611 4473 sticam
2640 4421 2812 4473 vitam
2839 4421 3151 4488 susceperit.

2017 4511 2125 4575 (Em
2158 4522 2270 4573 reg.
2325 4507 2484 4573 Greg.
2545 4506 2619 4560 ad
2674 4507 2915 4559 Adi-ium
2955 4510 3251 4574 notarium,
3316 4510 3490 4576 capite
3520 4506 3632 4578 80.)

2015 4597 2322 4667 Agathosa,
2366 4594 2533 4648 latrix
2562 4594 2957 4664 praesentium,
2998 4599 3200 4665 questa
3232 4599 3316 4649 est
3362 4596 3634 4650 maritum

1946 4702 2114 4740 suum
2143 4689 2341 4739 contra
2372 4684 2723 4737 voluntatem
2750 4699 2909 4737 suam
2945 4682 3005 4737 in
3056 4685 3403 4740 monasterio
3456 4686 3635 4739 urbici

1946 4774 2164 4829 abbatis
2204 4790 2325 4827 esse
2354 4790 2710 4827 conversum.
2754 4774 2917 4837 Quod
2961 4773 3098 4844 quia
3127 4775 3199 4828 ad
3246 4775 3502 4844 ejusdem
3536 4777 3634 4829 ab-

1947 4863 2093 4919 batis
2121 4864 2348 4933 culpam
2377 4868 2433 4915 et
2463 4861 2737 4916 invidiam
2772 4879 2889 4916 non
2923 4867 3009 4916 est
3037 4862 3276 4917 dubium
3325 4864 3633 4934 pertinere,

1947 4950 2313 5022 experientiae
2363 4955 2478 5003 tua;
2532 4950 2894 5020 precipimus
2959 4956 3021 5003 ut
3072 4952 3333 5021 diligenti
3387 4951 3635 5022 inquisi-

1947 5040 2105 5094 tione
2128 5038 2435 5102 discretiat,
2471 5054 2539 5092 ne
2578 5038 2723 5092 forte
2758 5055 2888 5092 cum
2920 5038 3042 5109 ejus
3070 5041 3359 5093 voluntate
3398 5056 3637 5094 conver-

1950 5146 2044 5182 sus
2088 5127 2177 5192 sit,
2229 5126 2317 5180 vel
2373 5126 2496 5196 ipsa
2545 5143 2602 5180 se
2650 5132 2874 5181 mutare
2921 5126 3271 5195 promiserit.
3325 5127 3395 5181 Et
3440 5127 3487 5180 si
3534 5127 3641 5182 hoc

1951 5215 2249 5287 repererit,
2300 5220 2357 5268 et
2387 5214 2548 5267 illum
2590 5214 2650 5268 in
2693 5215 3037 5269 monasterio
3074 5230 3412 5285 permanere
3452 5216 3637 5285 provi-

1952 5307 2103 5373 deat,
2136 5309 2192 5359 et.
2236 5304 2382 5357 hanc
2431 5302 2578 5356 sicut
2624 5303 2890 5374 promisit
2934 5308 3158 5357 mutare
3212 5304 3534 5374 compellat.
3584 5305 3641 5359 Si

1952 5411 2085 5448 vero
2134 5393 2277 5447 nihil
2323 5393 2531 5446 horum
2585 5398 2688 5459 est,
2745 5409 2848 5446 nec
2905 5392 3193 5462 quoddam
3252 5392 3642 5447 fornicationis

1954 5482 2171 5537 crimen
2204 5486 2441 5550 propter
2490 5481 2639 5551 quod
2680 5481 2798 5533 viro
2831 5480 2958 5534 licet
3012 5497 3244 5534 uxorem
3291 5482 3639 5553 relinquere,

1956 5569 2285 5641 prazdictam
2317 5569 2618 5622 mulierem
2653 5569 3004 5623 commisisse.
3052 5569 3410 5639 cognoveris,
3464 5586 3537 5624 ne
3574 5570 3641 5624 il-
