3956 6304
287 256 390 310 823

1365 253 1764 310 BURCHARDI
1803 251 2333 309 WORMACIENSIS
2370 253 2702 311 EPISCOPI.

3681 258 3794 310 82in

291 376 402 431 lius
439 376 732 432 conversio
789 375 956 429 uxori
1011 375 1222 429 relicta:
1275 375 1335 430 in
1393 377 1602 431 saeculo
1650 374 2056 446 ﬁeripossitA
2093 392 2362 461 diximus,
2416 399 2478 448 ut
2529 393 2896 449 ostendamus
2953 409 3129 466 quem
3194 395 3390 466 legum
3451 395 3795 451 εοηωοωω

293 465 636 538 perditionis
670 463 912 530 occasio,
967 465 1230 517 volumus
1275 468 1341 518 nt
1393 465 1634 518 maritus
1679 480 1843 517 suum
1896 463 1982 516 illi

293 554 382 606 vel
413 552 458 606 si
482 553 603 622 jam
659 556 986 606 tonsuratus
1027 557 1130 618 est,
1172 551 1399 619 reddas,
1432 551 1588 604 omni
1619 550 1983 604 excusatione

296 647 570 696 cessante.
607 641 746 694 Nam
777 639 823 692 si
870 644 1105 708 excepta
1152 637 1540 692 fornicationis
1586 655 1753 691 causa
1799 638 1984 692 virum

299 743 537 784 uxorem
589 728 913 797 relinquere
963 728 1119 780 nulla
1169 725 1391 780 ratione
1439 727 1792 793 conceditur,
1852 727 1988 796 quia

302 823 608 889 postquam
653 817 1012 887 copulatione
1061 815 1310 884 conjugii
1358 814 1466 868 viri
1505 821 1674 886 atque
1732 814 1991 869 mulieris

303 922 484 960 unum
514 922 721 975 corpus
746 904 1010 967 efﬁcitur,
1057 919 1172 956 non
1203 907 1392 973 potest
1425 919 1491 957 ex
1522 911 1683 973 parte
1713 902 1990 968 converti,

305 1001 360 1049 et
389 1011 454 1049 ex
484 1000 647 1064 parte
678 993 739 1047 in
766 993 973 1046 szeculo
1008 1007 1259 1045 manere.

307 1087 435 1140 CAP.
469 1084 648 1139 XLIX.
681 1112 749 1122 —-
772 1083 858 1136 De
886 1084 1078 1149 regina
1122 1080 1456 1147 Thietbirga,
1484 1096 1602 1149 quae
1653 1095 1817 1134 causa
1863 1080 1995 1135 reli-

513 1155 693 1224 gionis
715 1169 750 1206 a
777 1152 935 1219 reg-ia
974 1151 1244 1219 dignitate
1282 1151 1558 1204 discedere
1583 1152 1846 1205 voluerat.

379 1240 488 1310 (Ea:
517 1242 673 1310 epist.
725 1239 939 1296 Nicolai
971 1253 1134 1306 papa:
1183 1238 1256 1291 ad
1296 1238 1549 1293 Carolum
1594 1239 1818 1309 regem.)
1849 1236 1997 1292 Scri-

306 1326 422 1396 psit
442 1325 608 1378 nobis
635 1325 966 1395 Thiethirga
998 1326 1218 1395 regina,
1251 1326 1412 1396 regia
1437 1343 1494 1379 se
1524 1327 1667 1380 velle
1718 1326 1999 1396 dignitate

308 1430 409 1467 seu
446 1414 652 1483 copula
681 1413 831 1478 exui,
875 1418 926 1467 et
975 1415 1153 1467 solam
1203 1414 1423 1484 privata
1451 1415 1564 1468 vita
1610 1415 1729 1468 fore
1760 1421 2001 1468 conten-

311 1503 429 1552 tam
460 1497 807 1552 desiderare.
847 1497 948 1551 Cui
999 1513 1102 1550 nos
1150 1498 1479 1568 scripsimus
1536 1516 1649 1552 non
1698 1500 1807 1553 hoc
1839 1499 2002 1552 aliter

311 1584 439 1639 iieri
471 1601 656 1655 posse,
691 1584 802 1638 nisi
834 1585 1099 1638 eamdem
1133 1585 1325 1640 vitam
1379 1587 1584 1657 conjux
1627 1588 1750 1656 ejus
1798 1587 2000 1641 Lotha-

315 1673 433 1727 rius
462 1673 718 1743 elegerit.
780 1673 845 1726 Et
889 1677 1018 1742 post
1063 1688 1259 1742 pauca.
1323 1673 1400 1726 De
1447 1679 1725 1728 retroacta
1773 1679 1999 1728 contro-

315 1763 499 1815 versia
550 1760 880 1831 Thietbirga
936 1776 1051 1814 non
1102 1761 1269 1814 debet
1315 1761 1556 1815 ulterius
1613 1763 1682 1816 ad
1741 1762 2003 1816 iteratam

316 1851 749 1922 responsionem
803 1849 1148 1920 promoveri.
1225 1849 1386 1913 Quod
1438 1850 1582 1905 bene
1663 1851 1840 1904 semel
1907 1851 2006 1904 de-

316 1937 544 1993 ﬁnitum
583 1943 690 2005 est,
719 1942 776 1991 et
811 1937 1163 2007 interpositis
1204 1939 1552 2006 juramentis
1601 1938 2004 2004 deliberatum,

317 2028 476 2080 nulla
507 2026 678 2080 debet
706 2025 1031 2093 iteratione,
1065 2025 1174 2080 nisi
1199 2025 1457 2081 fortassis
1485 2028 1584 2082 ubi
1608 2026 1780 2081 fuerit
1825 2029 2010 2097 major

319 2115 644 2182 auctoritas,
675 2113 990 2168 retractari.

322 2205 451 2259 CAP.
481 2204 541 2259 L.
585 2231 656 2245 —
712 2207 788 2258 De
837 2204 1093 2258 Lolhario
1141 2218 1264 2269 rege
1317 2205 1416 2272 qui
1478 2218 1695 2258 umorem
1752 2219 1907 2260 suam
1955 2206 2013 2258 in

889 2274 1135 2328 custodia
1155 2274 1445 2329 detinebat.

396 2364 561 2428 (Item
587 2361 871 2432 eiusdem.)
902 2362 1130 2430 Verum,
1174 2362 1320 2416 sicut
1350 2363 1666 2416 multorum
1699 2362 1880 2418 relatu
1927 2362 2014 2417 di-

325 2451 590 2518 dicimus,
640 2449 942 2504 Lotharius
972 2465 1067 2503 rex
1122 2455 1464 2504 conventum
1510 2450 1797 2506 celebrare
1828 2451 2018 2522 dispo-

326 2539 432 2606 nit,
495 2544 553 2593 et
601 2538 994 2608 Thietbirgam
1044 2539 1306 2608 reginam
1372 2539 1621 2593 examini
1673 2540 1908 2610 proprio
1962 2543 2018 2593 et

321 2627 536 2699 judicio
569 2627 850 2697 subjicere
881 2627 1204 2681 meditatur.
1241 2628 1308 2681 Et
1363 2627 1412 2681 si
1443 2628 1677 2698 quidem
1707 2644 1832 2682 eam
1873 2645 2020 2699 prae-

329 2717 514 2788 stigiis
564 2716 829 2771 falsitatis
875 2732 990 2770 sua:
1049 2716 1298 2786 potuerit
1351 2717 1638 2781 exhibere,
1689 2717 1851 2788 quasi
1902 2734 2020 2772 non

329 2805 502 2860 fuerit
529 2805 788 2875 legitima
817 2820 920 2858 sua
949 2820 1112 2873 uxor,
1163 2805 1284 2859 vult
1338 2819 1464 2860 eam
1498 2805 1727 2875 penitus
1779 2823 1814 2860 a
1843 2822 1901 2860 se
1931 2823 2018 2862 se-

332 2899 672 2965 questrate:
716 2895 804 2947 sin
850 2897 1040 2947 autem
1085 2895 1204 2946 vult
1256 2908 1383 2947 eam
1423 2897 1699 2964 tanquam
1730 2894 2017 2963 prOpriam

333 2999 572 3036 uxorem
601 2982 927 3047 admittere,
961 2981 1057 3034 sed
1083 2980 1308 3046 deinde,
1333 2981 1496 3051 quasi
1519 2981 1796 3035 mmchata
1824 2981 2019 3048 fuerit,

337 3071 693 3137 insimulare,
726 3076 896 3140 atque
927 3084 1030 3140 pro
1061 3068 1170 3123 hoc
1210 3069 1506 3123 hominem
1552 3086 1721 3124 suum
1751 3074 1808 3124 et
1835 3071 2023 3124 homi-

337 3175 470 3215 nem
519 3159 866 3229 Thietbirgee
912 3158 981 3212 ad
1057 3157 1420 3212 monachiam
1471 3157 1787 3228 impellere,
1840 3162 1916 3224 et,
1977 3159 2026 3212 si

338 3247 515 3302 homo
545 3246 725 3317 ipsius
757 3247 967 3316 regina:
997 3245 1278 3308 ceciderit,
1327 3245 1580 3316 disponit
1606 3247 1754 3300 hanc
1787 3245 1910 3300 sine
1941 3246 2026 3300 di-

339 3337 553 3390 latione
591 3335 892 3406 perimere.
954 3335 1092 3399 Quaa
1141 3339 1422 3405 quantum
1455 3334 1570 3388 sint
1605 3336 1765 3389 omni
1820 3335 2029 3390 divinae

339 3426 426 3480 vel
477 3430 800 3479 sanctorum
851 3426 1103 3489 Patrum,
1168 3423 1283 3494 legi
1324 3423 1632 3490 contraria,
1694 3424 2030 3496 magnitudo

342 3514 664 3584 prudentiae
695 3520 916 3580 vestrae,
948 3513 1257 3579 credimus,
1284 3513 1406 3581 jam
1439 3513 1698 3567 advertit.

345 3603 474 3660 CAP.
527 3605 607 3658 LI.
650 3632 720 3643 —
775 3605 850 3656 De
889 3603 1162 3668 singulari
1197 3603 1504 3665 certamine,
1545 3602 1689 3670 quod
1745 3603 2034 3657 Lotharius

415 3675 636 3728 molitus
659 3679 736 3727 est
765 3679 953 3726 contra
977 3672 1359 3738 Thietbirgam
1384 3688 1606 3726 umorem
1642 3688 1812 3727 suam.

416 3763 575 3832 (Item
617 3760 896 3831 ejusdem.)
948 3759 1400 3814 Monomachiam
1447 3776 1582 3813 vero
1638 3760 1696 3815 in
1741 3761 1867 3832 lege
1918 3777 2035 3816 non

348 3849 716 3910 assumimus,
766 3865 896 3918 quas
934 3853 1280 3918 praeceptam
1321 3847 1496 3902 fuisse
1552 3865 1664 3902 non
1693 3849 2032 3920 reperimus.

348 3936 530 4000 Quam
565 3935 695 3990 licet
721 3935 919 3989 iniisse
948 3934 1227 4005 quosdam
1268 3935 1546 4005 legamus,
1597 3937 1742 3991 sicut
1777 3943 2038 3991 sanctum

353 4023 532 4077 David
590 4029 648 4078 et
696 4024 914 4078 Goliam
976 4038 1134 4076 sacra
1194 4023 1385 4093 prodit
1435 4024 1694 4091 historia,
1753 4041 2037 4096 nusquam

350 4117 545 4166 tamen
605 4117 668 4166 ut
724 4129 830 4182 pro
883 4113 1009 4183 lege
1053 4115 1312 4165 teneatur
1355 4112 1566 4167 alicubi
1613 4114 1806 4168 divina
1853 4115 2041 4167 sanxit

2095 482 2392 536 Lotharius
2431 483 2701 554 congredi
2742 500 2906 554 posse
2951 489 3236 550 autumat,
3287 500 3417 538 cum
3455 501 3794 555 personam,

2095 587 2270 641 quam
2302 571 2363 624 in
2393 571 2510 624 suis
2558 573 2942 642 penetralibus
2991 573 3248 643 quotidie
3283 573 3502 644 fatigat,
3544 580 3603 628 et
3650 591 3796 628 con-

2097 659 2250 727 terit,
2283 661 2512 730 quando
2541 663 2664 712 vult
2717 661 2788 714 ad
2833 661 3118 732 judicium
3165 661 3374 728 educit,
3409 664 3638 732 quando
3671 665 3800 717 vult

2098 749 2169 802 ad
2209 750 2456 802 claustra
2511 750 2726 802 reducit
2761 767 2771 802 :
2821 756 2878 803 et
2913 751 3146 820 quando
3187 750 3393 804 educta
3434 752 3627 818 fuerit,
3683 751 3802 804 nisi

2101 854 2167 891 ea
2196 837 2536 907 proﬁteatur
2585 855 2714 908 qua
2753 838 2874 908 ipse
2903 839 3255 909 praeceperit,
3306 840 3496 909 punit.
3540 842 3802 910 Propriae

2101 927 2278 997 igitur
2320 927 2571 980 libertati
2617 927 2920 992 committi,
2979 933 3036 981 et
3091 928 3162 982 ab
3217 927 3376 981 omni
3427 930 3805 999 oppressione

2103 1032 2167 1069 ac
2196 1020 2476 1086 potestate
2506 1016 2682 1084 illius,
2708 1032 2839 1070 cum
2863 1032 2978 1086 quo
3011 1016 3187 1070 initur
3212 1016 3526 1080 conﬂictus,
3564 1022 3810 1088 oportet

2105 1103 2356 1172 liberari,
2391 1110 2565 1175 atque
2596 1103 2712 1159 suis
2744 1103 3058 1159 liberaliter
3092 1105 3194 1170 uti,
3224 1110 3279 1158 et
3326 1111 3617 1174 suspectas
3666 1121 3806 1176 per-

2105 1209 2273 1247 sonas
2311 1193 2573 1247 convenit
2603 1193 2909 1261 declinare,
2961 1209 3090 1264 qum
3123 1210 3182 1248 se
3233 1194 3303 1248 ab
3348 1193 3586 1265 objectis
3615 1200 3810 1248 osten-

2106 1282 2240 1337 dere
2265 1281 2423 1352 cupit
2451 1283 2792 1336 immunem.

2541 1371 2666 1425 CAP.
2701 1370 2838 1426 LIII.
2877 1399 2950 1410 —
2976 1372 3051 1424 De
3079 1371 3262 1424 eadem
3287 1386 3363 1425 re.

2181 1459 2331 1529 (Item
2375 1458 2562 1530 idem.)
2608 1461 2804 1529 Itaque
2870 1475 3096 1512 summo
3159 1459 3349 1513 studio
3407 1459 3808 1531 Thiethirgam

2111 1547 2415 1618 conjugem
2467 1552 2626 1602 tuam
2673 1552 2948 1618 tanquam
2999 1548 3292 1619 propriam
3332 1564 3564 1602 carnem
3611 1549 3812 1604 fovere

2035 1649 2075 1702 Β
2114 1651 2179 1690 ac
2221 1635 2462 1706 diligere
2499 1642 2830 1704 procurato,
2876 1641 2934 1689 et
3000 1652 3072 1689 ne
3109 1637 3270 1691 illam
3317 1642 3438 1692 ate
3482 1638 3596 1691 ullo
3636 1643 3814 1708 pacto

2111 1725 2432 1779 consentias
2481 1725 2794 1791 discedere,
2853 1724 3160 1795 vigilanter
3199 1727 3448 1779 attende.
3530 1725 3688 1780 Unde
3764 1726 3817 1779 si

2114 1815 2296 1867 vulta
2339 1819 2394 1867 te
2435 1813 2750 1882 discedere,
2798 1813 3044 1884 corripe,
3078 1813 3195 1868 imo
3238 1814 3460 1885 corrige
3505 1830 3653 1880 eam,
3686 1819 3747 1868 et
3780 1830 3820 1868 a

2114 1901 2216 1956 tali
2245 1901 2564 1956 intentione
2595 1918 2696 1970 per
2725 1902 2921 1955 omnia
2963 1918 3228 1956 revocare
3267 1909 3481 1972 satage.
3511 1904 3636 1958 lam
3675 1919 3816 1956 vero

2117 1990 2166 2045 si
2195 2006 2387 2044 amore
2427 1990 2720 2060 pudicitia:
2760 1991 3184 2061 separationem
3234 1991 3458 2061 quaerit,
3501 1996 3556 2044 et
3602 1992 3815 2062 conju-

2119 2079 2264 2150 galis
2322 2077 2592 2133 connubii
2651 2079 3001 2133 solutionem
3077 2079 3370 2150 efﬂagitat,
3423 2083 3641 2133 certum
3703 2083 3815 2144 est,

2117 2167 2393 2237 Apostolo
2429 2166 2671 2232 dicente,
2710 2168 2844 2237 quia
2889 2167 3099 2221 mulier
3131 2168 3220 2221 sui
3264 2167 3519 2238 corporis
3559 2173 3818 2237 potesta-

2118 2261 2234 2310 tem
2266 2271 2384 2308 non
2420 2255 2612 2322 habet,
2645 2256 2741 2310 sed
2772 2255 2872 2310 vir.
2905 2257 3114 2310 Verum
3139 2255 3186 2310 si
3219 2261 3276 2310 et
3307 2257 3428 2326 ipse
3475 2256 3821 2326 pudicitiam

2123 2349 2366 2398 sectatus
2413 2343 2704 2414 religionis
2755 2344 2990 2398 obtentu
3041 2346 3307 2415 copulam
3355 2343 3661 2398 dissolvere
3706 2345 3818 2413 vis,

2125 2437 2348 2486 tantum
2389 2448 2460 2485 ne
2497 2433 2760 2486 simulate
2808 2433 2909 2487 tiat
2949 2433 3338 2487 concedimus.
3396 2434 3537 2487 Nam
3579 2433 3716 2488 licet
3746 2434 3824 2487 sit

2125 2521 2401 2590 scriptum
2435 2537 2448 2574 :
2481 2520 2638 2584 Quod
2666 2521 2816 2575 Deus
2845 2521 3164 2592 conjunxit,
3198 2521 3369 2576 homo
3398 2537 3516 2575 non
3570 2527 3820 2591 separet,

2129 2611 2276 2663 Deus
2316 2614 2510 2662 tamen
2561 2615 2619 2663 et
2671 2625 2785 2662 non
2844 2610 3020 2663 homo
3074 2616 3319 2680 separat,
3367 2610 3597 2680 quando
3639 2610 3825 2664 divini

2128 2698 2339 2754 amoris
2366 2698 2600 2763 intuitu,
2630 2714 2694 2752 ex
2724 2714 3007 2753 consensu
3055 2699 3356 2770 utriusque
3398 2699 3659 2769 conjugis
3697 2715 3817 2753 ma-

2128 2787 2403 2842 trimonia
2442 2787 2851 2841 dissolvuntur.
2882 2787 2938 2842 Si
2977 2803 3115 2858 ergo
3166 2788 3276 2842 hoc
3329 2787 3499 2842 modo
3531 2788 3636 2853 vis,
3687 2803 3824 2858 gra—

2132 2877 2280 2929 tuito
2341 2875 2730 2946 permittimus
2786 2877 3000 2942 animo,
3077 2878 3437 2948 celeremque
3493 2876 3826 2947 praebemus

2136 2979 2426 3018 assensum
2461 2980 2472 3017 :
2507 2964 2673 3018 aliter
2702 2969 2893 3018 autem
2925 2965 3052 3020 ﬁeri
3102 2971 3366 3021 mutuam
3397 2967 3825 3037 separationem

2136 3059 2376 3108 vestram
2401 3052 2792 3124 prohibemus.

2136 3157 2265 3214 CAP.
2299 3159 2431 3214 LIV.
2456 3188 2524 3198 —
2556 3162 2628 3213 De
2658 3160 2768 3213 illis
2825 3159 2926 3228 qui
2950 3161 3010 3214 in
3036 3161 3176 3214 alias
3219 3163 3530 3230 prouincias
3559 3162 3827 3227 fugerint,

2206 3234 2302 3284 aut
2358 3245 2480 3284 suos
2540 3232 2770 3284 seniores
2827 3233 2997 3285 secuti
3042 3233 3277 3300 fuerint,
3353 3238 3403 3287 et
3451 3247 3646 3287 uxores
3703 3247 3834 3286 suas

2209 3301 2356 3355 domi
2375 3302 2710 3370 reliquerint.

2211 3390 2326 3458 (Ea:
2373 3390 2593 3444 concilio
2642 3389 2794 3460 apud
2851 3391 3207 3458 Vermeriam,
3256 3394 3433 3461 capite
3482 3391 3558 3458 6.)
3604 3390 3664 3446 Si
3703 3389 3836 3462 quis

2141 3477 2474 3532 necessitate
2503 3477 2818 3532 inevitabili
2847 3483 3083 3548 cogente
3116 3479 3172 3532 in
3201 3479 3375 3533 alium
3425 3481 3700 3534 ducatum
3732 3497 3833 3534 seu

2142 3565 2495 3637 provinciam
2523 3565 2753 3635 fugerit,
2798 3571 2853 3620 et
2887 3582 3026 3619 uxor
3061 3567 3207 3637 ejus,
3259 3583 3390 3622 cum
3437 3568 3588 3621 valet
3635 3573 3692 3621 et
3738 3584 3842 3638 po-

2142 3661 2276 3720 test,
2306 3670 2500 3708 amore
2531 3660 2836 3724 parentum
2868 3659 2965 3708 aut
2995 3670 3187 3709 rerum
3217 3671 3451 3710 suarum
3480 3671 3611 3709 eum
3669 3655 3836 3726 sequi

2143 3742 2413 3811 noluerit,
2449 3742 2570 3813 ipsa
2597 3743 2752 3796 omni
2775 3747 3032 3814 tempore
3078 3743 3337 3815 quandiu
3379 3743 3467 3796 vir
3491 3743 3615 3814 ejus
3651 3759 3832 3814 quem

2145 3837 2336 3886 secuta
2367 3847 2482 3884 non
2523 3830 2650 3896 fuit,
2693 3830 2850 3898 vivit,
2907 3846 3133 3901 semper
3192 3829 3436 3901 innupta
3476 3836 3840 3900 permaneat.

2146 3921 2247 3976 Ille
2274 3935 2405 3973 vero
2436 3918 2536 3989 qui
2579 3919 2916 3974 necessitate
2957 3924 3192 3990 cogente
3223 3919 3284 3973 in
3334 3919 3444 3973 alia
3485 3918 3670 3989 patria
3719 3936 3843 3973 ma-

2148 4013 2264 4076 net,
2314 4008 2362 4062 si
2409 4023 2707 4078 nunquam
2750 4007 2810 4061 in
2858 4023 3021 4062 suam
3071 4008 3315 4078 patriam
3373 4025 3432 4061 se
3471 4023 3841 4061 reversurum

2149 4103 2357 4168 sperat,
2391 4097 2437 4151 si
2467 4113 2524 4150 se
2554 4097 2847 4150 continere
2877 4114 2989 4150 non
3022 4102 3224 4167 potest,
3254 4097 3424 4150 aliam
3467 4113 3708 4150 uxorem
3749 4113 3847 4151 ac-

352 4200 660 4254 auctoritas
692 4216 705 4254 :
737 4216 866 4254 cum
900 4200 1008 4254 hoc
1037 4204 1095 4254 et
1121 4200 1520 4270 hujuscemodi
1551 4207 1831 4256 sectantes
1855 4202 2035 4256 Deum
2070 4210 2112 4264 D
2152 4185 2344 4256 ciPlat:
2371 4190 2564 4239 tamen
2596 4201 2724 4238 cum
2755 4185 3112 4255 Ρωηίῖθηῖίδο

352 4288 717 4343 solummodo
746 4293 970 4342 tentare
1001 4287 1320 4343 videantur.

355 4396 482 4451 CAP.
520 4397 632 4451 LII.
671 4427 741 4436 ——
777 4397 855 4450 De
883 4397 1090 4463 femina
1119 4395 1184 4449 de
1211 4395 1480 4450 adulterio
1507 4397 1814 4464 inculpata,
1857 4397 1906 4449 si
1924 4411 2043 4449 cum

425 4471 624 4522 marito
677 4468 828 4521 debet
889 4469 1030 4520 inire
1086 4472 1352 4520 certamen
1409 4469 1596 4534 legale,
1641 4482 1750 4520 suae
1784 4469 2044 4535 potestati

425 4541 583 4608 prius
614 4539 766 4592 debet
794 4538 869 4592 ad
900 4544 1104 4607 tempus
1133 4540 1372 4592 restitui.

427 4626 580 4695 (Item
609 4626 890 4697 ejusdem.)
925 4629 1207 4681 Praeterea
1236 4627 1353 4680 sive
1404 4626 1473 4679 de
1520 4625 1777 4696 conjugii
1807 4625 2041 4692 foedere,

359 4715 477 4768 sive
525 4715 596 4768 de
648 4715 915 4768 adulterii
961 4715 1200 4769 crimine
1232 4714 1516 4785 judicium
1571 4713 1642 4767 sit
1687 4714 2044 4784 agitandum,

357 4802 518 4856 nulla
547 4803 691 4856 ratio
725 4804 937 4874 patitur
959 4803 1345 4873 Thietbirgam
1379 4818 1508 4856 cum
1567 4802 1830 4856 Lothario
1881 4819 2045 4874 posse

359 4891 506 4946 inire
537 4891 886 4960 conﬂictum,
934 4893 1022 4945 vel
1068 4891 1391 4961 legitimum
1452 4891 1848 4945 controversim
1901 4891 2047 4945 inire

358 4987 666 5048 certamen,
701 4981 809 5034 nisi
839 4982 996 5050 prius
1031 4985 1102 5033 ad
1141 4986 1368 5049 tempus
1417 4979 1591 5032 fuerit
1621 4995 1734 5032 suae
1779 4979 2048 5050 potestati

360 5074 417 5124 et
453 5069 893 5141 consanguineis
920 5068 1169 5140 propriis
1200 5068 1372 5122 libere
1403 5067 1632 5122 sociata.
1693 5069 1847 5122 Inter
1905 5085 2048 5139 quos

360 5159 534 5212 etiam
574 5159 730 5213 locus
778 5157 1167 5229 providendus
1211 5163 1316 5221 est,
1368 5155 1427 5210 in
1482 5173 1594 5226 quo
1637 5158 1797 5210 nulla
1844 5156 1916 5210 sit
1965 5158 2048 5211 vis

358 5247 746 5302 multitudinis
776 5245 1158 5314 formidanda,
1207 5249 1263 5298 et
1312 5261 1428 5298 non
1482 5245 1554 5298 sit
1601 5244 1834 5298 difﬁcile
1875 5250 2048 5299 testes

355 5337 691 5407 producere,
723 5336 810 5390 vel
842 5340 1078 5389 caeteras
1121 5349 1412 5404 personas,
1463 5349 1592 5404 quas
1637 5339 1752 5386 tam
1781 5350 1812 5387 a
1837 5334 2048 5387 sanctis

356 5427 691 5492 canonibus,
741 5442 916 5497 quam
964 5443 998 5479 a
1036 5423 1373 5478 venerandis
1417 5423 1688 5477 Romanis
1738 5423 1958 5493 legibus
1989 5424 2047 5477 in

358 5515 687 5586 hujusmodi
753 5512 1149 5569 controversiis
1199 5511 1590 5583 requiruntur.
1649 5513 1776 5565 Haec
1838 5509 2047 5566 idcirco

2151 4292 2274 4348 CAP.
2307 4291 2410 4345 LV.
2443 4321 2512 4330 —
2544 4293 2616 4344 De
2643 4293 2862 4357 feminis
2906 4307 3040 4359 quae,
3073 4293 3250 4360 captis
3287 4293 3424 4345 uiris
3456 4291 3541 4345 vel
3580 4293 3641 4344 in
3669 4295 3852 4362 capti-

2502 4364 2725 4416 vitatem
2752 4365 2953 4430 missis,
2990 4364 3116 4416 aliis
3153 4367 3471 4431 nupserunt.

2223 4451 2328 4519 (Ea:
2355 4452 2514 4518 epist.
2547 4451 2736 4504 Leonis
2775 4465 2955 4519 papae,
3007 4452 3184 4519 capite
3223 4449 3335 4521 42.)
3381 4449 3542 4514 Quod
3596 4449 3851 4506 debeant

2149 4539 2403 4606 feminae,
2437 4554 2585 4608 quea,
2619 4538 2798 4610 captis
2829 4538 2964 4592 viris
3005 4544 3062 4592 et
3099 4539 3158 4593 in
3198 4539 3584 4610 captivitatem
3633 4539 3846 4607 ductis,

2153 4628 2280 4681 aliis
2309 4626 2445 4680 viris
2489 4633 2824 4698 nupserant,
2875 4632 3142 4698 putantes
3177 4627 3554 4699 interemptos
3605 4627 3851 4682 maritos

2153 4713 2419 4769 remeatis
2458 4713 2527 4767 de
2567 4714 2891 4784 captivitate
2931 4714 3222 4785 prioribus
3270 4714 3405 4768 viris
3455 4714 3736 4785 copulari,
3785 4720 3855 4770 ut

2154 4804 2360 4874 cuique
2398 4801 2453 4856 id
2494 4802 2650 4874 quod
2693 4803 2949 4873 legitime
2990 4803 3193 4857 habuit
3231 4803 3601 4871 reformetur,
3650 4808 3707 4856 et
3759 4820 3856 4858 re-

2155 4893 2326 4964 cipiat
2358 4891 2748 4962 unusquisque
2779 4892 2932 4963 quod
2957 4908 3126 4946 suum
3154 4897 3260 4960 est,
3283 4898 3340 4946 et
3381 4892 3859 4962 redintegrentur

2157 4983 2369 5036 fcedera
2408 4983 2762 5052 nuptiarum.

2157 5087 2284 5142 CAP.
2319 5087 2450 5140 LVI.
2482 5116 2552 5127 —
2599 5088 2756 5153 Quod
2791 5102 2898 5142 non
2933 5087 3190 5156 probetur
3243 5101 3354 5142 esse
3404 5087 3716 5155 culpabilis,
3757 5089 3861 5155 qui

2227 5174 2447 5212 umorem
2474 5161 2624 5227 capti
2649 5162 2707 5212 in
2743 5161 3086 5213 matrimonio
3115 5159 3331 5213 videtur
3357 5173 3468 5212 esse
3491 5160 3740 5212 sortitus.

2227 5248 2389 5313 (Item
2425 5247 2684 5316 ejusdem,
2751 5250 2927 5316 capite
2969 5246 3089 5315 43.)
3141 5247 3252 5300 Nec
3293 5252 3486 5299 tamen
3543 5245 3858 5315 culpabilis
3885 5289 3899 5300 .

2152 5335 2457 5407 judicetur,
2490 5341 2545 5390 et
2586 5343 2860 5407 tanquam
2901 5336 3074 5390 alieni
3097 5335 3247 5406 juris
3285 5351 3586 5406 perversor
3633 5335 3855 5390 habea-

2155 5429 2266 5489 tur,
2315 5426 2411 5495 qui
2460 5441 2762 5495 personam
2802 5426 2925 5496 ejus
2986 5425 3178 5479 mariti
3234 5425 3334 5496 qui
3380 5424 3500 5495 jam
3560 5441 3676 5478 non
3725 5442 3856 5480 esse

2156 5511 2604 5580 existimabatur,
2661 5512 2992 5584 assumpsit.
3039 5512 3098 5568 Si
3152 5513 3306 5567 enim
3366 5512 3549 5568 multa
3585 5529 3716 5584 quae
3778 5515 3856 5570 ad
