3956 6302
124 307 226 356 825

1134 300 1607 357 DECRETORUM
1652 300 1836 356 LIBRI
1874 302 1980 357 ΧΧ.
2023 331 2091 341 -—
2132 302 2339 356 LIBER
2380 300 2622 358 NONUS.

3535 306 3639 357 8'26

127 440 223 479 eos
252 423 355 494 qui
413 424 476 478 in
524 423 909 494 captivitatem
961 422 1117 477 ducti
1164 428 1295 477 sunt
1332 424 1715 494 pertinebant,
1768 424 1827 477 in
1860 428 1902 481 A
1941 426 2263 479 adulterum
2299 426 2571 479 maritum
2615 425 2915 496 reliquerit
2942 427 3194 493 ﬁdelem,
3222 435 3279 483 et
3312 430 3638 483 adulterum

125 514 217 583 jus
249 514 506 567 alienum
542 513 785 567 transire
818 517 1152 582 potuerunt,
1180 518 1372 566 tamen
1403 514 1639 583 plenum
1660 513 1828 583 justi-

132 601 222 655 tim
284 607 372 655 est
435 608 500 655 ut
577 601 779 654 iisdem
839 601 1077 654 reversis
1134 602 1367 672 propria
1430 602 1829 655 reformentur.

130 690 293 753 Quod
323 690 370 743 si
410 689 469 742 in
501 689 819 759 mancipiis,
871 691 957 743 vel
995 690 1054 742 in
1102 689 1271 759 agris,
1311 694 1408 743 aut
1434 690 1603 743 etiam
1637 707 1695 743 in
1737 690 1835 743 do-

129 778 319 831 mibus
367 793 430 830 ac
459 778 911 846 possessionibus
942 777 1050 830 rite
1094 783 1369 844 servatur,
1397 784 1610 848 quanto
1650 779 1836 848 magis

130 866 192 919 in
265 866 673 935 conjugiorum
722 865 1207 935 redintegratione
1251 866 1576 920 faciendum
1628 866 1723 932 sit,
1776 870 1837 920 ut

130 955 282 1025 quod
316 954 520 1007 bellica
549 954 883 1008 necessitate
915 954 1206 1008 turbatum
1234 960 1338 1019 est,
1382 955 1538 1025 pacis
1580 955 1834 1009 remedio

132 1043 517 1097 reformetur?

134 1133 261 1185 CAP.
311 1132 467 1184 LVII.
500 1160 570 1170 —
604 1133 671 1185 Ut
701 1133 749 1185 si
778 1132 1024 1186 mulieres
1068 1132 1143 1185 ad
1172 1134 1378 1200 priores
1410 1136 1634 1187 maritos
1658 1132 1838 1185 redire

203 1204 511 1267 noluerint,
577 1204 721 1256 velut
788 1204 970 1272 impia:
1043 1204 1402 1258 ecclesiastica
1477 1206 1839 1257 communione

204 1273 497 1326 mirandae
527 1275 659 1326 sint.

202 1275 497 1341 privandae
527 1275 659 1326 sint.

205 1362 359 1431 (Item
409 1361 671 1430 ejusdem,
725 1376 843 1429 cap.
881 1362 992 1428 45)
1037 1360 1092 1415 Si
1126 1365 1313 1415 autem
1342 1361 1549 1431 aliqua:
1572 1361 1839 1416 mulieres

137 1449 213 1502 ita
264 1451 652 1518 posteriorum
698 1450 947 1503 virorum
990 1465 1183 1503 amore
1213 1454 1343 1503 sunt
1392 1458 1588 1520 captae,
1636 1456 1699 1503 ut
1728 1467 1840 1503 ma-

139 1540 242 1591 lint
274 1538 362 1591 bis
388 1539 677 1591 cohaerere
710 1555 881 1608 quam
915 1538 984 1591 ad
1034 1539 1355 1607 legitimum
1389 1539 1573 1592 redire
1605 1555 1841 1591 consor-

141 1626 304 1691 tium,
341 1626 549 1681 merito
580 1632 712 1680 sunt
740 1627 1031 1694 notandae,
1060 1627 1139 1680 ita
1171 1634 1233 1681 ut
1266 1627 1641 1680 ecclesiastica
1682 1642 1842 1679 com-

140 1713 416 1767 munione
445 1714 779 1783 priventur:
832 1732 959 1784 quae
1010 1714 1078 1767 de
1117 1731 1179 1768 re
1216 1714 1521 1769 excusabili
1566 1713 1842 1767 contami-
1876 1715 1916 1768 Β

141 1800 433 1853 nationem
491 1801 746 1854 criminis
807 1801 1122 1870 elegerunt,
1197 1802 1559 1855 ostendentes
1617 1801 1846 1854 sibimet

141 1905 242 1957 pro
269 1905 374 1941 sua
401 1888 815 1943 incontinentia
864 1890 1161 1959 placuisse,
1205 1890 1355 1960 quod
1383 1891 1539 1959 justa
1582 1890 1843 1942 remissio

143 1981 364 2047 poterat
397 1976 644 2047 expiare.
684 1978 937 2031 Redeant
976 1994 1111 2047 ergo
1168 1978 1228 2030 in
1282 1994 1447 2031 suum
1506 1983 1715 2031 statum
1750 1994 1843 2030 vo-

144 2065 395 2118 luntaria
424 2065 908 2135 redintegratione
951 2066 1234 2136 conjugia,
1288 2083 1473 2137 neque
1519 2067 1636 2119 ullo
1674 2066 1844 2119 modo

145 2152 210 2205 ad
296 2152 675 2221 opprobrium
758 2155 923 2207 malas
979 2154 1289 2208 voluntatis
1361 2154 1619 2206 trahatur
1691 2152 1845 2223 quod

146 2240 397 2294 conditio
446 2242 799 2295 necessitatis
849 2242 1128 2295 extorsit:
1182 2242 1316 2312 quia
1370 2242 1515 2295 sicut
1570 2243 1658 2295 hm
1717 2258 1843 2294 mu-

145 2329 311 2382 lieres
347 2345 476 2399 qnaa
516 2330 720 2383 reverti
773 2330 842 2383 ad
900 2331 1047 2383 viros
1101 2347 1234 2383 suos
1292 2330 1596 2395 noluerint,
1653 2330 1846 2400 impiae

149 2421 280 2470 sunt
336 2416 638 2485 habendae,
714 2418 794 2470 ita
833 2417 945 2471 illae
998 2418 1056 2470 in
1117 2418 1383 2471 allectum
1438 2435 1506 2471 ex
1563 2418 1677 2471 Deo
1734 2418 1849 2471 ini-

149 2512 271 2559 tum
303 2505 549 2559 redeunt
578 2506 783 2560 merito
816 2511 949 2560 sunt
979 2506 1297 2559 laudandae.

155 2594 279 2648 CAP.
318 2594 502 2647 LVIII.
534 2622 606 2635 —
639 2597 705 2649 Ut
733 2597 781 2647 si
807 2597 916 2647 viri
954 2595 1018 2647 de
1039 2597 1355 2663 captivitate
1381 2596 1613 2662 regressi
1649 2597 1847 2647 intem-

222 2668 483 2733 perantia
512 2681 743 2719 umorum
801 2665 992 2733 offensi
1042 2681 1147 2718 non
1192 2668 1422 2731 fuerint,
1455 2671 1505 2718 et
1554 2667 1849 2719 voluerient

224 2752 318 2859 fa:
368 2738 428 2787 in
498 2738 748 2805 conjugio
802 2739 1056 2805 recipere,
1117 2737 1340 2789 liberam
1397 2737 1629 2790 habeant
1675 2738 1849 2802 facul-

249 2823 283 2858 a
310 2822 411 2859 em.

249 2822 411 2860 atem.

226 2894 383 2963 (Item
423 2894 677 2964 ejusdem,
708 2897 881 2965 capite
906 2895 1016 2958 44.)
1052 2895 1113 2947 Et
1144 2894 1273 2948 ideo
1312 2894 1359 2948 si
1403 2894 1509 2948 viri
1553 2898 1680 2964 post
1725 2894 1847 2947 lon-

159 2999 287 3053 gam
315 2983 703 3052 captivitatem
754 2983 982 3051 reversi,
1036 2984 1114 3037 ita
1171 2984 1232 3037 in
1261 2983 1565 3038 dilectione
1618 3000 1847 3036 suarum
1884 2992 1923 3046 C

161 3072 469 3141 conjugum
502 3078 868 3141 perseverent
900 3076 958 3125 ut
995 3088 1089 3125 eas
1119 3072 1354 3141 cupiant
1379 3072 1437 3125 in
1470 3089 1637 3125 suum
1668 3072 1852 3124 redire

162 3161 540 3229 consortium,
565 3160 946 3215 omittendum
977 3166 1062 3215 est
1105 3167 1161 3216 et
1190 3161 1535 3233 inculpabile
1582 3160 1853 3231 judican—

162 3250 297 3303 dum
355 3250 511 3319 quod
565 3249 867 3303 necessitas
928 3249 1142 3319 intulit,
1197 3255 1253 3304 et
1308 3250 1726 3304 restituendum
1769 3252 1855 3301 est

165 3338 313 3409 quod
335 3338 481 3392 ﬁdes
510 3339 713 3407 poscit.

166 3428 297 3481 CAP.
338 3428 465 3481 LIX.
496 3457 564 3466 —
591 3430 661 3481 De
718 3428 812 3481 illo
843 3430 939 3495 qui
982 3429 1041 3480 in
1070 3429 1392 3496 paganismo
1449 3442 1671 3481 uxorem
1702 3440 1856 3480 suam

867 3499 1156 3553 dimiserit.

234 3587 355 3653 (Ea:
385 3586 528 3640 decr.
558 3587 798 3654 Eutych.
829 3586 1031 3656 papae.)
1072 3586 1127 3641 Si
1168 3584 1296 3656 quis
1327 3584 1555 3654 gentilis
1585 3584 1858 3655 gentilem

166 3674 451 3729 dimiserit
500 3691 731 3728 uxorem
772 3682 902 3729 ante
956 3675 1256 3745 baptisma,
1318 3680 1444 3745 post
1510 3674 1859 3742 baptismum

168 3764 223 3817 in
256 3766 540 3835 potestate
566 3763 688 3833 ejus
740 3764 848 3818 erit
892 3780 1017 3817 eam
1076 3764 1306 3827 habere,
1360 3762 1447 3817 vel
1477 3778 1592 3818 non
1629 3762 1855 3815 habere.

170 3854 296 3908 CAP.
332 3853 438 3909 LX.
466 3883 534 3891 —
572 3855 642 3907 De
683 3854 981 3923 baptizata,
1034 3855 1083 3906 si
1114 3869 1255 3907 uxor
1305 3853 1418 3922 (jus
1476 3852 1712 3920 inﬁdelis
1745 3867 1862 3905 con-

809 3926 948 3978 verti
972 3926 1222 3979 noluerit.

240 4014 351 4081 (Ea:
382 4012 531 4065 decr.
564 4012 847 4083 ejusdem.)
889 4013 1072 4066 Simili
1102 4013 1270 4066 modo
1318 4012 1364 4065 si
1388 4027 1535 4066 unus
1571 4027 1633 4064 ex
1661 4010 1865 4080 conju-

173 4102 320 4171 gatis
354 4101 670 4171 baptizatus
727 4108 830 4167 est,
885 4107 943 4155 et
974 4103 1116 4155 alter
1153 4101 1402 4171 gentilis,
1436 4106 1494 4154 et
1545 4100 1705 4169 sequi
1749 4114 1863 4152 nou

172 4192 313 4256 vult,
344 4190 417 4243 sit
446 4189 592 4245 sicut
623 4190 761 4244 dicit
811 4192 1117 4261 Apostolus
1152 4206 1165 4244 :
1218 4189 1467 4244 Inﬁdelis
1497 4188 1545 4242 si
1604 4187 1863 4252 discedit,

176 4278 450 4332 discedat.

176 4368 304 4421 CAP.
349 4365 475 4420 LXI.
507 4394 579 4406 —
620 4369 695 4421 De
748 4368 842 4421 illo
894 4369 989 4435 qui
1036 4371 1160 4421 ante
1217 4366 1543 4435 baptismum
1598 4365 1873 4419 mulierem

727 4441 993 4505 virginem
1023 4442 1320 4507 acceperat.

246 4527 356 4597 (Ea:
443 4527 665 4581 concilio
710 4528 990 4594 Meldensi,
1039 4527 1215 4595 capite
1266 4527 1338 4595 2.)
1368 4526 1423 4581 Si
1454 4525 1583 4596 quis
1610 4524 1874 4579 habuerit

177 4631 417 4671 uxorem
457 4615 739 4685 virginem
785 4622 914 4670 ante
966 4616 1271 4685 baptisma,
1332 4616 1554 4669 vivente
1600 4615 1699 4668 illa
1745 4618 1875 4684 post

178 4706 465 4776 baptisma
508 4705 743 4758 alteram
796 4705 1006 4759 habere
1064 4721 1179 4758 non
1236 4709 1444 4776 potest.
1515 4703 1769 4759 Crimina
1814 4702 1873 4755 in

180 4794 463 4864 baptismo
487 4793 801 4858 solvuntur,
827 4810 945 4846 non
975 4792 1261 4862 conjugia.

181 4882 305 4937 CAP.
348 4883 503 4936 LXII.
546 4910 617 4920 —
659 4885 725 4935 De
754 4883 864 4936 itlis
894 4884 1111 4947 femmis
1144 4898 1279 4949 quae,
1308 4882 1460 4933 nulla
1496 4895 1661 4934 causa
1716 4882 1877 4933 inter-

534 4956 793 5018 venienle,
835 4955 1171 5022 reliquerunt
1200 4956 1343 5006 viros
1376 4967 1517 5006 suos.

251 5042 359 5110 (Ea:
424 5043 647 5097 concilio
700 5043 1025 5106 Elibertan.,
1085 5045 1262 5111 capite
1317 5043 1395 5110 7.)
1453 5042 1597 5095 Item
1644 5038 1875 5093 feminae

184 5146 310 5200 qua:
332 5131 492 5184 nulla
520 5132 877 5201 praecedente
913 5148 1081 5185 causa
1126 5131 1482 5201 reliquerunt
1535 5129 1684 5182 viros
1724 5144 1874 5195 suos,

186 5226 238 5273 et
266 5218 433 5274 alteri
463 5235 522 5273 se
552 5204 983 5290 copulaverunt,
1028 5225 1086 5274 et
1124 5219 1185 5273 in
1232 5220 1337 5273 hoc
1394 5233 1733 5288 permanere
1781 5234 1877 5271 vo-

189 5309 419 5374 luerint,
454 5324 559 5363 nec
593 5308 652 5362 in
684 5308 799 5364 fine
829 5308 1111 5378 accipiant
1130 5306 1617 5362 communionem.

189 5400 313 5452 CAP.
349 5398 540 5454 LXIII.
572 5426 641 5438 —
664 5401 738 5452 De
769 5400 976 5463 femina
1017 5413 1135 5466 qua
1163 5398 1470 5450 adulterum
1516 5396 1801 5461 reliquerit
1830 5398 1879 5447 et

718 5470 1026 5523 adulterum
1065 5471 1344 5536 acceperit.

258 5559 376 5623 (Ex
420 5558 623 5624 eodem,
689 5561 864 5627 capite
916 5560 990 5627 9.)
1052 5558 1193 5612 Item
1247 5554 1459 5611 femina
1510 5552 1696 5608 ﬁdelis
1752 5569 1880 5624 quae

1941 514 2117 579 ducit,
2151 514 2528 583 prohibeatur
2558 530 2629 567 ne
2658 514 2846 567 ducat.
2896 515 2952 571 Si
3006 522 3197 569 autem
3247 517 3491 585 duxerit,
3522 533 3638 571 non

1942 603 2098 673 prius
2130 604 2371 673 accipiat
2395 603 2867 657 communionem
2899 619 3072 673 quam
3114 604 3161 656 is
3192 620 3360 674 quem
3408 605 3642 675 reliquit

1943 692 2012 745 de
2035 693 2241 745 smculo
2276 692 2498 757 exierit,
2565 691 2674 745 nisi
2726 691 2873 745 forte
2934 691 3240 745 necessitas
3289 692 3639 745 inﬁrmitatis

1944 781 2079 834 dare
2112 782 2473 849 compulerit.

1946 869 2072 923 CAP.
2322 900 2387 947 τ-
2422 869 2573 935 (ὶιιοά
2600 885 2771 947 neque
2810 869 3089 947 dimissus
3116 870 3183 922 ab
3235 884 3424 947 uxore,
3474 885 3643 938 neque

2195 942 2429 993 dimissa
2459 957 2492 993 a
2530 944 2747 1006 marito,
2780 942 2939 993 alteri
2967 941 3390 1008 conjungantur.

2018 1031 2121 1089 (E1:
2160 1031 2378 1083 concilio
2409 1030 2693 1094 Africano,
2727 1032 2903 1097 capite
2933 1032 3046 1099 63.)
3090 1029 3310 1082 Placuit
3343 1033 3403 1082 ut
3441 1044 3645 1082 secun-

1945 1117 2080 1171 dum
2111 1117 2498 1187 evangelicam
2529 1122 2583 1171 et
2631 1118 3000 1187 apostolicam
3043 1118 3424 1187 disciplinam,
3458 1134 3645 1187 neque

1947 1205 2216 1260 dimissus
2256 1206 2324 1258 ab
2367 1222 2558 1273 uxore,
2604 1222 2789 1275 neque
2848 1206 3137 1260 dimissaa
3187 1206 3413 1271 marito,
3478 1204 3644 1259 alteri

1947 1292 2389 1361 conjuugantur,
2422 1290 2520 1344 sed
2577 1291 2655 1344 ita
2700 1297 2987 1357 maneant,
3035 1298 3133 1346 aut
3174 1292 3403 1346 sibimet
3443 1308 3643 1345 recon-

1947 1380 2229 1433 cilientur.
2281 1380 2444 1444 Quod
2503 1379 2550 1432 si
2598 1380 3068 1453 contempserint,
3117 1380 3185 1434 ad
3246 1380 3643 1453 pmnitentiam

1949 1469 2297 1536 redigantur.

1951 1557 2079 1610 CAP.
2114 1556 2260 1609 LXV.
2290 1586 2357 1593 —
2384 1556 2461 1608 De
2492 1557 2583 1609 illo
2614 1558 2710 1623 qui
2730 1558 2939 1609 vivente
2968 1559 3165 1610 marito
3187 1558 3465 1625 conjuqem
3496 1556 3646 1609 illius

2022 1626 2355 1679 adulterasse
2404 1633 2710 1691 accusatur,
2769 1632 2819 1681 et
2867 1644 2984 1680 eam
3058 1632 3180 1696 post
3251 1630 3365 1695 ejus
3443 1629 3645 1680 obitum

2024 1700 2315 1765 sumpsisse
2347 1696 2702 1763 dignoscitur.

2025 1785 2132 1855 (Ea:
2180 1786 2401 1839 concilio
2458 1785 2737 1839 Meldensi.
2792 1787 2966 1853 capite
3017 1787 3100 1840 69.
3112 1814 3128 1855 λ
3170 1785 3218 1837 Is
3278 1783 3376 1855 qui
3424 1784 3647 1836 vivente

1954 1874 2159 1927 marito
2179 1873 2484 1944 conjugem
2524 1873 2677 1927 illius
2735 1874 3080 1928 adulterasse
3135 1878 3448 1937 accusatur,
3500 1878 3557 1924 et
3581 1886 3647 1923 eo

1953 1962 2014 2015 in
2037 1962 2294 2031 proximo
2320 1961 2585 2017 defuncto
2618 1963 2877 2015 eamdem
2919 1961 3229 2031 sumpsisse
3272 1959 3646 2031 dignoscitur,

1955 2050 2301 2105 omnimodis
2359 2050 2600 2120 publicae
2629 2051 2981 2120 pmnitentias
3042 2050 3352 2118 subigatur.
3417 2050 3493 2101 De
3534 2062 3648 2116 quo

1954 2140 2127 2193 etiam
2159 2144 2289 2208 post
2328 2139 2722 2208 paenitentiam
2756 2139 3013 2207 prmfata,
3043 2139 3090 2191 si
3157 2135 3489 2207 expedierit,
3537 2150 3651 2187 ser-

1954 2228 2180 2281 vabitur
2208 2228 2425 2297 regula,
2461 2226 2569 2279 nisi
2596 2228 2759 2294 forte,
2792 2227 2846 2280 id
2901 2234 3003 2292 est,
3062 2232 3159 2280 aut
3203 2226 3412 2279 mulier
3463 2223 3648 2276 virum

1957 2318 2054 2388 qni
2102 2322 2360 2369 mortuus
2407 2316 2592 2369 fuerat
2633 2316 2902 2369 occidisse
2958 2319 3205 2379 notetur,
3268 2320 3366 2366 aut
3413 2310 3647 2383 propin-

1957 2406 2143 2476 quitas
2175 2405 2261 2459 vel
2306 2404 2419 2458 alia
2473 2404 2744 2474 quaelibet
2796 2404 2942 2457 actio
2990 2402 3302 2457 criminalis
3354 2398 3647 2471 impediat.

1955 2493 2115 2558 Quod
2148 2493 2196 2546 si
2224 2493 2527 2563 probatum
2559 2492 2749 2558 fuerit,
2801 2492 2921 2545 sine
2950 2492 3065 2545 ulla
3103 2508 3201 2562 spe
3248 2488 3499 2559 conjugii
3521 2501 3650 2539 cum

1957 2582 2290 2651 poenitentia
2344 2588 2623 2650 perpetuo
2664 2584 2951 2633 maneant.
2991 2579 3048 2633 Si
3106 2584 3294 2631 autem
3363 2573 3654 2646 negaverit

1957 2686 2015 2723 se
2048 2669 2306 2722 eamdem
2355 2668 2627 2722 feminam
2662 2669 2885 2721 vivente
2913 2668 3033 2720 viro
3074 2680 3440 2736 nequaquam
3492 2661 3649 2715 adul-

1956 2764 2193 2823 terasse,
2223 2762 2278 2811 et
2308 2756 2525 2827 praefati
2549 2756 2845 2810 homicidii
2876 2761 3077 2809 neuter
3093 2771 3289 2810 eorum
3322 2768 3449 2805 reus
3481 2749 3651 2803 exsti-

1956 2847 2110 2912 terit,
2167 2852 2223 2900 et
2277 2845 2527 2916 probatis
2580 2845 2817 2899 testibus
2870 2850 3075 2898 neuter
3131 2858 3333 2898 eorum
3394 2837 3653 2893 convinci

1962 2934 2233 3005 potuerit,
2258 2938 2504 3004 purgent
2536 2933 2795 3004 legaliter
2844 2934 3057 2987 famam
3087 2948 3203 2985 suae
3246 2927 3552 3000 Opinionis,
3603 2929 3659 2978 et

1965 3030 2192 3093 sumpto
2250 3028 2484 3076 utantur
2527 3023 2815 3092 conjugio,
2875 3022 2922 3075 si
2951 3021 3084 3084 alia,
3126 3026 3192 3075 ut
3236 3018 3503 3083 diximus,
3544 3031 3656 3067 non

1962 3112 2291 3184 impedierit
2323 3112 2487 3165 ratio.

2388 3201 2514 3255 CAP.
2552 3200 2724 3255 LXVI.
2759 3230 2827 3240 -—-
2846 3203 2917 3254 De
2945 3199 3129 3253 eadem
3156 3214 3231 3252 re.

2035 3290 2150 3361 (Ea:
2171 3291 2393 3344 concilio
2428 3290 2625 3343 Tribur
2657 3331 2669 3353 ,
2692 3289 2874 3357 capite
2912 3290 2982 3353 3.)
3018 3289 3279 3341 Relatum
3311 3287 3397 3337 est
3426 3281 3661 3335 auribus

1966 3385 2291 3433 sanctorum
2342 3378 2723 3446 sacerdotum,
2773 3377 3077 3447 quemdam
3121 3374 3352 3427 alterius
3417 3386 3659 3423 uxorem

1966 3472 2163 3537 stupro
2196 3466 2453 3518 violasse:
2489 3466 2723 3535 insuper
2753 3470 2807 3517 et
2835 3465 3088 3527 moechae,
3121 3462 3341 3515 vivente
3374 3458 3493 3511 viro
3537 3473 3659 3522 suo,

1959 3557 2355 3627 juramentum
2387 3552 2629 3619 dedisse,
2661 3556 2725 3605 ut
2753 3557 2884 3623 post
2911 3550 3151 3620 legitimi
3190 3547 3382 3602 mariti
3421 3548 3663 3599 mortem

1970 3647 2014 3697 si
2046 3642 2467 3712 supervixisset,
2532 3641 2763 3695 duceret
2820 3657 3075 3694 UXOI‘BIII.
3127 3638 3289 3702 Quod
3346 3641 3403 3689 et
3451 3636 3665 3689 factum

1970 3736 2074 3787 est.
2103 3732 2234 3785 Tale
2286 3729 2460 3799 igitur
2516 3728 2869 3783 connubium
2919 3727 3291 3798 prohibemus
3343 3729 3398 3778 et
3438 3723 3668 3777 anathe-

1973 3820 2328 3875 matizamus.

1975 3928 2100 3982 CAP.
2138 3924 2335 3980 LXVII.
2374 3956 2441 3963 —
2464 3928 2536 3978 De
2567 3925 2661 3978 illo
2808 3939 3028 4048 umortem
3051 3922 3229 3985 habet,
3258 3921 3524 3989 etszepius
3551 3933 3671 3971 ma:-

2666 4010 2691 4048 c
2714 4011 2765 4047 ia
2795 4010 2854 4048 us
2883 4011 2935 4048 es
2968 4036 2979 4047 .

2666 4010 2854 4048 enatus
2883 4010 2979 4048 ρει.

2048 4084 2165 4155 (Ea:
2185 4084 2406 4137 concilio
2436 4083 2767 4149 Elibertan.,
2821 4085 2997 4151 capite
3052 4082 3133 4150 4.)
3185 4080 3245 4134 Si
3301 4078 3428 4149 quis
3487 4074 3672 4129 ﬁdelis

1976 4172 2192 4226 habens
2242 4187 2476 4223 uxorem
2526 4186 2640 4223 non
2687 4170 2859 4222 semel
2910 4170 3009 4223 sed
3068 4167 3278 4237 smpius
3314 4164 3487 4219 fuerit
3527 4179 3672 4215 ma:-

1903 4270 1943 4322 Ι)
1982 4261 2199 4324 chatus,
2235 4259 2289 4311 in
2324 4259 2437 4312 ﬁne
2494 4258 2694 4311 mortis
2748 4264 2832 4311 est
2862 4257 3308 4311 conveniendus.
3343 4253 3502 4317 Quod
3542 4251 3587 4304 si
3613 4266 3673 4303 se

1980 4347 2311 4419 promiserit
2353 4351 2726 4413 cessaturum,
2787 4346 2956 4399 detur
3008 4346 3059 4398 ei
3107 4343 3461 4397 communio.
3504 4339 3559 4393 Si
3589 4354 3676 4391 re-

1981 4436 2281 4490 suscitatus
2306 4451 2501 4488 rursus
2552 4434 2726 4488 fuerit
2783 4434 3115 4498 moechatus,
3175 4430 3388 4501 placuit
3436 4426 3677 4482 ulterius

1983 4541 2098 4578 non
2128 4524 2370 4577 illudere
2403 4524 2541 4577 alios
2576 4524 2643 4577 de
2674 4523 3077 4576 communione
3107 4520 3278 4591 pacis.

1984 4617 2112 4669 CAP.
2147 4613 2375 4668 LXVIII.
2407 4643 2475 4652 —
2514 4613 2574 4668 Si
2600 4614 2771 4666 laicus
2813 4612 3086 4666 absolutus
3116 4626 3234 4665 cum
3260 4611 3403 4665 laica
3431 4608 3677 4662 absoluta

2670 4687 2989 4752 peccaverit.

2053 4774 2165 4842 (Ea:
2185 4774 2409 4827 concilio
2449 4773 2726 4837 Meldensi,
2758 4774 2933 4841 capite
2956 4773 3034 4840 7.)
3072 4770 3129 4825 Si
3159 4769 3337 4823 laicus
3368 4785 3496 4822 cum
3536 4767 3681 4821 laica

1982 4861 2217 4928 femina,
2259 4862 2316 4915 id
2374 4866 2477 4922 est,
2530 4867 2771 4931 uterque
2823 4861 3118 4915 absolutus
3167 4876 3198 4911 a
3257 4860 3384 4927 lege
3428 4854 3680 4924 conjugii

1984 4950 2373 5014 concubuerit,
2416 4955 2531 5003 tres
2562 4967 2737 5003 annos
2762 4951 3092 5020 pmniteant.
3132 4949 3195 5002 Et
3218 4951 3432 5017 quanto
3473 4944 3681 5013 saepius

1986 5046 2042 5093 et
2071 5038 2458 5108 negligentius
2513 5054 2579 5091 ea
2611 5046 2841 5107 peccata
2896 5037 3327 5099 commiserunt,
3370 5038 3528 5087 tanto
3563 5047 3686 5084 ma-

1986 5128 2073 5199 gis
2104 5132 2160 5181 et
2185 5132 2413 5197 tempus
2434 5127 2697 5193 addatur,
2729 5132 2785 5180 et
2828 5128 3030 5181 modus
3056 5123 3430 5195 paenitentiae.

1988 5218 2115 5273 CAP.
2151 5217 2320 5271 LXIX.
2370 5245 2438 5256 —
2490 5218 2563 5270 De
2598 5231 2777 5352 uxore;
2808 5231 2926 5340 qut:
2966 5217 3172 5269 conscio
3200 5213 3397 5266 marito
3422 5209 3686 5264 mwchata

2776 5302 2890 5339 ueri
2922 5326 2933 5338 .

2776 5302 2933 5339 uerat.

2060 5376 2176 5447 (Ea:
2207 5377 2428 5430 concilio
2464 5378 2730 5443 Mogunt.,
2757 5377 2934 5444 capite
2967 5372 3051 5443 9.)
3095 5374 3153 5429 Si
3205 5372 3427 5427 conscio
3477 5371 3686 5425 marito

1989 5471 2046 5519 et
2074 5465 2195 5536 ipso
2246 5464 2638 5519 consentiente
2692 5479 2835 5517 uxor
2890 5464 3171 5517 mmchata
3219 5462 3413 5525 fuerit,
3473 5461 3693 5532 placuit

1992 5570 2093 5607 nec
2118 5552 2176 5606 in
2224 5554 2335 5607 ﬁne
2375 5552 2619 5605 dandam
2648 5550 2729 5605 eis
2773 5551 3257 5606 communionem.
3301 5552 3360 5607 Si
3397 5568 3529 5606 vero
3559 5567 3689 5608 eam
