3944 6302
271 313 372 364 827

1342 303 1750 360 BURCIIARDI
1787 301 2316 358 \VORMACIENSIS
2351 299 2693 354 EPISCOPI.

3673 301 3784 353 828

270 433 587 506 reliquerit,
621 438 678 488 et
717 431 966 503 separati
1003 430 1239 500 fuerint,
1270 433 1327 484 et
1364 429 1535 500 digne
1570 429 1960 499 pcenituerint,
1996 429 2043 480 A
2081 426 2226 480 ritus
2262 440 2387 480 eam
2432 423 2731 492 invenerit,
2777 425 2833 476 et
2861 421 3175 492 repetierit,
3227 422 3542 478 secundum
3608 437 3786 476 sacu-

268 527 400 594 post
430 524 624 577 decem
650 537 828 575 annos
879 519 1163 589 accipiant
1193 519 1677 572 communionem.

273 613 399 667 CAP.
435 612 576 665 LXX.
607 641 676 649 —
711 613 782 664 De
810 612 926 662 viro
963 623 1181 661 uxorem
1213 622 1314 660 non
1346 607 1586 667 habente,
1607 608 1658 658 si
1687 621 1804 659 cum
1830 605 1962 658 atte-

559 683 675 734 rius
703 695 876 734 umore
909 680 1238 732 adulterium
1264 679 1678 746 perpetraverit.

344 769 452 840 (Ea:
505 771 725 823 concilio
754 769 1085 832 Nanneten.,
1119 769 1295 835 capite
1325 769 1400 830 6.)
1434 765 1595 828 Quod
1643 765 1689 817 si
1721 763 1806 817 vir
1848 779 1966 817 non

273 858 491 912 habens
523 873 757 910 uxorem
791 872 919 909 cum
951 855 1186 908 alterius
1231 869 1406 907 uxore
1445 851 1794 906 adulterium
1836 867 1966 921 per-

272 945 536 1015 petravit,
561 949 658 998 aut
707 944 753 997 si
784 960 896 1013 qua
947 942 1151 996 mulier
1181 957 1298 995 non
1329 941 1545 994 habens
1593 941 1779 994 virum
1836 955 1966 992 cum

274 1033 506 1088 alterius
559 1033 701 1098 viro,
762 1033 857 1086 ille
908 1031 1006 1101 qui
1057 1031 1238 1085 foedus
1287 1029 1520 1083 violavit
1569 1028 1846 1099 conjugii,
1895 1044 1966 1080 vn

275 1138 470 1189 annos,
505 1128 564 1174 ut
591 1137 762 1191 supra
816 1119 1033 1173 dictum
1066 1123 1169 1185 est,
1216 1117 1510 1189 poeniteat.
1563 1117 1661 1170 Ille
1689 1117 1787 1187 qui
1843 1117 1968 1187 lege

274 1209 528 1280 conjugii
582 1226 695 1263 non
756 1213 1001 1272 tenetur,
1065 1207 1321 1278 quinque
1406 1222 1586 1259 annos
1673 1205 1964 1276 poeniteat.

279 1300 470 1370 Neque
513 1297 668 1352 enim
730 1297 967 1367 aequalis
1014 1295 1350 1366 poenitentia
1392 1294 1580 1348 danda
1609 1299 1696 1347 est
1726 1293 1815 1348 his
1847 1293 1970 1364 qui-

271 1387 378 1441 bus
407 1385 665 1440 sufticere
717 1390 944 1454 poterat
993 1385 1059 1438 ad
1096 1383 1432 1453 explendam
1477 1381 1776 1436 libidinem
1808 1399 1968 1436 suam

271 1475 580 1546 conjugum
610 1475 905 1542 amplexus
937 1489 949 1526 :
993 1478 1048 1526 et
1093 1473 1204 1526 illis
1235 1471 1353 1542 qui,
1389 1472 1632 1541 conjuge
1689 1477 1966 1534 carentes,

273 1565 476 1620 ardore
516 1561 770 1618 libidinis
794 1562 1150 1632 impellente,
1181 1561 1242 1614 in
1280 1559 1714 1614 fornicationem
1753 1559 1970 1612 cecide-

273 1657 426 1708 runt.

275 1743 406 1798 CAP.
434 1739 600 1795 LXXI.
637 1768 705 1778 --
747 1741 819 1793 De
845 1739 1150 1805 conjugatis
1179 1739 1276 1805 qui
1304 1737 1495 1806 aliqua
1524 1741 1668 1790 certa
1697 1751 1757 1790 re
1803 1736 1969 1791 disci-

595 1810 746 1864 dium
770 1811 1018 1876 fecerint,
1050 1815 1110 1862 ut
1140 1810 1358 1877 innupti
1377 1813 1647 1861 maneant.

347 1901 454 1969 (Ea:
482 1899 643 1954 dictis
673 1896 932 1967 August.)
966 1897 1270 1966 Apostolus
1291 1896 1498 1949 Paulus
1528 1894 1666 1948 dicit
1695 1910 1707 1948 :
1744 1894 1841 1949 His
1871 1892 1971 1964 qui

273 1993 406 2043 sunt
435 1988 495 2041 in
539 1986 806 2057 conjugio
856 1985 1151 2055 praecipio,
1205 2000 1316 2037 non
1342 1999 1470 2052 ego,
1511 1982 1608 2036 sed
1669 1983 1966 2050 Dominus,

277 2092 514 2131 uxorem
541 2093 574 2129 a
629 2075 750 2128 viro
805 2091 924 2128 non
985 2071 1496 2143 discederezquod
1539 2070 1584 2124 si
1624 2070 1966 2136 discesserit,

273 2180 506 2219 manere
536 2163 860 2233 innuptam,
914 2167 1013 2216 aut
1056 2162 1176 2215 viro
1222 2177 1325 2214 suo
1360 2159 1730 2214 reconciliari.
1781 2161 1972 2213 Potest

277 2253 433 2308 enim
451 2252 575 2308 ﬁeri
599 2258 660 2306 ut
683 2251 934 2306 discedat
953 2268 1019 2304 ea
1035 2266 1202 2304 causa
1221 2249 1354 2320 quia
1386 2248 1662 2302 Dominus
1689 2248 1966 2318 permistt.

277 2345 392 2396 Aut
417 2341 461 2394 si
482 2340 711 2394 feminas
733 2340 866 2393 licet
885 2339 1070 2392 virum
1092 2338 1377 2391 dimittere
1402 2336 1572 2390 etiam
1593 2341 1828 2407 propter
1847 2352 1973 2389 cau-

278 2446 397 2484 sam
413 2428 824 2494 fornicationis,
847 2433 1029 2481 etnon
1047 2427 1179 2481 licet
1193 2425 1332 2491 viro,
1349 2425 1487 2496 quid
1506 2424 1972 2496 respondebimus

277 2519 347 2573 de
370 2519 475 2572 hoc
496 2517 650 2588 quod
672 2515 810 2570 dicit
827 2514 1112 2586 posterius
1137 2530 1151 2568 :
1173 2515 1239 2567 Et
1267 2513 1351 2566 vir
1370 2529 1606 2567 uxorem
1635 2529 1752 2566 non
1783 2513 1973 2567 dimit-

275 2606 410 2660 tat?
437 2605 621 2669 Quare
651 2620 764 2658 non
797 2603 1034 2670 addidit,
1078 2607 1310 2672 excepta
1349 2617 1519 2655 causa
1556 2601 1965 2668 fornicationis,

278 2694 431 2766 quod
448 2693 722 2748 Dominus
736 2690 1037 2762 permittit:
1054 2689 1166 2744 nisi
1179 2689 1315 2760 quia
1327 2689 1572 2742 similem
1587 2689 1829 2744 formam
1853 2691 1974 2744 vult

278 2782 546 2852 intelligi,
567 2787 631 2835 ut
661 2781 707 2834 si
735 2779 1016 2835 dimiserit
1045 2779 1199 2849 quod
1235 2793 1404 2831 causa
1430 2777 1818 2831 fornicationis
1847 2795 1973 2848 per-

281 2871 550 2936 mittitur,
585 2875 814 2924 maneat
843 2869 966 2922 sine
996 2883 1193 2934 uxore,
1222 2872 1319 2920 aut
1340 2866 1741 2920 reconcilietur
1770 2867 1971 2922 uxori?

2074 516 2193 570 lum
2252 519 2594 586 potestatem
2653 511 2918 566 habuerit
2963 510 3100 582 quid
3158 510 3211 564 ei
3253 527 3421 582 agere
3465 511 3630 566 velit:
3681 509 3784 564 sed

2076 604 2269 658 audiat
2315 604 2369 658 S.
2426 602 2810 672 Augustinum
2841 601 3171 654 dicentem:
3233 600 3373 653 Cum
3413 600 3566 652 enim
3617 600 3704 652 vir
3750 614 3786 650 a

2074 693 2285 747 virtute
2324 708 2535 745 nomen
2585 691 2822 759 accepit,
2855 694 2911 743 et
2963 689 3169 742 mulier
3199 705 3230 740 a
3262 688 3526 753 mollitie,
3572 687 3630 741 id
3697 691 3787 740 est

2075 781 2407 852 fragilitate,
2450 795 2628 850 quare
2671 784 2868 832 contra
2901 777 3354 831 crudelissimam
3397 776 3650 830 libidinis
3688 776 3788 828 be-

2077 871 2241 923 stiam
2269 871 2390 923 vult
2418 867 2814 938 unusquisque
2841 882 3076 919 uxorem
3110 881 3273 918 suam
3307 881 3429 918 esse
3465 864 3784 928 victricem,

2077 975 2206 1014 cum
2236 958 2358 1028 ipse
2387 959 2456 1012 ad
2505 957 2758 1027 primum
2804 954 3060 1008 libidinis
3102 953 3280 1007 ictum
3339 953 3518 1006 victus
3573 952 3790 1006 cadat?

2078 1051 2219 1104 Nam
2281 1045 2560 1117 quidquid
2612 1051 2811 1098 contra
2860 1044 3035 1097 iidem
3087 1042 3420 1095 catholicam
3485 1057 3602 1094 non
3650 1041 3790 1094 licet

2079 1136 2434 1202 mulieribus,
2485 1149 2588 1187 nec
2621 1132 2753 1185 viris
2786 1131 2993 1185 licebit.
3029 1130 3090 1184 Si
3144 1135 3336 1183 autem
3385 1129 3586 1182 eadem
3645 1145 3788 1182 mu-

2077 1227 2186 1280 lier
2215 1225 2418 1279 timore
2459 1221 2780 1292 perterrita,
2814 1239 2844 1274 a
2895 1222 3015 1274 loco
3050 1219 3147 1273 ubi
3192 1235 3315 1272 eam
3349 1217 3647 1288 episcopus
3676 1216 3790 1270 de—

2080 1313 2310 1368 stinavit
2361 1311 2666 1382 aufugerit,
2700 1314 2755 1363 et
2806 1309 2890 1363 vir
2947 1310 3069 1378 ejus
3127 1307 3196 1361 ab
3257 1305 3522 1378 episcopo
3581 1305 3787 1369 semel,

2081 1408 2182 1459 aut
2207 1403 2314 1470 bis,
2358 1403 2443 1456 vel
2494 1401 2704 1470 saepius
2753 1399 3065 1470 repetierit,
3100 1398 3145 1452 si
3187 1398 3356 1451 vitam
3407 1399 3460 1450 ei
3520 1395 3789 1450 obtinere

2080 1493 2280 1563 possit,
2309 1489 2605 1561 perquirat
2642 1494 2699 1544 et
2745 1489 2945 1543 reddat
2977 1503 2989 1541 :
3024 1488 3110 1541 siu
3142 1498 3356 1552 autem,
3397 1485 3634 1538 omnino
3665 1499 3788 1537 non

2082 1581 2303 1636 reddat.
2330 1579 2562 1634 Maritus
2582 1594 2737 1647 vero,
2771 1576 3029 1649 quandiu
3057 1575 3182 1646 ipsa
3208 1575 3379 1636 vivat,
3412 1575 3570 1628 nullo
3605 1572 3786 1627 modo

2002 1707 2044 1761 Β
2083 1669 2262 1761 altera
2271 1684 2323 1720 m
2355 1668 2542 1761 ducat.

2082 1758 2208 1812 CAP.
2233 1756 2448 1812 LXXIV.
2471 1785 2538 1794 —
2557 1757 2634 1810 De
2655 1769 2732 1819 eo,
2750 1756 2801 1808 si
2817 1755 2941 1821 quis
2962 1767 3081 1806 cum
3109 1766 3277 1806 uxore
3297 1751 3544 1814 alterius,
3573 1751 3791 1803 vivente

2609 1841 2684 1886 eo,
2717 1827 3022 1891 fornicatus
3043 1825 3232 1888 fuerit.

2149 1917 2256 1987 (Ea:
2286 1915 2505 1970 concilio
2559 1913 2716 1984 apud
2745 1913 2901 1966 Atth.
2957 1911 3162 1976 habito,
3217 1911 3478 1978 praesente
3535 1908 3788 1964 Conrado

2075 2021 2221 2076 rege,
2243 2007 2420 2073 capite
2448 2001 2529 2071 5.)
2564 2003 2709 2056 Illud
2732 2017 2861 2054 vero
2889 1996 3183 2053 communi
3205 1997 3430 2051 decreto
3464 1997 3786 2050 secundum

2078 2108 2359 2149 canonum
2382 2091 2641 2146 instituta
2673 2089 2978 2144 deﬁnimus
3018 2093 3075 2142 et
3105 2085 3568 2157 praﬁudicamus,
3610 2089 3673 2139 ut
3737 2083 3788 2138 si

2079 2182 2208 2254 quis
2242 2196 2371 2235 cum
2416 2195 2586 2233 uxore
2620 2179 2875 2247 alterius,
2918 2177 3142 2229 vivente
3173 2192 3258 2242 eo,
3293 2175 3609 2228 fornicatus
3659 2173 3785 2228 fue-

2078 2271 2174 2338 rit,
2206 2269 2484 2322 moriente
2525 2267 2731 2321 marito
2779 2262 3275 2336 synodalijudicio
3315 2263 3507 2316 aditus
3537 2262 3588 2315 ei
3631 2263 3792 2315 clau-

2079 2359 2248 2413 datur
2275 2356 2529 2423 illicitus,
2583 2371 2652 2407 ne
2681 2355 2919 2408 ulterius
2950 2353 3002 2405 ei
3050 2352 3436 2422 conjungatur
3479 2349 3788 2404 matrimo-

2078 2447 2200 2516 nio,
2233 2460 2407 2516 quam
2440 2443 2600 2514 prius
2634 2442 2840 2512 polluit
2865 2439 3170 2495 adulterio.
3194 2440 3470 2494 Nolumus
3502 2438 3656 2492 enim
3680 2455 3791 2492 nec

2081 2533 2418 2590 Christiana:
2449 2531 2717 2601 religioni
2745 2530 3009 2584 convenit
3038 2533 3101 2582 ut
3129 2529 3324 2582 nullus
3351 2528 3520 2582 ducat
3557 2527 3614 2580 in
3647 2544 3789 2582 con-

2072 2624 2328 2696 jugium,
2356 2638 2527 2693 quam
2559 2622 2718 2692 prius
2750 2620 2956 2690 polluit
2987 2635 3089 2689 per
3119 2617 3490 2672 adulterium.

2079 2714 2206 2769 CAP.
2244 2712 2432 2766 LXXV.
2476 2740 2544 2750 —
2574 2713 2648 2764 De
2689 2712 2916 2773 ingenuo
2949 2710 3044 2775 qui
3082 2710 3372 2773 ingenuam
3411 2707 3609 2775 accipit
3640 2721 3791 2760 umo-

2434 2797 2566 2846 rem,
2601 2786 2648 2832 et
2666 2786 2851 2848 postea
2879 2795 3090 2832 servum
3118 2794 3173 2830 se
3205 2779 3413 2842 fecerit.

2153 2855 2264 2923 (Em
2317 2854 2504 2907 concit.
2571 2847 2791 2906 'I‘ribur.
2844 2853 2932 2904 cui
2989 2850 3243 2915 inter/uit
3297 2864 3395 2902 rea:
3442 2847 3786 2916 Arnolphus,

278 2959 346 3010 Et
374 2973 512 3027 posr
537 2973 716 3045 pauca
748 2972 761 3008 :
801 2957 1072 3009 Dominus
1104 2960 1296 3008 autem
1329 2955 1593 3024 permisit
1640 2971 1809 3009 causa
1858 2956 1975 3009 for-
2004 2991 2044 3045 Ο
2081 2946 2255 3040 eam“
2295 2940 2693 3040 8-).Perlatum
2730 2943 2845 3037 ,θεῖ
2903 2937 2974 2991 ad
3027 2941 3280 2990 sanctam
3314 2936 3597 3034 synodum
3627 2938 3789 3006 quod

279 3045 581 3100 nicationis
637 3036 870 3099 uxorem
924 3043 1156 3109 dimitti,
1207 3043 1305 3096 sed
1371 3043 1507 3114 quia
1548 3043 1811 3114 permisit
1857 3061 1973 3098 non

275 3133 463 3206 jussit.

281 3225 407 3278 Car.
430 3223 626 3277 LXXII.
655 3250 724 3262 —
743 3223 815 3276 De
835 3221 947 3275 illis
970 3222 1084 3290 qui,
1111 3223 1497 3274 interveniente
1515 3221 1760 3289 repudio,
1780 3222 1905 3276 aliis
1921 3237 1975 3276 se

670 3295 728 3347 in
757 3295 1164 3346 matrimonium
1195 3293 1581 3360 copulaverint.

351 3365 459 3434 (Eo:
513 3364 720 3418 decreto
763 3365 1063 3418 Innocentii
1123 3379 1301 3433 papa,
1358 3366 1537 3432 capite
1589 3364 1703 3433 26.)
1755 3364 1830 3418 De
1885 3364 1975 3418 his

280 3452 453 3507 etiam
484 3451 780 3522 requisivit
824 3451 1051 3506 dilectio
1093 3457 1211 3519 tua,
1271 3451 1371 3522 qui
1421 3453 1834 3508 interveniente
1885 3470 1976 3508 re-

278 3541 456 3612 pudio
477 3542 604 3596 aliis
625 3557 683 3594 se
714 3540 1084 3594 matrimonio
1102 3541 1538 3609 copulaverunt,
1563 3557 1705 3610 quos
1739 3542 1796 3594 in
1821 3546 1978 3596 utra-

281 3647 394 3700 que
418 3636 580 3700 parte
623 3629 910 3684 adulteros
957 3645 1077 3682 esse
1131 3628 1502 3682 manifestum
1554 3634 1654 3684 est.
1708 3630 1816 3694 Qui
1845 3647 1979 3684 vero

280 3719 368 3772 vel
401 3735 575 3772 uxore
609 3718 850 3780 vivente,
904 3717 1163 3787 quamvis
1206 3715 1570 3771 dissociatum
1629 3734 1749 3772 esse
1791 3719 1980 3773 videa-

282 3811 379 3860 tur
407 3805 765 3876 conjugium,
795 3805 862 3860 ad
894 3805 1065 3859 aliam
1088 3805 1352 3874 copulam
1393 3805 1754 3874 festinarunt,
1795 3824 1981 3879 neque

281 3898 527 3962 possunt
545 3893 790 3947 adulteri
819 3909 934 3947 non
961 3893 1162 3958 videri,
1195 3893 1256 3946 in
1273 3897 1498 3948 tantum
1543 3901 1608 3948 ut
1666 3895 1754 3950 has
1807 3897 1982 3951 etiam

283 3982 766 4053 personiequibus
787 3981 1229 4051 talesconjuncti
1251 3988 1403 4048 sunt,
1430 3983 1603 4037 etiam
1645 3983 1782 4055 ipsa}
1826 3986 1985 4040 adul-

284 4069 496 4126 terium
534 4070 884 4125 commisisse
915 4071 1228 4139 videantur,
1275 4071 1586 4127 secundum
1616 4073 1758 4128 illud
1830 4075 1984 4144 quod

285 4159 529 4230 legimus
550 4159 610 4214 in
653 4160 957 4231 Evangelio
991 4176 1003 4214 :
1039 4160 1145 4224 Qui
1185 4160 1470 4215 dimiserit
1509 4177 1748 4216 uxorem
1797 4179 1982 4231 suam,

285 4253 342 4302 et
363 4248 596 4303 duxerit
617 4249 810 4315 aliam,
837 4249 1169 4303 moechatur.
1197 4251 1261 4304 Et
1283 4249 1411 4304 ideo
1437 4266 1634 4304 omnes
1660 4267 1692 4303 a
1727 4267 1980 4305 commu-
2010 4268 2052 4320 υ

285 4336 460 4391 nione
486 4337 740 4392 fidelium
771 4337 1160 4391 abstinendos.
1198 4338 1273 4392 De
1305 4339 1639 4408 parentibus
1666 4345 1857 4394 autem
1881 4345 1979 4394 aut

284 4425 624 4497 propinquis
663 4442 866 4480 eorum
914 4426 1055 4480 nihil
1083 4427 1195 4480 tale
1239 4427 1410 4480 statui
1439 4432 1646 4496 potest,
1679 4427 1789 4481 nisi
1819 4429 1866 4482 si
1895 4429 1980 4483 in-

285 4519 542 4570 centores
571 4514 758 4568 illiciti
783 4514 1055 4568 consortii
1087 4515 1256 4569 fuisse
1286 4515 1608 4570 videantur.

287 4604 414 4658 CAP.
440 4603 662 4656 LXXIII.
686 4631 753 4644 —-
775 4605 839 4657 Si
860 4605 1014 4672 cujus
1032 4619 1173 4676 umor
1191 4610 1541 4673 constuprata
1556 4606 1746 4672 fuerit,
1788 4611 1838 4661 et
1847 4623 1976 4676 pro-

456 4679 644 4742 pterea
673 4676 901 4728 maritus
932 4675 1154 4743 perdere
1185 4677 1340 4729 illam
1371 4676 1782 4731 machinaverit.

359 4761 470 4832 (Ea:
501 4763 687 4817 concit.
749 4763 1102 4830 Triburiensi,
1143 4767 1318 4832 capite
1347 4765 1461 4832 46.)
1521 4764 1577 4818 Si
1631 4765 1794 4835 cujus
1841 4783 1981 4822 uxor

283 4855 651 4921 constuprata
698 4851 890 4920 fuerit,
920 4856 975 4906 et
1004 4857 1310 4923 propterea
1331 4853 1569 4906 maritus
1589 4854 1817 4924 capitali
1843 4872 1978 4910 sen-

284 4940 462 4994 tentia
495 4940 684 4995 delere
740 4941 898 4996 illam
931 4941 1358 5007 machinaverit,
1392 4941 1513 5012 ipsa
1542 4959 1694 5010 vero,
1742 4951 1981 5016 urgente

214 5102 220 5106 _
284 5029 485 5082 mortis
539 5029 810 5100 periculo,
856 5030 927 5083 ad
981 5029 1316 5099 episcopum
1365 5031 1702 5101 confugerit,
1738 5037 1796 5086 et
1821 5034 1979 5088 auxi-

287 5119 426 5172 lium
456 5119 769 5189 qumsierit,
803 5119 1120 5190 operosiori
1145 5123 1336 5172 tamen
1369 5118 1416 5172 si
1457 5125 1646 5190 potest
1683 5122 1982 5192 episcopus

283 5207 473 5260 labore
529 5207 766 5261 desudet
830 5223 899 5261 ne
957 5207 1282 5276 occidatur;
1316 5207 1362 5260 si
1416 5224 1549 5262 vero
1603 5225 1722 5263 non
1777 5215 1978 5280 potest,

284 5296 443 5349 nullo
469 5295 641 5348 modo
673 5295 840 5348 liceat
871 5295 924 5349 ei
953 5294 1272 5366 requirenti
1301 5311 1428 5348 eam
1455 5297 1694 5350 reddere
1725 5298 1794 5351 ad
1827 5298 1982 5351 occi-

285 5384 560 5449 dendum,
595 5400 722 5454 qua:
753 5401 811 5437 se
842 5384 892 5438 ei
921 5384 1130 5438 obtulit
1160 5383 1229 5437 ad
1258 5384 1677 5439 defendendum
1709 5403 1722 5440 :
1757 5387 1852 5440 sed
1885 5405 1981 5441 so-

285 5471 413 5523 lerti
445 5487 576 5524 cura
603 5471 953 5525 transmittat
980 5488 1105 5525 eam
1137 5471 1204 5524 ad
1239 5471 1431 5524 locum
1471 5488 1643 5542 quem
1674 5473 1797 5544 ipsa
1827 5474 1980 5528 dele-

289 5560 453 5627 gerit,
487 5565 551 5612 ut
579 5576 776 5612 secura
811 5561 983 5630 possit
1030 5561 1234 5614 vivere.
1270 5559 1326 5614 Si
1357 5577 1488 5615 vero
1529 5561 1817 5617 interdum
1868 5580 1985 5617 ma-

2084 3031 2319 3102 quidam
2383 3029 2670 3100 ingenuus
2725 3027 3034 3098 ingenuam
3087 3025 3366 3096 acceperit
3420 3040 3677 3090 uxorem,
3733 3028 3792 3078 et

2083 3124 2211 3190 post
2236 3117 2486 3172 filiorum
2519 3114 2974 3187 procreationem
3007 3112 3301 3167 occasione
3334 3112 3560 3167 divortii
3590 3112 3788 3182 cujus-

2085 3209 2214 3264 dam
2243 3223 2469 3261 servum
2502 3222 2560 3259 se
2603 3203 2824 3270 fecerit,
2865 3208 3058 3256 utrum
3110 3201 3427 3255 necessario
3483 3200 3789 3255 mulierem

2084 3303 2278 3352 tenere
2311 3296 2532 3360 debeat,
2563 3299 2638 3360 et,
2676 3293 2722 3346 si
2761 3291 3031 3358 tenuerit,
3067 3297 3256 3344 utrum
3288 3291 3386 3343 illa
3425 3306 3654 3360 quoque
3699 3307 3789 3344 se-

2085 3386 2340 3442 cundum
2394 3385 2726 3438 saecularem
2773 3381 2960 3451 legem
3009 3378 3268 3436 servituti
3321 3378 3523 3448 subjici
3562 3379 3788 3435 debeat.

2085 3475 2407 3532 Judicatum
2439 3477 2524 3526 est
2554 3487 2794 3524 uxorem
2849 3468 3088 3523 minime
3120 3469 3328 3523 debere
3375 3467 3610 3534 dimitti,
3669 3483 3794 3522 non

2087 3571 2282 3620 tamen
2311 3562 2383 3616 ob
2427 3560 2632 3616 Christi
2654 3560 2841 3629 legem
2889 3558 3191 3612 mulierem
3223 3557 3283 3610 iu
3313 3556 3644 3610 servitutem
3699 3573 3793 3611 re-

2090 3652 2229 3722 digi,
2266 3651 2402 3705 dum
2425 3649 2520 3704 ille
2553 3664 2666 3702 non
2691 3664 2760 3701 ex
2811 3662 3092 3700 consensu
3134 3645 3398 3716 conjugis
3443 3661 3502 3699 se
3559 3661 3792 3699 servum

2089 3741 2240 3806 fecit,
2273 3755 2450 3809 quem
2479 3737 2724 3791 liberum
2754 3736 2876 3805 ipsa
2900 3735 3168 3788 maritum
3195 3734 3427 3804 accepit.

2091 3832 2218 3886 CAP.
2253 3828 2472 3884 LXXVI.
2499 3857 2567 3866 —
2594 3829 2668 3880 De
2685 3826 2793 3880 ittis
2815 3825 3122 3949 conjupatis
3140 3839 3368 3892 quorum
3397 3823 3533 3890 teges
3563 3822 3793 3878 diversae

2868 3911 2971 3949 sun
3002 3937 3013 3948 .

2868 3911 2995 3950 sunt
3002 3937 3013 3948 .

2163 3990 2274 4060 (Ea:
2306 3986 2505 4055 eodem,
2550 3986 2725 4055 capite
2761 3983 2872 4053 15.)
2907 3984 2984 4037 De
3020 3981 3253 4036 Francia
3296 3980 3502 4036 nobilis
3551 3980 3792 4052 quidam

2093 4078 2266 4134 homo
2291 4075 2544 4130 nobilem
2582 4075 2651 4128 de
2694 4072 2938 4128 Saxonia
2967 4072 3254 4126 Saxonum
3285 4071 3407 4141 lege
3437 4069 3597 4124 duxit
3645 4087 3793 4125 uxo-

2093 4182 2236 4221 rem.
2265 4165 2474 4219 Tenuit
2503 4163 2698 4217 multis
2747 4161 2932 4228 annis,
2966 4165 3022 4214 et
3051 4176 3118 4214 ex
3147 4177 3214 4214 ea
3255 4159 3403 4214 ﬁlios
3447 4159 3792 4228 procreavit,

2095 4255 2303 4308 Verum
2335 4253 2468 4324 quia
2499 4267 2617 4306 non
2649 4250 2851 4304 iisdem
2903 4254 3145 4303 utuntur
3186 4248 3406 4318 legibus
3435 4247 3689 4302 Saxones
3737 4255 3798 4303 et

2088 4342 2307 4408 Franci,
2341 4346 2608 4394 causatus
2637 4343 2720 4392 est
2751 4338 2902 4409 quod
2931 4353 3057 4391 eam
3087 4352 3203 4390 non
3247 4353 3370 4401 sua,
3403 4336 3459 4390 id
3493 4341 3576 4390 est
3627 4337 3800 4392 Fran-

2087 4446 2281 4484 corum
2301 4430 2426 4500 lege
2474 4425 2920 4498 desponsaverit,
2965 4425 3051 4478 vel
3085 4424 3386 4494 acceperit,
3441 4429 3539 4478 aut
3565 4424 3798 4478 dotave—

2086 4518 2162 4573 rit
2201 4535 2215 4573 :
2259 4517 2606 4587 dimissaque
2649 4516 2768 4582 illa,
2811 4514 2972 4568 duxit
3009 4515 3268 4568 alteram.
3305 4514 3569 4568 Deiinivit
3617 4529 3800 4583 super

2086 4607 2196 4661 hoc
2224 4611 2416 4661 sancta
2446 4606 2717 4676 synodus,
2745 4608 2808 4658 ut
2849 4604 2941 4657 ille
2997 4607 3386 4673 transgressor
3449 4603 3798 4672 evangelicae

2087 4697 2228 4766 legis
2279 4695 2617 4765 subjugatur
2654 4692 3038 4762 paenitentiae;
3073 4691 3373 4746 asecunda
3401 4692 3644 4762 conjuge
3697 4709 3796 4746 se-

2089 4787 2343 4855 paretur,
2376 4783 2627 4853 priorem
2653 4797 2943 4835 resumere
2965 4785 3219 4850 cogatur.

2091 4874 2216 4928 CAP.
2255 4873 2498 4927 LXXVII.
2537 4900 2600 4912 -
2632 4873 2742 4927 Cur
2773 4871 3219 4924 communicantes
3241 4869 3352 4922 uiri
3381 4884 3498 4923 cum
3530 4868 3801 4924 adulteris

2551 4942 2810 4996 umoribus
2840 4956 2945 4994 non
2983 4942 3322 4994 conveniant.

2161 5033 2270 5100 (E'c
2303 5032 2445 5087 decr.
2480 5032 2778 5086 Innocentii
2803 5044 2982 5099 papae,
3018 5031 3195 5097 capite
3224 5028 3332 5098 24.)
3367 5028 3479 5082 Cur
3511 5028 3615 5082 viri
3663 5045 3802 5085 cum

2092 5121 2367 5175 adulteris
2397 5136 2513 5174 non
2569 5119 2933 5185 conveniant,
2985 5121 3041 5170 et
3089 5117 3232 5171 illud
3272 5116 3660 5172 desideratum
3710 5124 3803 5173 est

2092 5209 2244 5271 sciri,
2275 5225 2376 5264 cur
2441 5208 2932 5262 communicantes
2966 5207 3072 5259 viri
3101 5222 3231 5260 cum
3278 5205 3551 5260 adulteris
3598 5209 3803 5262 uxori-

2091 5299 2198 5353 bus
2228 5315 2342 5353 non
2370 5299 2729 5363 conveniant,
2758 5314 2890 5351 cum
2929 5303 3128 5350 contra
3156 5311 3357 5349 uxores
3402 5296 3462 5349 in
3506 5294 3802 5349 consortio

2093 5387 2483 5442 adulterorum
2513 5388 2764 5440 virorum
2793 5403 3024 5440 manere
3057 5386 3382 5452 videantur,
3424 5385 3563 5440 dum
3621 5400 3803 5453 super

2093 5477 2201 5530 hoc
2245 5476 2568 5533 Christiana
2632 5475 2835 5544 religio
2869 5474 3217 5530 adulterium
3260 5474 3316 5527 in
3363 5479 3608 5543 utroque
3659 5489 3802 5527 sexu

2093 5564 2220 5635 pari
2251 5564 2468 5618 ratione
2499 5567 2849 5630 contemnet,
2891 5564 2989 5618 sed
3035 5563 3184 5616 viros
3214 5579 3346 5616 suos
3381 5562 3650 5616 mulieres
3683 5577 3801 5617 non
