3944 6302
159 316 262 367 829
1137 311 1603 367 DECRETOBUM
1646 313 1803 367 LIBR

2035 343 2080 351 —
2123 312 2332 367 LIBER
2373 310 2695 367 DECIMUS.
3562 314 3666 367 830

159 432 323 487 facile
355 431 423 486 de
454 432 739 487 adulterio
789 435 1079 500 accusant,
1119 436 1177 486 et
1216 448 1334 486 non
1382 433 1595 488 habent
1629 434 1861 489 latentia
1891 438 1938 491 A

160 526 387 593 peccata
419 522 746 575 vindictam.
792 521 907 575 Viri
935 526 1131 575 autem
1174 522 1406 576 liberius
1444 539 1647 577 uxores
1697 524 1861 578 adul-

162 616 314 664 teras
343 610 495 681 apud
525 611 846 664 sacerdotes
882 609 1107 664 deferre
1153 616 1593 677 consueverunt,
1627 616 1684 664 et
1733 610 1861 665 ideo

164 700 504 753 mulieribus
539 699 761 768 prodito
793 715 991 752 earum
1024 699 1265 753 crimine
1307 699 1638 753 communio
1685 700 1864 753 dene-

163 794 352 859 gatur,
387 788 640 841 virorum
668 795 877 851 autem,
914 789 1124 841 latente
1156 786 1482 853 commisso,
1537 804 1654 841 non
1700 788 1863 842 facile

165 875 470 946 quisquam
524 891 592 929 ex
645 876 1068 945 suspicionibus
1119 876 1455 942 abstinetur,
1512 874 1613 946 qui
1666 875 1863 946 utique

165 964 598 1018 submovebitur
627 965 673 1018 si
704 964 826 1034 ejus
868 964 1151 1034 flagitium
1184 964 1499 1033 delegatur.
1543 965 1685 1019 Cum
1726 980 1861 1033 ergo

167 1068 270 1122 par
301 1068 468 1105 causa
496 1054 567 1106 sit
594 1053 884 1107 interdum
915 1052 1250 1123 probatione
1283 1056 1556 1119 cessante,
1600 1051 1863 1106 vindictas

168 1140 314 1194 ratio
353 1140 729 1211 conquiescit.

168 1266 297 1319 CAP.
332 1265 600 1319 LXXVIII.
633 1296 701 1305 —
737 1265 890 1330 Quod
931 1281 1035 1319 non
1064 1266 1346 1319 conveniat
1376 1265 1713 1320 Christianos
1744 1281 1863 1321 cum

469 1339 733 1391 haereticis
772 1338 1050 1406 nuptialia
1061 1337 1199 1403 jura
1224 1337 1554 1391 contra/iere.

239 1460 349 1524 (Ea:
380 1461 601 1513 concilio
634 1460 967 1525 Laodicensi,
1001 1461 1176 1529 capite
1207 1458 1318 1528 31.)
1350 1460 1510 1538 Quod
1538 1476 1654 1513 non
1691 1476 1861 1530 opor-

165 1550 286 1601 teat
348 1564 479 1601 cum
555 1548 837 1602 bereticis
903 1548 1180 1602 universis
1246 1548 1579 1617 nuptiarum
1649 1549 1863 1602 fmdera

167 1636 477 1705 celebrare,
523 1653 627 1691 nec
669 1637 750 1691 eis
800 1638 948 1692 ﬁlios
998 1638 1132 1691 dare
1181 1638 1267 1691 vel
1311 1637 1477 1702 ﬁlias,
1526 1638 1623 1692 sed
1680 1637 1862 1709 magis

169 1725 449 1795 accipere,
517 1726 564 1780 si
630 1730 824 1781 tamen
893 1724 1360 1797 Christianosnse
1426 1724 1554 1780 ﬁeri
1620 1726 1857 1797 permit-
1897 1744 1933 1797 Β

172 1819 321 1869 tant.

470 1922 598 1976 CAP.
634 1920 854 1976 LXXIX.
887 1951 955 1963 —
975 1923 1182 1977 Judicz‘i
1212 1921 1564 1978 examinatio.

243 2028 324 2082 De
355 2028 467 2083 hoc
497 2027 652 2099 quod
683 2029 825 2082 mihi
871 2034 1199 2099 reputatum
1232 2034 1318 2084 est
1367 2030 1426 2083 in
1480 2032 1584 2085 hac
1624 2030 1862 2101 synodo,

176 2116 334 2187 quod
366 2117 537 2171 simul
568 2133 695 2171 cum
726 2117 833 2171 ista
879 2118 1090 2172 femina
1115 2118 1459 2173 adulterium
1493 2120 1577 2173 vel
1615 2118 1862 2173 fornica-

179 2207 401 2260 tionem
428 2205 709 2273 fecissem,
752 2206 907 2277 quod
963 2223 1081 2261 non
1142 2223 1246 2277 ego
1289 2208 1369 2262 ita
1407 2207 1532 2273 feci,
1583 2224 1687 2260 nec
1734 2207 1865 2260 inde

172 2311 263 2349 me
295 2294 639 2365 culpabilem
671 2311 1042 2367 recognosco,
1085 2296 1164 2350 sic
1190 2312 1282 2350 me
1330 2298 1479 2351 Deus
1519 2296 1743 2366 adjuvet
1797 2295 1867 2349 ad

170 2384 326 2438 istud
351 2383 661 2454 judicium.

2101 435 2237 490 CAP.
2282 435 2466 489 LXXX.
2499 464 2567 474 —
2605 435 2891 502 Separatio
2921 435 3135 488 incestae
3164 436 3538 503 copulationis.

2045 524 2128 578 Ab
2174 523 2283 577 isto
2334 523 2424 577 die
2476 523 2535 575 in
2578 529 2745 576 antea
2810 538 2939 575 cum
2981 521 3088 575 ista
3128 523 3343 576 femina
3381 539 3511 577 cum
3550 539 3667 594 qua

1974 612 2320 667 adulterium
2356 612 2441 665 vel
2472 610 2912 665 fornicationem
2963 610 3162 678 fecisti,
3215 612 3362 665 unde
3415 612 3667 681 discipli-

1975 716 2106 753 nam
2141 702 2225 753 vel
2256 700 2652 770 paenitentiam
2684 698 3003 769 suscepisti,
3038 698 3284 769 amplius
3339 716 3454 752 non
3499 700 3663 753 adul-

1972 788 2204 850 terabis,
2253 804 2357 841 nec
2402 786 2774 841 fornicaberis
2823 803 2955 840 cum
3017 804 3105 853 ea,
3156 803 3259 839 nec
3305 787 3476 840 aliam
3535 803 3666 841 uxo-

1973 893 2095 930 rem
2142 875 2405 946 accipies,
2445 876 2554 929 nisi
2610 881 2735 945 post
2782 881 3074 945 peractam
3125 875 3520 946 pmuitentiam
3564 876 3665 930 tibi

1972 965 2205 1019 licentia
2234 965 2365 1018 data
2397 964 2569 1018 fuerit
2599 966 2667 1018 ab
2700 964 2985 1035 episcopo,
3021 970 3122 1018 aut
3147 965 3216 1018 ab
3270 964 3394 1034 ejus
3443 964 3615 1019 misso
3649 980 3662 1018 :

1971 1055 2050 1108 sic
2079 1058 2133 1107 te
2165 1056 2315 1107 Deus
2358 1054 2603 1122 adjuvet.

2150 1143 2277 1197 CAP.
2316 1143 2529 1197 LXXXI.
2565 1174 2632 1180 —
2654 1143 3031 1196 Rcconcitialio
3054 1142 3485 1210 conjugatorum.

2042 1232 2127 1286 Ab
2158 1232 2267 1286 isto
2295 1232 2385 1285 die
2418 1233 2474 1285 in
2508 1238 2677 1284 antea
2707 1232 2869 1285 istam
2904 1237 3062 1285 tuam
3091 1231 3397 1300 conjugem
3431 1228 3667 1282 nomine

1977 1322 2039 1375 Ν.
2084 1337 2255 1391 quam
2290 1322 2499 1391 injuste
2539 1320 2836 1375 dimiseras
2862 1320 2939 1373 ita
2972 1320 3208 1385 tenebis,
3242 1319 3387 1372 sicut
3413 1334 3518 1388 per
3545 1332 3661 1370 rec-

1972 1414 2093 1463 tum
2126 1410 2365 1464 maritus
2408 1426 2568 1463 suam
2630 1409 2799 1463 debet
2844 1408 3054 1462 habere
3096 1409 3419 1477 conjugem,
3477 1406 3536 1459 in
3586 1405 3670 1459 di»

1973 1499 2215 1552 lectione
2248 1504 2305 1552 et
2350 1498 2539 1552 debita
2592 1497 2943 1565 disciplina:
2996 1513 3100 1550 nec
3145 1512 3271 1550 eam
3322 1510 3425 1564 per
3484 1494 3667 1547 ullum

1975 1588 2189 1640 malum
2212 1584 2507 1654 ingenium
2541 1589 2650 1637 ate
2680 1583 2989 1653 separabis,
3020 1599 3122 1637 nec
3141 1598 3208 1638 ea
3240 1581 3460 1636 vivente
3489 1580 3666 1635 aliam

1975 1675 2210 1746 accipies
2247 1692 2261 1730 :
2294 1674 2372 1727 sic
2402 1680 2455 1727 te
2489 1674 2637 1727 Deus
2663 1672 2914 1742 adjuvet.

2351 1764 2479 1817 CAP.
2517 1762 2757 1817 LXXXII.
2790 1790 2861 1799 —
2898 1761 2976 1813 De
3005 1758 3189 1813 eadem
3220 1773 3296 1812 re.

2048 1855 2093 1906 A
2121 1851 2292 1905 modo
2326 1851 2383 1903 in
2430 1857 2595 1903 antea
2635 1849 2811 1903 istum
2850 1854 3015 1903 tuum
3060 1847 3328 1901 maritum
3370 1861 3544 1917 quem
3582 1844 3668 1899 in-

1970 1943 2125 2013 juste
2153 1940 2452 1995 dimiseras
2485 1940 2563 1992 ita
2614 1938 2832 1992 tenebis
2870 1943 2927 1991 et
2968 1936 3407 2005 amplexaberis,
3441 1940 3499 1987 et
3528 1933 3579 1987 ei
3612 1934 3671 1987 in

1977 2030 2225 2097 servitio,
2260 2029 2318 2082 in
2350 2045 2544 2081 amore
2594 2032 2650 2081 et
2682 2027 2740 2080 in
2789 2027 2993 2080 timore
3050 2026 3128 2079 ita
3176 2025 3287 2078 eris
3330 2023 3585 2093 subjecta
3618 2026 3673 2076 et

1976 2118 2268 2182 obediens,
2309 2117 2453 2170 sicut
2483 2132 2584 2186 per
2616 2120 2832 2168 rectum
2876 2129 3021 2167 uxor
3059 2129 3162 2166 suo
3203 2111 3371 2166 debet
3418 2111 3671 2179 subjecta

1976 2224 2097 2261 esse
2132 2205 2360 2271 marito,
2406 2221 2511 2258 nec
2570 2219 2821 2273 unquam
2885 2202 2954 2256 ab
2985 2218 3051 2255 eo
3109 2207 3163 2255 te
3212 2199 3524 2269 separabis,
3568 2215 3673 2251 nec

1976 2294 2074 2348 illo
2106 2294 2327 2347 vivente
2358 2291 2521 2346 alteri
2552 2292 2674 2344 viro
2718 2295 2773 2343 te
2817 2288 3077 2356 sociabis,
3123 2304 3227 2341 nec
3262 2284 3528 2356 conjugio
3571 2291 3669 2339 aut

1977 2381 2260 2437 adulterio
2296 2398 2309 2435 :
2345 2382 2435 2436 Sic
2466 2385 2515 2434 te
2549 2381 2695 2434 Deus
2733 2379 2980 2448 adjuvet.

1610 2520 1784 2561 FINIS
1830 2520 2007 2560 LIBRI
2057 2519 2234 2559 NONI.

1002 2834 1295 2907 INDEX
1369 2835 2054 2909 CAPITULORUM

2130 2835 2384 2909 LIBRI
2462 2834 2819 2907 DECIMI.

174 3005 307 3059 CAP.
362 3008 409 3057 I.
458 3004 527 3058 Ut
568 3002 820 3075 episcopi
869 3005 938 3059 de
990 3006 1276 3076 parochiis
1313 3006 1431 3061 suis
1458 3008 1762 3079 sortilegos
1812 3012 1867 3062 et
1905 3010 1944 3063 C
1976 3010 2064 3063 22.
2106 3009 2175 3063 Ut
2204 3006 2607 3061 vaticinatores
2633 3005 2763 3059 caesi
2795 3006 2863 3059 de
2893 3004 3218 3060 civitatibus
3241 3004 3559 3076 ejiciantur.

242 3091 537 3145 maleﬁcos
568 3094 871 3163 expellant.

177 3184 231 3235 2.
268 3182 344 3235 De
372 3180 688 3235 cultoribus
719 3182 1011 3236 arborum.

174 3273 225 3325 3.
264 3271 342 3323 De
374 3269 689 3323 cultoribus
727 3269 1033 3325 idolorum.

175 3361 230 3413 4.
268 3359 346 3412 De
378 3358 583 3411 eadem
614 3374 692 3413 re.

263 3448 341 3499 De
372 3446 484 3499 illis
515 3446 613 3517 qui
644 3446 1020 3502 divinationes
1053 3448 1372 3519 requirunt.

174 3539 227 3589 6.
267 3536 345 3588 De
378 3535 490 3589 illis
520 3535 620 3606 qui
651 3536 823 3589 ritum
853 3552 1208 3607 paganorum
1239 3537 1561 3590 observant.

172 3627 229 3678 7.
277 3625 356 3677 De
402 3624 514 3677 illis
559 3624 660 3696 qui
702 3625 957 3695 auguriis
992 3630 1047 3680 et
1106 3624 1592 3680 incantationibus
1649 3624 1873 3678 subser-

251 3710 438 3765 viunt.

178 3807 230 3859 8.
269 3804 348 3857 De
381 3802 580 3857 eadem
611 3819 693 3858 re.

180 3897 231 3947 9.
267 3894 347 3946 De
374 3891 488 3945 illis
520 3893 619 3963 qui
649 3896 830 3947 sortes
861 3894 1186 3949 observant.

186 3983 272 4035 10.
305 3980 384 4034 De
414 3980 714 4035 arboribus
744 3998 885 4053 quas
915 3984 1119 4052 vulgus
1150 3982 1301 4036 colit.

188 4071 271 4121 II.
309 4068 387 4121 De
417 4067 528 4121 illis
559 4068 658 4139 qui
685 4069 807 4123 dies
838 4073 893 4122 et
926 4085 1147 4123 menses
1177 4069 1497 4123 observant.

188 4158 272 4209 I2.
310 4156 388 4209 De
418 4155 529 4209 illis
555 4156 654 4227 qui
678 4157 1368 4211 daemonibusimmolant.

186 4247 271 4299 I3.
302 4245 377 4298 De
408 4244 520 4298 illis
545 4246 644 4316 qui
672 4246 1008 4300 traditiones
1040 4246 1344 4317 gentilium
1376 4247 1695 4301 observant.

188 4334 275 4387 14.
310 4333 389 4386 De
434 4333 787 4388 mulierculis
834 4351 964 4405 quas
1010 4335 1259 4389 infantes
1308 4352 1438 4389 suos
1484 4351 1589 4405 pro
1635 4334 1875 4389 sanitate

253 4421 315 4474 in
343 4421 635 4475 fornacem
667 4427 765 4476 aut
789 4439 964 4493 supra
995 4428 1209 4477 tectum
1237 4428 1483 4494 ponunt.

189 4512 268 4563 15.
304 4509 464 4574 Quod
497 4526 612 4563 non
640 4510 807 4565 liceat
847 4511 1077 4582 iniquas
1112 4511 1531 4567 observationes
1569 4511 1872 4565 Kalendar.

253 4614 443 4667 agere.

184 4689 266 4741 I6.
304 4687 382 4740 De
413 4687 524 4741 illis
565 4687 664 4758 qui
695 4688 978 4744 Kalendas
1025 4689 1324 4744 Januarias
1364 4690 1480 4743 ritu
1514 4705 1877 4761 paganorum

253 4776 445 4829 colere
472 4782 832 4846 praesumunt

189 4868 273 4919 I7.
318 4866 397 4919 De
427 4865 622 4919 eadem
657 4882 735 4920 re.

184 4957 268 5009 I8.
310 4954 384 5007 De
435 4953 696 5008 bubulcis
728 4955 813 5008 vel
865 4956 1248 5022 venatoribus,
1296 4954 1397 5027 qui
1444 4972 1573 5010 suas
1619 4954 1875 5009 incanta-

250 5042 436 5096 tiones
467 5044 839 5098 exercuerint.

188 5135 266 5187 I9.
301 5130 462 5195 Quod
506 5147 624 5186 non
681 5133 847 5187 liceat
877 5133 1243 5188 mulierculas
1274 5133 1621 5188 Christianas
1654 5132 1875 5187 vanita-

254 5224 340 5274 tes
370 5220 429 5274 in
464 5221 582 5273 suis
615 5221 873 5276 laniﬁciis
904 5223 1229 5277 observare.

185 5310 271 5362 20.
308 5308 468 5373 Quod
500 5326 613 5364 non
653 5310 820 5365 liceat
850 5328 980 5366 cum
1030 5310 1517 5366 incantationibus
1570 5310 1875 5364 herbarum

254 5397 651 5454 collectionem
684 5399 828 5454 ﬁeri.

183 5490 269 5541 2I.
303 5487 381 5541 De
410 5486 524 5541 illis
553 5488 653 5559 qui
684 5489 755 5543 ad
779 5488 1035 5559 arbores,
1061 5489 1145 5544 vel
1185 5489 1257 5543 ad
1310 5488 1493 5542 fontes
1536 5488 1751 5557 jaculas
1794 5487 1879 5541 in-

253 5572 576 5628 cenderint.

1982 3099 2070 3150 23.
2106 3097 2184 3150 De
2218 3095 2327 3149 illis
2358 3096 2455 3166 qui
2482 3094 2848 3165 pliylacteriis
2879 3098 3139 3147 utuntur.

1982 3185 2066 3238 24.
2105 3186 2247 3238 Item
2281 3185 2349 3238 de
2385 3183 2736 3237 mulierculis
2767 3182 3258 3236 incantatricibus.

1982 3276 2069 3327 25.
2106 3275 2183 3327 De
2214 3274 2325 3327 illis
2354 3273 2448 3343 qui
2494 3273 2854 3338 manducent,
2905 3276 3003 3325 aut
3052 3271 3277 3337 bibunt,
3321 3274 3417 3324 aut
3445 3273 3676 3340 portant

2052 3378 2225 3431 super
2256 3378 2314 3415 se
2356 3361 2572 3432 aliquid
2610 3361 2681 3414 ad
2728 3361 2824 3412 Dei
2876 3359 3159 3430 judicium
3203 3359 3669 3413 subvertendum.

1983 3453 2069 3503 26.
2120 3451 2198 3504 De
2246 3450 2358 3503 illis
2393 3450 2492 3520 qui
2539 3450 2598 3502 in
2634 3448 2861 3515 tabulis,
2913 3454 3013 3502 aut
3060 3448 3123 3501 in
3169 3448 3457 3502 codicibus
3483 3448 3675 3503 futura

2053 3539 2372 3609 requirunt.

1984 3630 2075 3680 27.
2114 3629 2190 3681 De
2216 3627 2329 3680 illis
2368 3626 2466 3698 qui
2495 3632 2674 3680 sortes
2706 3631 3035 3679 sanctorum
3069 3625 3388 3697 requirunt.

1982 3719 2069 3771 28.
2114 3718 2189 3770 De
2242 3716 2354 3770 illis
2403 3715 2697 3777 maleﬁcis,
2749 3715 2849 3786 qui
2896 3720 3131 3785 sperant
3165 3732 3222 3768 se
3249 3720 3469 3768 mentes
3492 3713 3676 3768 homi-

2056 3822 2194 3860 num
2229 3811 2550 3875 pervertere
2578 3820 2763 3875 posse.

1985 3898 2072 3949 29.
2118 3896 2194 3949 De
2224 3895 2424 3948 eadem
2450 3910 2529 3948 re.

1986 3986 2073 4039 30.
2110 3985 2185 4037 De
2208 3983 2321 4037 illis
2350 3982 2450 4053 qui
2482 3982 2552 4037 ad
2583 3998 2713 4035 suas
2745 3980 3019 4035 vanitates
3049 3980 3425 4051 perﬁciendas
3464 3979 3677 4034 daemo-

2057 4089 2159 4125 nes
2186 4072 2470 4125 invocant.

1988 4165 2074 4216 3|.
2114 4162 2188 4215 De
2219 4160 2332 4213 illis
2371 4159 2470 4229 qui
2520 4163 2801 4213 nocturna
2844 4156 3120 4210 sacrificia
3160 4156 3489 4210 daemonum
3532 4158 3677 4210 cele-

2059 4248 2363 4304 braverint.

1988 4341 2074 4392 32.
2113 4339 2190 4392 De
2222 4336 2333 4391 illis
2364 4335 2462 4407 qui
2486 4335 2555 4389 ad
2585 4334 2818 4389 arbores
2848 4334 2934 4388 vel
2984 4333 3056 4388 ad
3098 4333 3281 4387 fontes
3322 4332 3513 4403 aliqua
3551 4336 3679 4386 vota

2062 4430 2360 4481 voverunt.

1988 4519 2074 4571 33.
2111 4517 2189 4570 De
2219 4515 2346 4581 illis,
2384 4512 2504 4585 qui,
2539 4512 2770 4583 quando
2813 4512 2946 4565 luna
3000 4511 3356 4577 obscuratur,
3403 4510 3682 4564 clamores

2058 4622 2190 4659 suos
2219 4610 2277 4658 et
2305 4602 2582 4658 maleﬁcia
2612 4619 2711 4655 sua
2744 4600 3121 4656 exercuerint.

1988 4697 2074 4751 34.
2124 4696 2200 4748 De
2233 4694 2343 4747 illis
2374 4692 2472 4764 qui
2528 4690 2806 4745 vanitates
2837 4706 2969 4744 suas
3016 4689 3077 4743 in
3131 4688 3384 4743 excubiis
3415 4704 3680 4743 exercue-

2056 4784 2193 4838 rint.

1989 4876 2075 4928 35.
2116 4870 2193 4924 De
2224 4871 2419 4925 eadem
2454 4885 2534 4923 re.

1988 4964 2076 5016 36.
2112 4961 2187 5013 De
2221 4958 2490 5013 conviviis
2522 4974 2650 5029 qua:
2679 4960 2826 5012 ﬁunt
2856 4958 2967 5011 ritu
2996 4971 3371 5027 paganorum.

1990 5053 2075 5104 37.
2104 5050 2182 5102 De
2221 5048 2418 5102 eadem
2452 5064 2533 5100 re.

1990 5140 2076 5191 38.
2106 5137 2185 5190 Ne
2214 5136 2409 5189 ﬁdeles
2450 5134 2507 5187 in
2539 5133 2877 5188 casmeteriis
2900 5132 3177 5203 prandere
3204 5132 3573 5201 praesumant.

1989 5227 2074 5278 39.
2115 5225 2191 5277 De
2224 5224 2336 5277 illis
2366 5223 2466 5293 qui
2496 5224 2812 5277 balationes
2842 5220 3102 5287 fecerint,
3149 5224 3205 5271 et
3252 5234 3310 5270 se
3359 5216 3419 5269 in
3467 5216 3686 5270 alienas

2061 5313 2272 5366 formas
2303 5312 2828 5365 transmutaverint.

1987 5402 2076 5453 40.
2119 5399 2279 5463 Quod
2319 5399 2736 5453 incantationes
2779 5401 2837 5451 et
2878 5393 3121 5464 magicae
3160 5396 3310 5447 artes
3342 5391 3533 5463 laquei
3566 5390 3685 5446 dia-

2061 5488 2173 5543 boli
2197 5487 2328 5542 sint.
