3944 6374
382 380 484 435 815

1459 376 1864 433 BURCHARDI
1901 361 2432 434 WORMAGIENSIS
2468 377 2801 434 EPISCOPI.

3774 383 3870 437 816

1631 676 2631 802 BURCHARDI

1376 899 1784 955 ECCLESUE
1840 895 2468 952 WORMACIENSIS
2527 893 2902 949 EPISCOPI
2979 887 2984 894 ’

705 1097 2056 1246 DECRETORUM

2166 1095 2754 1241 LIBER.
2853 1095 3566 1243 NONUS.

1473 1365 1574 1428 DE
1621 1363 1953 1429 FEMINIS
1999 1317 2164 1429 NON
2214 1362 2782 1428 CONSECRATIS.

852 1707 1332 1762 ARGUMENTUM
1377 1707 1577 1760 LIBRI.

463 1797 630 1852 Libro
661 1796 772 1850 hoc
802 1796 870 1850 de
894 1795 1208 1865 virginibus
1240 1800 1296 1848 et
1323 1793 1506 1847 viduis
1531 1795 1642 1848 Deo
1675 1809 1790 1846 non
1822 1792 2076 1860 sacratis,

391 1888 460 1941 de
487 1902 684 1940 earnm
716 1885 1059 1954 raptoribus,
1089 1900 1371 1954 poenaque
1395 1882 1466 1936 iis
1495 1881 1863 1952 imponenda,
1889 1881 1958 1936 de
1997 1881 2078 1936 le-

391 1976 594 2046 gitimo
628 1973 1016 2039 matrimonio,
1053 1974 1124 2027 de
1154 1971 1456 2041 illegitimo
1487 1971 1796 2024 concubitu
1841 1969 2078 2040 ejusque

388 2063 725 2134 poenitentia
752 2067 1046 2116 tractatur.

392 2154 516 2207 CAP.
543 2153 584 2206 Ι.
618 2182 686 2190 -
723 2150 879 2216 Quod
908 2150 1064 2204 aliud
1113 2149 1185 2203 sit
1221 2165 1379 2214 umor,
1432 2147 1585 2202 aliud
1632 2147 1948 2212 concubina,
1986 2163 2080 2202 nec

463 2229 603 2276 erret
632 2224 882 2292 quisquis
916 2221 1103 2292 ﬁliam
1131 2235 1285 2273 suam
1327 2222 1386 2274 in
1430 2220 1836 2273 matrimonium
1888 2233 2078 2272 concu-

467 2290 652 2346 binam
672 2293 891 2346 habenti
915 2290 1227 2346 tradiderit.

467 2383 574 2449 (Ea:
599 2381 740 2434 decr.
778 2381 967 2434 Leonis
991 2394 1171 2448 papas,
1206 2379 1384 2446 capite
1431 2376 1538 2446 18.)
1571 2377 1693 2430 Non
1728 2375 1913 2430 omnis
1947 2391 2081 2428 mu—

391 2469 498 2522 lier
526 2469 646 2522 viro
670 2469 868 2537 juncta
898 2483 1042 2520 uxor
1085 2471 1172 2520 est
1218 2465 1342 2532 viri,
1398 2464 1529 2534 quia
1580 2479 1680 2517 nec
1710 2464 1896 2516 omnis
1928 2463 2079 2515 tilius

389 2559 574 2612 haeres
639 2563 722 2610 est
778 2555 975 2626 patris.
1037 2555 1376 2624 Nuptiarum
1439 2557 1634 2605 autem
1671 2552 1884 2606 fmdera
1932 2552 2080 2604 inter

391 2647 674 2716 ingenuos
708 2649 839 2697 sunt
857 2643 1134 2712 legitima,
1163 2647 1217 2696 et
1249 2641 1399 2695 inter
1428 2641 1676 2710 aaquales
1711 2641 1891 2693 multo
1923 2639 2080 2710 prius

389 2735 496 2788 hoc
525 2734 712 2804 ipsum
748 2732 989 2787 Domino
1039 2731 1437 2794 constituente,
1485 2745 1656 2799 quam
1694 2727 1924 2782 initium
1969 2727 2078 2781 Ro-

391 2823 546 2876 mani
595 2822 737 2892 juris
789 2821 1075 2874 existeret.
1129 2819 1326 2888 Itaque
1380 2818 1530 2871 aliud
1582 2821 1665 2870 est
1717 2832 1879 2882 uxor,
1924 2816 2076 2870 aliud

390 2911 727 2976 concubina,
761 2908 906 2962 sicut
937 2909 1089 2961 aliud
1129 2917 1212 2960 est
1250 2907 1476 2971 ancilla,
1519 2905 1670 2958 aliud
1703 2905 1900 2959 libera.
1933 2905 2040 2958 Pro
2063 2935 2077 2944 -

389 3003 516 3068 pter
545 2998 694 3068 quod
732 2997 902 3049 etiam
931 2997 1230 3065 Apostolus
1261 2995 1328 3047 ad
1371 2992 1844 3046 manifestandam
1875 2993 2077 3046 harum
2111 2987 2151 3040 Β

387 3100 761 3156 personarum
839 3083 1240 3137 discretionem
1327 3081 1718 3134 testimonium
1785 3079 1950 3150 ponit
2014 3097 2078 3134 ex

389 3174 613 3238 Genesi,
686 3173 782 3225 ubi
848 3171 1052 3226 dicitur
1107 3170 1392 3223 Abrahae:
1466 3169 1616 3239 Ejice
1704 3167 1968 3222 ancillam
2025 3173 2079 3222 et

383 3263 569 3316 ﬁlium
598 3261 720 3331 ejus
756 3277 768 3314 :
799 3277 916 3314 non
949 3260 1100 3313 enim
1141 3259 1324 3312 haeres
1365 3258 1474 3311 erit
1515 3259 1666 3311 titius
1695 3257 1914 3310 ancillae
1945 3273 2074 3310 cum

381 3351 502 3406 tilio
540 3366 667 3403 meo
719 3350 888 3402 Isaac.
945 3347 1100 3401 Unde
1155 3363 1284 3400 cum
1331 3345 1565 3399 societas
1612 3345 1940 3415 nuptiarum
1998 3345 2078 3398 ita

381 3439 452 3493 ab
485 3438 648 3491 initio
697 3438 1003 3490 constituta
1047 3435 1139 3502 sit,
1193 3439 1256 3487 ut
1303 3439 1513 3504 praiter
1560 3449 1796 3487 sexuum
1843 3434 2078 3504 conjun-

381 3527 628 3581 ctionem
663 3527 897 3579 haberet
921 3525 977 3577 in
1019 3541 1076 3577 se
1107 3523 1311 3578 Christi
1361 3529 1417 3575 et
1459 3522 1722 3575 Ecclesiae
1751 3538 2072 3575 sacramen-

377 3620 524 3680 tum,
556 3614 794 3668 dubium
825 3629 938 3665 non
971 3617 1057 3665 est
1089 3627 1214 3665 eam
1275 3610 1576 3664 mulierem
1619 3626 1733 3662 non
1781 3611 2073 3679 pertinere

379 3703 448 3756 ad
483 3701 935 3764 matrimonium,
969 3701 1028 3752 in
1059 3715 1172 3769 qua
1202 3699 1436 3751 docetur
1465 3698 1724 3766 nuptiale
1756 3715 1874 3750 non
1897 3699 2070 3750 fuisse

383 3791 737 3861 mysterium.
807 3789 989 3858 Igitur
1046 3787 1349 3856 cujuslibet
1395 3785 1504 3839 loci
1553 3786 1748 3851 laicus,
1804 3787 1850 3838 si
1890 3785 2068 3840 ﬁliam

381 3895 539 3933 suam
565 3879 685 3932 viro
707 3877 938 3930 babenti
961 3875 1339 3929 concubinam
1363 3874 1419 3926 in
1442 3873 1876 3927 matrimonium
1902 3875 2068 3928 dede-

380 3969 474 4034 rit,
504 3984 618 4020 non
650 3967 728 4020 ita
779 3965 1170 4035 accipiendum
1225 3969 1309 4016 est
1372 3963 1534 4034 quasi
1583 3977 1708 4016 eam
1766 3963 2068 4033 conjugato

379 4057 619 4122 dederit,
661 4055 769 4108 nisi
817 4055 962 4108 forte
1010 4053 1108 4106 illa
1148 4053 1355 4106 mulier
1391 4058 1446 4105 et
1493 4051 1746 4121 ingenua
1801 4050 1967 4114 facta,
2014 4054 2070 4105 et

375 4145 568 4199 dotata
604 4144 880 4214 legitime,
916 4147 1002 4196 est
1031 4141 1274 4212 publicis
1295 4140 1510 4212 nuptiis
1550 4141 1844 4194 honestate
1873 4138 2063 4193 videa-

2114 1709 2153 1758 A
2341 1706 2466 1759 CAP.
2501 1705 2594 1758 IlI.
2624 1735 2693 1745 -
2727 1707 2793 1760 Ut
2819 1705 3006 1760 nullus
3027 1706 3226 1760 occulte
3247 1709 3471 1776 nuptias
3500 1709 3748 1762 celebret.

2264 1791 2374 1860 (Ea:
2422 1792 2565 1845 decr.
2621 1793 2924 1847 Hormisdse
2973 1810 3156 1864 papae,
3217 1798 3392 1864 capite
3445 1795 3522 1867 6.)
3573 1798 3644 1850 Ut
3699 1798 3897 1851 nullus

2190 1878 2374 1933 ﬁdelis
2425 1881 2816 1952 cujuscunque
2884 1883 3227 1936 conditionis
3286 1884 3358 1937 sit
3409 1885 3596 1938 oculte
3654 1887 3898 1956 nuptias

2189 1968 2378 2035 faciat,
2411 1971 2531 2038 sed,
2561 1969 2955 2025 benedictione
2984 1988 3018 2024 a
3049 1971 3338 2026 sacerdote
3369 1976 3622 2044 accepta,
3655 1975 3896 2044 publice

2191 2058 2369 2112 nubat
2396 2057 2452 2111 in
2485 2059 2744 2114 Domino.

2263 2147 2388 2200 CAP.
2420 2146 2507 2200 1V.
2539 2177 2608 2186 —-—
2639 2152 2751 2217 Quo
2777 2152 3008 2216 tempore
3035 2149 3242 2218 nuptiae
3270 2149 3600 2204 celebranda:
3629 2153 3767 2205 sint.

2263 2235 2380 2304 (Ea:
2409 2237 2627 2290 concilio
2673 2236 2998 2301 llilerdensi,
3052 2253 3173 2306 cap.
3211 2239 3282 2306 3.)
3312 2238 3468 2302 Quod
3537 2255 3652 2293 non
3711 2257 3894 2311 opor-

2157 2327 2308 2382 _teat
2366 2341 2396 2375 a
2451 2324 2884 2394 Septuagesima
2919 2341 3104 2396 usque
3142 2326 3202 2379 in
3243 2331 3466 2380 octavas
3523 2328 3782 2394 Pascha,
3843 2335 3900 2384 et

2191 2411 2370 2464 tribus
2401 2412 2850 2466 hebdomadibus
2881 2420 3011 2467 ante
3043 2414 3404 2468 festivitatem
3440 2416 3617 2469 sancti
3648 2418 3899 2472 Joannis

2197 2500 2476 2570 Baptistae,
2511 2503 2664 2555 etab
2693 2503 2956 2556 Adventu
2988 2503 3214 2556 Domini
3248 2520 3428 2575 usque
3457 2511 3590 2574 post
3633 2507 3898 2576 Epipha-

2191 2592 2346 2642 niam
2377 2590 2605 2659 nuptias
2635 2590 2934 2645 celebrare.
2969 2591 3127 2655 Quod
3159 2591 3204 2644 si
3237 2591 3451 2647 factum
3483 2594 3677 2662 fuerit,
3715 2612 3899 2665 sepa-

2193 2683 2412 2732 rentur.

2193 2765 2321 2820 CAP.
2356 2766 2418 2820 V.
2454 2797 2520 2806 —-
2553 2767 2800 2832 Qualiter
2855 2767 3238 2892 bepedicantur
3275 2785 3310 2822 a
3347 2771 3620 2826 sacerdote
3657 2786 3904 2841 sponsus

2895 2855 2920 2891 e
2973 2854 3189 2892 sponsa.

2895 2854 2946 2892 et
2973 2854 3189 2908 sponsa.

2264 2924 2371 2996 (Ea:
2419 2926 2640 2980 concilio
2687 2926 2838 2994 apud
2893 2928 3188 2992 Valentius,
3222 2930 3398 2997 capite
3432 2929 3572 3000 101.)
3629 2929 3903 3001 Sponsus

2193 3019 2247 3067 et
2277 3029 2487 3083 sponsa
2512 3030 2642 3068 cum
2675 3015 3048 3068 benedicendi
3079 3023 3232 3084 sunt,
3263 3033 3296 3070 a
3347 3018 3658 3084 sacerdote,
3705 3036 3740 3072 a
3799 3037 3906 3090 pa-

2190 3101 2468 3168 rentibus,
2517 3104 2604 3156 vel
2657 3118 2689 3154 a
2735 3103 3144 3174 paranymphis
3200 3104 3258 3157 in
3309 3106 3542 3158 ecclesia
3598 3109 3904 3162 sacerdoti

2189 3185 2515 3248 oﬁerantur,
2552 3189 2607 3237 et
2638 3201 2765 3238 cum
2798 3186 3253 3240 benedictionem
3283 3189 3624 3258 acceperint,
3676 3193 3901 3245 eadem

2189 3279 2351 3326 nocte
2383 3289 2484 3342 pro
2517 3274 2832 3328 reverentia
2862 3273 3040 3343 ipsius
3081 3275 3500 3331 benedictionis
3545 3279 3606 3332 in
3637 3279 3921 3350 virgini:

2189 3366 2300 3414 tate
2341 3369 2737 3432 permaneant.

2257 3451 2386 3505 CAP.
2421 3452 2508 3504 VI.
2539 3481 2606 3488 —
2633 3453 2700 3504 Ut
2726 3453 2930 3504 nullum
2962 3452 3273 3520 conjugium
3294 3455 3409 3507 sine
3430 3454 3550 3508 dote
3567 3458 3686 3523 ﬁat.

2254 3539 2362 3610 (Ea:
2393 3541 2611 3593 concilio
2645 3541 2971 3599 Arelatensi,
3005 3541 3280 3610 capitati.)
3324 3542 3555 3596 Nullum
3587 3545 3715 3597 sine
3751 3545 3902 3600 dote

2183 3627 2281 3681 ﬁat
2337 3627 2694 3697 conjugium,
2738 3628 2905 3697 juxta
2958 3628 3396 3698 possibilitatem
3450 3630 3550 3684 tiat
3594 3631 3723 3696 dos,
3779 3650 3902 3687 nec

2183 3716 2304 3770 sine
2349 3716 2592 3786 publicis
2634 3716 2850 3786 nuptiis
2891 3717 3197 3788 quisquam
3237 3719 3455 3773 nubere
3494 3720 3579 3773 vel
3637 3736 3902 3778 uxorem

2183 3805 2389 3857 ducere
2419 3810 2749 3874 praesumat.

2181 3893 2308 3948 CAP.
2337 3893 2450 3948 VII.
2487 3923 2559 3936 —
2589 3895 2656 3948 Ut
2685 3908 2910 3966 sponsus
2939 3899 2989 3948 et
3008 3909 3206 3963 sponsa
3231 3901 3359 3950 ante
3379 3899 3600 3966 nuptias
3629 3913 3664 3951 a
3695 3913 3900 3954 sacer-

2745 3965 2866 4020 dote
2896 3967 3298 4020 benedicuntur.

2246 4052 2357 4120 (Ea:
2387 4051 2530 4106 decr.
2575 4053 2814 4109 Sotheris
2851 4069 3027 4123 papae,
3079 4058 3256 4123 capite
3305 4053 3380 4124 5.)
3420 4056 3488 4110 Ut
3515 4072 3766 4126 sponsus
3825 4077 3921 4114 aci

2176 4156 2383 4209 sponsa
2447 4158 2574 4195 cum
2615 4142 2878 4213 precibus
2943 4148 3001 4196 et
3045 4143 3434 4197 oblationibus
3493 4160 3525 4198 a
3573 4147 3902 4202 sacerdote

373 4239 502 4300 tur;
553 4233 686 4303 quia
735 4237 970 4302 paterno
1037 4231 1270 4284 arbitrio
1321 4229 1462 4282 viris
1511 4229 1829 4297 conjunctae
1872 4235 2066 4282 carent
2095 4267 2136 4322 Ο
2175 4229 2606 4296 benedicentur,
2639 4235 2696 4282 et
2723 4230 2944 4300 legibus
2994 4237 3295 4301 sponsetur
3337 4248 3402 4286 ac
3443 4233 3714 4300 donetur,
3759 4242 3828 4290 et
3865 4256 3904 4292 ει

371 4323 558 4391 culpa,
595 4321 640 4373 si
671 4321 940 4373 mulieres
981 4335 1108 4388 quae
1141 4335 1172 4371 a
1199 4319 1332 4371 viris
1379 4317 1739 4371 habebantur
1767 4315 1828 4369 in
1861 4317 2062 4370 matri-

373 4409 570 4464 monio
606 4425 720 4462 non
747 4409 998 4474 fuerunt,
1032 4406 1166 4476 quia
1205 4405 1358 4459 aliud
1391 4411 1476 4459 est
1509 4411 1709 4474 nupta,
1745 4404 1900 4458 aliud
1931 4421 2062 4458 con-

372 4498 597 4552 cubina.

529 4589 656 4640 CAP.
691 4585 760 4639 II.
793 4613 862 4624 -η
892 4584 1082 4649 Qualis
1104 4597 1242 4635 uxor
1264 4582 1508 4646 legitima
1545 4595 1656 4634 esse
1678 4579 1886 4634 debeat.

437 4674 558 4739 (Ea:
595 4674 822 4740 epistola
869 4672 1058 4726 Leonis
1089 4674 1291 4738 papae.)
1312 4665 1503 4732 Qualis
1533 4684 1655 4721 esse
1685 4668 1886 4722 debeat
1916 4683 2059 4722 uxor

368 4777 498 4830 quin
529 4759 793 4812 habenda
835 4765 922 4812 est
967 4757 1279 4811 secundum
1332 4756 1562 4827 legem:
1609 4755 1768 4825 virgo
1817 4760 1968 4808 casta
2002 4759 2056 4809 et

363 4833 702 4917 desponsata
747 4845 808 4898 in
851 4845 1197 4914 virginitate,
1247 4847 1303 4897 et
1349 4845 1536 4898 dotata
1590 4845 1863 4913 legitime,
1916 4848 1971 4897 et
2022 4863 2052 4898 a

359 4937 696 5007 parentibus
744 4935 969 5000 tradita,
1023 4939 1078 4986 et
1129 4951 1157 4987 a
1211 4951 1420 5003 sponso
1467 4939 1522 4988 et
1559 4951 1589 4986 a
1640 4934 2050 5004 paranymphis

360 5025 706 5095 accipienda,
750 5029 806 5076 et
835 5023 914 5076 ita
971 5022 1284 5075 secundum
1341 5023 1523 5091 legem
1576 5027 1632 5075 et
1673 5022 2046 5091 Evangelinm

353 5113 595 5185 publicis
650 5111 864 5183 nuptiis
921 5111 1159 5165 honeste
1207 5111 1266 5164 in
1311 5111 1642 5180 conjugium
1687 5109 1901 5182 liquide
1951 5127 2044 5162 su-

353 5205 562 5258 menda
598 5219 610 5257 :
645 5209 701 5256 et
727 5201 995 5256 omnibus
1025 5199 1225 5254 diebus
1267 5199 1396 5253 vitae
1437 5199 1546 5252 nisi
1580 5216 1643 5252 ex
1677 5215 1954 5253 consensu
1987 5204 2044 5254 et

345 5309 516 5348 causa
546 5292 782 5347 vacandi
815 5291 928 5344 Deo
986 5304 1282 5359 nunquam
1330 5293 1564 5358 propter
1595 5287 1885 5341 hominem
1945 5304 2040 5340 se-

345 5383 618 5453 paranda,
672 5385 728 5436 et
766 5381 812 5434 si
851 5379 1132 5435 fornicata
1173 5377 1346 5431 fuerit
1390 5376 1758 5442 dimittenda;
1794 5376 1890 5430 sed
1939 5376 2038 5430 illa

342 5473 566 5525 vivente
607 5471 782 5524 altero
814 5485 928 5522 non
969 5466 1319 5525 deducenda,
1350 5465 1485 5534 quia
1514 5465 1758 5518 adulteri
1791 5479 2033 5534 regnum

339 5559 442 5636 Dei
473 5577 586 5613 non
610 5559 1002 5628 possidebunt,
1037 5561 1093 5610 et
1131 5553 1470 5626 paenitentia
1517 5553 1670 5609 illius
1714 5569 1817 5624 per
1856 5552 2032 5624 scrip-

338 5653 537 5717 pturas
568 5646 918 5718 recipienda.

2173 4318 2582 4388 paranympbis
2621 4320 2989 4384 custodiatur,
3047 4325 3103 4374 et
3141 4321 3365 4392 publice
3417 4322 3900 4395 solemniterque

2172 4406 2495 4475 accipiatur.
2561 4405 2740 4460 Biduo
2805 4409 2975 4461 etiam
3035 4424 3098 4461 ac
3137 4409 3328 4463 triduo
3395 4408 3729 4464 abstineant
3795 4431 3896 4484 se,

2175 4499 2232 4548 et
2260 4495 2591 4563 doceantur,
2625 4499 2686 4547 ut
2715 4496 3030 4550 castitatem
3077 4496 3226 4550 inter
3263 4513 3322 4550 se
3369 4497 3716 4566 custodiant,
3753 4517 3899 4556 cer-

2168 4583 2356 4654 tisque
2389 4584 2744 4654 temporibus
2778 4586 3019 4654 nubant,
3063 4591 3125 4639 ut
3165 4586 3311 4640 filios
3349 4602 3463 4640 non
3497 4587 3728 4656 spurius
3773 4593 3894 4647 sed

2167 4671 2563 4727 hereditarios
2593 4673 2704 4727 Deo
2735 4678 2790 4726 et
2819 4673 3026 4726 saeculo
3062 4681 3358 4742 generem.

2495 4779 2621 4833 CAP.
2659 4779 2798 4832 VIII.
2831 4809 2899 4818 —-
2931 4781 3013 4833 De
3039 4781 3217 4847 primo
3247 4780 3516 4848 conjugio.

2233 4867 2352 4938 (Ea:
2380 4869 2564 4922 concil.
2597 4866 2911 4932 Medicina,
2943 4883 3061 4937 cap.
3099 4870 3130 4920 2
3163 4869 3179 4933 )
3243 4868 3304 4920 In
3337 4867 3526 4936 primo
3587 4869 3892 4942 conjugio

2159 4955 2327 5008 debet
2375 4955 2674 5023 presbyter
2732 4954 2958 5007 missam
3008 4969 3177 5024 agere
3232 4959 3288 5008 et
3348 4954 3688 5009 benedicere
3733 4975 3890 5014 am-

2157 5042 2278 5108 bos,
2349 5048 2403 5096 et
2467 5048 2668 5113 postea
2733 5059 2790 5096 se
2864 5043 3192 5096 abstineant
3267 5043 3336 5096 ab
3401 5043 3670 5097 eccclesia
3737 5062 3884 5105 xxx

2156 5131 2375 5184 diebus.

2155 5221 2279 5274 CAP.
2315 5220 2401 5273 IX.
2435 5251 2502 5258 —-
2543 5219 2694 5285 Quod
2722 5221 2809 5272 vir
2831 5217 3008 5343 ﬁdeli;
3028 5236 3067 5344 ta
3104 5221 3327 5343 ntzuliere
3365 5220 3577 5290 infideli
3592 5231 3888 5290 separari

2828 5307 2934 5344 non
2999 5309 3024 5343 ο
3061 5307 3122 5344 ea
3155 5331 3166 5344 .

2828 5307 2934 5344 ηοη
2960 5307 3166 5344 deceat.

2217 5378 2532 5445 (Apostolus
2561 5376 2742 5446 dicit.)
2779 5377 2838 5431 Si
2887 5380 3012 5448 quis
3060 5379 3234 5432 frater
3279 5395 3512 5433 uxorem
3554 5379 3737 5435 habet
3777 5384 3881 5440 in-

2145 5466 2394 5532 ﬁdelem,
2431 5473 2486 5520 et
2513 5469 2635 5520 hinc
2659 5469 2940 5521 consentit
2989 5467 3248 5522 habitare
3279 5485 3409 5522 cum
3440 5470 3560 5536 illo,
3595 5486 3718 5524 non
3762 5475 3876 5530 di-

2145 5555 2337 5608 mittat
2365 5555 2540 5609 illam.
2579 5557 2642 5609 Et
2671 5556 2715 5607 si
2745 5573 2857 5624 qua
2887 5557 3282 5612 mulierhabet
3305 5559 3488 5611 virum
3519 5557 3872 5634 inﬁdelem,

2141 5649 2198 5697 et
2217 5644 2308 5698 hic
2333 5645 2615 5699 consentit.
2651 5644 2914 5700 habitare
2958 5663 3088 5700 cum
3144 5646 3261 5712 illa,
3309 5663 3422 5701 non
3465 5646 3718 5702 dimittat
3761 5655 3868 5708 vi-
