3944 6304
108 308 208 359 817

1106 308 1581 365 DECRETORUM
1624 311 1805 365 LIBRI
1849 312 1956 367 XX.
1994 341 2062 351 —
2109 312 2308 366 LIBER
2359 310 2603 367 NONUS.

3514 316 3618 368 8l8

107 442 257 480 rum.
306 426 701 482 Sanctiﬁcatus
733 428 884 482 enim
918 429 1027 483 erit
1072 430 1159 483 vir
1190 431 1439 486 inﬁdelis
1470 433 1530 487 in
1561 434 1801 487 muliere
1820 438 1877 515 ¹Α
1916 439 2098 515 scunt,
2161 451 2303 505 quas
2352 440 2483 503 post
2540 434 2762 504 aliquot
2815 449 2997 487 annos
3046 435 3367 505 dimittunt,
3425 442 3481 491 et
3539 439 3620 491 sic

108 516 285 578 ﬁdeli,
318 522 376 569 et
417 516 772 570 sanctiﬁcata
817 517 924 570 erit
960 518 1168 571 mulier
1198 519 1447 574 inﬁdelis
1487 536 1593 591 per
1621 521 1807 575 virum

107 605 357 659 ﬁdelem.

105 696 234 748 CAP.
263 695 322 748 X.
356 723 427 733 —
471 695 545 748 Ut
589 695 649 747 in
680 694 1119 751 Christianorum
1153 699 1365 765 nuptiis
1406 712 1513 752 non
1554 699 1802 753 saltetur.

175 784 285 848 (Ea:
326 783 516 836 concil.
554 782 861 848 Laodicen.,
890 798 1011 852 cap.
1048 785 1161 852 35.)
1188 784 1350 848 Quod
1399 801 1514 839 non
1546 792 1809 855 oporteat

106 870 453 924 Christianos
499 876 701 923 euntes
749 871 819 924 ad
855 871 1084 941 nuptias
1134 872 1408 941 plaudere
1458 874 1545 927 vel
1574 874 1804 939 saltare,

105 960 201 1013 sed
252 959 656 1012 venerabiliter
684 975 929 1026 coenare,
963 961 1047 1013 vel
1090 961 1396 1030 prandere,
1440 961 1586 1015 sicut
1615 961 1805 1016 Chris-

104 1048 321 1102 stianos
353 1048 535 1103 decet.

210 1137 341 1190 CAP.
376 1137 466 1192 XI.
493 1166 562 1176 —-
593 1138 659 1190 Ut
687 1136 913 1190 uiduam
940 1152 1091 1191 nemo
1121 1139 1339 1203 furetur
1370 1140 1429 1191 in
1450 1154 1689 1194 uxorem.

176 1225 421 1292 (Gregor.
475 1225 658 1294 dicit.)
690 1224 748 1278 Si
795 1224 923 1295 quis
983 1225 1211 1279 viduam
1260 1226 1482 1279 furatus
1530 1227 1704 1281 fuerit
1743 1228 1801 1282 in

103 1329 360 1379 uxorem,
393 1314 479 1366 vel
510 1313 873 1366 consentiens
902 1313 975 1379 ei,
1005 1315 1314 1367 anathema
1345 1315 1435 1369 sit.
1473 1316 1537 1369 Et
1563 1332 1799 1386 respon-

104 1401 313 1455 derunt
343 1417 544 1454 omnes
576 1402 745 1455 tertio
778 1418 790 1455 :
822 1402 1144 1455 Anathema
1175 1403 1266 1457 sit.

173 1490 299 1543 CAP.
348 1490 457 1543 XII.
488 1519 556 1527 —
590 1492 655 1544 Ut
684 1494 949 1557 virginem
978 1506 1127 1543 nemo
1155 1493 1373 1557 furatur
1397 1493 1455 1544 in
1484 1508 1721 1546 umorem.

172 1578 325 1649 (Item
356 1579 640 1647 ejusdem.)
691 1579 748 1633 Si
776 1580 903 1649 quis
934 1580 1240 1649 virginem,
1274 1581 1383 1634 nisi
1416 1582 1798 1651 desponsave-

101 1666 190 1731 rit,
252 1668 472 1720 furatus
529 1667 704 1721 fuerit
753 1667 813 1720 in
872 1684 1107 1722 uxorem
1167 1670 1254 1721 vel
1311 1671 1673 1724 consentiens
1723 1670 1795 1736 ei,

101 1754 406 1807 anathema
451 1753 540 1808 sit.
578 1756 643 1808 Et
689 1755 1111 1825 responderunt
1151 1771 1350 1810 omnes
1398 1757 1567 1810 tertio
1600 1774 1614 1811 :
1647 1760 1797 1811 Ana-

100 1844 295 1896 thema
326 1843 399 1896 sit
421 1841 432 1895 l

295 1932 425 1985 CAP.
458 1930 599 1986 XIII.
633 1960 701 1971 --
723 1932 798 1985 De
830 1933 1043 1998 uirgine
1064 1932 1149 1985 vel
1189 1931 1358 1984 vidua
1388 1933 1599 1997 furata.

172 2021 289 2090 (Ea:
320 2020 463 2074 decr.
496 2019 717 2075 Eusebii
759 2036 917 2090 pap.,
967 2036 1086 2089 cap.
1126 2020 1235 2089 10.)
1267 2020 1323 2074 Si
1354 2020 1483 2089 quis
1516 2018 1793 2089 virginem

104 2113 203 2162 aut
234 2109 467 2162 viduam
517 2109 739 2161 furatus
787 2109 848 2161 in
877 2125 1138 2175 uxorem,
1188 2108 1301 2162 nisi
1330 2108 1502 2162 fuerit
1530 2125 1563 2161 a
1603 2123 1663 2161 se
1692 2107 1794 2161 de-

102 2203 453 2269 sponsatam,
484 2197 788 2250 anathema
819 2197 909 2250 sit.

103 2305 233 2358 CAP.
268 2304 399 2357 XIV.
443 2331 516 2344 —
552 2303 635 2357 De
654 2303 959 2369 virginibus
993 2318 1110 2372 quae
1138 2306 1511 2369 virginitatem
1542 2306 1665 2356 ante
1694 2317 1795 2355 nu-

605 2377 757 2442 ptias
786 2390 890 2428 non
919 2375 1290 2429 custodierint,

172 2464 294 2534 (Ea:
320 2464 507 2517 concil.
545 2463 871 2525 Elibertan.,
905 2478 1024 2531 cap.
1062 2466 1141 2531 5.)
1174 2462 1431 2531 Virgines
1456 2478 1585 2532 quae
1615 2460 1797 2529 virgi-

102 2550 343 2604 nitatem
396 2565 557 2603 suam
606 2566 721 2603 non
752 2550 1148 2616 custodierint,
1182 2550 1228 2603 si
1276 2550 1508 2603 eosdem
1556 2548 1655 2618 qui
1701 2564 1795 2601 eas

103 2638 445 2693 violaverint
474 2638 707 2692 maritos
738 2639 1077 2708 acceperint,
1112 2655 1178 2692 eo
1208 2638 1362 2710 quod
1396 2642 1539 2691 solas
1569 2636 1797 2705 nuptias

100 2728 463 2795 violaverint,
491 2733 621 2797 post
645 2728 1039 2797 penitentiam
1070 2728 1241 2781 unius
1272 2726 1409 2779 anni
1434 2725 1799 2779 reconcilien-

101 2823 211 2871 tur.
248 2817 304 2872 Si
357 2817 496 2870 alios
551 2816 921 2886 cognoverint
974 2816 1143 2881 viros,
1177 2832 1245 2869 eo
1299 2816 1453 2885 quod
1497 2816 1795 2868 moechatus

101 2911 258 2971 sunt,
307 2904 706 2976 quinquennio
756 2905 1091 2976 pceniteant,
1133 2908 1190 2958 et
1215 2904 1293 2957 sic
1322 2904 1391 2958 ad
1434 2901 1794 2957 communio-

100 3012 233 3048 nem
261 2995 551 3048 accedant.

170 3084 300 3138 CAP.
337 3084 441 3137 XV.
476 3111 547 3123 —
580 3082 735 3147 Quod
764 3083 904 3136 nulli
932 3083 1089 3136 liccat
1138 3082 1484 3136 concubinam
1510 3080 1721 3134 habere.

169 3172 280 3241 (Ea:
330 3172 490 3225 dictis
544 3170 805 3239 August.)
854 3171 1081 3236 Audite,
1134 3170 1476 3235 charissimi,
1538 3169 1796 3223 membra

102 3260 331 3325 Christi,
364 3265 423 3313 et
450 3259 645 3313 matris
673 3260 966 3314 catholicae
1017 3260 1276 3313 Ecclesiae
1318 3259 1442 3312 ﬁlii.
1476 3258 1638 3323 Quod
1670 3258 1793 3311 dico

101 3347 581 3418 competentibus,
624 3348 858 3401 audiant
885 3347 1119 3414 ﬁdeles;
1151 3348 1303 3418 quod
1338 3346 1462 3400 dico
1507 3345 1792 3411 ﬁdelibus,

102 3437 339 3491 audiant
373 3441 795 3506 competentes;
829 3436 981 3506 quod
1023 3436 1148 3489 dico
1181 3435 1442 3489 fidelibus
1477 3441 1532 3487 et
1563 3450 1792 3504 compe-

102 3525 373 3590 tentibus,
427 3526 663 3578 audiant
692 3524 1074 3594 pmnitentes;
1106 3524 1262 3594 quod
1292 3523 1415 3577 dico
1447 3522 1709 3577 ﬁdelibus
1740 3527 1796 3576 et

100 3612 581 3683 competentibus,
618 3617 674 3666 et
702 3612 1131 3682 paenitentibus,
1164 3611 1399 3666 audiant
1444 3615 1499 3664 et
1532 3610 1792 3664 catechu-

102 3702 277 3766 meni,
297 3701 537 3755 audiant
554 3717 750 3754 omnes
768 3718 779 3754 :
796 3717 993 3754 omnes
1014 3701 1273 3768 timeant,
1292 3706 1348 3752 et
1365 3716 1532 3752 nemo
1546 3704 1794 3751 contem-

100 3796 216 3845 nat.
245 3790 330 3844 Sit
352 3790 492 3843 mihi
518 3791 573 3843 in
597 3790 1048 3844 consolationem
1065 3795 1248 3843 vester
1270 3789 1515 3851 auditus,
1543 3805 1611 3841 ne
1638 3788 1794 3841 vobis

100 3880 173 3933 sit
204 3880 265 3932 in
293 3878 683 3933 testimonium
731 3878 893 3933 dolor
916 3880 1105 3932 meus.
1150 3876 1616 3947 Competentibus
1644 3876 1790 3941 dicn,

100 3967 391 4022 Fomicari
411 3967 568 4021 vobis
584 3984 701 4021 non
730 3967 913 4027 liceat,
939 3966 1223 4020 sufﬁciant
1240 3965 1397 4018 vobis
1419 3979 1646 4031 uxores,
1668 3979 1796 4016 con-

99 4056 340 4110 cubinas
385 4055 543 4109 vobis
578 4072 693 4110 non
746 4055 877 4109 licet
905 4055 1135 4109 habere.
1181 4054 1390 4108 Audiat
1422 4054 1589 4119 Deus,
1622 4052 1668 4104 si
1697 4068 1795 4105 vos

101 4144 261 4199 surdi
289 4144 454 4211 estis;
504 4144 741 4198 audiant
769 4144 957 4213 angeli
996 4144 1143 4213 ejus,
1178 4143 1225 4195 si
1257 4159 1354 4195 vos
1383 4141 1745 4195 contemnitis
1778 4156 1790 4194 :

103 4232 462 4286 Concubinas
509 4248 627 4285 non
656 4232 787 4285 licet
829 4231 987 4285 vobis
1019 4231 1242 4285 habere.
1274 4231 1340 4283 Et
1377 4229 1423 4283 si
1458 4245 1574 4283 non
1622 4229 1793 4282 habe-

102 4322 177 4375 tis
207 4337 435 4387 uxores,
467 4325 660 4375 tamen
686 4337 804 4375 non
833 4320 967 4374 licet
999 4320 1157 4374 vobis
1192 4320 1402 4374 habere
1430 4319 1791 4385 concubinas,

104 4427 251 4482 quas
292 4414 491 4478 postea
522 4409 846 4474 dimittatis,
889 4413 949 4462 ut
974 4408 1173 4462 dicatis
1205 4423 1432 4462 uxores.
1465 4409 1642 4461 Tanto
1675 4422 1795 4459 ma-

98 4499 194 4569 jor
237 4497 531 4551 damnatio
574 4498 736 4550 vobis
759 4496 887 4564 erit,
919 4497 965 4549 si
995 4496 1284 4549 volueritis
1336 4495 1544 4549 habere
1574 4500 1631 4547 et
1658 4510 1799 4547 con-

104 4587 346 4642 cubinas
396 4592 453 4640 et
499 4602 721 4639 uxores.
783 4587 906 4640 Non
957 4586 1087 4639 licet
1131 4585 1340 4639 habere
1384 4601 1600 4649 uxores,
1657 4599 1795 4653 qua-

105 4692 236 4730 rum
257 4675 481 4746 priores
510 4674 699 4729 mariti
721 4674 938 4728 vivunt.
971 4675 1084 4729 Nec
1108 4673 1287 4741 vobis,
1311 4673 1561 4739 feminae,
1589 4672 1798 4726 habere

105 4762 259 4815 viros
307 4762 458 4829 licet,
509 4779 759 4833 quorum
805 4762 1029 4832 priores
1072 4777 1276 4815 uxores
1304 4761 1523 4815 vivunt.
1572 4760 1800 4814 Adulte-

105 4851 233 4904 rina
295 4856 428 4904 sunt
481 4851 589 4904 ista
646 4850 934 4921 conjugis,
982 4866 1099 4904 non
1146 4851 1276 4919 jure
1323 4848 1468 4915 caeli,
1526 4848 1623 4901 sed
1667 4848 1799 4917 jure

102 4938 299 4993 seaculi
333 4956 345 4994 :
375 4955 479 4994 nec
527 4939 684 4994 illam
732 4940 1008 4994 feminam
1066 4938 1197 4992 licet
1238 4937 1467 4999 habere,
1525 4952 1650 5007 quae
1701 4952 1802 5004 per

103 5028 416 5098 repudium
454 5027 711 5082 discessit
741 5045 774 5081 a
804 5028 1029 5095 marito,
1063 5044 1130 5082 eo
1175 5025 1419 5080 vivente.
1470 5025 1653 5079 Solius
1684 5026 1802 5079 for-

109 5116 414 5169 nicationis
456 5132 624 5171 causa
679 5116 813 5171 licet
854 5134 1089 5171 uxorem
1138 5116 1457 5169 adulteram
1489 5113 1799 5181 dimittere,

108 5205 209 5258 sed
241 5204 341 5258 illa
372 5205 594 5258 vivente
624 5222 740 5258 non
770 5205 900 5259 licet
931 5207 1165 5259 alteram
1194 5205 1418 5259 ducere.

112 5314 238 5367 CAP.
278 5313 409 5366 XVI.
460 5342 525 5352 —
560 5312 640 5365 De
672 5312 786 5367 illis
817 5315 913 5437 qlui
941 5318 1065 5437 ant:
1102 5314 1325 5382 nuptias
1364 5310 1684 5366 concubinas
1714 5309 1808 5362 ha-

883 5400 1036 5437 uerm
1068 5425 1080 5437 .

883 5388 1080 5437 uerint.

184 5472 349 5542 (Item
391 5472 562 5542 Aug.)
595 5471 771 5536 Quale
801 5478 887 5526 est
911 5478 964 5527 et
990 5472 1135 5526 illud
1168 5471 1325 5542 quod
1355 5469 1520 5525 multi
1550 5467 1806 5522 virorum

108 5564 243 5614 ante
291 5558 523 5630 nuptias
570 5559 918 5615 concubinas
960 5560 1068 5614 sibi
1101 5560 1391 5614 adhaerere
1435 5574 1553 5613 non
1602 5556 1805 5611 erube-

1920 512 2119 593 postea
2183 523 2469 593 legitimas
2530 538 2736 576 uxores
2807 522 3110 592 accipiunt.
3199 525 3355 578 Unde
3421 541 3614 579 coram

1920 613 2035 665 Deo
2068 618 2123 665 et
2148 628 2339 665 coram
2366 612 2587 681 angelis
2614 612 2739 681 ejus
2769 616 3075 677 contestor,
3110 617 3280 681 atque
3308 613 3607 682 denuntio,

1920 701 2098 754 Deum
2131 706 2188 754 et
2242 700 2352 753 ista
2399 716 2624 770 semper
2669 699 3051 770 prohibuisse,
3096 705 3155 754 et
3206 717 3503 771 nunquam
3556 704 3611 757 ei

1917 779 2213 858 placuisse.
2248 788 2318 842 Et
2358 788 2646 858 praecipue
2694 788 3047 857 temporibus
3094 789 3430 843 Christianis
3476 807 3613 844 con-

1916 876 2152 931 cubinas
2218 877 2429 930 habere
2504 892 2801 947 nunquam
2863 875 3016 942 licet,
3086 881 3143 930 et
3205 893 3502 948 nunquam
3545 879 3611 932 li-

1914 965 2083 1020 cebit.

2232 1054 2361 1107 CAP.
2394 1054 2549 1107 XVII.
2592 1083 2657 1093 —
2696 1054 2833 1105 Item
2862 1052 2926 1105 de
2956 1054 3287 1107 concubinis.

1982 1142 2100 1211 (Ea:
2132 1144 2353 1196 concilio
2400 1142 2713 1208 Arelatem,
2761 1144 2938 1209 capite
2980 1140 3058 1208 4.)
3093 1142 3241 1195 Nulli
3292 1141 3461 1196 liceat
3491 1158 3605 1195 uno

1913 1235 2173 1302 tempore
2222 1231 2363 1284 duas
2420 1245 2626 1283 uxores
2673 1230 2884 1283 habere
2918 1246 2931 1283 :
2964 1231 3062 1284 sed
3107 1246 3293 1301 neque
3346 1246 3602 1303 unquam

1911 1320 2312 1373 concubinam.

1911 1425 2037 1479 CAP.
2068 1424 2251 1478 XVIII.
2275 1454 2340 1462 —
2369 1426 2436 1477 De
2460 1424 2682 1483 ancilla,
2707 1425 2757 1476 si
2771 1425 2993 1490 proprio
3008 1423 3220 1477 domino
3241 1439 3334 1477 suo
3358 1424 3604 1493 legilima

2577 1496 2696 1560 ﬁeri
2722 1496 2919 1561 possit.

1982 1582 2089 1653 (Ea:
2118 1583 2257 1636 decr.
2312 1583 2462 1635 Julii
2514 1597 2692 1650 papa,
2747 1584 2923 1650 capite
2970 1583 3043 1647 4.)
3075 1581 3133 1635 Si
3164 1581 3291 1651 quis
3337 1582 3603 1636 ancillam

1909 1686 2071 1725 suam
2128 1671 2390 1724 libertate
2448 1669 2758 1735 donaverit,
2832 1673 2889 1723 et
2945 1671 3004 1722 in
3062 1669 3429 1722 matrimonio
3495 1669 3603 1723 sibi

1910 1758 2228 1826 sociaverit,
2279 1758 2649 1811 dubitabatur
2678 1757 2831 1827 apud
2862 1758 3139 1828 quosdam
3173 1763 3367 1811 utrum
3397 1758 3603 1828 hujus-

1910 1847 2064 1902 modi
2097 1846 2312 1917 nuptiae
2361 1847 2630 1916 legitimae
2661 1862 2781 1899 esse
2832 1846 3153 1911 videantur,
3202 1862 3273 1899 an
3318 1862 3455 1899 non.
3494 1847 3604 1899 Nos

1908 1937 2100 2007 itaque
2146 1943 2429 1990 vetustam
2468 1935 2905 2003 ambiguitatem
2937 1934 3259 1987 decidentes
3298 1936 3431 1987 talia
3463 1951 3598 1987 con-

1909 2026 2089 2080 nubia
2134 2024 2392 2094 legitima
2443 2039 2563 2076 esse
2592 2023 2935 2076 censuimus.
2978 2023 3034 2077 Si
3090 2023 3244 2075 enim
3277 2039 3346 2076 ex
3395 2023 3596 2077 affectu

1906 2113 2053 2168 ﬁunt
2105 2128 2303 2165 omnes
2356 2111 2594 2181 nuptiae,
2652 2114 2708 2163 et
2765 2110 2905 2164 nihil
2953 2110 3216 2180 impium,
3271 2116 3328 2163 et
3379 2110 3600 2180 legibus

1906 2202 2254 2255 contrarium
2302 2199 2361 2252 in
2412 2199 2512 2252 tali
2562 2198 2928 2267 copulatione
2985 2197 3108 2252 ﬁeri
3164 2203 3370 2269 potest,
3421 2215 3599 2269 quare

1905 2290 2206 2362 praedictas
2249 2287 2479 2358 nuptias
2520 2286 2862 2341 inhibendas
2894 2286 3430 2340 existimaverimus.
3464 2287 3596 2341 0m-

1906 2378 2077 2432 nibus
2124 2376 2283 2431 vobis
2326 2392 2476 2430 unus
2506 2380 2590 2429 est
2622 2382 2781 2445 pater
2810 2375 2869 2429 in
2911 2376 3085 2440 ccelis,
3120 2380 3173 2429 et
3206 2374 3599 2446 unusquisque

1906 2467 2060 2520 dives
2107 2470 2163 2520 et
2204 2480 2442 2536 pauper,
2492 2464 2637 2517 liber
2666 2468 2719 2517 et
2766 2480 2979 2530 servus,
3033 2463 3330 2534 aequaliter
3372 2479 3475 2534 pro
3517 2479 3595 2531 se,

1906 2560 1964 2609 et
2025 2570 2131 2626 pro
2196 2553 2493 2607 animabus
2558 2568 2761 2606 eorum
2830 2553 3112 2606 rationem
3179 2552 3369 2605 daturi
3432 2556 3594 2604 sunt.

1907 2644 2264 2713 Quapropter
2309 2641 2575 2695 omnibus
2630 2641 3020 2710 cujuscunque
3068 2639 3414 2693 conditionis
3462 2639 3595 2708 sint,

1909 2747 2081 2785 unam
2130 2731 2336 2800 legem,
2371 2735 2652 2799 quantum
2684 2729 2751 2781 ad
2785 2729 2987 2797 Deum,
3031 2728 3241 2781 habere
3281 2743 3395 2781 non
3429 2726 3593 2781 dubi-

1904 2825 2113 2874 tamus.

1904 2910 2031 2964 CAP.
2067 2909 2197 2963 XIX.
2243 2936 2312 2948 —-
2343 2909 2415 2961 De
2461 2907 2553 2960 illo
2575 2908 2671 2973 qui
2708 2920 2920 2959 servum
2949 2920 3126 2967 suum,
3158 2908 3209 2957 et
3249 2904 3506 2957 ancillam
3532 2905 3594 2957 in

2348 2978 2751 3031 matrimonium
2782 2976 3147 3045 conjunmerit.

1977 3070 2085 3135 (Ea:
2110 3068 2330 3121 concilio
2362 3067 2663 3129 Matiscen.,
2697 3066 2875 3133 capite
2926 3063 3031 3133 10.)
3063 3063 3119 3117 Si
3149 3078 3375 3117 servum
3409 3066 3465 3116 et
3495 3078 3595 3116 an-

1903 3155 2091 3209 cillam
2121 3154 2387 3209 dominus
2409 3152 2711 3207 amborum
2740 3152 2801 3205 in
2832 3151 3264 3205 matrimonium
3288 3150 3594 3220 conjunxe-

1907 3244 1997 3309 rit,
2030 3248 2085 3297 et
2130 3248 2325 3313 postea
2374 3241 2613 3295 liberato
2647 3256 2808 3293 servo
2843 3240 2922 3292 vel
2955 3239 3183 3305 ancilla,
3238 3254 3356 3291 non
3407 3242 3596 3308 potest

1902 3330 2110 3385 redimi
2170 3330 2269 3401 qui
2316 3329 2373 3383 in
2429 3328 2658 3383 servitio
2708 3333 2811 3391 est,
2874 3328 3001 3380 ideo
3060 3325 3425 3380 matrimonia
3478 3341 3593 3379 non

1902 3420 2212 3473 solvantur.

2328 3506 2453 3560 CAP.
2480 3505 2581 3558 XX.
2618 3532 2686 3542 —
2715 3503 2795 3556 De
2826 3502 3164 3556 multinubis.

1976 3597 2080 3662 (Ea:
2107 3595 2327 3651 concilio
2355 3594 2741 3660 Braggarensi,
2793 3592 2969 3659 capite
2998 3590 3110 3660 81.)
3144 3589 3200 3643 Si
3239 3588 3366 3660 quis
3398 3587 3593 3641 multis

1903 3684 2119 3753 nuptiis
2170 3682 2346 3736 fuerit
2400 3682 2722 3751 copulatus,
2776 3678 3174 3749 paenitentiam
3230 3681 3415 3746 agat:
3459 3692 3591 3729 con-

1902 3773 2146 3826 versatio
2232 3775 2422 3824 antem
2509 3773 2563 3822 et
2654 3767 2795 3821 ﬁdes
2870 3766 3200 3835 paenitentis
3265 3763 3596 3835 compendit

1901 3866 2150 3931 tempus.

1904 3949 2029 4004 CAP.
2062 3948 2191 4001 XXI.
2238 3976 2306 3987 —
2338 3945 2492 4010 Quod
2538 3944 2773 3999 secunda
2800 3944 3057 4011 conjugia
3102 3942 3453 3996 saecularibus
3490 3956 3595 3994 non

1973 4024 2251 4085 negentur,
2303 4017 2497 4086 quibus
2549 4021 2725 4069 tamen
2786 4013 2859 4066 ad
2908 4016 3106 4067 clerum
3150 4015 3370 4075 minime
3415 4014 3596 4064 venire

1974 4090 2298 4144 conceditur.

1973 4179 2088 4248 (Ea:
2117 4176 2258 4230 decr.
2285 4175 2484 4231 Gclasii
2506 4188 2681 4242 papa,
2705 4175 2878 4241 capite
2899 4172 3013 4237 2'2.)
3037 4170 3323 4225 Secundas
3343 4168 3592 4239 nuptias,

1906 4267 2052 4322 sicut
2080 4262 2445 4319 saecularibus
2490 4261 2636 4315 inire
2671 4259 3018 4323 conceditur,
3050 4259 3129 4311 ita
3170 4262 3299 4327 post
3341 4274 3435 4310 eas
3465 4256 3593 4309 nui-

1906 4357 1992 4409 lus
2030 4354 2101 4409 ad
2150 4351 2408 4406 clericale
2457 4350 2667 4403 sinitur
2711 4347 2906 4402 venire
2958 4345 3281 4416 collegium.
3338 4345 3464 4400 Alia
3512 4348 3597 4398 est

1906 4444 2059 4497 enim
2090 4443 2361 4496 humanas
2407 4436 2706 4509 fragilitati
2739 4434 3087 4509 generaliter
3115 4450 3379 4488 concessa
3414 4433 3595 4487 licen—

1908 4532 2005 4597 tia,
2037 4530 2147 4583 alia
2199 4529 2368 4583 debet
2425 4543 2545 4580 esse
2592 4526 2705 4579 vita
2752 4524 3075 4579 divinarum
3130 4537 3323 4576 rerum
3366 4519 3595 4574 servitio

1907 4619 2183 4673 dedicata.

1978 4706 2103 4760 CAP.
2124 4704 2281 4760 XXII.
2312 4733 2381 4742 —
2406 4705 2477 4756 De
2504 4701 2616 4755 illis
2644 4698 3118 4824 jztplurimas
3139 4697 3360 4764 nuptias
3392 4697 3527 4749 inci-

2688 4774 2843 4823 erunt
2851 4806 2861 4818 .

1981 4866 2090 4934 (Ea:
2138 4863 2359 4917 concilio
2414 4862 2737 4926 Neocaesar.,
2787 4858 2964 4926 capite
3012 4854 3085 4927 1.)
3142 4855 3218 4909 De
3247 4854 3338 4908 his
3393 4854 3494 4925 qui
3539 4854 3600 4908 in

1908 4952 2185 5024 plurimas
2212 4949 2438 5020 nuptias
2466 4947 2811 5021 inciderunt,
2845 4950 2900 4998 et
2932 4951 3158 5015 tempus
3187 4943 3419 5014 quidem
3454 4959 3602 5013 prae-

1912 5042 2136 5097 ﬁnitum
2192 5038 2562 5093 manifestum
2611 5040 2716 5101 est,
2764 5034 2860 5088 sed
2908 5033 3261 5088 conversatio
3292 5047 3516 5100 eorum,
3547 5035 3604 5085 et

1912 5132 2074 5197 ﬁdes,
2107 5135 2332 5198 tempus
2366 5126 2677 5181 abbreviat.

1914 5221 2041 5275 CAP.
2108 5218 2285 5272 XXIII.
2345 5245 2413 5255 —-
2473 5217 2552 5270 De
2610 5214 2723 5268 illis
2768 5214 2884 5336 .qtui
2923 5212 3079 5265 tertio
3119 5211 3345 5278 nuptias
3376 5209 3605 5263 celebia-

2662 5299 2812 5336 verm
2845 5321 2857 5334 .

2662 5299 2857 5337 verant.

1987 5378 2106 5448 (Ea:
2134 5378 2277 5432 decr.
2324 5373 2627 5429 Hormisda:
2653 5387 2828 5441 papae,
2862 5372 3037 5439 capite
3064 5371 3144 5437 2.)
3194 5369 3273 5423 Ne
3300 5367 3604 5438 quisquam

1917 5466 2184 5536 amplius,
2233 5480 2408 5535 quam
2439 5464 2580 5517 duas
2624 5460 2863 5531 accipiat
2908 5474 3108 5512 uxores
3140 5473 3154 5513 :
3184 5456 3318 5530 quia
3334 5456 3456 5528 jam
3488 5461 3606 5511 ter-

1916 5555 1999 5609 tia
2027 5553 2318 5627 superﬂua
2347 5556 2452 5606 est.
