3944 6304
324 315 428 367 819

764 432 893 487 CAP.
925 431 1096 486 XXIV.
1127 458 1200 472 —
1223 433 1295 485 De
1319 429 1575 498 bigamis.

395 523 505 594 (Ea:
552 523 776 577 concilio
827 520 1167 586 Laodicensi,
1208 521 1387 588 capite
1428 517 1502 587 ί.)
1556 519 1633 573 De
1673 517 1764 573 his
1792 517 1892 590 qui
1931 532 2019 571 se-

326 611 583 666 cundum
635 608 1072 664 ecclesiasticam
1126 610 1384 677 regulam
1435 606 1610 660 libere
1653 622 1717 660 ac
1764 605 2021 676 legitime

327 699 592 754 secundis
622 697 839 769 nuptiis
875 696 1064 767 juncti
1107 701 1254 760 sunt,
1291 711 1395 748 nec
1432 695 1650 750 occulte
1689 695 2020 766 nuptiarum

329 789 597 858 copulam
643 787 921 851 fecerunt,
972 789 1198 855 oportet
1239 789 1302 837 ut
1346 799 1518 854 parvo
1549 790 1808 854 tempore
1839 788 2022 836 trans-

331 881 454 929 acto
510 878 710 928 vacent
762 872 1114 927 orationibus
1170 876 1226 925 et
1269 870 1524 941 jejuniis.
1587 871 1802 936 Quibus
1851 870 2024 924 etiam

324 963 488 1032 juxta
566 960 984 1031 indulgentiam
1057 959 1524 1013 communionem
1599 959 1763 1014 reddi
1831 958 2023 1013 decre-

332 1051 537 1104 vimus.

598 1137 726 1192 CAP.
769 1137 915 1192 XXV.
945 1165 1020 1178 —
1053 1137 1132 1190 De
1169 1151 1390 1190 numero
1415 1137 1759 1190 maritorum.

405 1227 515 1297 (Ea:
541 1226 708 1281 dictis
747 1225 1104 1294 Hieronymi.)
1133 1225 1238 1278 Ubi
1285 1224 1457 1278 fuerit
1485 1239 1762 1278 numerus
1793 1224 2028 1278 marito-

334 1331 484 1382 rum,
517 1314 599 1368 ibi
621 1314 707 1368 vir
733 1313 999 1384 proprius
1033 1329 1182 1366 unus
1214 1329 1335 1366 esse
1365 1312 1608 1367 desistit.

336 1402 466 1457 CAP.
492 1402 668 1456 XXVI.
721 1431 784 1442 —
817 1405 890 1456 De
913 1403 1144 1468 ingenuo
1165 1401 1396 1464 homine,
1429 1402 1479 1455 si
1521 1402 1746 1454 alterius
1775 1401 2032 1454 ancillam

402 1489 503 1542 pro
551 1475 788 1537 ingenua
843 1475 1125 1541 acceperit,
1182 1477 1232 1524 et
1281 1478 1402 1540 post
1452 1472 1710 1525 ancillam
1755 1487 1872 1525 eam
1921 1487 2032 1526 esse

408 1544 758 1596 intellexerit.

410 1632 517 1698 (Ea:
556 1628 744 1683 concil.
796 1628 948 1697 apud
1005 1630 1358 1694 Vermeriam,
1397 1631 1487 1682 cui
1528 1630 2033 1698 interfuitPipinus

337 1735 458 1785 rex,
505 1720 683 1786 capite
713 1715 787 1786 7.)
818 1715 876 1770 Si
904 1716 1030 1786 quis
1059 1716 1345 1786 ingenuus
1392 1716 1564 1770 homo
1593 1717 1858 1771 ancillam
1896 1719 2040 1771 alte-
2070 1715 2111 1771 Β

341 1807 463 1862 rius
508 1821 750 1860 uxorem
796 1803 1096 1874 acceperit,
1150 1808 1207 1858 et
1253 1804 1538 1858 existimat
1585 1805 1736 1876 quod
1788 1805 2040 1876 ingenua

344 1895 434 1956 sit,
491 1893 540 1946 si
571 1893 692 1963 ipsa
737 1892 954 1946 femina
1003 1897 1202 1962 postea
1247 1892 1419 1946 fuerit
1448 1893 1738 1962 inservita,
1776 1894 1822 1948 si
1851 1912 1974 1948 eam
2007 1913 2040 1950 a

345 1981 615 2037 servitute
660 1981 942 2034 redimere
991 1986 1200 2050 potest,
1249 1981 1460 2036 faciat:
1494 1981 1544 2034 si
1591 1998 1705 2036 non
1734 1988 1944 2052 potest,
1995 1984 2041 2038 si

346 2069 610 2136 voluerit,
652 2068 824 2122 aliam
857 2067 1115 2138 accipiat.
1148 2068 1204 2124 Si
1253 2075 1441 2123 autem
1479 2085 1698 2124 servam
1729 2086 1855 2124 eam
1902 2071 2040 2125 scie-

347 2165 453 2219 rat,
509 2164 565 2212 et
613 2158 1256 2227 collaudaverat:post,
1311 2161 1376 2212 ut
1430 2157 1748 2227 legitimam
1813 2158 2039 2214 habeat.

349 2247 624 2303 Similiter
655 2251 712 2301 et
744 2246 950 2300 mulier
979 2244 1234 2316 ingenua
1271 2245 1341 2301 de
1387 2261 1548 2300 servo
1580 2246 1814 2300 alterius
1859 2247 2044 2303 facere

351 2334 540 2390 debet.

353 2423 481 2479 CAP.
527 2421 726 2478 XXVII.
772 2451 840 2462 -—
871 2423 943 2476 De
960 2422 1169 2488 femina
1194 2423 1452 2546 inggnua,
1485 2423 1539 2476 si
1557 2436 1768 2476 servum
1787 2425 2046 2478 maritum

1061 2507 1300 2546 accenerz
1328 2533 1340 2545 .

1061 2507 1340 2560 acceperit.

429 2581 552 2649 (Ea:
579 2579 760 2635 codem
813 2580 1056 2648 concilio,
1103 2581 1282 2648 capite
1327 2581 1401 2647 8.)
1433 2578 1490 2634 Si
1535 2579 1749 2634 femina
1795 2580 2048 2652 ingenua

357 2667 561 2738 accipit
587 2683 835 2733 servum,
867 2666 1048 2721 sciens
1078 2666 1213 2737 quia
1244 2681 1436 2720 servus
1456 2671 1623 2732 esset,
1647 2665 1854 2721 habeat
1875 2683 2007 2720 eum
2030 2682 2046 2721 :

359 2756 494 2827 quia
518 2771 718 2809 omnes
747 2770 928 2809 unum
959 2758 1181 2825 patrem
1211 2753 1486 2808 habemus
1512 2753 1574 2807 in
1602 2753 1776 2809 caelis.
1811 2755 1934 2808 Una
1957 2754 2050 2808 lex

357 2843 483 2912 erit,
517 2849 572 2897 et
599 2843 721 2897 viro
753 2849 808 2897 et
847 2843 1092 2897 feminas.

360 2931 490 2987 CAP.
523 2932 750 2986 XXVIII.
769 2959 842 2972 —
869 2934 944 2985 De
965 2932 1195 2996 legitime
1215 2929 1538 2998 conjunctis,
1568 2931 1618 2984 si
1638 2929 1776 2983 alter
1795 2944 1976 2984 eorum
1992 2931 2050 2984 in

901 3002 1190 3055 amentiam
1221 3000 1508 3053 devenerit.

441 3092 549 3156 (Ea:
571 3090 798 3158 epistola
834 3089 1049 3144 Nicolai
1073 3088 1147 3142 ad
1184 3089 1432 3143 Carolum
1469 3086 1709 3154 Mogunt.
1752 3089 2055 3158 episc0pum

369 3179 582 3247 missa.)
631 3177 689 3232 Si
736 3177 834 3248 qui
881 3175 1314 3231 matrimonium
1362 3175 1486 3229 sani
1537 3177 1943 3245 contraxerint,
2001 3182 2058 3232 et

367 3268 473 3323 nni
502 3283 568 3322 ex
616 3266 840 3321 duobus
870 3265 1142 3333 amentia,
1195 3269 1291 3320 aut
1321 3265 1499 3331 furor,
1531 3269 1629 3319 aut
1675 3265 1866 3336 aliqua
1897 3266 2058 3321 inlir—

370 3356 538 3411 mitas
585 3354 900 3422 accesserit,
933 3354 1004 3408 ob
1049 3353 1196 3408 hanc
1235 3353 1628 3407 infirmitatem
1679 3354 1946 3426 conjugia
1975 3362 2058 3411 ta-

371 3445 511 3500 lium
547 3444 690 3498 solvi
720 3459 838 3499 non
884 3447 1139 3514 possunt.
1172 3441 1443 3497 Similiter
1483 3441 1842 3498 sentiendum
1872 3444 1941 3498 de
1971 3444 2060 3499 his

370 3533 472 3606 qui
498 3534 568 3588 ab
593 3532 931 3587 adversariis
974 3534 1346 3598 exerceantur,
1378 3533 1476 3584 aut
1523 3530 1797 3584 membris
1827 3530 2061 3586 detrun-

370 3626 592 3677 cantur.

446 3711 573 3765 CAP.
607 3709 777 3764 XXIX.
805 3737 874 3747 —-
904 3710 978 3761 De
1007 3708 1262 3776 legitimis
1301 3709 1666 3762 matrimoniis
1695 3722 1988 3762 servorum.

449 3799 554 3868 (Ea:
583 3797 804 3851 concilio
831 3795 1116 3861 Cabillon.,
1150 3798 1327 3864 capite
1359 3797 1471 3864 30.)
1506 3797 1730 3850 Dictum
1761 3800 1846 3850 est
1875 3797 2060 3864 nobis,

375 3883 527 3954 quod
559 3883 794 3953 quidam
823 3881 1080 3951 legitima
1112 3897 1402 3935 servorum
1430 3882 1796 3937 matrimonia
1824 3888 2067 3952 potesta-

375 3972 489 4025 tiva
518 3970 765 4041 quadam
799 3968 1247 4040 praesumptione
1284 3969 1578 4036 dirimant,
1612 3986 1728 4024 non
1759 3972 2062 4026 attenden-

376 4064 460 4114 tes
490 4059 634 4114 illud
681 4057 1072 4128 evangelicum
1106 4073 1119 4110 :
1155 4057 1314 4121 Quod
1350 4057 1494 4110 Deus
1538 4059 1852 4129 conjunxit,
1890 4060 2062 4114 homo

377 4163 491 4202 non
547 4152 785 4217 separet.
843 4146 1000 4201 Unde
1071 4145 1239 4200 nobis
1293 4144 1477 4199 visum
1533 4151 1621 4200 est
1670 4151 1734 4202 ut
1797 4149 2066 4219 conjugia

1393 305 1800 365 BURCHARDI
1843 303 2373 362 WORMACIENSIS
2413 299 2742 357 EPISCOPI.

3715 302 3824 354 8'20

2048 430 2096 482 Α
2132 427 2263 482 dam
2311 421 2593 494 sacrilegii
2624 422 2806 476 instar
2850 423 2954 488 est,
2986 419 3032 474 si
3063 420 3178 475 ulla
3217 419 3672 491 transgressione
3701 419 3828 474 vio-

2127 516 2294 570 letur.

2199 603 2329 656 CAP.
2360 601 2558 656 XXXII.
2585 628 2654 641 —
2691 602 2759 654 De
2786 597 2873 652 his
2901 599 2998 667 qui
3023 589 3249 667 sponsas
3277 599 3484 652 alienas
3505 599 3754 667 rapiunt.

2203 693 2312 762 (Ea:
2341 693 2562 746 concilio
2595 690 2871 754 Meldensi,
2906 690 3084 757 capite
3113 688 3190 757 5.)
3225 688 3301 740 De
3348 687 3435 740 his
3463 686 3563 758 qui
3589 701 3831 756 sponsas

2130 779 2345 832 alienas
2375 778 2626 849 rapiunt,
2675 777 2909 844 antiqua
2936 781 2992 830 et
3020 774 3309 845 synodalis
3333 775 3618 828 sententia
3640 773 3830 828 obser-

2131 872 2312 922 vetur.
2357 867 2519 931 Quod
2549 871 2605 920 et
2633 865 2680 918 si
2726 868 2871 918 forte
2903 864 2961 918 in
3006 862 3255 917 Ecclesia
3285 869 3522 916 eventus
3553 862 3684 916 talis
3732 877 3831 914 re-

2129 956 2308 1028 periri
2354 956 2726 1026 dignoscitur,
2771 959 2829 1007 ut
2867 969 2970 1022 pro
3002 951 3200 1005 salutis
3231 956 3287 1005 et
3337 951 3636 1020 religionis
3668 966 3829 1004 com-

2134 1045 2384 1116 petentia
2414 1043 2722 1098 humanius
2750 1042 3024 1113 quiddam
3055 1041 3300 1094 debeant
3328 1045 3570 1093 tractare
3600 1038 3837 1110 pontiti-

2134 1149 2243 1199 ces,
2285 1133 2430 1187 sicut
2476 1131 2768 1196 canonica,
2806 1135 2867 1183 ut
2895 1129 3109 1183 eisdem
3145 1127 3332 1182 verbis
3361 1133 3612 1194 utamur,
3671 1126 3837 1180 docet

2134 1221 2462 1288 auctoritas,
2515 1219 2651 1290 quia
2703 1219 2880 1289 prior,
2932 1217 3222 1287 inquiens,
3283 1215 3542 1270 deﬁnitio
3585 1214 3837 1269 durius:

2135 1307 2419 1380 posterior
2459 1313 2650 1361 autem
2685 1306 2958 1377 quiddam
3009 1305 3270 1358 tractavit
3310 1302 3638 1371 humanius,
3677 1302 3838 1355 nullo

2139 1397 2304 1451 modo
2357 1402 2418 1450 ut
2447 1396 2514 1450 ad
2565 1395 2873 1449 maximam
2931 1392 3348 1463 indulgentiam
3403 1392 3838 1456 descendemus,

2139 1485 2374 1540 alterius
2417 1500 2638 1555 sponsa:
2682 1487 2968 1552 acceptor,
3012 1481 3135 1535 sine
3165 1481 3392 1552 publica
3438 1485 3690 1535 transeat
3719 1496 3844 1550 poe-
3906 1481 3911 1491 '

2142 1573 2404 1628 nitentia.
2460 1573 2625 1638 Quod
2673 1573 2721 1626 si
2767 1573 2891 1625 haec
2937 1570 3170 1624 obedire
3227 1569 3500 1636 renuerit,
3547 1569 3673 1623 sine
3725 1570 3844 1622 ulla

2149 1661 2528 1732 refragatione
2578 1657 3109 1714 anathematizetur.
3168 1658 3439 1712 Fautores
3477 1673 3611 1711 vero
3659 1656 3840 1720 illius,

2140 1750 2302 1821 juxta
2334 1750 2567 1804 modum
2597 1749 2805 1818 culpas,
2836 1746 3093 1818 episcopi
3139 1747 3365 1801 decreto
3411 1746 3748 1816 pceniteant.
3785 1745 3844 1800 Si

2145 1855 2300 1904 vero,
2349 1838 2503 1909 quod
2533 1854 2646 1892 non
2676 1841 2963 1907 optamus,
2996 1836 3067 1890 de
3097 1835 3280 1906 gradu
3329 1834 3710 1889 ecclesiastico
3755 1839 3842 1888 ta-

2146 1924 2295 1978 libus
2325 1923 2543 1995 nuptiis
2575 1941 2633 1978 se
2663 1939 3085 1988 consensorem,
3119 1923 3204 1976 vel
3236 1922 3681 1976 interventorem
3715 1937 3843 1975 ma-

2147 2013 2352 2067 nifeste
2378 2012 2714 2083 prodiderit,
2743 2030 2776 2066 a
2804 2012 2986 2084 gradu
3019 2010 3251 2081 proprio
3283 2011 3654 2079 repellantur.
3698 2011 3762 2064 Et
3795 2010 3842 2064 si

2152 2101 2554 2155 verisimilibus
2607 2100 2810 2154 exinde
2852 2098 3276 2170 suspicionibus
3323 2099 3498 2154 fuerit
3537 2099 3843 2170 propulsa-

2149 2194 2261 2258 tus,
2291 2190 2559 2244 canonice
2585 2205 2642 2243 se
2682 2193 2908 2260 purget.

2310 2274 2438 2330 CAP.
2470 2275 2692 2330 XXXIII.
2723 2303 2797 2316 —
2827 2278 2897 2330 De
2930 2275 3014 2330 his
3043 2277 3140 2345 qui
3175 2276 3409 2341 feminas
3434 2276 3680 2346 rapiunt.

2223 2363 2328 2433 (Ea:
2358 2365 2579 2418 concilio
2617 2363 2768 2432 apud
2798 2364 3140 2433 Aquisgran.
3187 2365 3366 2432 capite
3411 2363 3494 2433 3.)
3526 2362 3741 2418 Placuit
3784 2367 3852 2416 ut

2154 2451 2214 2506 hi
2243 2451 2344 2523 qui
2391 2451 2620 2522 rapiunt
2659 2451 2924 2517 feminas,
2957 2452 3045 2506 vel
3075 2452 3357 2516 furantur,
3403 2457 3502 2505 aut
3543 2452 3847 2518 seducunt,

2155 2555 2249 2594 eas
2280 2540 2607 2594 nullatenus
2638 2540 2886 2594 habeant
2917 2557 3143 2603 uxores,
3189 2539 3449 2610 quamvis
3476 2541 3558 2594 eis
3594 2545 3855 2610 postmo-

2156 2629 2296 2683 dum
2343 2628 2667 2697 conveniat,
2712 2632 2810 2682 aut
2853 2644 2948 2683 eas
2993 2629 3334 2698 dotaverint,
3369 2629 3454 2683 vel
3514 2629 3853 2699 nuptialiter

2157 2732 2286 2771 cum
2329 2733 2606 2771 consensu
2635 2723 2941 2788 parentum
2972 2733 3208 2772 suorum
3253 2717 3593 2788 acceperint.
3631 2717 3691 2773 Si
3722 2718 3854 2788 quis

2157 2811 2352 2860 autem
2384 2821 2617 2860 uxorem
2660 2807 2873 2861 habere
2902 2807 3170 2868 voluerit,
3205 2806 3477 2860 canonice
3507 2810 3564 2860 et
3589 2807 3856 2878 legaliter

2159 2911 2285 2949 eam
2327 2894 2585 2965 accipiat,
2618 2898 2676 2948 et
2705 2910 2823 2949 non
2855 2893 3055 2964 rapiat.
3091 2894 3199 2958 Qui
3238 2911 3370 2948 vero
3401 2911 3526 2948 eam
3574 2895 3851 2965 rapuerit,

2083 2995 2124 3049 ε
2161 2984 2247 3038 vel
2277 2983 2498 3038 furatus
2525 2983 2719 3052 fuerit,
2755 2988 2853 3038 aut
2893 2982 3198 3049 seduxerit,
3233 2998 3532 3056 nunquam
3563 2999 3687 3038 eam
3719 3000 3858 3038 uxo-

2164 3088 2286 3126 rem
2315 3072 2538 3127 habeat.

2547 3157 2674 3211 CAP.
2707 3157 2920 3211 XXXIV.
2954 3184 3024 3198 —
3056 3157 3136 3210 De
3177 3155 3360 3210 eadem
3389 3172 3466 3210 re.

2237 3247 2345 3316 (Ea:
2395 3247 2617 3300 concilio
2661 3244 2941 3310 Meldensi,
2995 3245 3176 3315 capite
3209 3242 3318 3313 l0.)
3370 3243 3478 3308 Qui
3523 3259 3653 3298 vero
3699 3244 3859 3299 dein-

2166 3350 2298 3404 ceps
2364 3349 2563 3404 rapere
2630 3332 2878 3402 virgines
2917 3331 3406 3402 praesumpserint,
3475 3332 3564 3386 vel
3629 3332 3856 3398 viduas,

2168 3422 2483 3478 secundum
2542 3420 2874 3491 synodalem
2929 3419 3080 3474 beati
3131 3419 3388 3490 Gregorii
3439 3419 3860 3487 deﬁnitionem,

2166 3509 2295 3582 ipsi,
2327 3513 2384 3564 et
2411 3509 2716 3580 complices
2747 3524 2946 3562 eorum
2976 3507 3554 3574 anathematizentur,
3589 3512 3646 3562 et
3664 3515 3862 3578 rapto-

2168 3615 2257 3654 res
2288 3598 2411 3652 sine
2439 3613 2539 3669 spe
2565 3596 2819 3668 conjugii
2847 3601 3128 3668 perpetuo
3163 3601 3451 3650 maneant.

2169 3704 2296 3762 CAP.
2318 3705 2511 3760 XXXV.
2539 3733 2610 3744 —
2633 3705 2710 3758 De
2733 3704 2818 3758 his
2840 3705 2936 3772 qui
2965 3705 3193 3772 rapiunt
3210 3703 3421 3771 puellas
3432 3702 3529 3757 sub
3560 3705 3772 3757 nomine
3786 3705 3868 3759 si-

2789 3775 2902 3829 mul
2933 3773 3241 3828 habitandi.

2241 3861 2349 3933 (Ea:
2379 3862 2601 3916 concilio
2650 3861 2898 3919 Chalced.
2948 3863 3127 3930 capite
3172 3859 3286 3930 27.)
3317 3861 3426 3914 Eos
3479 3859 3580 3930 qui
3626 3860 3872 3930 rapiunt

2173 3949 2441 4003 mulieres
2488 3949 2593 4004 sub
2639 3951 2876 4004 nomine
2907 3949 3080 4005 simul
3126 3948 3442 4015 habitandi,
3489 3955 3871 4020 cooperantes

2173 4041 2363 4091 autem
2413 4042 2471 4091 et
2521 4037 2887 4092 conniventes
2955 4037 3301 4108 raptoribus,
3367 4037 3615 4091 decrevit
3669 4044 3870 4092 sancta

2173 4126 2424 4196 synodus
2455 4131 2519 4181 ut
2546 4127 2593 4181 si
2618 4127 2853 4197 quidem
2883 4127 3072 4181 clerici
3103 4129 3255 4193 sunt,
3288 4126 3555 4181 decidant
3583 4126 3653 4181 de
3683 4127 3873 4198 gradu

377 4251 669 4290 servorum
699 4251 815 4289 non
855 4234 1217 4301 dirimantur,
1254 4233 1478 4288 etiamsi
1509 4235 1754 4290 diversos
1799 4237 2034 4292 domino

2219 4214 2446 4285 roprio;
2476 4215 2522 4268 si
2552 4231 2682 4269 vero
2714 4215 2861 4282 laici,
2890 4215 3467 4270 anathematizeutur.

2337 4305 2528 4324 νυν-η
2693 4307 2758 4324 η,
3242 4304 3467 4324 ---ηωη

377 4324 626 4379 habeant
655 4340 670 4376 :
705 4323 799 4377 sed
830 4322 890 4376 in
921 4338 1036 4377 uno
1065 4322 1333 4393 conjugio
1363 4330 1784 4394 permanentes,
1821 4325 2068 4380 dominis

378 4413 630 4468 serviant
661 4412 797 4466 suis.
854 4412 922 4466 Et
953 4411 1060 4466 hoc
1103 4411 1163 4465 in
1197 4411 1312 4466 illis
1364 4413 1780 4469 observandum
1810 4419 1912 4479 est,
1967 4414 2066 4468 ubi

376 4502 574 4571 legalis
629 4499 956 4571 conjunctio
1018 4499 1148 4569 fuit,
1210 4505 1268 4555 et
1324 4517 1427 4572 per
1475 4502 1828 4557 voluntatem
1881 4502 2066 4556 domi-

377 4605 607 4644 norum.

451 4677 580 4733 CAP.
609 4679 750 4733 XXX.
783 4707 854 4718 —
879 4677 943 4732 Si
977 4679 1178 4744 furiosi
1221 4680 1569 4734 matrimonia
1606 4680 1991 4733 contrita-crint.

448 4766 560 4834 (Ea:
588 4767 794 4820 decreto
823 4766 1056 4820 Fabiani
1068 4782 1244 4837 papa.
1271 4769 1448 4836 capite
1479 4767 1554 4836 5.)
1584 4766 1779 4836 Neque
1800 4766 2066 4835 furiosus,

376 4871 566 4927 neque
595 4854 809 4910 furiosa
841 4855 1269 4911 matrimonium
1300 4854 1637 4910 contrahere
1669 4863 1936 4925 possunt;
1968 4859 2067 4912 sed

377 4941 425 4996 si
455 4948 812 4996 contractum
843 4941 1035 5007 fuerit,
1068 4959 1184 4996 non
1213 4947 1570 5012 separentur.

374 5033 502 5087 CAP.
535 5031 706 5086 XXXI.
737 5059 810 5071 —
833 5032 910 5085 De
929 5030 1254 5099 desponsata
1269 5031 1474 5099 puella,
1492 5032 1544 5083 si
1562 5031 1701 5083 alter
1719 5046 1837 5085 eam
1857 5033 1916 5085 in
1947 5048 2068 5088 ma-

825 5104 1138 5156 trimonium
1162 5103 1335 5170 possit
1364 5104 1621 5169 accipere.

447 5189 555 5261 (Em
579 5192 739 5260 epist.
770 5191 980 5258 Syricii
1005 5205 1182 5259 papae,
1219 5191 1394 5257 capite
1419 5188 1498 5258 4.)
1533 5189 1608 5242 De
1641 5189 1928 5261 conjugali
1958 5207 2067 5246 au-

372 5285 488 5335 tem
519 5279 828 5332 violatione
869 5275 1178 5348 requisisti,
1221 5274 1268 5328 si
1313 5275 1712 5345 desponsatam
1758 5278 1853 5331 alii
1903 5280 2064 5348 puel-

373 5369 506 5432 lam,
561 5367 706 5420 alter
747 5366 806 5420 in
837 5365 1270 5420 matrimonium
1314 5363 1493 5434 possit
1520 5365 1794 5434 accipere.
1831 5367 1946 5420 Hoc
1992 5383 2064 5422 ne

374 5455 472 5510 tiat
502 5455 686 5509 modis
733 5454 1003 5509 omnibus
1045 5453 1374 5508 inhibemus
1407 5469 1420 5506 :
1451 5453 1587 5523 quia
1615 5455 1714 5507 illa
1743 5453 2063 5511 benedictio

375 5557 547 5613 quam
581 5545 847 5612 nuptura:
875 5539 1136 5594 sacerdos
1166 5537 1428 5611 imponit,
1458 5541 1608 5611 apud
1642 5541 1830 5595 tideles
1860 5542 2058 5612 cujus-

2179 4304 2306 4359 CAP.
2335 4305 2552 4360 XXXVI.
2592 4335 2659 4344 —
2685 4307 2759 4359 De
2791 4305 2986 4373 puellis
3016 4307 3194 4373 raptis
3238 4304 3476 4358 nondum
3507 4303 3872 4372 desponsatis.

2245 4392 2356 4458 (Ea:
2386 4390 2607 4446 concilio
2637 4393 2934 4458 Cabillon.,
2982 4394 3158 4462 capite
3183 4395 3296 4458 27.)
3330 4393 3407 4446 De
3456 4391 3661 4461 puellis
3691 4394 3878 4463 raptis

2177 4482 2421 4535 necdum
2470 4481 2822 4551 desponsatis
2851 4482 2910 4536 in
2953 4481 3402 4536 Chalcedonensi
3450 4480 3694 4534 concilio
3742 4481 3879 4535 scri-

2179 4573 2339 4640 ptum
2369 4573 2452 4624 est
2485 4585 2498 4623 :
2529 4571 2635 4624 Eos
2663 4569 2760 4640 qui
2788 4569 3022 4640 rapiunt
3050 4569 3270 4640 puellas
3301 4570 3407 4623 sub
3437 4568 3671 4623 nomine
3698 4569 3876 4624 simul

2175 4657 2492 4726 habitandi,
2559 4664 2930 4730 cooperantes
2995 4663 3051 4712 et
3115 4657 3481 4712 conniventes
3546 4659 3879 4728 raptoribus

2177 4746 2426 4801 decrevit
2485 4753 2679 4802 sancta
2730 4747 2978 4818 synodus
3024 4751 3087 4800 ut
3132 4746 3419 4817 siquidem
3477 4745 3670 4800 clerici
3717 4752 3877 4814 sunt,

2175 4834 2442 4890 decidant
2480 4835 2550 4889 de
2579 4835 2759 4905 gradu
2790 4835 3025 4905 proprio
3059 4851 3074 4888 :
3108 4835 3153 4888 si
3184 4851 3317 4889 vero
3350 4834 3497 4900 laici,
3530 4835 3882 4890 anathema-

2174 4923 2441 4978 tizentur.
2470 4924 2686 4988 Quibus
2716 4923 2900 4977 verbis
2928 4924 3097 4977 datur
3123 4923 3385 4994 intelligi,
3422 4923 3671 4994 qualiter
3700 4923 3881 4993 hujus

2177 5012 2316 5068 mali
2371 5017 2630 5067 auctores
2685 5012 3000 5066 damnandi
3056 5016 3188 5066 sunt
3227 5029 3240 5067 :
3276 5013 3507 5083 quando
3564 5013 3879 5084 participes

2174 5101 2480 5156 consilium
2523 5100 2900 5156 conniventes
2943 5105 3104 5154 tanto
3149 5101 3513 5156 anathemate
3561 5101 3876 5169 feriuntur,

2177 5194 2232 5244 et
2255 5191 2416 5259 juxta
2463 5189 2799 5243 canonicam
2847 5188 3244 5243 auctoritatem
3296 5189 3364 5242 ad
3413 5189 3685 5260 conjugia
3733 5191 3878 5262 legi-

2174 5278 2313 5333 tima
2343 5284 2532 5349 raptas
2561 5278 2670 5332 sibi
2693 5279 2825 5348 jure
2855 5278 3149 5333 vindicare
3182 5278 3510 5332 nullatenus
3536 5283 3804 5348 possunt.

2422 5367 2552 5422 CAP.
2582 5367 2821 5422 XXXVII.
2853 5395 2925 5408 —
2950 5369 3029 5423 De
3050 5371 3228 5436 raptis
3257 5369 3618 5436 desponsatis.

2243 5455 2362 5526 (Ea:
2397 5457 2620 5510 concilio
2654 5454 2956 5527 Toletano.)
2982 5456 3229 5511 Proinde
3260 5456 3493 5526 placuit,
3541 5461 3718 5526 atque
3765 5462 3884 5512 sta-

2173 5547 2357 5597 tutum
2407 5548 2493 5597 est
2518 5560 2550 5597 a
2584 5560 2745 5597 sacro
2787 5549 3091 5609 conventu,
3148 5548 3213 5597 ut
3255 5546 3302 5596 si
3332 5541 3545 5613 aliquis
3594 5559 3878 5613 sponsam
