3944 6314
141 316 233 372 8'21
678 384 685 390 .
1134 320 1611 376 DECRETORUM
1660 323 1844 380 LIBRI
1886 325 1993 380 XX.
2037 353 2103 364 —
2147 322 2364 380 LIBER
2404 324 2644 381 NONUS.

143 438 372 494 alterius
411 438 691 509 rapuerit,
746 437 977 510 publica
1016 439 1357 509 panitentia
1404 442 1729 507 mulctetur,
1781 449 1836 499 et
1862 450 1908 503 Α

142 530 259 584 sine
291 544 391 598 spe
431 527 687 599 conjugii
737 533 985 583 maneat.
1033 530 1097 582 Et
1137 529 1183 583 si
1218 529 1341 601 ipsa
1378 531 1567 585 eidem
1610 533 1838 587 crimini

141 616 504 671 consentiens
540 632 652 670 non
682 616 809 683 fuit,
844 616 1072 671 licentia
1103 619 1358 673 nubendi
1386 619 1483 673 alii
1513 637 1630 675 non
1664 637 1836 691 nege-

143 710 251 759 tur.
283 704 447 768 Quod
478 703 524 757 si
557 710 613 758 et
642 704 751 774 ipsi
784 711 912 775 post
941 705 1062 759 hac
1092 722 1150 759 se
1178 707 1525 777 conjungere
1556 725 1837 777 prasum-

141 794 378 863 pseriut,
424 794 653 865 utrique
687 809 870 864 usque
916 794 989 848 ad
1020 794 1466 850 satisfactionem
1502 798 1836 852 anathema-

143 885 408 939 tizentur.

510 972 640 1027 CAP.
672 973 942 1028 XXXVIII.
979 1004 1047 1013 —
1076 976 1149 1028 De
1175 975 1359 1029 eadem
1387 991 1464 1029 re.

212 1063 322 1128 (Ezc
342 1062 563 1115 concilio
598 1063 893 1126 Ancirano,
916 1064 1092 1131 capite
1123 1063 1238 1131 10.)
1272 1064 1646 1133 Desponsatas
1678 1064 1837 1133 puel-

144 1150 245 1216 las,
279 1155 335 1203 et
366 1154 495 1220 post
520 1149 589 1203 ab
621 1149 746 1202 aliis
777 1154 985 1220 raptas,
1021 1152 1235 1221 placuit
1264 1152 1409 1217 erui,
1439 1158 1496 1206 et
1524 1153 1605 1205 eis
1653 1152 1833 1218 reddi,

144 1239 351 1309 quibus
383 1244 515 1292 ante
546 1239 774 1292 fuerant
800 1239 1175 1309 desponsata,
1208 1240 1430 1295 etiamsi
1462 1241 1542 1295 eis
1576 1258 1606 1295 a
1644 1246 1834 1313 rapto-

142 1328 299 1382 ribus
330 1327 412 1381 vis
442 1327 601 1381 illata
629 1327 967 1381 constiterit.

532 1416 657 1469 CAP.
695 1417 911 1470 XXXIX.
947 1446 1015 1456 --
1041 1420 1115 1471 De
1146 1418 1329 1471 eadem
1352 1432 1429 1471 re.

214 1504 332 1575 (Ea:
360 1506 580 1559 concilio
612 1505 893 1568 Meldensi,
925 1507 1102 1575 capite
1140 1506 1251 1576 εδ.)
1284 1506 1339 1561 Si
1366 1511 1560 1559 autem
1592 1506 1835 1560 necdum

144 1610 237 1648 eas
294 1610 437 1665 quas
500 1599 810 1663 rapuerant
855 1610 986 1648 cum
1046 1596 1338 1649 voluntate
1396 1599 1699 1664 parentum
1730 1597 1834 1651 sub

142 1681 378 1751 prafato
411 1681 830 1752 desponsionis,
861 1682 947 1738 vel
978 1683 1220 1738 dotalitii
1266 1683 1495 1739 nomine
1526 1684 1587 1738 in
1636 1685 1833 1755 conju-
1866 1723 1904 1776 Β

144 1771 303 1841 gium
329 1775 587 1840 sumptas
612 1771 842 1838 habent,
875 1772 1105 1842 quando
1137 1772 1197 1825 in
1228 1772 1487 1827 omnium
1520 1790 1684 1827 aures
1714 1774 1836 1828 hac

143 1860 315 1913 fuerit
343 1859 673 1913 constitutio
702 1861 1087 1931 promulgata,
1124 1861 1192 1915 ab
1214 1877 1411 1916 earum
1434 1862 1837 1931 conjunctione

144 1952 500 2019 separentur,
535 1952 588 2002 et
619 1948 861 2019 publica
885 1948 1237 2019 poenitentia
1259 1950 1616 2021 subigantur.
1639 1951 1835 2021 Rapta

145 2042 336 2091 autem
368 2037 705 2107 parentibus
728 2037 989 2108 legaliter
1030 2039 1435 2095 restituantur.
1489 2041 1620 2093 Post
1650 2045 1835 2095 actam

142 2141 276 2179 vero
303 2126 589 2196 publicam
617 2125 1033 2196 pauitentiam,
1075 2126 1122 2180 si
1162 2132 1298 2181 atas
1332 2132 1386 2181 et
1423 2127 1837 2183 incontinentis

143 2213 425 2282 exegerit,
480 2213 732 2283 legitimo
781 2218 837 2267 et
892 2229 959 2267 ex
1011 2214 1270 2285 utrisque
1319 2215 1579 2285 partibus
1625 2215 1834 2285 placito

141 2301 413 2371 conjugio
444 2302 748 2355 socientur.
785 2302 926 2355 Nam
956 2302 1013 2355 in
1062 2302 1151 2356 his
1182 2319 1298 2356 non
1330 2305 1588 2373 regulam
1626 2303 1834 2357 consti-

142 2391 379 2459 tuimus,
422 2390 537 2457 sed,
575 2395 637 2445 ut
682 2389 872 2444 verbis
916 2391 1100 2461 Magni
1146 2392 1352 2446 Leonis
1398 2396 1648 2453 utamur,
1696 2391 1835 2461 quid

140 2479 214 2533 sit
260 2478 615 2532 tolerabilius
663 2478 1035 2533 astimamus.
1084 2480 1241 2544 Quod
1275 2481 1321 2533 si
1358 2496 1503 2534 unus
1533 2496 1599 2533 ex
1637 2480 1834 2550 conju-

142 2567 289 2639 gatis
333 2566 556 2631 obierit,
583 2567 631 2620 is
669 2567 769 2638 qui
810 2568 1098 2638 publicam
1128 2569 1521 2639 panitentiam
1548 2568 1750 2639 egerit,
1782 2572 1839 2623 et

142 2661 432 2725 superstes
457 2655 755 2721 exstiterit,
778 2656 983 2710 iterare
1006 2656 1340 2727 conjugium
1362 2673 1480 2711 non
1502 2661 1833 2727 prasumat,

141 2744 254 2798 nisi
299 2744 445 2798 forte
497 2744 799 2815 episcopus
842 2744 1172 2816 praviderit
1218 2746 1473 2817 aliquam
1528 2746 1836 2799 concedere

140 2832 584 2904 indulgentiam,
635 2838 701 2889 ut
750 2834 1073 2905 graviorem
1111 2834 1291 2905 possit
1339 2850 1598 2889 amovere
1651 2834 1836 2889 oﬂ'en-

141 2937 284 2976 sam.

3532 333 3636 385 822

2364 448 2490 502 CAP.
2526 449 2696 504 XLIV.
2731 479 2798 491 —
2827 453 2899 505 De
2927 450 3108 505 eadem
3136 468 3219 506 re.

2017 535 2132 600 (Ea:
2167 537 2325 605 epist.
2370 537 2617 608 Gregor.)
2653 539 2728 592 De
2760 538 2848 592 his
2903 539 3217 610 acquisitis,
3256 539 3355 610 qui
3394 541 3466 594 ob
3498 556 3629 594 cau.

1946 639 2065 677 sam
2098 624 2321 694 frigida
2355 631 2575 679 natura
2614 643 2673 680 se
2715 628 2915 681 dicunt
2954 644 3070 682 non
3106 644 3270 697 posse
3301 629 3359 682 in
3390 628 3635 683 invicem

1945 727 2178 781 operam
2209 714 2394 767 carnis
2434 715 2634 769 dantes
2675 717 3031 770 commisceri
3065 733 3076 770 :
3111 717 3223 771 Iste
3252 733 3384 770 vero
3437 717 3482 770 si
3513 734 3632 771 non

1942 804 2129 868 potest
2157 816 2220 853 ea
2252 802 2337 854 uti
2363 818 2466 872 pro
2500 819 2698 868 uxore,
2731 804 2941 857 habeat
2971 805 3135 874 quasi
3166 821 3440 859 sororem.
3476 806 3635 869 Quod

1944 887 2325 942 retinaculum
2394 890 2592 960 jugale
2672 893 2871 946 volunt
2941 893 3285 956 rescindere,
3362 900 3633 947 maneant

1943 976 2173 1047 utrique
2208 976 2437 1048 innupti
2471 994 2483 1031 :
2519 995 2652 1032 nam
2690 980 2737 1032 si
2764 979 2898 1033 huic
2927 996 3042 1033 non
3074 981 3261 1050 potuit
3300 982 3638 1035 naturaliter

1943 1065 2306 1131 concordare,
2341 1067 2630 1136 quomodo
2662 1068 2825 1121 alteri
2854 1069 3193 1122 conveniet?
3224 1068 3402 1139 igitur
3451 1069 3498 1123 si
3547 1070 3634 1122 vir

1942 1152 2113 1206 aliam
2148 1155 2267 1206 vult
2314 1154 2570 1223 accipere
2604 1170 2859 1217 uxorem,
2913 1156 3213 1208 manifesta
3260 1156 3406 1209 ratio
3450 1160 3626 1225 patet,

1944 1240 2080 1311 quia
2112 1242 2491 1295 succendeute
2522 1242 2752 1296 diabolo
2783 1242 2898 1296 odii
2929 1242 3205 1305 fomitem,
3240 1260 3469 1297 exesam
3508 1260 3633 1298 eam

1942 1328 2160 1398 habuit,
2194 1336 2250 1385 et
2278 1328 2488 1383 idcirco
2534 1330 2692 1383 illam
2718 1330 3006 1385 dimittere
3052 1332 3330 1386 mendacii
3381 1332 3632 1387 falsitate

1947 1417 2195 1471 molitur.
2250 1417 2413 1481 Quod
2446 1417 2492 1470 si
2550 1419 2755 1472 mulier
2810 1424 3096 1488 causatur,
3163 1423 3221 1473 et
3282 1420 3437 1485 dicit,
3491 1420 3626 1473 Volo

1945 1511 2128 1559 mater
2195 1523 2316 1560 esse
2398 1509 2455 1559 et
2511 1506 2655 1560 tilios
2726 1510 3049 1576 procreare,
3128 1515 3367 1578 uterque
3431 1525 3632 1561 eorum

1942 1594 2185 1665 septima
2248 1610 2421 1648 manu
2503 1595 2959 1665 propinquorum
3020 1598 3183 1649 tactis
3259 1598 3633 1651 sacrosanctis

1944 1683 2222 1753 reliquiis,
2265 1684 2642 1754 jurejurando
2683 1683 2832 1738 dicat
2880 1689 2943 1738 ut
2988 1701 3286 1755 nunquam
3336 1701 3437 1754 per
3475 1700 3631 1739 com-

1946 1772 2273 1826 mistionem
2331 1772 2516 1826 carnis
2574 1772 2863 1841 conjuncti
2932 1789 3047 1826 una
3080 1789 3212 1826 caro
3254 1772 3439 1826 etfecti
3492 1772 3632 1826 fuis-

1946 1866 2091 1927 sent,
2140 1866 2276 1914 tunc
2325 1860 2550 1915 videtur
2610 1862 2910 1914 mulierem
2961 1861 3234 1915 secundas
3278 1877 3444 1932 posse
3491 1876 3633 1914 con-

1946 1949 2171 2003 trahere
2209 1948 2454 2019 nuptias.
2498 1951 2825 2004 Humanum
2873 1949 2998 2003 dico
3048 1954 3282 2020 propter
3329 1948 3634 2002 intirmita-

1948 2043 2061 2091 tem
2095 2038 2283 2091 carnis
2322 2053 2541 2091 eorum.
2595 2037 2692 2090 Vir
2739 2044 2931 2091 autem
2981 2038 3081 2109 qui
3139 2037 3364 2108 frigida
3414 2043 3633 2091 natura

1946 2130 2047 2191 est,
2082 2131 2309 2179 maneat
2339 2125 2458 2179 sine
2487 2125 2751 2196 conjuge.
2798 2126 2959 2190 Quod
2999 2126 3045 2179 si
3080 2131 3135 2180 et
3186 2126 3282 2179 ille
3332 2125 3503 2179 aliam
3533 2141 3632 2179 co-

1946 2215 2141 2285 pulam
2198 2214 2498 2285 acceperit,
2549 2220 2685 2268 tunc
2738 2214 2797 2268 hi
2854 2215 2953 2285 qui
3005 2215 3324 2285 juraverint
3393 2213 3634 2284 perjurii

1945 2303 2183 2357 crimine
2214 2303 2296 2357 rei
2327 2307 2648 2369 teneantur,
2700 2307 2757 2357 et
2788 2303 3126 2373 poenitentia
3155 2308 3403 2373 peracta,
3437 2302 3633 2374 priora

1946 2397 2224 2463 cogantur
2246 2392 2498 2461 recipere
2528 2392 2838 2445 connubia.

1947 2500 2071 2553 CAP.
2132 2500 2280 2553 XLV.
2336 2500 2418 2553 De
2504 2499 2807 2567 conjugatis
2874 2500 2969 2566 qui
3016 2500 3302 2553 saecularia
3331 2499 3633 2566 relinquere

2616 2570 2946 2624 desiderant.

2051 2659 2161 2725 (Ea:
2188 2657 2349 2711 dictis
2381 2657 2577 2711 Basilii
2596 2658 2879 2726 episcopi.)
2900 2656 2957 2711 Si
2989 2656 3115 2727 quis
3132 2656 3255 2710 vult
3292 2656 3631 2726 conjugatus

1946 2745 2201 2799 converti
2239 2746 2310 2799 ad
2338 2745 2772 2809 monasterium,
2825 2761 2940 2799 non
2972 2750 3056 2799 est
3100 2744 3484 2815 recipiendus,
3524 2743 3633 2797 nisi

1948 2834 2108 2906 prius
2152 2835 2394 2904 conjuge
2443 2834 2837 2887 castimoniam
2891 2835 3194 2903 profitente
3238 2832 3409 2887 fuerit
3465 2834 3630 2886 abso-

1948 2925 2122 2977 lutus.
2158 2923 2300 2977 Nam
2342 2924 2387 2976 si
2422 2922 2539 2989 illa,
2585 2923 2809 2976 vivente
2856 2921 2971 2985 illo,
3010 2938 3112 2991 per
3151 2920 3629 2975 incontinentiam

141 3030 275 3083 CAP.
308 3027 410 3082 XL.
454 3057 523 3068 —
552 3031 621 3082 De
661 3028 745 3082 his
780 3031 877 3097 qui
914 3031 973 3082 in
1003 3032 1343 3084 matrimonio
1375 3031 1558 3099 juncti
1593 3033 1738 3093 sunt,
1787 3034 1837 3083 et
1871 3002 1910 3056 Ο
1949 3011 2108 3067 alteri
2137 3011 2418 3081 nupserit:
2450 3012 2645 3081 Ρτοουι
2677 3010 2854 3065 ἀυδίο
2895 3012 3151 3064 adultera
3181 3010 3309 3075 erit:
3350 3025 3455 3063 nec
3491 3009 3631 3062 Γθοί·

604 3100 943 3154 concumbere
969 3116 1075 3154 non
1100 3106 1346 3170 possunt.

216 3188 330 3255 (Ea:
369 3190 526 3257 epist.
575 3189 731 3255 Greg.
794 3189 867 3243 ad
919 3192 1175 3244 Joannem
1218 3192 1577 3244 Ravennatem
1634 3191 1838 3259 episco-

138 3278 321 3346 pum.)
351 3277 511 3341 Quod
535 3282 728 3331 auteni
751 3278 1117 3348 interrogasti
1140 3278 1209 3332 de
1230 3277 1317 3332 his
1340 3278 1439 3348 qui
1468 3278 1837 3331 matrimonio

132 3365 326 3434 juncti
376 3371 529 3430 sunt,
580 3371 637 3419 et
678 3366 894 3420 nubere
937 3382 1054 3420 non
1098 3371 1357 3437 possunt,
1410 3365 1455 3419 si
1499 3366 1595 3419 ille
1641 3367 1834 3433 aliam,

139 3454 227 3506 vel
262 3452 359 3506 illa
391 3453 566 3507 alium
608 3453 814 3508 ducere
866 3455 1065 3524 possit,
1118 3454 1327 3525 quibus
1371 3454 1648 3524 scriptum
1703 3459 1833 3507 est:

138 3540 239 3594 Vir
279 3545 334 3595 et
373 3541 583 3595 mulier
621 3542 669 3595 si
719 3558 779 3596 se
830 3542 1255 3612 conjunxerint,
1305 3547 1361 3595 et
1407 3547 1603 3613 postea
1630 3542 1838 3597 dixerit

143 3630 359 3685 mulier
397 3631 467 3685 de
496 3631 639 3699 viro,
673 3631 826 3701 quod
855 3648 968 3685 non
991 3631 1172 3702 possit
1192 3631 1343 3686 coire
1374 3648 1504 3685 cum
1537 3648 1627 3697 eo,
1661 3632 1706 3685 si
1735 3648 1836 3701 po-

140 3724 254 3775 test
298 3720 543 3789 probare
579 3735 681 3790 per
720 3721 938 3789 justum
976 3721 1262 3791 judicium
1309 3720 1461 3790 quod
1507 3736 1705 3773 verum
1745 3720 1835 3787 sit,

143 3808 388 3878 accipiat
420 3808 595 3862 alium
630 3824 643 3862 :
675 3808 723 3861 si
754 3813 944 3863 autem
986 3808 1082 3862 ille
1113 3808 1283 3862 aliam
1329 3808 1629 3878 acceperit,
1668 3825 1838 3879 sepa-

142 3902 370 3951 rentur.

585 3986 712 4040 CAP.
744 3985 886 4039 XLI.
918 4015 987 4025 —
1020 3989 1092 4039 De
1116 3985 1302 4042 eadem
1331 4002 1408 4039 re.

220 4075 338 4139 (Ea:
367 4076 588 4129 concilio
612 4074 763 4144 apud
798 4076 1129 4130 Vermeriam
1177 4075 1502 4144 temporibus
1543 4076 1725 4144 Pipini
1761 4089 1842 4127 re-

145 4166 256 4232 gis,
278 4166 454 4234 capite
492 4163 596 4233 t7.)
649 4164 707 4218 Si
765 4180 879 4235 qua
926 4164 1134 4217 mulier
1182 4164 1639 4234 proclamaverit,
1686 4164 1839 4232 quod

142 4254 232 4307 vir
280 4268 417 4306 suus
464 4268 764 4323 nunquam
804 4268 934 4305 cum
982 4268 1047 4306 ea
1079 4252 1304 4317 coisset,
1356 4256 1557 4306 exeant
1588 4251 1720 4305 inde
1769 4251 1837 4305 ad

143 4357 373 4396 crucem
408 4357 420 4395 :
464 4345 520 4396 et
540 4342 585 4395 si
615 4357 812 4396 verum
850 4342 1041 4405 fuerit,
1076 4346 1433 4412 separentur,
1468 4346 1523 4395 et
1546 4340 1643 4395 illa
1671 4340 1842 4395 faciat

143 4429 302 4501 quod
328 4429 467 4484 vult.

588 4516 717 4570 CAP.
746 4516 898 4571 XLII.
931 4546 1000 4557 —
1025 4520 1098 4571 De
1125 4517 1309 4571 eadem
1328 4532 1404 4570 re.

220 4605 330 4675 (Ea:
360 4606 584 4659 concilio
628 4604 778 4674 apud
816 4606 1224 4675 Compendium,
1266 4608 1440 4674 capite
1478 4604 1592 4674 20.)
1628 4604 1681 4659 Si
1714 4604 1842 4675 quis

144 4694 367 4764 accepit
398 4709 654 4760 uxorem,
687 4699 744 4748 et
774 4694 975 4749 habuit
999 4694 1181 4764 ipsam
1227 4695 1421 4765 aliquo
1465 4698 1744 4764 tempore,
1787 4699 1845 4749 et

143 4783 273 4853 ipsa
304 4783 520 4837 femina
549 4781 683 4836 dicit
731 4783 889 4853 quod
938 4800 1053 4837 non
1106 4783 1313 4837 coisset
1368 4799 1498 4836 cum
1533 4800 1619 4848 ea,
1650 4789 1707 4837 et
1747 4782 1842 4836 ille

148 4873 232 4925 vir
266 4870 403 4925 dicit
442 4870 597 4942 quod
648 4870 726 4924 sic
772 4872 923 4937 fecit,
969 4872 1030 4924 in
1079 4871 1315 4925 veritate
1364 4871 1470 4924 viri
1526 4870 1839 4926 consistat.

145 4959 289 5031 quia
321 4958 407 5012 vir
436 4963 705 5029 caputest
739 4959 1012 5013 mulieris.

556 5048 682 5101 CAP.
714 5049 897 5104 XLIII.
938 5078 1010 5090 —
1035 5052 1108 5103 De
1146 5048 1329 5102 eadem
1359 5064 1433 5102 re.

222 5138 329 5208 (Ea:
360 5138 580 5191 concilio
616 5137 852 5201 Tribur.,
893 5142 1066 5206 capite
1104 5138 1181 5207 3.)
1225 5137 1319 5190 Vir
1361 5136 1407 5189 si
1454 5135 1679 5190 duxerit
1710 5152 1846 5190 uxo-

150 5241 272 5280 rem
302 5226 685 5279 concumbere
731 5242 859 5277 cum
904 5241 969 5278 ea
1006 5242 1121 5279 non
1168 5225 1384 5287 valens,
1422 5229 1477 5276 et
1508 5224 1685 5277 frater
1726 5223 1847 5293 ejus

148 5314 411 5367 clanculo
448 5330 574 5366 eam
616 5313 917 5379 vitiaverit,
960 5318 1016 5367 et
1057 5312 1351 5383 gravidam
1392 5310 1726 5377 reddiderit,
1754 5327 1844 5364 se-

150 5407 451 5472 parentur.
494 5402 865 5456 Considerata
899 5408 1093 5456 autem
1153 5401 1565 5463 imbecillitate,
1624 5399 1845 5454 miseri-

150 5491 350 5545 cordia
378 5490 461 5544 eis
488 5489 853 5561 impartiatur
878 5492 947 5545 ad
980 5490 1337 5560 conjugium,
1377 5493 1601 5543 tantum
1646 5486 1708 5541 in
1739 5488 1847 5541 Do-

154 5592 336 5630 1111110.

1943 3101 2099 3173 pitur
2143 3101 2301 3171 upud
2346 3101 2528 3154 Deum
2589 3099 2872 3169 ejusmodi
2942 3100 3050 3154 viri
3100 3100 3415 3163 conversio,
3472 3099 3634 3169 cujus

1945 3189 2206 3260 sequitur
2246 3188 2564 3259 conjugalis
2613 3188 2842 3243 faderis
2891 3188 3237 3258 prostitutio.
3287 3188 3448 3241 Tales
3496 3203 3632 3257 ergo

1944 3285 2082 3333 tunc
2114 3277 2234 3331 sine
2263 3278 2432 3346 culpa
2483 3281 2798 3345 sequantur
2839 3276 3124 3329 Christum
3168 3274 3363 3329 relicto
3402 3276 3631 3343 saculo,

1944 3368 1991 3421 si
2017 3367 2265 3421 habeant
2318 3381 2384 3419 ex
2444 3364 2568 3435 pari
2619 3364 2914 3418 voluntate
2948 3363 3222 3421 castitatis
3266 3379 3629 3417 consensum.

1946 3475 2072 3528 CAP.
2095 3472 2282 3526 XLVI.
2315 3502 2380 3510 —
2412 3474 2484 3526 De
2512 3472 2629 3524 viro
2677 3472 2774 3539 qui
2820 3484 3041 3524 uxorem
3088 3484 3244 3523 suam
3292 3469 3469 3522 velare
3507 3483 3634 3540 per-

2679 3543 2907 3595 miserit.

2018 3635 2125 3699 (Em
2157 3631 2376 3685 concilio
2420 3630 2692 3695 Remensi,
2729 3630 2905 3697 capite
2932 3628 3010 3695 3.)
3044 3627 3151 3690 Qui
3193 3643 3428 3682 uxorem
3470 3642 3633 3681 suam

1946 3718 2274 3790 permiserit
2334 3718 2542 3785 velare,
2576 3717 2746 3771 aliam
2795 3732 2910 3770 non
2961 3716 3218 3787 accipiat,
3268 3732 3325 3769 se
3370 3716 3636 3770 similiter

1946 3810 2328 3862 convertatur.

1949 3915 2076 3969 CAP.
2106 3913 2390 3968 XLVII.—
2408 3911 2487 3966 De
2502 3913 2742 3975 muliere,
2771 3913 2820 3965 si
2839 3913 2954 3965 sine
2985 3912 3205 3965 licentia
3224 3913 3335 3965 viri
3354 3912 3442 3967 sui
3462 3911 3635 3966 velum

2561 3984 2669 4037 sibi
2691 3983 3023 4051 imposuerit.

2020 4075 2124 4143 (Ea:
2164 4072 2306 4127 decr.
2337 4071 2488 4141 apud
2534 4071 2933 4141 Compendium,
2994 4073 3171 4140 capite
3206 4070 3278 4138 6.)
3328 4070 3545 4139 Mulier,
3589 4070 3637 4123 si

1950 4163 2072 4215 sine
2105 4159 2330 4214 licentia
2362 4159 2551 4213 mariti
2585 4160 2674 4212 sui
2707 4160 2895 4213 velum
2942 4159 3002 4211 in
3062 4164 3231 4228 caput
3287 4158 3528 4225 miserit,
3589 4159 3637 4213 si

1950 4251 2073 4303 viro
2101 4247 2401 4319 placuerit,
2448 4248 2686 4317 recipiet
2731 4264 2858 4302 eam
2908 4248 3117 4301 iterum
3158 4248 3227 4302 ad
3279 4248 3632 4319 conjugium.

1953 4358 2079 4411 CAP.
2112 4354 2341 4410 XLVIII.
2369 4384 2436 4393 —
2461 4357 2530 4408 De
2548 4357 2664 4408 viro
2692 4357 2787 4422 qui
2808 4357 2921 4409 sine
2953 4356 3144 4409 umoris
3163 4357 3435 4425 permissu
3455 4370 3633 4409 mona-

2426 4428 2617 4479 sticam
2647 4429 2818 4479 vitam
2846 4428 3158 4495 susceperit.

2024 4516 2131 4581 (Ea:
2164 4528 2277 4578 reg.
2332 4513 2490 4579 Greg.
2551 4512 2624 4565 ad
2680 4513 2922 4567 Adi-ium
2962 4517 3257 4580 notarium,
3322 4515 3496 4582 capite
3526 4512 3637 4583 80.)

2021 4602 2328 4672 Agathosa,
2372 4600 2539 4654 latrix
2569 4601 2963 4669 prasentium,
3004 4606 3206 4672 questa
3238 4606 3322 4656 est
3368 4601 3639 4655 maritum

1952 4707 2119 4745 suum
2149 4694 2346 4743 contra
2378 4689 2729 4743 voluntatem
2756 4706 2915 4743 suam
2954 4690 3011 4744 in
3063 4690 3408 4746 monasterio
3462 4691 3641 4745 urbici

1952 4779 2170 4834 abbatis
2210 4795 2330 4832 esse
2360 4794 2715 4832 conversum.
2760 4780 2923 4843 Quod
2967 4781 3104 4851 quia
3132 4782 3205 4834 ad
3251 4781 3506 4850 ejusdem
3541 4782 3639 4835 ab-

1953 4868 2098 4923 batis
2127 4869 2353 4938 culpam
2383 4872 2439 4920 et
2468 4866 2742 4921 invidiam
2778 4885 2895 4922 non
2928 4873 3013 4922 est
3042 4869 3281 4923 dubium
3329 4870 3638 4940 pertinere,

1953 4955 2319 5027 experientia
2369 4959 2484 5008 tua
2537 4955 2899 5025 pracipimus
2964 4961 3027 5010 ut
3077 4957 3339 5027 diligenti
3392 4957 3640 5028 inquisi-

1953 5045 2110 5099 tione
2134 5042 2440 5107 discretiat,
2477 5058 2545 5096 ne
2584 5042 2728 5095 forte
2764 5060 2893 5096 cum
2925 5043 3047 5113 ejus
3076 5046 3365 5099 voluntate
3403 5062 3642 5100 conver-

1956 5150 2049 5187 sus
2093 5132 2183 5198 sit,
2235 5132 2323 5185 vel
2378 5131 2501 5201 ipsa
2550 5147 2608 5184 se
2656 5136 2879 5185 mutare
2926 5132 3276 5200 promiserit.
3332 5134 3401 5189 Et
3446 5133 3493 5187 si
3539 5134 3646 5187 hoc

1957 5220 2255 5292 repererit,
2306 5224 2362 5273 et
2393 5219 2553 5272 illum
2594 5219 2655 5272 in
2699 5221 3042 5273 monasterio
3080 5237 3419 5290 permanere
3457 5222 3642 5292 provi-

1957 5312 2109 5378 deat,
2141 5314 2198 5364 et
2243 5309 2388 5362 hanc
2437 5307 2583 5361 sicut
2630 5307 2895 5378 promisit
2940 5313 3163 5362 mutare
3218 5311 3539 5381 compellat.
3590 5311 3647 5365 Si

1959 5416 2091 5453 vero
2141 5398 2283 5453 nihil
2330 5398 2536 5451 horum
2590 5402 2694 5463 est,
2750 5413 2853 5450 nec
2910 5397 3198 5466 quoddam
3257 5399 3648 5453 fornicationis

1960 5487 2177 5541 crimen
2210 5492 2447 5556 propter
2495 5486 2646 5556 quod
2686 5485 2803 5538 viro
2836 5484 2963 5538 licet
3017 5501 3249 5538 uxorem
3295 5488 3644 5559 relinquere,

1960 5574 2292 5646 pradictam
2323 5575 2624 5628 mulierem
2659 5573 3008 5627 commisisse
3057 5573 3414 5643 cognoveris,
3469 5591 3542 5629 ne
3581 5575 3646 5629 il-
