3944 6300
278 257 380 311 823

1356 253 1755 310 BURCHARDI
1794 251 2324 309 WORMACIENSIS
2361 253 2692 310 EPISCOPI.

3670 257 3778 310 8'24

281 377 393 432 Ῑίιιδ
430 377 723 466 convenio
781 375 946 466 υξοτί
1002 375 1213 430 relicui”
1266 375 1326 430 in
1384 377 1593 466 5930910
1641 375 1763 430 ﬁeri
1794 375 2046 466 PosfllfA
2083 391 2352 461 diximus,
2407 399 2468 447 ut
2519 393 2886 448 ostendamus
2944 408 3119 466 quem
3184 394 3380 465 legum
3443 395 3780 450 conﬂictum

284 465 626 538 perditionis
661 465 904 531 occasio,
959 466 1221 517 volumus
1266 469 1332 518 ut
1384 465 1625 518 maritus
1670 480 1834 517 suum
1887 463 1974 516 illi

283 555 373 608 vel
403 553 449 606 si
472 553 593 622 jam
648 557 977 606 tonsuratus
1017 558 1122 618 est,
1163 551 1389 620 reddas,
1422 551 1580 605 omni
1611 551 1974 604 excusatione

287 647 560 696 cessante.
597 641 738 694 Nam
768 639 814 693 si
861 646 1096 709 excepta
1143 638 1531 693 fornicationis
1577 655 1744 692 causa
1790 639 1975 692 virum

289 744 528 784 uxorem
580 729 905 798 relinquere
954 729 1110 781 nulla
1159 726 1381 781 ratione
1428 727 1782 794 conceditur,
1843 727 1979 796 quia

293 824 599 889 postquam
645 817 1003 887 copulatione
1051 815 1302 885 conjugii
1348 815 1455 868 viri
1495 821 1665 886 atque
1723 814 1982 869 mulieris

293 923 475 962 unum
505 922 712 976 corpus
737 904 1000 968 efﬁcitur,
1047 919 1162 957 non
1195 906 1383 974 potest
1415 919 1481 957 ex
1513 912 1674 974 parte
1703 903 1981 969 converti,

296 1001 351 1050 et
381 1012 445 1049 ex
475 1001 638 1065 parte
669 995 729 1047 in
757 994 964 1047 saeculo
999 1008 1250 1046 manere.

298 1087 426 1142 CAP.
460 1085 640 1140 XLIX.
672 1113 740 1122 —-
763 1084 849 1136 De
876 1084 1068 1149 regina
1113 1081 1447 1148 Thietbirga,
1474 1097 1593 1150 quae
1643 1096 1808 1135 causa
1855 1080 1986 1136 reli-

503 1156 684 1224 gionis
706 1169 741 1207 a
767 1152 926 1220 reg-ia
965 1152 1234 1220 dignitate
1273 1151 1549 1205 discedere
1573 1152 1836 1206 voluerat.

370 1241 479 1311 (Em
507 1243 664 1310 epist.
715 1239 930 1297 Nicolai
962 1253 1126 1308 papa
1173 1238 1247 1292 ad
1287 1239 1540 1294 Carolum
1585 1240 1808 1308 regem.)
1840 1236 1988 1293 Scri-

297 1327 414 1397 psit
432 1325 598 1379 nobis
627 1325 956 1396 Thietbirga
988 1326 1208 1396 regina,
1243 1327 1402 1396 regia
1427 1343 1485 1380 se
1515 1327 1658 1380 velle
1709 1326 1989 1397 dignitate

299 1431 400 1468 seu
436 1415 642 1484 copula
671 1413 822 1478 exui,
866 1418 917 1467 et
966 1415 1143 1468 solam
1194 1415 1414 1485 privata
1442 1416 1555 1469 vita
1601 1415 1720 1468 fore
1751 1421 1992 1469 conten-

302 1503 420 1552 tam
451 1498 797 1552 desiderare.
838 1497 940 1551 Cui
990 1514 1093 1550 nos
1141 1499 1470 1568 scripsimus
1527 1516 1640 1553 non
1690 1500 1798 1553 hoc
1830 1499 1993 1552 aliter

302 1585 430 1640 ﬁeri
463 1601 647 1655 posse,
683 1585 792 1638 nisi
825 1585 1090 1639 eamdem
1123 1585 1316 1640 vitam
1371 1587 1575 1656 conjux
1618 1588 1742 1656 ejus
1790 1587 1990 1641 Lotha-

306 1674 424 1727 rius
453 1674 709 1743 elegerit.
771 1674 836 1727 Et
880 1677 1009 1743 post
1054 1688 1251 1742 pauca.
1314 1674 1391 1727 De
1439 1679 1716 1728 retroacta
1764 1679 1990 1728 contro-

306 1763 490 1816 versia
541 1760 871 1832 Thietbirga
927 1777 1042 1814 non
1093 1761 1261 1814 debet
1307 1761 1548 1815 ulterius
1605 1763 1674 1816 ad
1732 1762 1994 1816 iteratam

308 1851 740 1922 responsionem
793 1849 1138 1920 promoveri.
1217 1850 1378 1913 Quod
1430 1850 1574 1905 bene
1655 1851 1832 1904 semel
1899 1850 1997 1904 de-

307 1938 537 1993 ﬁnitum
575 1943 681 2006 est,
711 1942 767 1992 et
802 1937 1154 2008 interpositis
1195 1939 1543 2007 juramentis
1592 1939 1996 2004 deliberatum,

309 2028 468 2081 nulla
498 2027 670 2081 debet
698 2026 1022 2093 iteratione,
1056 2026 1165 2080 nisi
1190 2026 1448 2081 fortassis
1477 2028 1576 2082 ubi
1599 2026 1772 2081 fuerit
1816 2029 2002 2097 major

311 2115 635 2183 auctoritas,
666 2114 982 2170 retractari.

314 2206 442 2260 CAP.
473 2205 532 2259 L.
577 2232 646 2246 —
703 2207 779 2259 De
828 2204 1084 2258 Lothario
1132 2219 1255 2269 rege
1309 2206 1407 2273 qui
1469 2219 1687 2258 umorem
1744 2219 1899 2259 suam
1947 2207 2005 2258 in

881 2275 1126 2328 custodia
1146 2275 1437 2329 detinebat.

387 2365 552 2429 (Item
578 2361 863 2432 ejusdem.)
893 2363 1121 2431 Verum,
1166 2363 1312 2416 sicut
1341 2363 1659 2416 multorum
1691 2362 1872 2418 relatu
1920 2362 2006 2417 di-

317 2451 581 2519 dicimus,
631 2450 933 2505 Lotharius
964 2466 1058 2504 rex
1113 2455 1456 2505 conventum
1502 2450 1789 2505 celebrare
1821 2451 2010 2522 dispo-

318 2539 423 2607 nit,
487 2545 544 2594 et
591 2538 986 2609 Thietbirgam
1035 2539 1296 2609 reginam
1363 2539 1614 2594 examini
1665 2540 1901 2610 proprio
1955 2543 2010 2593 et

313 2629 528 2700 judicio
561 2628 841 2698 subjicere
873 2627 1196 2682 meditatur.
1232 2629 1300 2682 Et
1355 2628 1404 2682 si
1435 2628 1669 2699 quidem
1699 2644 1824 2682 eam
1865 2644 2012 2700 pree-

321 2718 506 2789 stigiis
555 2717 820 2772 falsitatis
867 2733 982 2770 sua:
1040 2717 1288 2787 potuerit
1341 2717 1630 2782 exhibere,
1681 2717 1843 2788 quasi
1894 2734 2012 2772 non

321 2807 494 2861 fuerit
521 2807 781 2876 legitima
810 2821 912 2858 sua
941 2821 1103 2873 uxor,
1154 2806 1276 2860 vult
1329 2821 1456 2860 eam
1489 2805 1719 2875 penitus
1771 2823 1806 2860 a
1835 2822 1893 2860 se
1923 2822 2012 2861 se-

324 2900 616 2966 questrare
650 2911 663 2948 :
708 2895 796 2948 sin
842 2898 1032 2948 autem
1076 2896 1195 2947 vult
1248 2909 1374 2948 eam
1414 2898 1692 2964 tanquam
1723 2893 2009 2963 propriam
2047 2924 2088 2978 Ο

325 2999 564 3037 uxorem
593 2983 920 3047 admittere,
953 2982 1049 3036 sed
1075 2981 1300 3046 deinde,
1325 2982 1487 3052 quasi
1511 2981 1788 3036 maechata
1816 2982 2012 3048 fuerit,

330 3071 686 3137 insimulare,
719 3076 890 3140 atque
920 3085 1022 3140 pro
1054 3069 1162 3123 hoc
1201 3070 1497 3124 hominem
1543 3086 1714 3124 suum
1743 3074 1800 3124 et
1828 3071 2016 3124 homi-

329 3176 462 3215 nem
511 3159 858 3229 Thietbirgae
905 3159 972 3212 ad
1048 3158 1412 3212 monachiam
1462 3158 1779 3229 impellere,
1832 3161 1909 3224 et,
1970 3159 2018 3213 si

330 3249 507 3303 homo
537 3247 718 3318 ipsius
749 3248 960 3317 regina:
989 3246 1270 3308 ceciderit,
1319 3245 1572 3316 disponit
1597 3247 1746 3300 hanc
1779 3246 1902 3300 sine
1934 3247 2018 3300 di-

331 3337 544 3391 latione
583 3336 884 3406 perimere.
947 3335 1084 3400 Quae
1133 3339 1414 3405 quantum
1447 3335 1561 3389 sint
1597 3336 1756 3390 omni
1812 3335 2022 3390 divinae

331 3427 418 3480 vel
469 3431 792 3480 sanctorum
843 3426 1095 3489 Patrum,
1160 3423 1274 3495 legi
1317 3424 1624 3490 contraria,
1686 3424 2023 3496 magnitudo

335 3515 656 3585 prudentiae
687 3520 908 3580 vestrae,
940 3513 1249 3579 credimus,
1277 3514 1398 3583 jam
1431 3513 1690 3568 advertit.

337 3604 466 3660 CAP.
520 3604 600 3657 LI.
643 3632 713 3643 —
768 3605 841 3656 De
881 3603 1155 3668 singulari
1191 3605 1497 3665 certamine,
1537 3603 1681 3671 quod
1737 3604 2026 3657 Lotharius

407 3675 629 3728 molitus
651 3679 729 3727 est
757 3679 944 3727 contra
970 3673 1352 3739 Thietbirgam
1376 3688 1598 3727 umorem
1634 3688 1804 3728 suam.

408 3763 569 3832 (Item
610 3760 888 3832 ejusdem.)
940 3760 1392 3814 Monomachiam
1440 3776 1574 3814 vero
1630 3761 1688 3815 in
1733 3761 1859 3832 lege
1911 3777 2028 3816 non

340 3849 710 3911 assumimus,
759 3865 888 3918 quae
927 3853 1274 3919 praeceptam
1315 3847 1488 3902 fuisse
1544 3865 1657 3902 non
1685 3850 2024 3920 reperimus.

341 3937 524 4001 Quam
557 3936 688 3990 licet
715 3934 912 3990 iniisse
941 3935 1220 4006 quosdam
1261 3935 1540 4004 legamus,
1589 3937 1734 3990 sicut
1769 3943 2030 3990 sanctum

345 4023 525 4077 David
583 4029 640 4078 et
690 4024 906 4078 Goliam
969 4038 1128 4076 sacra
1188 4022 1377 4094 prodit
1428 4023 1686 4090 historia,
1746 4041 2030 4095 nusquam

343 4116 538 4167 tamen
599 4117 661 4166 ut
717 4128 822 4182 pro
876 4112 1002 4183 lege
1046 4115 1306 4165 teneatur
1348 4111 1558 4167 alicubi
1605 4113 1798 4168 divina
1846 4115 2034 4167 sanxit

2085 481 2382 536 Lotharius
2422 483 2692 552 cong‘redi
2732 499 2897 554 posse
2941 488 3226 549 autumat,
3277 500 3408 538 cum
3446 501 3779 554 personam,

2086 587 2260 640 quam
2293 571 2354 624 in
2383 571 2500 624 suis
2548 572 2933 642 penetralibus
2982 573 3239 642 quotidie
3273 573 3494 644 fatigat,
3535 579 3594 628 et
3641 590 3780 627 con-

2087 659 2242 727 terit,
2274 660 2502 730 quando
2532 663 2654 712 vult
2707 661 2778 714 ad
2824 660 3108 732 judicium
3155 661 3366 728 educit,
3401 663 3630 732 quando
3661 664 3784 716 vult

2089 749 2161 802 ad
2199 750 2446 802 claustra
2501 749 2717 802 reducit
2752 767 2762 801 :
2812 755 2868 803 et
2905 750 3137 820 quando
3177 749 3384 803 educta
3425 751 3618 817 fuerit,
3673 750 3787 804 nisi

2092 854 2158 891 ea
2187 837 2527 907 proﬁteatur
2575 854 2704 908 quae
2743 837 2864 908 ipse
2894 838 3246 908 praeceperit,
3297 839 3486 908 punit.
3531 841 3786 909 Propriae

2092 927 2269 998 igitur
2311 926 2562 980 libertati
2608 926 2910 992 committi,
2970 932 3027 980 et
3083 927 3154 981 ab
3208 927 3366 980 omni
3418 928 3789 998 oppressione

2094 1033 2158 1070 ac
2186 1021 2466 1086 potestate
2497 1015 2672 1084 illius,
2699 1032 2830 1069 cum
2854 1032 2968 1086 quo
3001 1016 3178 1069 initur
3203 1016 3518 1079 conﬂictus,
3555 1021 3794 1087 oportet

2097 1104 2347 1172 liberari,
2381 1111 2556 1176 atque
2586 1104 2703 1159 suis
2736 1103 3050 1159 liberaliter
3083 1105 3185 1169 uti,
3215 1109 3270 1158 et
3317 1111 3609 1174 suspectas
3659 1121 3793 1175 per—

2096 1210 2264 1247 sonas
2301 1193 2564 1247 convenit
2593 1193 2900 1261 declinare,
2952 1209 3081 1264 qua:
3115 1209 3172 1247 se
3224 1193 3295 1248 ab
3339 1192 3578 1265 objectis
3607 1199 3800 1247 osten-

2097 1282 2230 1337 dere
2255 1281 2414 1352 cupit
2442 1283 2782 1336 immunem.

2531 1372 2657 1424 CAP.
2691 1370 2829 1425 LIII.
2868 1398 2942 1410 —
2967 1372 3042 1424 De
3070 1370 3253 1424 eadem
3278 1385 3354 1425 re.

2172 1459 2322 1529 (Item
2366 1459 2552 1528 idem.)
2599 1461 2795 1529 Itaque
2861 1475 3087 1512 summo
3149 1458 3341 1512 studio
3399 1458 3798 1530 Thiethirgam

2103 1547 2406 1617 conjugem
2458 1553 2617 1601 tuam
2664 1552 2939 1617 tanquam
2990 1548 3282 1618 propriam
3323 1563 3555 1602 carnem
3603 1548 3803 1603 fovere

2027 1649 2066 1703 Β
2105 1652 2170 1690 ac
2212 1635 2452 1705 diligere
2491 1641 2822 1705 procurato,
2867 1641 2926 1689 et
2991 1652 3063 1689 ne
3100 1637 3261 1691 illam
3308 1641 3430 1692 ate
3473 1638 3588 1691 ullo
3628 1642 3804 1707 pacto

2102 1725 2423 1779 consentias
2472 1724 2786 1791 discedere,
2845 1723 3151 1795 vigilanter
3190 1727 3440 1780 attende.
3521 1726 3681 1780 Unde
3757 1725 3808 1779 si

2105 1815 2286 1868 vulta
2330 1820 2384 1867 te
2425 1813 2742 1881 discedere,
2789 1813 3034 1883 corripe,
3069 1813 3186 1868 imo
3229 1814 3451 1884 corrige
3496 1830 3645 1879 eam,
3680 1819 3739 1868 et
3773 1829 3810 1867 a

2105 1902 2206 1956 tali
2235 1901 2555 1956 intentione
2585 1918 2687 1971 per
2717 1901 2912 1955 omnia
2953 1918 3219 1955 revocare
3258 1908 3471 1972 satage.
3503 1903 3628 1957 lam
3668 1918 3808 1956 vero

2108 1991 2157 2046 si
2186 2007 2378 2044 amore
2418 1990 2710 2060 pudicitiae
2751 1990 3176 2060 separationem
3226 1991 3450 2060 quierit,
3491 1996 3548 2044 et
3594 1991 3806 2061 conju-

2110 2079 2254 2150 galis
2313 2077 2584 2132 connubii
2642 2079 2992 2132 solutionem
3069 2079 3362 2150 efﬂagitat,
3413 2083 3633 2132 certum
3697 2082 3806 2144 est,

2109 2167 2385 2237 Apostolo
2420 2166 2661 2232 dicente,
2701 2168 2836 2237 quia
2880 2167 3090 2221 mulier
3122 2167 3211 2220 sui
3255 2165 3510 2237 corporis
3550 2172 3810 2236 potesta-

2110 2261 2225 2310 tem
2256 2271 2375 2308 non
2411 2255 2603 2321 habet,
2637 2256 2732 2310 sed
2763 2255 2864 2310 vir.
2897 2257 3105 2310 Verum
3131 2256 3177 2309 si
3210 2261 3268 2310 et
3298 2257 3419 2326 ipse
3467 2255 3812 2326 pudicitiam

2114 2349 2356 2397 sectatus
2404 2343 2696 2414 religionis
2746 2344 2982 2398 obtentu
3033 2345 3299 2414 copulam
3347 2343 3653 2398 dissolvere
3700 2344 3809 2412 vis,

2116 2438 2340 2486 tantum
2381 2447 2452 2485 ne
2488 2433 2752 2485 simulate
2799 2432 2900 2486 tiat
2941 2433 3330 2486 concedimus.
3387 2434 3528 2487 Nam
3571 2432 3709 2487 licet
3739 2433 3816 2487 sit

2117 2521 2392 2590 scriptum
2427 2537 2439 2574 :
2472 2520 2630 2584 Quod
2657 2521 2807 2574 Deus
2837 2521 3155 2591 conjunxit,
3190 2521 3361 2575 homo
3389 2537 3506 2574 non
3561 2527 3811 2591 separet,

2121 2611 2268 2663 Deus
2308 2614 2501 2662 tamen
2553 2614 2610 2663 et
2662 2625 2776 2662 non
2835 2610 3011 2663 homo
3066 2615 3311 2680 separat,
3359 2609 3588 2680 quando
3631 2609 3816 2663 divini

2120 2697 2331 2753 amoris
2358 2697 2592 2763 intuitu,
2622 2714 2686 2752 ex
2715 2714 2999 2752 consensu
3046 2698 3348 2769 utriusque
3389 2698 3651 2768 conjugis
3689 2715 3809 2752 ma-

2119 2787 2395 2841 trimonia
2434 2787 2843 2841 dissolvuntur.
2874 2787 2929 2843 Si
2969 2803 3107 2858 ergo
3158 2787 3268 2841 hoc
3321 2787 3491 2842 modo
3522 2788 3627 2852 vis,
3678 2803 3817 2857 gra-

2124 2876 2272 2929 tuito
2334 2875 2722 2946 permittimus
2779 2877 2992 2942 animo,
3069 2878 3429 2947 celeremque
3485 2876 3818 2947 praebemus

2128 2979 2419 3018 assensum
2453 2980 2465 3017 :
2499 2963 2665 3018 aliter
2695 2970 2885 3019 autem
2917 2964 3045 3019 ﬁeri
3095 2971 3358 3020 mutuam
3389 2966 3817 3037 separationem

2128 3058 2368 3108 vestram
2393 3053 2785 3123 prohibemus.

2128 3157 2257 3214 CAP.
2292 3158 2423 3214 LIV.
2448 3188 2517 3199 —
2549 3161 2620 3213 De
2650 3160 2760 3212 illis
2816 3159 2919 3229 qui
2942 3161 3002 3213 in
3028 3161 3168 3214 alias
3212 3163 3522 3230 provincias
3551 3161 3820 3227 fugerint,

2199 3235 2295 3284 aut
2351 3245 2472 3284 suos
2533 3232 2763 3284 seniores
2819 3233 2989 3286 secuti
3034 3233 3269 3300 fuerint,
3346 3237 3396 3287 et
3444 3246 3638 3287 uxores
3693 3246 3825 3286 suas

2202 3301 2349 3354 domi
2368 3302 2702 3370 reliquerint.

2205 3390 2319 3458 (Ea:
2365 3390 2586 3443 concilio
2635 3389 2785 3460 apud
2843 3391 3198 3458 Vermeriam,
3249 3393 3426 3460 capite
3474 3390 3551 3457 6.)
3596 3389 3655 3445 Si
3693 3389 3830 3461 quis

2134 3477 2467 3532 necessitate
2495 3477 2810 3531 inevitabili
2840 3483 3075 3548 cogente
3108 3479 3166 3532 in
3194 3479 3368 3532 alium
3418 3480 3692 3533 ducatum
3724 3495 3826 3532 seu

2134 3564 2488 3637 provinciam
2517 3564 2746 3634 fugerit,
2791 3571 2846 3620 et
2880 3582 3018 3618 uxor
3053 3565 3200 3636 ejus,
3252 3583 3382 3621 cum
3430 3567 3580 3620 valet
3627 3571 3684 3620 et
3731 3583 3836 3637 po-

2135 3661 2268 3720 test,
2299 3669 2493 3708 amore
2523 3660 2828 3724 parentum
2860 3658 2957 3707 aut
2987 3670 3180 3708 rerum
3209 3671 3444 3708 suarum
3473 3670 3603 3708 eum
3661 3654 3832 3724 sequi

2136 3742 2406 3810 noluerit,
2440 3742 2563 3813 ipsa
2591 3743 2744 3796 omni
2769 3747 3024 3813 tempore
3070 3743 3329 3814 quandiu
3372 3743 3460 3796 vir
3484 3742 3608 3813 ejus
3643 3757 3825 3812 quem

2138 3837 2329 3885 secuta
2360 3847 2475 3884 non
2516 3829 2643 3895 fuit,
2686 3829 2842 3897 vivit,
2900 3846 3125 3900 semper
3185 3829 3430 3900 innupta
3469 3835 3834 3899 permaneat.

2139 3921 2240 3976 Ille
2267 3935 2398 3973 vero
2429 3918 2529 3989 qui
2573 3919 2909 3972 necessitate
2949 3923 3184 3989 cogente
3215 3918 3276 3972 in
3327 3918 3436 3972 alia
3478 3917 3662 3988 patria
3710 3934 3836 3972 ma-

2141 4013 2257 4077 net,
2307 4008 2355 4062 si
2403 4023 2700 4079 nunquam
2742 4007 2803 4060 in
2851 4023 3013 4061 suam
3063 4007 3308 4076 patriam
3365 4023 3424 4060 se
3464 4021 3833 4060 reversurum

2141 4103 2350 4168 sperat,
2384 4097 2430 4150 si
2460 4113 2517 4150 se
2547 4096 2840 4149 continere
2870 4113 2982 4149 non
3015 4101 3217 4166 potest,
3246 4095 3416 4149 aliam
3459 4111 3700 4149 uxorem
3741 4112 3837 4149 ac-

345 4200 652 4254 auctoritas
685 4216 698 4254 :
731 4215 859 4254 cum
893 4199 1001 4254 hoc
1030 4205 1088 4254 et
1114 4199 1512 4270 hujuscemodi
1543 4206 1823 4256 sectantes
1847 4202 2028 4256 Deum
2062 4211 2106 4263 D
2145 4185 2337 4256 CiPlat:
2364 4189 2557 4238 tamen
2589 4199 2717 4237 cum
2748 4184 3104 4254 Ρωηίῖθηῖίθσ

345 4288 710 4343 solummodo
740 4293 964 4342 tentare
995 4287 1312 4344 videantur.

347 4396 475 4451 Car.
513 4397 624 4451 LII.
664 4427 734 4436 —
769 4397 848 4450 De
875 4397 1084 4463 femina
1112 4396 1178 4449 de
1204 4395 1472 4450 adulterio
1499 4397 1806 4464 inculpata,
1849 4397 1899 4450 si
1917 4411 2036 4450 cum

418 4471 617 4521 marito
669 4467 821 4521 debet
883 4469 1024 4520 inire
1080 4472 1345 4520 certamen
1401 4469 1588 4534 legale,
1633 4482 1742 4521 sua:
1776 4470 2037 4536 potestati

417 4541 577 4608 prius
607 4539 760 4592 debet
788 4537 862 4591 ad
893 4543 1097 4607 tempus
1127 4541 1364 4592 restitui.

420 4627 573 4696 (Item
602 4626 884 4697 ejusdem.)
918 4628 1200 4681 Prmterea
1229 4626 1346 4680 sive
1397 4626 1466 4680 de
1513 4625 1769 4696 conjugii
1799 4625 2034 4693 foedere,

352 4716 469 4768 sive
518 4715 588 4769 de
640 4715 908 4769 adulterii
953 4715 1194 4769 crimine
1225 4714 1509 4785 judicium
1563 4714 1636 4767 sit
1679 4714 2036 4784 agitandum,

350 4803 511 4856 nulla
540 4803 683 4857 ratio
717 4804 930 4874 patitur
952 4803 1338 4873 Thietbirgam
1372 4818 1501 4856 cum
1560 4801 1824 4856 Lothario
1874 4819 2038 4874 posse

351 4891 498 4946 inire
530 4892 878 4961 conﬂictum,
927 4893 1015 4945 vel
1062 4891 1383 4961 legitimum
1445 4891 1841 4945 controversiae
1894 4891 2040 4945 inire

351 4986 660 5049 certamen,
693 4982 802 5035 nisi
833 4981 989 5050 prius
1025 4985 1095 5034 ad
1134 4987 1361 5049 tempus
1410 4979 1584 5033 fuerit
1613 4995 1727 5033 sum
1771 4979 2040 5050 potestati

353 5075 410 5124 et
445 5069 886 5141 consanguineis
913 5067 1163 5140 propriis
1193 5068 1365 5121 libere
1397 5068 1626 5122 sociata.
1685 5069 1840 5122 Inter
1898 5085 2040 5140 quos

353 5159 527 5214 etiam
567 5160 724 5213 locus
771 5157 1160 5229 providendus
1204 5162 1309 5221 est,
1361 5155 1421 5211 in
1475 5173 1588 5227 quo
1631 5158 1790 5210 nulla
1837 5155 1908 5210 sit
1957 5158 2040 5211 vis

350 5247 738 5303 multitudinis
769 5245 1151 5314 formidanda,
1201 5248 1257 5298 et
1306 5260 1422 5298 non
1475 5244 1548 5298 sit
1595 5244 1827 5298 difﬁcile
1866 5250 2040 5298 testes

349 5338 684 5408 producere,
715 5336 803 5390 vel
836 5340 1071 5389 caeteras
1115 5350 1406 5404 personas,
1456 5349 1585 5404 qua:
1631 5338 1745 5386 tam
1773 5349 1805 5387 a
1831 5334 2040 5388 sanctis

350 5427 684 5493 canonibus,
735 5442 909 5498 quam
958 5444 990 5480 a
1029 5423 1367 5478 venerandis
1411 5422 1682 5477 Romanis
1731 5423 1951 5493 legibus
1981 5424 2039 5477 in

352 5516 680 5586 hujusmodi
746 5513 1142 5570 controversiis
1193 5511 1583 5584 requiruntur.
1641 5512 1769 5565 Haec
1830 5510 2040 5566 idcirco

2145 4292 2268 4348 Car.
2301 4290 2404 4345 LV.
2435 4321 2504 4330 —
2537 4293 2608 4344 De
2636 4292 2856 4356 feminis
2898 4306 3033 4359 quae,
3066 4292 3242 4359 captis
3280 4293 3417 4344 viris
3449 4290 3534 4344 vel
3573 4292 3634 4343 in
3662 4293 3841 4360 capti-

2495 4364 2718 4415 vitatem
2745 4364 2946 4429 missis,
2983 4363 3109 4416 aliis
3147 4367 3464 4430 nupserunt.

2217 4451 2321 4519 (Ea:
2349 4451 2507 4518 epist.
2540 4451 2729 4504 Leonis
2768 4464 2948 4518 papae,
3000 4451 3177 4519 capite
3216 4449 3328 4520 42.)
3375 4449 3536 4513 Quod
3590 4448 3839 4503 debeant

2142 4540 2396 4605 feminae,
2431 4554 2578 4608 quae,
2613 4538 2791 4609 captis
2822 4538 2957 4592 viris
2998 4544 3056 4592 et
3093 4539 3152 4592 in
3191 4537 3578 4608 captivitatem
3627 4537 3834 4603 ductis,

2146 4627 2273 4681 aliis
2302 4626 2438 4680 viris
2482 4632 2816 4697 nupserant,
2868 4632 3135 4697 putantes
3171 4627 3547 4697 interemptos
3599 4625 3839 4680 maritos

2146 4713 2412 4769 remeatis
2451 4713 2521 4766 de
2561 4713 2884 4784 captivitate
2924 4713 3215 4784 prioribus
3263 4713 3398 4767 viris
3447 4712 3729 4784 copulari,
3777 4717 3844 4767 ut

2148 4804 2353 4873 cuique
2392 4800 2447 4855 id
2488 4801 2644 4872 quod
2687 4802 2942 4871 legitime
2983 4802 3186 4857 habuit
3224 4801 3595 4870 reformetur,
3644 4807 3701 4855 et
3751 4818 3845 4856 re-

2149 4892 2320 4962 cipiat
2352 4891 2743 4960 unusquisque
2773 4891 2925 4962 quod
2951 4907 3120 4944 suum
3148 4897 3253 4958 est,
3275 4897 3333 4945 et
3373 4891 3848 4961 redintegrentur

2150 4981 2363 5035 fmdera
2402 4982 2756 5050 nuptiarum.

2150 5085 2278 5141 CAP.
2312 5085 2444 5139 LVI.
2477 5115 2546 5126 —
2593 5086 2750 5152 Quod
2785 5101 2891 5140 non
2927 5086 3184 5154 probetur
3237 5100 3347 5141 esse
3397 5085 3710 5153 culpabilis,
3749 5086 3850 5153 qui

2220 5173 2442 5211 uxorem
2468 5160 2618 5226 capti
2643 5160 2701 5212 in
2736 5159 3080 5211 matrimonio
3109 5157 3325 5211 videtur
3349 5172 3461 5210 esse
3484 5159 3733 5210 sortitus.

2220 5247 2383 5312 (Item
2419 5246 2677 5315 ejusdem,
2745 5248 2920 5315 capite
2963 5245 3082 5314 43.)
3135 5246 3246 5299 Nec
3286 5251 3479 5298 tamen
3536 5244 3846 5314 culpabilis

2145 5334 2451 5406 judicetur,
2483 5340 2539 5389 et
2580 5341 2854 5405 tanquam
2895 5335 3068 5389 alieni
3090 5335 3240 5405 juris
3278 5349 3579 5405 perversor
3626 5334 3844 5390 habea~

2148 5429 2260 5487 tur,
2309 5424 2405 5494 qui
2454 5439 2756 5493 personam
2797 5425 2919 5494 ejus
2981 5423 3171 5478 mariti
3228 5424 3327 5494 qui
3373 5423 3494 5494 jam
3554 5439 3670 5478 non
3720 5442 3845 5479 esse

2149 5511 2598 5578 existimabatur,
2655 5511 2986 5582 assumpsit.
3033 5510 3092 5566 Si
3146 5511 3301 5566 enim
3360 5511 3543 5566 multa
3579 5528 3711 5583 qua:
3772 5513 3846 5567 ad
