  <div class='ocr_page' id='page_1' title='image "/cluster/home/n/w/nwhite01/storage/ocr_20150623/140/umn.31951002477433x/456.png"; bbox 0 0 3944 6300; ppageno 0'>
   <div class='ocr_carea' id='block_1_1' title="bbox 134 302 237 353">
    <p class='ocr_par' dir='ltr' id='par_1_1' title="bbox 134 302 237 353">
     <span class='ocr_line' id='line_1_1' title="bbox 134 302 237 353; baseline 0.019 -2"><span class='ocrx_word' id='word_1_1' title='bbox 134 302 237 353; x_wconf 77' lang='lat'><strong>825</strong></span> 
     </span>
    </p>
   </div>
   <div class='ocr_carea' id='block_1_2' title="bbox 1140 297 2630 355">
    <p class='ocr_par' dir='ltr' id='par_1_2' title="bbox 1140 297 2630 355">
     <span class='ocr_line' id='line_1_2' title="bbox 1140 297 2630 355; baseline 0 -3"><span class='ocrx_word' id='word_1_2' title='bbox 1140 297 1614 354; x_wconf 79' lang='lat' dir='ltr'><strong>DECRETORUM</strong></span> <span class='ocrx_word' id='word_1_3' title='bbox 1658 297 1843 353; x_wconf 81' lang='lat' dir='ltr'><strong>LIBRI</strong></span> <span class='ocrx_word' id='word_1_4' title='bbox 1879 299 1986 354; x_wconf 79' lang='lat' dir='ltr'><strong>XX.</strong></span> <span class='ocrx_word' id='word_1_5' title='bbox 2029 327 2097 337; x_wconf 93' lang='lat'><strong>-—</strong></span> <span class='ocrx_word' id='word_1_6' title='bbox 2138 299 2345 353; x_wconf 80' lang='lat' dir='ltr'><strong>LIBER</strong></span> <span class='ocrx_word' id='word_1_7' title='bbox 2385 297 2630 355; x_wconf 85' lang='lat' dir='ltr'><strong>NONUS.</strong></span> 
     </span>
    </p>
   </div>
   <div class='ocr_carea' id='block_1_3' title="bbox 3541 303 3644 355">
    <p class='ocr_par' dir='ltr' id='par_1_3' title="bbox 3541 303 3644 355">
     <span class='ocr_line' id='line_1_3' title="bbox 3541 303 3644 355; baseline 0 0"><span class='ocrx_word' id='word_1_8' title='bbox 3541 303 3644 355; x_wconf 66' lang='lat'><strong>8‘26</strong></span> 
     </span>
    </p>
   </div>
   <div class='ocr_carea' id='block_1_4' title="bbox 137 418 3644 494">
    <p class='ocr_par' dir='ltr' id='par_1_4' title="bbox 137 418 3644 494">
     <span class='ocr_line' id='line_1_4' title="bbox 137 418 3644 494; baseline 0.002 -20"><span class='ocrx_word' id='word_1_9' title='bbox 137 437 233 475; x_wconf 85' lang='lat' dir='ltr'><strong>eos</strong></span> <span class='ocrx_word' id='word_1_10' title='bbox 261 419 362 491; x_wconf 90' lang='lat' dir='ltr'><strong>qui</strong></span> <span class='ocrx_word' id='word_1_11' title='bbox 419 419 482 475; x_wconf 91' lang='lat' dir='ltr'><strong>in</strong></span> <span class='ocrx_word' id='word_1_12' title='bbox 530 419 915 491; x_wconf 79' lang='lat' dir='ltr'><strong>captivitatem</strong></span> <span class='ocrx_word' id='word_1_13' title='bbox 967 418 1123 474; x_wconf 91' lang='lat' dir='ltr'><strong>ducti</strong></span> <span class='ocrx_word' id='word_1_14' title='bbox 1169 425 1301 474; x_wconf 90' lang='lat' dir='ltr'><strong>sunt</strong></span> <span class='ocrx_word' id='word_1_15' title='bbox 1337 420 1722 490; x_wconf 79' lang='lat' dir='ltr'><strong>pertinebant,</strong></span> <span class='ocrx_word' id='word_1_16' title='bbox 1774 421 1834 474; x_wconf 89' lang='lat' dir='ltr'><strong>in</strong></span> <span class='ocrx_word' id='word_1_17' title='bbox 1865 424 1908 478; x_wconf 82' lang='grc' dir='ltr'><strong>Α</strong></span> <span class='ocrx_word' id='word_1_18' title='bbox 1947 422 2270 476; x_wconf 90' lang='lat' dir='ltr'><strong>adulterum</strong></span> <span class='ocrx_word' id='word_1_19' title='bbox 2304 422 2578 476; x_wconf 88' lang='lat' dir='ltr'><strong>maritum</strong></span> <span class='ocrx_word' id='word_1_20' title='bbox 2621 422 2920 494; x_wconf 83' lang='lat' dir='ltr'><strong>reliquerit</strong></span> <span class='ocrx_word' id='word_1_21' title='bbox 2947 424 3200 490; x_wconf 87' lang='lat' dir='ltr'><strong>ﬁdelem,</strong></span> <span class='ocrx_word' id='word_1_22' title='bbox 3228 431 3285 480; x_wconf 88' lang='lat' dir='ltr'><strong>et</strong></span> <span class='ocrx_word' id='word_1_23' title='bbox 3318 427 3644 481; x_wconf 87' lang='lat' dir='ltr'><strong>adulterum</strong></span> 
     </span>
    </p>
   </div>
   <div class='ocr_carea' id='block_1_5' title="bbox 134 509 1834 580">
    <p class='ocr_par' dir='ltr' id='par_1_5' title="bbox 134 509 1834 580">
     <span class='ocr_line' id='line_1_5' title="bbox 134 509 1834 580; baseline 0 -17"><span class='ocrx_word' id='word_1_24' title='bbox 134 509 228 580; x_wconf 85' lang='lat' dir='ltr'><strong>jus</strong></span> <span class='ocrx_word' id='word_1_25' title='bbox 257 509 512 563; x_wconf 84' lang='lat' dir='ltr'><strong>alienum</strong></span> <span class='ocrx_word' id='word_1_26' title='bbox 548 509 792 563; x_wconf 89' lang='lat' dir='ltr'><strong>transire</strong></span> <span class='ocrx_word' id='word_1_27' title='bbox 824 513 1158 579; x_wconf 90' lang='lat' dir='ltr'><strong>potuerunt,</strong></span> <span class='ocrx_word' id='word_1_28' title='bbox 1185 515 1378 562; x_wconf 88' lang='lat' dir='ltr'><strong>tamen</strong></span> <span class='ocrx_word' id='word_1_29' title='bbox 1409 509 1834 580; x_wconf 89' lang='lat' dir='ltr'><strong>plenumjusli-</strong></span> 
     </span>
    </p>
   </div>
   <div class='ocr_carea' id='block_1_6' title="bbox 139 597 1836 668">
    <p class='ocr_par' dir='ltr' id='par_1_6' title="bbox 139 597 1836 668">
     <span class='ocr_line' id='line_1_6' title="bbox 139 597 1836 668; baseline 0 -18"><span class='ocrx_word' id='word_1_30' title='bbox 139 597 232 652; x_wconf 65' lang='lat' dir='ltr'><strong>tim</strong></span> <span class='ocrx_word' id='word_1_31' title='bbox 291 603 378 652; x_wconf 92' lang='lat' dir='ltr'><strong>est</strong></span> <span class='ocrx_word' id='word_1_32' title='bbox 441 604 507 652; x_wconf 88' lang='lat' dir='ltr'><strong>ut</strong></span> <span class='ocrx_word' id='word_1_33' title='bbox 583 597 785 652; x_wconf 80' lang='lat' dir='ltr'><strong>iisdem</strong></span> <span class='ocrx_word' id='word_1_34' title='bbox 844 597 1084 651; x_wconf 84' lang='lat' dir='ltr'><strong>reversis</strong></span> <span class='ocrx_word' id='word_1_35' title='bbox 1140 599 1373 668; x_wconf 85' lang='lat' dir='ltr'><strong>propria</strong></span> <span class='ocrx_word' id='word_1_36' title='bbox 1435 599 1836 652; x_wconf 83' lang='lat' dir='ltr'><strong>reformentur.</strong></span> 
     </span>
    </p>
   </div>
   <div class='ocr_carea' id='block_1_7' title="bbox 138 685 1842 756">
    <p class='ocr_par' dir='ltr' id='par_1_7' title="bbox 138 685 1842 756">
     <span class='ocr_line' id='line_1_7' title="bbox 138 685 1842 756; baseline 0.001 -17"><span class='ocrx_word' id='word_1_37' title='bbox 138 687 300 750; x_wconf 83' lang='lat' dir='ltr'><strong>Quod</strong></span> <span class='ocrx_word' id='word_1_38' title='bbox 329 687 376 740; x_wconf 90' lang='lat' dir='ltr'><strong>si</strong></span> <span class='ocrx_word' id='word_1_39' title='bbox 415 685 475 739; x_wconf 90' lang='lat' dir='ltr'><strong>in</strong></span> <span class='ocrx_word' id='word_1_40' title='bbox 507 686 826 756; x_wconf 80' lang='lat' dir='ltr'><strong>mancipiis,</strong></span> <span class='ocrx_word' id='word_1_41' title='bbox 877 687 963 740; x_wconf 87' lang='lat' dir='ltr'><strong>vel</strong></span> <span class='ocrx_word' id='word_1_42' title='bbox 1000 686 1060 739; x_wconf 91' lang='lat' dir='ltr'><strong>iu</strong></span> <span class='ocrx_word' id='word_1_43' title='bbox 1107 686 1278 755; x_wconf 84' lang='lat' dir='ltr'><strong>agris,</strong></span> <span class='ocrx_word' id='word_1_44' title='bbox 1317 691 1414 740; x_wconf 90' lang='lat' dir='ltr'><strong>aut</strong></span> <span class='ocrx_word' id='word_1_45' title='bbox 1440 686 1608 740; x_wconf 90' lang='lat' dir='ltr'><strong>etiam</strong></span> <span class='ocrx_word' id='word_1_46' title='bbox 1642 690 1701 740; x_wconf 86' lang='lat' dir='ltr'><strong>in</strong></span> <span class='ocrx_word' id='word_1_47' title='bbox 1743 687 1842 740; x_wconf 91' lang='lat' dir='ltr'><strong>do-</strong></span> 
     </span>
    </p>
   </div>
   <div class='ocr_carea' id='block_1_8' title="bbox 137 774 1842 846">
    <p class='ocr_par' dir='ltr' id='par_1_8' title="bbox 137 774 1842 846">
     <span class='ocr_line' id='line_1_8' title="bbox 137 774 1842 846; baseline 0.001 -20"><span class='ocrx_word' id='word_1_48' title='bbox 137 774 326 828; x_wconf 89' lang='lat' dir='ltr'><strong>mibus</strong></span> <span class='ocrx_word' id='word_1_49' title='bbox 373 790 437 827; x_wconf 86' lang='lat' dir='ltr'><strong>ac</strong></span> <span class='ocrx_word' id='word_1_50' title='bbox 467 775 917 844; x_wconf 87' lang='lat' dir='ltr'><strong>possessionibus</strong></span> <span class='ocrx_word' id='word_1_51' title='bbox 948 774 1056 827; x_wconf 87' lang='lat' dir='ltr'><strong>rite</strong></span> <span class='ocrx_word' id='word_1_52' title='bbox 1099 780 1375 841; x_wconf 80' lang='lat' dir='ltr'><strong>servatur,</strong></span> <span class='ocrx_word' id='word_1_53' title='bbox 1403 781 1617 845; x_wconf 88' lang='lat' dir='ltr'><strong>quanto</strong></span> <span class='ocrx_word' id='word_1_54' title='bbox 1656 775 1842 846; x_wconf 89' lang='lat' dir='ltr'><strong>magis</strong></span> 
     </span>
    </p>
   </div>
   <div class='ocr_carea' id='block_1_9' title="bbox 139 861 1842 932">
    <p class='ocr_par' dir='ltr' id='par_1_9' title="bbox 139 861 1842 932">
     <span class='ocr_line' id='line_1_9' title="bbox 139 861 1842 932; baseline 0.002 -17"><span class='ocrx_word' id='word_1_55' title='bbox 139 861 200 916; x_wconf 91' lang='lat' dir='ltr'><strong>in</strong></span> <span class='ocrx_word' id='word_1_56' title='bbox 273 863 677 932; x_wconf 84' lang='lat' dir='ltr'><strong>conjugiorum</strong></span> <span class='ocrx_word' id='word_1_57' title='bbox 727 862 1213 932; x_wconf 83' lang='lat' dir='ltr'><strong>redintegratione</strong></span> <span class='ocrx_word' id='word_1_58' title='bbox 1257 862 1582 917; x_wconf 84' lang='lat' dir='ltr'><strong>faciendum</strong></span> <span class='ocrx_word' id='word_1_59' title='bbox 1634 863 1728 929; x_wconf 92' lang='lat' dir='ltr'><strong>sit,</strong></span> <span class='ocrx_word' id='word_1_60' title='bbox 1782 867 1842 918; x_wconf 90' lang='lat' dir='ltr'><strong>ut</strong></span> 
     </span>
    </p>
   </div>
   <div class='ocr_carea' id='block_1_10' title="bbox 138 951 1840 1023">
    <p class='ocr_par' dir='ltr' id='par_1_10' title="bbox 138 951 1840 1023">
     <span class='ocr_line' id='line_1_10' title="bbox 138 951 1840 1023; baseline 0.001 -19"><span class='ocrx_word' id='word_1_61' title='bbox 138 951 288 1022; x_wconf 90' lang='lat' dir='ltr'><strong>quod</strong></span> <span class='ocrx_word' id='word_1_62' title='bbox 321 951 526 1004; x_wconf 90' lang='lat' dir='ltr'><strong>bellica</strong></span> <span class='ocrx_word' id='word_1_63' title='bbox 555 951 890 1005; x_wconf 80' lang='lat' dir='ltr'><strong>necessitate</strong></span> <span class='ocrx_word' id='word_1_64' title='bbox 919 951 1212 1015; x_wconf 85' lang='lat' dir='ltr'><strong>turbatum</strong></span> <span class='ocrx_word' id='word_1_65' title='bbox 1239 957 1344 1016; x_wconf 90' lang='lat' dir='ltr'><strong>est,</strong></span> <span class='ocrx_word' id='word_1_66' title='bbox 1387 952 1544 1023; x_wconf 86' lang='lat' dir='ltr'><strong>pacis</strong></span> <span class='ocrx_word' id='word_1_67' title='bbox 1587 952 1840 1007; x_wconf 88' lang='lat' dir='ltr'><strong>remedio</strong></span> 
     </span>
    </p>
   </div>
   <div class='ocr_carea' id='block_1_11' title="bbox 137 1039 524 1094">
    <p class='ocr_par' dir='ltr' id='par_1_11' title="bbox 137 1039 524 1094">
     <span class='ocr_line' id='line_1_11' title="bbox 137 1039 524 1094; baseline 0 0"><span class='ocrx_word' id='word_1_68' title='bbox 137 1039 524 1094; x_wconf 84' lang='lat' dir='ltr'><strong>reformetur?</strong></span> 
     </span>
    </p>
   </div>
   <div class='ocr_carea' id='block_1_12' title="bbox 141 1128 1844 1198">
    <p class='ocr_par' dir='ltr' id='par_1_12' title="bbox 141 1128 1844 1198">
     <span class='ocr_line' id='line_1_12' title="bbox 141 1128 1844 1198; baseline 0 -16"><span class='ocrx_word' id='word_1_69' title='bbox 141 1128 269 1182; x_wconf 77' lang='lat' dir='ltr'><strong>CAP.</strong></span> <span class='ocrx_word' id='word_1_70' title='bbox 317 1128 473 1181; x_wconf 86' lang='lat' dir='ltr'><strong>LVII.</strong></span> <span class='ocrx_word' id='word_1_71' title='bbox 507 1157 576 1167; x_wconf 97' lang='lat'>—</span> <span class='ocrx_word' id='word_1_72' title='bbox 609 1129 675 1182; x_wconf 93' lang='lat' dir='ltr'><strong>Ut</strong></span> <span class='ocrx_word' id='word_1_73' title='bbox 705 1130 755 1182; x_wconf 92' lang='lat' dir='ltr'><strong>si</strong></span> <span class='ocrx_word' id='word_1_74' title='bbox 783 1129 1029 1184; x_wconf 75' lang='lat' dir='ltr'><strong>mulieres</strong></span> <span class='ocrx_word' id='word_1_75' title='bbox 1073 1129 1148 1183; x_wconf 90' lang='lat' dir='ltr'><strong>ad</strong></span> <span class='ocrx_word' id='word_1_76' title='bbox 1178 1131 1384 1198; x_wconf 90' lang='lat' dir='ltr'><strong>priores</strong></span> <span class='ocrx_word' id='word_1_77' title='bbox 1415 1132 1640 1184; x_wconf 88' lang='lat' dir='ltr'><strong>maritos</strong></span> <span class='ocrx_word' id='word_1_78' title='bbox 1664 1129 1844 1183; x_wconf 76' lang='lat' dir='ltr'><strong>redire</strong></span> 
     </span>
    </p>
   </div>
   <div class='ocr_carea' id='block_1_13' title="bbox 210 1199 1846 1270">
    <p class='ocr_par' dir='ltr' id='par_1_13' title="bbox 210 1199 1846 1270">
     <span class='ocr_line' id='line_1_13' title="bbox 210 1199 1846 1270; baseline 0.003 -20"><span class='ocrx_word' id='word_1_79' title='bbox 210 1199 516 1270; x_wconf 76' lang='lat' dir='ltr'><strong>noluerint,</strong></span> <span class='ocrx_word' id='word_1_80' title='bbox 582 1201 727 1252; x_wconf 82' lang='lat' dir='ltr'><strong>velut</strong></span> <span class='ocrx_word' id='word_1_81' title='bbox 793 1201 975 1270; x_wconf 63' lang='lat' dir='ltr'><strong>impia</strong></span> <span class='ocrx_word' id='word_1_82' title='bbox 1048 1201 1408 1255; x_wconf 84' lang='lat' dir='ltr'><strong>ecclesiastica</strong></span> <span class='ocrx_word' id='word_1_83' title='bbox 1482 1203 1846 1255; x_wconf 82' lang='lat' dir='ltr'><strong>communione</strong></span> 
     </span>
    </p>
   </div>
   <div class='ocr_carea' id='block_1_14' title="bbox 211 1269 664 1336">
    <p class='ocr_par' dir='ltr' id='par_1_14' title="bbox 211 1269 664 1336">
     <span class='ocr_line' id='line_1_14' title="bbox 211 1269 664 1336; baseline 0.007 -18"><span class='ocrx_word' id='word_1_84' title='bbox 211 1269 504 1336; x_wconf 66' lang='lat' dir='ltr'><strong>privaudz</strong></span> <span class='ocrx_word' id='word_1_85' title='bbox 533 1271 664 1322; x_wconf 89' lang='lat' dir='ltr'><strong>sint.</strong></span> 
     </span>
    </p>
   </div>
   <div class='ocr_carea' id='block_1_15' title="bbox 214 1357 1844 1428">
    <p class='ocr_par' dir='ltr' id='par_1_15' title="bbox 214 1357 1844 1428">
     <span class='ocr_line' id='line_1_15' title="bbox 214 1357 1844 1428; baseline 0.001 -18"><span class='ocrx_word' id='word_1_86' title='bbox 214 1357 366 1426; x_wconf 84' lang='lat' dir='ltr'><strong>(Item</strong></span> <span class='ocrx_word' id='word_1_87' title='bbox 416 1358 676 1426; x_wconf 76' lang='lat' dir='ltr'><strong>ejusdem,</strong></span> <span class='ocrx_word' id='word_1_88' title='bbox 730 1373 849 1425; x_wconf 85' lang='lat' dir='ltr'><strong>cap.</strong></span> <span class='ocrx_word' id='word_1_89' title='bbox 887 1359 998 1424; x_wconf 73' lang='grc'><strong>45)</strong></span> <span class='ocrx_word' id='word_1_90' title='bbox 1042 1357 1098 1412; x_wconf 90' lang='lat' dir='ltr'><strong>Si</strong></span> <span class='ocrx_word' id='word_1_91' title='bbox 1131 1361 1318 1412; x_wconf 88' lang='lat' dir='ltr'><strong>autem</strong></span> <span class='ocrx_word' id='word_1_92' title='bbox 1347 1358 1554 1428; x_wconf 73' lang='lat' dir='ltr'><strong>aliqum</strong></span> <span class='ocrx_word' id='word_1_93' title='bbox 1577 1358 1844 1413; x_wconf 89' lang='lat' dir='ltr'><strong>mulieres</strong></span> 
     </span>
    </p>
   </div>
   <div class='ocr_carea' id='block_1_16' title="bbox 144 1443 1846 1517">
    <p class='ocr_par' dir='ltr' id='par_1_16' title="bbox 144 1443 1846 1517">
     <span class='ocr_line' id='line_1_16' title="bbox 144 1443 1846 1517; baseline 0.002 -19"><span class='ocrx_word' id='word_1_94' title='bbox 144 1443 224 1498; x_wconf 90' lang='lat' dir='ltr'><strong>ita</strong></span> <span class='ocrx_word' id='word_1_95' title='bbox 273 1447 657 1514; x_wconf 77' lang='lat' dir='ltr'><strong>posteriorum</strong></span> <span class='ocrx_word' id='word_1_96' title='bbox 703 1446 953 1499; x_wconf 89' lang='lat' dir='ltr'><strong>virorum</strong></span> <span class='ocrx_word' id='word_1_97' title='bbox 995 1462 1188 1501; x_wconf 85' lang='lat' dir='ltr'><strong>amore</strong></span> <span class='ocrx_word' id='word_1_98' title='bbox 1218 1451 1349 1500; x_wconf 89' lang='lat' dir='ltr'><strong>sunt</strong></span> <span class='ocrx_word' id='word_1_99' title='bbox 1397 1455 1594 1517; x_wconf 76' lang='lat' dir='ltr'><strong>captae,</strong></span> <span class='ocrx_word' id='word_1_100' title='bbox 1641 1452 1705 1501; x_wconf 92' lang='lat' dir='ltr'><strong>ut</strong></span> <span class='ocrx_word' id='word_1_101' title='bbox 1733 1464 1846 1501; x_wconf 90' lang='lat' dir='ltr'><strong>ma-</strong></span> 
     </span>
    </p>
   </div>
   <div class='ocr_carea' id='block_1_17' title="bbox 145 1533 1847 1604">
    <p class='ocr_par' dir='ltr' id='par_1_17' title="bbox 145 1533 1847 1604">
     <span class='ocr_line' id='line_1_17' title="bbox 145 1533 1847 1604; baseline 0.001 -18"><span class='ocrx_word' id='word_1_102' title='bbox 145 1534 253 1586; x_wconf 88' lang='lat' dir='ltr'><strong>lint</strong></span> <span class='ocrx_word' id='word_1_103' title='bbox 283 1533 370 1586; x_wconf 92' lang='lat' dir='ltr'><strong>his</strong></span> <span class='ocrx_word' id='word_1_104' title='bbox 395 1535 682 1586; x_wconf 63' lang='lat' dir='ltr'><strong>cohaerere</strong></span> <span class='ocrx_word' id='word_1_105' title='bbox 715 1550 886 1604; x_wconf 91' lang='lat' dir='ltr'><strong>quam</strong></span> <span class='ocrx_word' id='word_1_106' title='bbox 920 1534 989 1587; x_wconf 88' lang='lat' dir='ltr'><strong>ad</strong></span> <span class='ocrx_word' id='word_1_107' title='bbox 1038 1535 1360 1604; x_wconf 87' lang='lat' dir='ltr'><strong>legitimum</strong></span> <span class='ocrx_word' id='word_1_108' title='bbox 1394 1535 1579 1589; x_wconf 88' lang='lat' dir='ltr'><strong>redire</strong></span> <span class='ocrx_word' id='word_1_109' title='bbox 1610 1552 1847 1588; x_wconf 89' lang='lat' dir='ltr'><strong>consor—</strong></span> 
     </span>
    </p>
   </div>
   <div class='ocr_carea' id='block_1_18' title="bbox 147 1621 1848 1691">
    <p class='ocr_par' dir='ltr' id='par_1_18' title="bbox 147 1621 1848 1691">
     <span class='ocr_line' id='line_1_18' title="bbox 147 1621 1848 1691; baseline 0.002 -18"><span class='ocrx_word' id='word_1_110' title='bbox 147 1621 312 1686; x_wconf 89' lang='lat' dir='ltr'><strong>tium,</strong></span> <span class='ocrx_word' id='word_1_111' title='bbox 348 1621 555 1675; x_wconf 88' lang='lat' dir='ltr'><strong>merito</strong></span> <span class='ocrx_word' id='word_1_112' title='bbox 585 1628 718 1675; x_wconf 91' lang='lat' dir='ltr'><strong>sunt</strong></span> <span class='ocrx_word' id='word_1_113' title='bbox 745 1623 1036 1691; x_wconf 75' lang='lat' dir='ltr'><strong>notandze,</strong></span> <span class='ocrx_word' id='word_1_114' title='bbox 1065 1623 1144 1676; x_wconf 89' lang='lat' dir='ltr'><strong>ita</strong></span> <span class='ocrx_word' id='word_1_115' title='bbox 1175 1630 1238 1678; x_wconf 89' lang='lat' dir='ltr'><strong>ut</strong></span> <span class='ocrx_word' id='word_1_116' title='bbox 1271 1623 1647 1677; x_wconf 88' lang='lat' dir='ltr'><strong>ecclesiastica</strong></span> <span class='ocrx_word' id='word_1_117' title='bbox 1687 1639 1848 1676; x_wconf 88' lang='lat' dir='ltr'><strong>com-</strong></span> 
     </span>
    </p>
   </div>
   <div class='ocr_carea' id='block_1_19' title="bbox 146 1707 1921 1780">
    <p class='ocr_par' dir='ltr' id='par_1_19' title="bbox 146 1707 1921 1780">
     <span class='ocr_line' id='line_1_19' title="bbox 146 1707 1921 1780; baseline 0.002 -19"><span class='ocrx_word' id='word_1_118' title='bbox 146 1707 422 1762; x_wconf 87' lang='lat' dir='ltr'><strong>munione</strong></span> <span class='ocrx_word' id='word_1_119' title='bbox 451 1709 784 1778; x_wconf 89' lang='lat' dir='ltr'><strong>priventur:</strong></span> <span class='ocrx_word' id='word_1_120' title='bbox 837 1727 964 1780; x_wconf 75' lang='lat' dir='ltr'><strong>quas</strong></span> <span class='ocrx_word' id='word_1_121' title='bbox 1015 1710 1084 1764; x_wconf 92' lang='lat' dir='ltr'><strong>de</strong></span> <span class='ocrx_word' id='word_1_122' title='bbox 1122 1727 1184 1765; x_wconf 92' lang='lat' dir='ltr'><strong>re</strong></span> <span class='ocrx_word' id='word_1_123' title='bbox 1221 1711 1527 1765; x_wconf 89' lang='lat' dir='ltr'><strong>excusabili</strong></span> <span class='ocrx_word' id='word_1_124' title='bbox 1571 1709 1848 1764; x_wconf 89' lang='lat' dir='ltr'><strong>contami-</strong></span> <span class='ocrx_word' id='word_1_125' title='bbox 1882 1712 1921 1765; x_wconf 89' lang='grc' dir='ltr'><strong>Β</strong></span> 
     </span>
    </p>
   </div>
   <div class='ocr_carea' id='block_1_20' title="bbox 147 1795 1852 1866">
    <p class='ocr_par' dir='ltr' id='par_1_20' title="bbox 147 1795 1852 1866">
     <span class='ocr_line' id='line_1_20' title="bbox 147 1795 1852 1866; baseline 0.002 -19"><span class='ocrx_word' id='word_1_126' title='bbox 147 1795 440 1848; x_wconf 87' lang='lat' dir='ltr'><strong>nationem</strong></span> <span class='ocrx_word' id='word_1_127' title='bbox 497 1795 752 1850; x_wconf 89' lang='lat' dir='ltr'><strong>criminis</strong></span> <span class='ocrx_word' id='word_1_128' title='bbox 813 1797 1127 1866; x_wconf 89' lang='lat' dir='ltr'><strong>elegerunt,</strong></span> <span class='ocrx_word' id='word_1_129' title='bbox 1202 1799 1564 1852; x_wconf 89' lang='lat' dir='ltr'><strong>ostendentes</strong></span> <span class='ocrx_word' id='word_1_130' title='bbox 1622 1797 1852 1851; x_wconf 85' lang='lat' dir='ltr'><strong>sibimet</strong></span> 
     </span>
    </p>
   </div>
   <div class='ocr_carea' id='block_1_21' title="bbox 146 1883 1848 1957">
    <p class='ocr_par' dir='ltr' id='par_1_21' title="bbox 146 1883 1848 1957">
     <span class='ocr_line' id='line_1_21' title="bbox 146 1883 1848 1957; baseline 0.002 -22"><span class='ocrx_word' id='word_1_131' title='bbox 146 1899 252 1952; x_wconf 84' lang='lat' dir='ltr'><strong>pro</strong></span> <span class='ocrx_word' id='word_1_132' title='bbox 279 1900 382 1936; x_wconf 89' lang='lat' dir='ltr'><strong>sua</strong></span> <span class='ocrx_word' id='word_1_133' title='bbox 406 1883 821 1938; x_wconf 86' lang='lat' dir='ltr'><strong>incontinentia</strong></span> <span class='ocrx_word' id='word_1_134' title='bbox 869 1886 1166 1954; x_wconf 84' lang='lat' dir='ltr'><strong>placuisse,</strong></span> <span class='ocrx_word' id='word_1_135' title='bbox 1210 1887 1360 1957; x_wconf 91' lang='lat' dir='ltr'><strong>quod</strong></span> <span class='ocrx_word' id='word_1_136' title='bbox 1388 1887 1544 1956; x_wconf 85' lang='lat' dir='ltr'><strong>justa</strong></span> <span class='ocrx_word' id='word_1_137' title='bbox 1587 1886 1848 1939; x_wconf 85' lang='lat' dir='ltr'><strong>remissio</strong></span> 
     </span>
    </p>
   </div>
   <div class='ocr_carea' id='block_1_22' title="bbox 148 1972 1848 2044">
    <p class='ocr_par' dir='ltr' id='par_1_22' title="bbox 148 1972 1848 2044">
     <span class='ocr_line' id='line_1_22' title="bbox 148 1972 1848 2044; baseline 0.002 -21"><span class='ocrx_word' id='word_1_138' title='bbox 148 1975 372 2042; x_wconf 88' lang='lat' dir='ltr'><strong>poterat</strong></span> <span class='ocrx_word' id='word_1_139' title='bbox 402 1972 649 2042; x_wconf 85' lang='lat' dir='ltr'><strong>expiare.</strong></span> <span class='ocrx_word' id='word_1_140' title='bbox 690 1973 943 2027; x_wconf 84' lang='lat' dir='ltr'><strong>Redeant</strong></span> <span class='ocrx_word' id='word_1_141' title='bbox 982 1989 1116 2044; x_wconf 90' lang='lat' dir='ltr'><strong>ergo</strong></span> <span class='ocrx_word' id='word_1_142' title='bbox 1173 1974 1233 2027; x_wconf 92' lang='lat' dir='ltr'><strong>in</strong></span> <span class='ocrx_word' id='word_1_143' title='bbox 1287 1990 1453 2028; x_wconf 88' lang='lat' dir='ltr'><strong>suum</strong></span> <span class='ocrx_word' id='word_1_144' title='bbox 1511 1979 1720 2028; x_wconf 88' lang='lat' dir='ltr'><strong>statum</strong></span> <span class='ocrx_word' id='word_1_145' title='bbox 1756 1990 1848 2027; x_wconf 81' lang='lat' dir='ltr'><strong>vo-</strong></span> 
     </span>
    </p>
   </div>
   <div class='ocr_carea' id='block_1_23' title="bbox 149 2060 1850 2134">
    <p class='ocr_par' dir='ltr' id='par_1_23' title="bbox 149 2060 1850 2134">
     <span class='ocr_line' id='line_1_23' title="bbox 149 2060 1850 2134; baseline 0.001 -20"><span class='ocrx_word' id='word_1_146' title='bbox 149 2060 402 2114; x_wconf 85' lang='lat' dir='ltr'><strong>luntaria</strong></span> <span class='ocrx_word' id='word_1_147' title='bbox 430 2061 914 2132; x_wconf 85' lang='lat' dir='ltr'><strong>redintegratione</strong></span> <span class='ocrx_word' id='word_1_148' title='bbox 957 2062 1239 2132; x_wconf 75' lang='lat' dir='ltr'><strong>conjugis,</strong></span> <span class='ocrx_word' id='word_1_149' title='bbox 1294 2079 1479 2134; x_wconf 89' lang='lat' dir='ltr'><strong>neque</strong></span> <span class='ocrx_word' id='word_1_150' title='bbox 1523 2063 1642 2116; x_wconf 89' lang='lat' dir='ltr'><strong>ullo</strong></span> <span class='ocrx_word' id='word_1_151' title='bbox 1678 2063 1850 2116; x_wconf 90' lang='lat' dir='ltr'><strong>modo</strong></span> 
     </span>
    </p>
   </div>
   <div class='ocr_carea' id='block_1_24' title="bbox 151 2147 1850 2220">
    <p class='ocr_par' dir='ltr' id='par_1_24' title="bbox 151 2147 1850 2220">
     <span class='ocr_line' id='line_1_24' title="bbox 151 2147 1850 2220; baseline 0.002 -20"><span class='ocrx_word' id='word_1_152' title='bbox 151 2147 222 2200; x_wconf 90' lang='lat' dir='ltr'><strong>ad</strong></span> <span class='ocrx_word' id='word_1_153' title='bbox 305 2148 680 2217; x_wconf 85' lang='lat' dir='ltr'><strong>opprobrium</strong></span> <span class='ocrx_word' id='word_1_154' title='bbox 763 2151 929 2203; x_wconf 68' lang='lat' dir='ltr'><strong>mala:</strong></span> <span class='ocrx_word' id='word_1_155' title='bbox 985 2149 1295 2203; x_wconf 86' lang='lat' dir='ltr'><strong>voluntatis</strong></span> <span class='ocrx_word' id='word_1_156' title='bbox 1366 2150 1624 2203; x_wconf 90' lang='lat' dir='ltr'><strong>trahatur</strong></span> <span class='ocrx_word' id='word_1_157' title='bbox 1697 2149 1850 2220; x_wconf 90' lang='lat' dir='ltr'><strong>quod</strong></span> 
     </span>
    </p>
   </div>
   <div class='ocr_carea' id='block_1_25' title="bbox 151 2235 1850 2308">
    <p class='ocr_par' dir='ltr' id='par_1_25' title="bbox 151 2235 1850 2308">
     <span class='ocr_line' id='line_1_25' title="bbox 151 2235 1850 2308; baseline 0.002 -19"><span class='ocrx_word' id='word_1_158' title='bbox 151 2235 403 2290; x_wconf 91' lang='lat' dir='ltr'><strong>conditio</strong></span> <span class='ocrx_word' id='word_1_159' title='bbox 452 2237 805 2290; x_wconf 86' lang='lat' dir='ltr'><strong>necessitatis</strong></span> <span class='ocrx_word' id='word_1_160' title='bbox 855 2237 1134 2291; x_wconf 83' lang='lat' dir='ltr'><strong>extorsit:</strong></span> <span class='ocrx_word' id='word_1_161' title='bbox 1188 2237 1321 2308; x_wconf 88' lang='lat' dir='ltr'><strong>quia</strong></span> <span class='ocrx_word' id='word_1_162' title='bbox 1375 2238 1520 2292; x_wconf 91' lang='lat' dir='ltr'><strong>sicut</strong></span> <span class='ocrx_word' id='word_1_163' title='bbox 1575 2239 1664 2292; x_wconf 69' lang='lat' dir='ltr'><strong>has</strong></span> <span class='ocrx_word' id='word_1_164' title='bbox 1723 2255 1850 2291; x_wconf 90' lang='lat' dir='ltr'><strong>mu-</strong></span> 
     </span>
    </p>
   </div>
   <div class='ocr_carea' id='block_1_26' title="bbox 152 2323 1852 2397">
    <p class='ocr_par' dir='ltr' id='par_1_26' title="bbox 152 2323 1852 2397">
     <span class='ocr_line' id='line_1_26' title="bbox 152 2323 1852 2397; baseline 0.002 -20"><span class='ocrx_word' id='word_1_165' title='bbox 152 2323 320 2377; x_wconf 90' lang='lat' dir='ltr'><strong>lieres</strong></span> <span class='ocrx_word' id='word_1_166' title='bbox 355 2341 481 2394; x_wconf 74' lang='lat' dir='ltr'><strong>quae</strong></span> <span class='ocrx_word' id='word_1_167' title='bbox 521 2325 725 2380; x_wconf 89' lang='lat' dir='ltr'><strong>reverti</strong></span> <span class='ocrx_word' id='word_1_168' title='bbox 778 2326 847 2379; x_wconf 90' lang='lat' dir='ltr'><strong>ad</strong></span> <span class='ocrx_word' id='word_1_169' title='bbox 905 2327 1053 2379; x_wconf 85' lang='lat' dir='ltr'><strong>viros</strong></span> <span class='ocrx_word' id='word_1_170' title='bbox 1106 2343 1240 2379; x_wconf 91' lang='lat' dir='ltr'><strong>suos</strong></span> <span class='ocrx_word' id='word_1_171' title='bbox 1297 2326 1602 2392; x_wconf 92' lang='lat' dir='ltr'><strong>noluerint,</strong></span> <span class='ocrx_word' id='word_1_172' title='bbox 1659 2327 1852 2397; x_wconf 64' lang='lat' dir='ltr'><strong>impiae</strong></span> 
     </span>
    </p>
   </div>
   <div class='ocr_carea' id='block_1_27' title="bbox 154 2412 1854 2481">
    <p class='ocr_par' dir='ltr' id='par_1_27' title="bbox 154 2412 1854 2481">
     <span class='ocr_line' id='line_1_27' title="bbox 154 2412 1854 2481; baseline 0.002 -16"><span class='ocrx_word' id='word_1_173' title='bbox 154 2417 290 2466; x_wconf 88' lang='lat' dir='ltr'><strong>sunt</strong></span> <span class='ocrx_word' id='word_1_174' title='bbox 345 2412 643 2481; x_wconf 65' lang='lat' dir='ltr'><strong>habendae,</strong></span> <span class='ocrx_word' id='word_1_175' title='bbox 720 2413 799 2466; x_wconf 88' lang='lat' dir='ltr'><strong>ita</strong></span> <span class='ocrx_word' id='word_1_176' title='bbox 839 2413 950 2468; x_wconf 65' lang='lat' dir='ltr'><strong>illae</strong></span> <span class='ocrx_word' id='word_1_177' title='bbox 1003 2414 1061 2466; x_wconf 92' lang='lat' dir='ltr'><strong>in</strong></span> <span class='ocrx_word' id='word_1_178' title='bbox 1123 2414 1388 2467; x_wconf 74' lang='lat' dir='ltr'><strong>affectum</strong></span> <span class='ocrx_word' id='word_1_179' title='bbox 1443 2431 1511 2468; x_wconf 83' lang='lat' dir='ltr'><strong>ex</strong></span> <span class='ocrx_word' id='word_1_180' title='bbox 1567 2415 1683 2468; x_wconf 90' lang='lat' dir='ltr'><strong>Deo</strong></span> <span class='ocrx_word' id='word_1_181' title='bbox 1739 2414 1854 2468; x_wconf 90' lang='lat' dir='ltr'><strong>ini-</strong></span> 
     </span>
    </p>
   </div>
   <div class='ocr_carea' id='block_1_28' title="bbox 153 2501 1303 2556">
    <p class='ocr_par' dir='ltr' id='par_1_28' title="bbox 153 2501 1303 2556">
     <span class='ocr_line' id='line_1_28' title="bbox 153 2501 1303 2556; baseline 0.002 -2"><span class='ocrx_word' id='word_1_182' title='bbox 153 2507 280 2554; x_wconf 88' lang='lat' dir='ltr'><strong>tum</strong></span> <span class='ocrx_word' id='word_1_183' title='bbox 312 2501 555 2555; x_wconf 91' lang='lat' dir='ltr'><strong>redeunt</strong></span> <span class='ocrx_word' id='word_1_184' title='bbox 583 2502 788 2556; x_wconf 89' lang='lat' dir='ltr'><strong>merito</strong></span> <span class='ocrx_word' id='word_1_185' title='bbox 821 2508 954 2556; x_wconf 92' lang='lat' dir='ltr'><strong>sunt</strong></span> <span class='ocrx_word' id='word_1_186' title='bbox 984 2501 1303 2556; x_wconf 72' lang='lat' dir='ltr'><strong>laudandae.</strong></span> 
     </span>
    </p>
   </div>
   <div class='ocr_carea' id='block_1_29' title="bbox 158 2590 1853 2660">
    <p class='ocr_par' dir='ltr' id='par_1_29' title="bbox 158 2590 1853 2660">
     <span class='ocr_line' id='line_1_29' title="bbox 158 2590 1853 2660; baseline -0.001 -15"><span class='ocrx_word' id='word_1_187' title='bbox 158 2590 287 2645; x_wconf 75' lang='lat' dir='ltr'><strong>CAP.</strong></span> <span class='ocrx_word' id='word_1_188' title='bbox 326 2590 508 2644; x_wconf 86' lang='lat' dir='ltr'><strong>LVIII.</strong></span> <span class='ocrx_word' id='word_1_189' title='bbox 539 2619 611 2631; x_wconf 94' lang='lat'>—</span> <span class='ocrx_word' id='word_1_190' title='bbox 643 2593 709 2645; x_wconf 90' lang='lat' dir='ltr'><strong>Ut</strong></span> <span class='ocrx_word' id='word_1_191' title='bbox 737 2593 786 2644; x_wconf 91' lang='lat' dir='ltr'><strong>si</strong></span> <span class='ocrx_word' id='word_1_192' title='bbox 810 2592 921 2644; x_wconf 83' lang='lat' dir='ltr'><strong>viri</strong></span> <span class='ocrx_word' id='word_1_193' title='bbox 959 2591 1023 2644; x_wconf 87' lang='lat' dir='ltr'><strong>de</strong></span> <span class='ocrx_word' id='word_1_194' title='bbox 1045 2593 1360 2659; x_wconf 79' lang='lat' dir='ltr'><strong>captivitate</strong></span> <span class='ocrx_word' id='word_1_195' title='bbox 1385 2593 1618 2660; x_wconf 81' lang='lat' dir='ltr'><strong>regressi</strong></span> <span class='ocrx_word' id='word_1_196' title='bbox 1653 2593 1853 2644; x_wconf 89' lang='lat' dir='ltr'><strong>intem-</strong></span> 
     </span>
    </p>
   </div>
   <div class='ocr_carea' id='block_1_30' title="bbox 229 2661 1854 2729">
    <p class='ocr_par' dir='ltr' id='par_1_30' title="bbox 229 2661 1854 2729">
     <span class='ocr_line' id='line_1_30' title="bbox 229 2661 1854 2729; baseline 0.001 -17"><span class='ocrx_word' id='word_1_197' title='bbox 229 2663 488 2729; x_wconf 83' lang='lat' dir='ltr'><strong>perantia</strong></span> <span class='ocrx_word' id='word_1_198' title='bbox 517 2676 749 2715; x_wconf 74' lang='lat' dir='ltr'><strong>umorum</strong></span> <span class='ocrx_word' id='word_1_199' title='bbox 805 2661 997 2729; x_wconf 78' lang='lat' dir='ltr'><strong>offensi</strong></span> <span class='ocrx_word' id='word_1_200' title='bbox 1047 2677 1152 2715; x_wconf 87' lang='lat' dir='ltr'><strong>non</strong></span> <span class='ocrx_word' id='word_1_201' title='bbox 1197 2664 1427 2728; x_wconf 82' lang='lat' dir='ltr'><strong>fuerint,</strong></span> <span class='ocrx_word' id='word_1_202' title='bbox 1460 2668 1510 2715; x_wconf 88' lang='lat' dir='ltr'><strong>et</strong></span> <span class='ocrx_word' id='word_1_203' title='bbox 1559 2663 1854 2716; x_wconf 80' lang='lat' dir='ltr'><strong>voluerient</strong></span> 
     </span>
    </p>
   </div>
   <div class='ocr_carea' id='block_1_31' title="bbox 233 2733 1854 2855">
    <p class='ocr_par' dir='ltr' id='par_1_31' title="bbox 233 2733 1854 2855">
     <span class='ocr_line' id='line_1_31' title="bbox 233 2733 1854 2855; baseline 0.001 -72"><span class='ocrx_word' id='word_1_204' title='bbox 233 2747 326 2855; x_wconf 51' lang='lat' dir='ltr'><strong>ints</strong></span> <span class='ocrx_word' id='word_1_205' title='bbox 374 2734 434 2785; x_wconf 90' lang='lat' dir='ltr'><strong>in</strong></span> <span class='ocrx_word' id='word_1_206' title='bbox 503 2734 752 2801; x_wconf 85' lang='lat' dir='ltr'><strong>conjugio</strong></span> <span class='ocrx_word' id='word_1_207' title='bbox 807 2735 1061 2802; x_wconf 80' lang='lat' dir='ltr'><strong>recipere,</strong></span> <span class='ocrx_word' id='word_1_208' title='bbox 1122 2733 1346 2786; x_wconf 78' lang='lat' dir='ltr'><strong>liberam</strong></span> <span class='ocrx_word' id='word_1_209' title='bbox 1403 2734 1635 2787; x_wconf 84' lang='lat' dir='ltr'><strong>habeant</strong></span> <span class='ocrx_word' id='word_1_210' title='bbox 1680 2734 1854 2799; x_wconf 83' lang='lat' dir='ltr'><strong>facul-</strong></span> 
     </span>
     <span class='ocr_line' id='line_1_32' title="bbox 257 2817 417 2855; baseline 0.006 -1"><span class='ocrx_word' id='word_1_211' title='bbox 257 2819 290 2854; x_wconf 90' lang='lat' dir='ltr'><strong>a</strong></span> <span class='ocrx_word' id='word_1_212' title='bbox 317 2817 417 2855; x_wconf 89' lang='lat' dir='ltr'><strong>em.</strong></span> 
     </span>
    </p>
   </div>
   <div class='ocr_carea' id='block_1_32' title="bbox 257 2817 417 2856">
    <p class='ocr_par' dir='ltr' id='par_1_32' title="bbox 257 2817 417 2856">
     <span class='ocr_line' id='line_1_33' title="bbox 257 2817 417 2856; baseline 0.006 -2"><span class='ocrx_word' id='word_1_213' title='bbox 257 2817 417 2856; x_wconf 81' lang='lat' dir='ltr'><strong>atem.</strong></span> 
     </span>
    </p>
   </div>
   <div class='ocr_carea' id='block_1_33' title="bbox 233 2889 1852 2961">
    <p class='ocr_par' dir='ltr' id='par_1_33' title="bbox 233 2889 1852 2961">
     <span class='ocr_line' id='line_1_34' title="bbox 233 2889 1852 2961; baseline -0.001 -17"><span class='ocrx_word' id='word_1_214' title='bbox 233 2889 390 2958; x_wconf 89' lang='lat' dir='ltr'><strong>(Item</strong></span> <span class='ocrx_word' id='word_1_215' title='bbox 429 2890 682 2960; x_wconf 86' lang='lat' dir='ltr'><strong>ejusdem,</strong></span> <span class='ocrx_word' id='word_1_216' title='bbox 712 2893 887 2961; x_wconf 87' lang='lat' dir='ltr'><strong>capite</strong></span> <span class='ocrx_word' id='word_1_217' title='bbox 911 2891 1021 2955; x_wconf 73' lang='grc'><strong>44.)</strong></span> <span class='ocrx_word' id='word_1_218' title='bbox 1056 2891 1119 2944; x_wconf 88' lang='lat' dir='ltr'><strong>Et</strong></span> <span class='ocrx_word' id='word_1_219' title='bbox 1148 2890 1278 2945; x_wconf 86' lang='lat' dir='ltr'><strong>ideo</strong></span> <span class='ocrx_word' id='word_1_220' title='bbox 1317 2890 1364 2944; x_wconf 91' lang='lat' dir='ltr'><strong>si</strong></span> <span class='ocrx_word' id='word_1_221' title='bbox 1409 2890 1514 2944; x_wconf 90' lang='lat' dir='ltr'><strong>viri</strong></span> <span class='ocrx_word' id='word_1_222' title='bbox 1558 2895 1686 2961; x_wconf 87' lang='lat' dir='ltr'><strong>post</strong></span> <span class='ocrx_word' id='word_1_223' title='bbox 1729 2891 1852 2945; x_wconf 92' lang='lat' dir='ltr'><strong>lon-</strong></span> 
     </span>
    </p>
   </div>
   <div class='ocr_carea' id='block_1_34' title="bbox 161 2979 1929 3050">
    <p class='ocr_par' dir='ltr' id='par_1_34' title="bbox 161 2979 1929 3050">
     <span class='ocr_line' id='line_1_35' title="bbox 161 2979 1929 3050; baseline 0.001 -18"><span class='ocrx_word' id='word_1_224' title='bbox 161 2995 294 3050; x_wconf 86' lang='lat' dir='ltr'><strong>gam</strong></span> <span class='ocrx_word' id='word_1_225' title='bbox 321 2979 706 3048; x_wconf 84' lang='lat' dir='ltr'><strong>captivitatem</strong></span> <span class='ocrx_word' id='word_1_226' title='bbox 758 2979 986 3047; x_wconf 83' lang='lat' dir='ltr'><strong>reversi,</strong></span> <span class='ocrx_word' id='word_1_227' title='bbox 1040 2980 1119 3033; x_wconf 90' lang='lat' dir='ltr'><strong>ita</strong></span> <span class='ocrx_word' id='word_1_228' title='bbox 1176 2981 1237 3034; x_wconf 91' lang='lat' dir='ltr'><strong>in</strong></span> <span class='ocrx_word' id='word_1_229' title='bbox 1266 2979 1570 3034; x_wconf 90' lang='lat' dir='ltr'><strong>dilectione</strong></span> <span class='ocrx_word' id='word_1_230' title='bbox 1623 2996 1853 3033; x_wconf 90' lang='lat' dir='ltr'><strong>suarum</strong></span> <span class='ocrx_word' id='word_1_231' title='bbox 1889 2988 1929 3043; x_wconf 73' lang='grc' dir='ltr'>Ο</span> 
     </span>
    </p>
   </div>
   <div class='ocr_carea' id='block_1_35' title="bbox 163 3068 1857 3138">
    <p class='ocr_par' dir='ltr' id='par_1_35' title="bbox 163 3068 1857 3138">
     <span class='ocr_line' id='line_1_36' title="bbox 163 3068 1857 3138; baseline -0.001 -18"><span class='ocrx_word' id='word_1_232' title='bbox 163 3068 474 3137; x_wconf 85' lang='lat' dir='ltr'><strong>conjugum</strong></span> <span class='ocrx_word' id='word_1_233' title='bbox 506 3074 872 3137; x_wconf 89' lang='lat' dir='ltr'><strong>perseverent</strong></span> <span class='ocrx_word' id='word_1_234' title='bbox 905 3072 962 3122; x_wconf 87' lang='lat' dir='ltr'><strong>ut</strong></span> <span class='ocrx_word' id='word_1_235' title='bbox 1000 3084 1094 3121; x_wconf 90' lang='lat' dir='ltr'><strong>eas</strong></span> <span class='ocrx_word' id='word_1_236' title='bbox 1123 3068 1360 3138; x_wconf 91' lang='lat' dir='ltr'><strong>cupiant</strong></span> <span class='ocrx_word' id='word_1_237' title='bbox 1384 3069 1443 3122; x_wconf 91' lang='lat' dir='ltr'><strong>in</strong></span> <span class='ocrx_word' id='word_1_238' title='bbox 1475 3085 1643 3122; x_wconf 89' lang='lat' dir='ltr'><strong>suum</strong></span> <span class='ocrx_word' id='word_1_239' title='bbox 1673 3069 1857 3122; x_wconf 90' lang='lat' dir='ltr'><strong>redire</strong></span> 
     </span>
    </p>
   </div>
   <div class='ocr_carea' id='block_1_36' title="bbox 164 3156 1858 3229">
    <p class='ocr_par' dir='ltr' id='par_1_36' title="bbox 164 3156 1858 3229">
     <span class='ocr_line' id='line_1_37' title="bbox 164 3156 1858 3229; baseline 0 -19"><span class='ocrx_word' id='word_1_240' title='bbox 164 3156 545 3226; x_wconf 85' lang='lat' dir='ltr'><strong>consortium,</strong></span> <span class='ocrx_word' id='word_1_241' title='bbox 569 3157 950 3212; x_wconf 91' lang='lat' dir='ltr'><strong>omittendum</strong></span> <span class='ocrx_word' id='word_1_242' title='bbox 982 3162 1066 3211; x_wconf 90' lang='lat' dir='ltr'><strong>est</strong></span> <span class='ocrx_word' id='word_1_243' title='bbox 1109 3164 1166 3212; x_wconf 88' lang='lat' dir='ltr'><strong>et</strong></span> <span class='ocrx_word' id='word_1_244' title='bbox 1195 3158 1541 3229; x_wconf 88' lang='lat' dir='ltr'><strong>inculpabile</strong></span> <span class='ocrx_word' id='word_1_245' title='bbox 1588 3157 1858 3228; x_wconf 89' lang='lat' dir='ltr'><strong>judican-</strong></span> 
     </span>
    </p>
   </div>
   <div class='ocr_carea' id='block_1_37' title="bbox 164 3245 1860 3316">
    <p class='ocr_par' dir='ltr' id='par_1_37' title="bbox 164 3245 1860 3316">
     <span class='ocr_line' id='line_1_38' title="bbox 164 3245 1860 3316; baseline -0.001 -17"><span class='ocrx_word' id='word_1_246' title='bbox 164 3245 304 3299; x_wconf 88' lang='lat' dir='ltr'><strong>dum</strong></span> <span class='ocrx_word' id='word_1_247' title='bbox 361 3245 516 3316; x_wconf 89' lang='lat' dir='ltr'><strong>quod</strong></span> <span class='ocrx_word' id='word_1_248' title='bbox 569 3245 872 3300; x_wconf 87' lang='lat' dir='ltr'><strong>necessitas</strong></span> <span class='ocrx_word' id='word_1_249' title='bbox 933 3246 1148 3315; x_wconf 91' lang='lat' dir='ltr'><strong>intulit,</strong></span> <span class='ocrx_word' id='word_1_250' title='bbox 1201 3251 1258 3300; x_wconf 90' lang='lat' dir='ltr'><strong>et</strong></span> <span class='ocrx_word' id='word_1_251' title='bbox 1313 3246 1732 3301; x_wconf 89' lang='lat' dir='ltr'><strong>restituendum</strong></span> <span class='ocrx_word' id='word_1_252' title='bbox 1774 3248 1860 3298; x_wconf 89' lang='lat' dir='ltr'><strong>est</strong></span> 
     </span>
    </p>
   </div>
   <div class='ocr_carea' id='block_1_38' title="bbox 168 3334 717 3405">
    <p class='ocr_par' dir='ltr' id='par_1_38' title="bbox 168 3334 717 3405">
     <span class='ocr_line' id='line_1_39' title="bbox 168 3334 717 3405; baseline 0 -17"><span class='ocrx_word' id='word_1_253' title='bbox 168 3334 320 3405; x_wconf 91' lang='lat' dir='ltr'><strong>quod</strong></span> <span class='ocrx_word' id='word_1_254' title='bbox 341 3334 486 3388; x_wconf 86' lang='lat' dir='ltr'><strong>ﬁdes</strong></span> <span class='ocrx_word' id='word_1_255' title='bbox 514 3335 717 3404; x_wconf 89' lang='lat' dir='ltr'><strong>poscit.</strong></span> 
     </span>
    </p>
   </div>
   <div class='ocr_carea' id='block_1_39' title="bbox 169 3423 1861 3493">
    <p class='ocr_par' dir='ltr' id='par_1_39' title="bbox 169 3423 1861 3493">
     <span class='ocr_line' id='line_1_40' title="bbox 169 3423 1861 3493; baseline -0.001 -16"><span class='ocrx_word' id='word_1_256' title='bbox 169 3424 304 3477; x_wconf 77' lang='lat' dir='ltr'><strong>CAP.</strong></span> <span class='ocrx_word' id='word_1_257' title='bbox 345 3424 470 3477; x_wconf 88' lang='lat' dir='ltr'><strong>LIX.</strong></span> <span class='ocrx_word' id='word_1_258' title='bbox 500 3453 569 3462; x_wconf 96' lang='lat'><strong>—</strong></span> <span class='ocrx_word' id='word_1_259' title='bbox 593 3427 665 3478; x_wconf 89' lang='lat' dir='ltr'><strong>De</strong></span> <span class='ocrx_word' id='word_1_260' title='bbox 723 3423 816 3478; x_wconf 89' lang='lat' dir='ltr'><strong>illo</strong></span> <span class='ocrx_word' id='word_1_261' title='bbox 847 3427 944 3492; x_wconf 88' lang='lat' dir='ltr'><strong>qui</strong></span> <span class='ocrx_word' id='word_1_262' title='bbox 987 3425 1046 3476; x_wconf 90' lang='lat' dir='ltr'><strong>in</strong></span> <span class='ocrx_word' id='word_1_263' title='bbox 1073 3426 1398 3493; x_wconf 81' lang='lat' dir='ltr'><strong>paganismo</strong></span> <span class='ocrx_word' id='word_1_264' title='bbox 1454 3438 1677 3478; x_wconf 74' lang='lat' dir='ltr'><strong>umorem</strong></span> <span class='ocrx_word' id='word_1_265' title='bbox 1706 3436 1861 3477; x_wconf 86' lang='lat' dir='ltr'><strong>suam</strong></span> 
     </span>
    </p>
   </div>
   <div class='ocr_carea' id='block_1_40' title="bbox 519 3495 1226 3549">
    <p class='ocr_par' dir='ltr' id='par_1_40' title="bbox 519 3495 1226 3549">
     <span class='ocr_line' id='line_1_41' title="bbox 519 3495 1226 3549; baseline 0 -1"><span class='ocrx_word' id='word_1_266' title='bbox 519 3513 522 3516; x_wconf 68' lang='lat'><em>‘</em></span> <span class='ocrx_word' id='word_1_267' title='bbox 871 3495 1162 3549; x_wconf 76' lang='lat' dir='ltr'><strong>dimiserit.</strong></span> <span class='ocrx_word' id='word_1_268' title='bbox 1224 3529 1226 3532; x_wconf 97' lang='lat'><strong><em>-</em></strong></span> 
     </span>
    </p>
   </div>
   <div class='ocr_carea' id='block_1_41' title="bbox 242 3580 1862 3654">
    <p class='ocr_par' dir='ltr' id='par_1_41' title="bbox 242 3580 1862 3654">
     <span class='ocr_line' id='line_1_42' title="bbox 242 3580 1862 3654; baseline -0.001 -18"><span class='ocrx_word' id='word_1_269' title='bbox 242 3583 361 3649; x_wconf 80' lang='lat' dir='ltr'><strong>(Ea:</strong></span> <span class='ocrx_word' id='word_1_270' title='bbox 390 3581 533 3637; x_wconf 88' lang='lat' dir='ltr'><strong>decr.</strong></span> <span class='ocrx_word' id='word_1_271' title='bbox 561 3583 803 3651; x_wconf 81' lang='lat' dir='ltr'><strong>Eutych.</strong></span> <span class='ocrx_word' id='word_1_272' title='bbox 833 3583 1035 3654; x_wconf 72' lang='lat' dir='ltr'><strong>papae.)</strong></span> <span class='ocrx_word' id='word_1_273' title='bbox 1077 3583 1132 3638; x_wconf 90' lang='lat' dir='ltr'><strong>Si</strong></span> <span class='ocrx_word' id='word_1_274' title='bbox 1173 3581 1302 3653; x_wconf 89' lang='lat' dir='ltr'><strong>quis</strong></span> <span class='ocrx_word' id='word_1_275' title='bbox 1331 3580 1559 3652; x_wconf 77' lang='lat' dir='ltr'><strong>gentilis</strong></span> <span class='ocrx_word' id='word_1_276' title='bbox 1589 3581 1862 3651; x_wconf 88' lang='lat' dir='ltr'><strong>gentilem</strong></span> 
     </span>
    </p>
   </div>
   <div class='ocr_carea' id='block_1_42' title="bbox 168 3669 1864 3742">
    <p class='ocr_par' dir='ltr' id='par_1_42' title="bbox 168 3669 1864 3742">
     <span class='ocr_line' id='line_1_43' title="bbox 168 3669 1864 3742; baseline -0.002 -17"><span class='ocrx_word' id='word_1_277' title='bbox 168 3671 457 3725; x_wconf 88' lang='lat' dir='ltr'><strong>dimiserit</strong></span> <span class='ocrx_word' id='word_1_278' title='bbox 505 3687 735 3725; x_wconf 88' lang='lat' dir='ltr'><strong>uxorem</strong></span> <span class='ocrx_word' id='word_1_279' title='bbox 777 3679 907 3726; x_wconf 87' lang='lat' dir='ltr'><strong>ante</strong></span> <span class='ocrx_word' id='word_1_280' title='bbox 960 3672 1260 3742; x_wconf 88' lang='lat' dir='ltr'><strong>baptisma,</strong></span> <span class='ocrx_word' id='word_1_281' title='bbox 1323 3676 1449 3742; x_wconf 90' lang='lat' dir='ltr'><strong>post</strong></span> <span class='ocrx_word' id='word_1_282' title='bbox 1515 3669 1864 3739; x_wconf 87' lang='lat' dir='ltr'><strong>baptismum</strong></span> 
     </span>
    </p>
   </div>
   <div class='ocr_carea' id='block_1_43' title="bbox 169 3759 1861 3830">
    <p class='ocr_par' dir='ltr' id='par_1_43' title="bbox 169 3759 1861 3830">
     <span class='ocr_line' id='line_1_44' title="bbox 169 3759 1861 3830; baseline -0.001 -16"><span class='ocrx_word' id='word_1_283' title='bbox 169 3760 230 3814; x_wconf 91' lang='lat' dir='ltr'><strong>in</strong></span> <span class='ocrx_word' id='word_1_284' title='bbox 265 3763 544 3830; x_wconf 83' lang='lat' dir='ltr'><strong>potestate</strong></span> <span class='ocrx_word' id='word_1_285' title='bbox 570 3759 692 3830; x_wconf 87' lang='lat' dir='ltr'><strong>ejus</strong></span> <span class='ocrx_word' id='word_1_286' title='bbox 744 3760 852 3814; x_wconf 88' lang='lat' dir='ltr'><strong>erit</strong></span> <span class='ocrx_word' id='word_1_287' title='bbox 896 3777 1021 3814; x_wconf 89' lang='lat' dir='ltr'><strong>eam</strong></span> <span class='ocrx_word' id='word_1_288' title='bbox 1080 3761 1311 3824; x_wconf 88' lang='lat' dir='ltr'><strong>habere,</strong></span> <span class='ocrx_word' id='word_1_289' title='bbox 1364 3759 1452 3813; x_wconf 91' lang='lat' dir='ltr'><strong>vel</strong></span> <span class='ocrx_word' id='word_1_290' title='bbox 1481 3775 1596 3814; x_wconf 90' lang='lat' dir='ltr'><strong>non</strong></span> <span class='ocrx_word' id='word_1_291' title='bbox 1633 3759 1861 3812; x_wconf 85' lang='lat' dir='ltr'><strong>habere.</strong></span> 
     </span>
    </p>
   </div>
   <div class='ocr_carea' id='block_1_44' title="bbox 172 3849 1868 3919">
    <p class='ocr_par' dir='ltr' id='par_1_44' title="bbox 172 3849 1868 3919">
     <span class='ocr_line' id='line_1_45' title="bbox 172 3849 1868 3919; baseline -0.002 -14"><span class='ocrx_word' id='word_1_292' title='bbox 172 3851 302 3905; x_wconf 67' lang='lat' dir='ltr'><strong>Car.</strong></span> <span class='ocrx_word' id='word_1_293' title='bbox 339 3849 444 3905; x_wconf 86' lang='lat' dir='ltr'><strong>LX.</strong></span> <span class='ocrx_word' id='word_1_294' title='bbox 471 3879 539 3888; x_wconf 91' lang='lat'><strong><em>—</em></strong></span> <span class='ocrx_word' id='word_1_295' title='bbox 575 3852 647 3904; x_wconf 88' lang='lat' dir='ltr'><strong>De</strong></span> <span class='ocrx_word' id='word_1_296' title='bbox 687 3850 986 3919; x_wconf 80' lang='lat' dir='ltr'><strong>baptizata,</strong></span> <span class='ocrx_word' id='word_1_297' title='bbox 1038 3851 1088 3903; x_wconf 90' lang='lat' dir='ltr'><strong>si</strong></span> <span class='ocrx_word' id='word_1_298' title='bbox 1118 3865 1259 3904; x_wconf 70' lang='lat' dir='ltr'><strong>uxor</strong></span> <span class='ocrx_word' id='word_1_299' title='bbox 1310 3850 1423 3918; x_wconf 66' lang='lat' dir='ltr'><strong>eius</strong></span> <span class='ocrx_word' id='word_1_300' title='bbox 1480 3849 1717 3917; x_wconf 81' lang='lat' dir='ltr'><strong>inﬁdelis</strong></span> <span class='ocrx_word' id='word_1_301' title='bbox 1749 3863 1868 3902; x_wconf 88' lang='lat' dir='ltr'><strong>con-</strong></span> 
     </span>
    </p>
   </div>
   <div class='ocr_carea' id='block_1_45' title="bbox 813 3922 1226 3975">
    <p class='ocr_par' dir='ltr' id='par_1_45' title="bbox 813 3922 1226 3975">
     <span class='ocr_line' id='line_1_46' title="bbox 813 3922 1226 3975; baseline 0 -1"><span class='ocrx_word' id='word_1_302' title='bbox 813 3922 952 3974; x_wconf 82' lang='lat' dir='ltr'><strong>uerti</strong></span> <span class='ocrx_word' id='word_1_303' title='bbox 976 3922 1226 3975; x_wconf 83' lang='lat' dir='ltr'><strong>noluerit.</strong></span> 
     </span>
    </p>
   </div>
   <div class='ocr_carea' id='block_1_46' title="bbox 249 4007 1869 4080">
    <p class='ocr_par' dir='ltr' id='par_1_46' title="bbox 249 4007 1869 4080">
     <span class='ocr_line' id='line_1_47' title="bbox 249 4007 1869 4080; baseline -0.002 -17"><span class='ocrx_word' id='word_1_304' title='bbox 249 4008 358 4076; x_wconf 73' lang='lat' dir='ltr'><strong>(Ea:</strong></span> <span class='ocrx_word' id='word_1_305' title='bbox 387 4007 535 4062; x_wconf 65' lang='lat' dir='ltr'><strong>decr.</strong></span> <span class='ocrx_word' id='word_1_306' title='bbox 568 4009 852 4080; x_wconf 87' lang='lat' dir='ltr'><strong>ejusdem.)</strong></span> <span class='ocrx_word' id='word_1_307' title='bbox 893 4009 1077 4063; x_wconf 88' lang='lat' dir='ltr'><strong>Simili</strong></span> <span class='ocrx_word' id='word_1_308' title='bbox 1107 4009 1275 4063; x_wconf 92' lang='lat' dir='ltr'><strong>modo</strong></span> <span class='ocrx_word' id='word_1_309' title='bbox 1323 4008 1368 4062; x_wconf 92' lang='lat' dir='ltr'><strong>si</strong></span> <span class='ocrx_word' id='word_1_310' title='bbox 1391 4024 1540 4062; x_wconf 91' lang='lat' dir='ltr'><strong>unus</strong></span> <span class='ocrx_word' id='word_1_311' title='bbox 1575 4024 1637 4061; x_wconf 85' lang='lat' dir='ltr'><strong>ex</strong></span> <span class='ocrx_word' id='word_1_312' title='bbox 1665 4007 1869 4078; x_wconf 85' lang='lat' dir='ltr'><strong>conju-</strong></span> 
     </span>
    </p>
   </div>
   <div class='ocr_carea' id='block_1_47' title="bbox 177 4096 1868 4168">
    <p class='ocr_par' dir='ltr' id='par_1_47' title="bbox 177 4096 1868 4168">
     <span class='ocr_line' id='line_1_48' title="bbox 177 4096 1868 4168; baseline -0.001 -18"><span class='ocrx_word' id='word_1_313' title='bbox 177 4097 327 4167; x_wconf 88' lang='lat' dir='ltr'><strong>gatis</strong></span> <span class='ocrx_word' id='word_1_314' title='bbox 360 4097 674 4167; x_wconf 88' lang='lat' dir='ltr'><strong>baptizatus</strong></span> <span class='ocrx_word' id='word_1_315' title='bbox 731 4103 834 4164; x_wconf 89' lang='lat' dir='ltr'><strong>est,</strong></span> <span class='ocrx_word' id='word_1_316' title='bbox 889 4103 948 4151; x_wconf 91' lang='lat' dir='ltr'><strong>et</strong></span> <span class='ocrx_word' id='word_1_317' title='bbox 978 4099 1121 4152; x_wconf 90' lang='lat' dir='ltr'><strong>alter</strong></span> <span class='ocrx_word' id='word_1_318' title='bbox 1157 4097 1406 4168; x_wconf 77' lang='lat' dir='ltr'><strong>gentilis,</strong></span> <span class='ocrx_word' id='word_1_319' title='bbox 1441 4102 1499 4151; x_wconf 91' lang='lat' dir='ltr'><strong>et</strong></span> <span class='ocrx_word' id='word_1_320' title='bbox 1550 4096 1710 4166; x_wconf 86' lang='lat' dir='ltr'><strong>sequi</strong></span> <span class='ocrx_word' id='word_1_321' title='bbox 1753 4111 1868 4149; x_wconf 92' lang='lat' dir='ltr'><strong>non</strong></span> 
     </span>
    </p>
   </div>
   <div class='ocr_carea' id='block_1_48' title="bbox 176 4184 1868 4257">
    <p class='ocr_par' dir='ltr' id='par_1_48' title="bbox 176 4184 1868 4257">
     <span class='ocr_line' id='line_1_49' title="bbox 176 4184 1868 4257; baseline -0.001 -17"><span class='ocrx_word' id='word_1_322' title='bbox 176 4187 320 4252; x_wconf 87' lang='lat' dir='ltr'><strong>vult,</strong></span> <span class='ocrx_word' id='word_1_323' title='bbox 351 4186 422 4238; x_wconf 90' lang='lat' dir='ltr'><strong>sit</strong></span> <span class='ocrx_word' id='word_1_324' title='bbox 451 4185 596 4241; x_wconf 90' lang='lat' dir='ltr'><strong>sicut</strong></span> <span class='ocrx_word' id='word_1_325' title='bbox 627 4186 765 4241; x_wconf 90' lang='lat' dir='ltr'><strong>dicit</strong></span> <span class='ocrx_word' id='word_1_326' title='bbox 815 4188 1122 4257; x_wconf 83' lang='lat' dir='ltr'><strong>Apostolus</strong></span> <span class='ocrx_word' id='word_1_327' title='bbox 1157 4203 1170 4240; x_wconf 90' lang='lat'>:</span> <span class='ocrx_word' id='word_1_328' title='bbox 1222 4185 1472 4240; x_wconf 87' lang='lat' dir='ltr'><strong>Inﬁdelis</strong></span> <span class='ocrx_word' id='word_1_329' title='bbox 1502 4185 1549 4239; x_wconf 91' lang='lat' dir='ltr'><strong>si</strong></span> <span class='ocrx_word' id='word_1_330' title='bbox 1609 4184 1868 4249; x_wconf 89' lang='lat' dir='ltr'><strong>discedit,</strong></span> 
     </span>
    </p>
   </div>
   <div class='ocr_carea' id='block_1_49' title="bbox 180 4273 456 4328">
    <p class='ocr_par' dir='ltr' id='par_1_49' title="bbox 180 4273 456 4328">
     <span class='ocr_line' id='line_1_50' title="bbox 180 4273 456 4328; baseline -0.011 0"><span class='ocrx_word' id='word_1_331' title='bbox 180 4273 456 4328; x_wconf 89' lang='lat' dir='ltr'><strong>discedat.</strong></span> 
     </span>
    </p>
   </div>
   <div class='ocr_carea' id='block_1_50' title="bbox 180 4361 1878 4432">
    <p class='ocr_par' dir='ltr' id='par_1_50' title="bbox 180 4361 1878 4432">
     <span class='ocr_line' id='line_1_51' title="bbox 180 4361 1878 4432; baseline -0.002 -15"><span class='ocrx_word' id='word_1_332' title='bbox 180 4363 311 4417; x_wconf 73' lang='lat' dir='ltr'><strong>CAP.</strong></span> <span class='ocrx_word' id='word_1_333' title='bbox 355 4361 480 4416; x_wconf 89' lang='lat' dir='ltr'><strong>LXI.</strong></span> <span class='ocrx_word' id='word_1_334' title='bbox 511 4390 583 4402; x_wconf 97' lang='lat'><strong>—</strong></span> <span class='ocrx_word' id='word_1_335' title='bbox 625 4365 699 4418; x_wconf 91' lang='lat' dir='ltr'><strong>De</strong></span> <span class='ocrx_word' id='word_1_336' title='bbox 752 4364 846 4418; x_wconf 88' lang='lat' dir='ltr'><strong>illo</strong></span> <span class='ocrx_word' id='word_1_337' title='bbox 897 4365 993 4432; x_wconf 86' lang='lat' dir='ltr'><strong>qui</strong></span> <span class='ocrx_word' id='word_1_338' title='bbox 1040 4367 1164 4417; x_wconf 90' lang='lat' dir='ltr'><strong>ante</strong></span> <span class='ocrx_word' id='word_1_339' title='bbox 1221 4362 1548 4431; x_wconf 86' lang='lat' dir='ltr'><strong>baptismum</strong></span> <span class='ocrx_word' id='word_1_340' title='bbox 1603 4362 1878 4416; x_wconf 86' lang='lat' dir='ltr'><strong>mulierem</strong></span> 
     </span>
    </p>
   </div>
   <div class='ocr_carea' id='block_1_51' title="bbox 731 4437 1325 4503">
    <p class='ocr_par' dir='ltr' id='par_1_51' title="bbox 731 4437 1325 4503">
     <span class='ocr_line' id='line_1_52' title="bbox 731 4437 1325 4503; baseline 0 -16"><span class='ocrx_word' id='word_1_341' title='bbox 731 4437 997 4502; x_wconf 82' lang='lat' dir='ltr'><strong>virginem</strong></span> <span class='ocrx_word' id='word_1_342' title='bbox 1027 4437 1325 4503; x_wconf 87' lang='lat' dir='ltr'><strong>acceperat.</strong></span> 
     </span>
    </p>
   </div>
   <div class='ocr_carea' id='block_1_52' title="bbox 256 4521 1879 4593">
    <p class='ocr_par' dir='ltr' id='par_1_52' title="bbox 256 4521 1879 4593">
     <span class='ocr_line' id='line_1_53' title="bbox 256 4521 1879 4593; baseline -0.003 -15"><span class='ocrx_word' id='word_1_343' title='bbox 256 4522 364 4593; x_wconf 73' lang='lat' dir='ltr'><strong>(Ea:</strong></span> <span class='ocrx_word' id='word_1_344' title='bbox 448 4524 669 4577; x_wconf 86' lang='lat' dir='ltr'><strong>concilio</strong></span> <span class='ocrx_word' id='word_1_345' title='bbox 713 4524 994 4590; x_wconf 86' lang='lat' dir='ltr'><strong>Meldensi,</strong></span> <span class='ocrx_word' id='word_1_346' title='bbox 1043 4523 1219 4592; x_wconf 86' lang='lat' dir='ltr'><strong>capite</strong></span> <span class='ocrx_word' id='word_1_347' title='bbox 1270 4523 1342 4592; x_wconf 85' lang='lat'><strong>2.)</strong></span> <span class='ocrx_word' id='word_1_348' title='bbox 1372 4522 1428 4577; x_wconf 92' lang='lat' dir='ltr'><strong>Si</strong></span> <span class='ocrx_word' id='word_1_349' title='bbox 1459 4521 1588 4593; x_wconf 87' lang='lat' dir='ltr'><strong>quis</strong></span> <span class='ocrx_word' id='word_1_350' title='bbox 1614 4521 1879 4576; x_wconf 88' lang='lat' dir='ltr'><strong>habuerit</strong></span> 
     </span>
    </p>
   </div>
   <div class='ocr_carea' id='block_1_53' title="bbox 181 4611 1880 4682">
    <p class='ocr_par' dir='ltr' id='par_1_53' title="bbox 181 4611 1880 4682">
     <span class='ocr_line' id='line_1_54' title="bbox 181 4611 1880 4682; baseline -0.002 -16"><span class='ocrx_word' id='word_1_351' title='bbox 181 4627 421 4666; x_wconf 80' lang='lat' dir='ltr'><strong>uxorem</strong></span> <span class='ocrx_word' id='word_1_352' title='bbox 461 4611 743 4681; x_wconf 87' lang='lat' dir='ltr'><strong>virginem</strong></span> <span class='ocrx_word' id='word_1_353' title='bbox 789 4618 918 4666; x_wconf 88' lang='lat' dir='ltr'><strong>ante</strong></span> <span class='ocrx_word' id='word_1_354' title='bbox 969 4612 1276 4682; x_wconf 87' lang='lat' dir='ltr'><strong>baptisma,</strong></span> <span class='ocrx_word' id='word_1_355' title='bbox 1336 4611 1559 4665; x_wconf 84' lang='lat' dir='ltr'><strong>vivente</strong></span> <span class='ocrx_word' id='word_1_356' title='bbox 1605 4611 1703 4664; x_wconf 86' lang='lat' dir='ltr'><strong>illa</strong></span> <span class='ocrx_word' id='word_1_357' title='bbox 1750 4614 1880 4681; x_wconf 85' lang='lat' dir='ltr'><strong>post</strong></span> 
     </span>
    </p>
   </div>
   <div class='ocr_carea' id='block_1_54' title="bbox 181 4699 1878 4772">
    <p class='ocr_par' dir='ltr' id='par_1_54' title="bbox 181 4699 1878 4772">
     <span class='ocr_line' id='line_1_55' title="bbox 181 4699 1878 4772; baseline -0.002 -17"><span class='ocrx_word' id='word_1_358' title='bbox 181 4701 469 4772; x_wconf 88' lang='lat' dir='ltr'><strong>baptisma</strong></span> <span class='ocrx_word' id='word_1_359' title='bbox 512 4701 746 4755; x_wconf 86' lang='lat' dir='ltr'><strong>alteram</strong></span> <span class='ocrx_word' id='word_1_360' title='bbox 799 4701 1010 4755; x_wconf 88' lang='lat' dir='ltr'><strong>habere</strong></span> <span class='ocrx_word' id='word_1_361' title='bbox 1068 4717 1184 4754; x_wconf 92' lang='lat' dir='ltr'><strong>non</strong></span> <span class='ocrx_word' id='word_1_362' title='bbox 1241 4705 1448 4772; x_wconf 88' lang='lat' dir='ltr'><strong>potest.</strong></span> <span class='ocrx_word' id='word_1_363' title='bbox 1519 4699 1773 4755; x_wconf 89' lang='lat' dir='ltr'><strong>Crimina</strong></span> <span class='ocrx_word' id='word_1_364' title='bbox 1818 4699 1878 4752; x_wconf 90' lang='lat' dir='ltr'><strong>in</strong></span> 
     </span>
    </p>
   </div>
   <div class='ocr_carea' id='block_1_55' title="bbox 181 4788 1266 4860">
    <p class='ocr_par' dir='ltr' id='par_1_55' title="bbox 181 4788 1266 4860">
     <span class='ocr_line' id='line_1_56' title="bbox 181 4788 1266 4860; baseline -0.001 -17"><span class='ocrx_word' id='word_1_365' title='bbox 181 4790 468 4860; x_wconf 87' lang='lat' dir='ltr'><strong>baptismo</strong></span> <span class='ocrx_word' id='word_1_366' title='bbox 491 4789 805 4855; x_wconf 91' lang='lat' dir='ltr'><strong>solvuntur,</strong></span> <span class='ocrx_word' id='word_1_367' title='bbox 830 4806 948 4843; x_wconf 91' lang='lat' dir='ltr'><strong>non</strong></span> <span class='ocrx_word' id='word_1_368' title='bbox 979 4788 1266 4859; x_wconf 89' lang='lat' dir='ltr'><strong>conjugia.</strong></span> 
     </span>
    </p>
   </div>
   <div class='ocr_carea' id='block_1_56' title="bbox 183 4878 1882 4946">
    <p class='ocr_par' dir='ltr' id='par_1_56' title="bbox 183 4878 1882 4946">
     <span class='ocr_line' id='line_1_57' title="bbox 183 4878 1882 4946; baseline -0.002 -14"><span class='ocrx_word' id='word_1_369' title='bbox 183 4878 312 4933; x_wconf 75' lang='lat' dir='ltr'><strong>CAP.</strong></span> <span class='ocrx_word' id='word_1_370' title='bbox 353 4878 508 4932; x_wconf 87' lang='lat' dir='ltr'><strong>LXII.</strong></span> <span class='ocrx_word' id='word_1_371' title='bbox 549 4907 621 4917; x_wconf 95' lang='lat'><strong><em>—</em></strong></span> <span class='ocrx_word' id='word_1_372' title='bbox 663 4881 730 4932; x_wconf 89' lang='lat' dir='ltr'><strong>De</strong></span> <span class='ocrx_word' id='word_1_373' title='bbox 758 4879 868 4933; x_wconf 70' lang='lat' dir='ltr'><strong>illis</strong></span> <span class='ocrx_word' id='word_1_374' title='bbox 898 4881 1116 4944; x_wconf 74' lang='lat' dir='ltr'><strong>feminis</strong></span> <span class='ocrx_word' id='word_1_375' title='bbox 1148 4894 1284 4946; x_wconf 70' lang='lat' dir='ltr'><strong>quae,</strong></span> <span class='ocrx_word' id='word_1_376' title='bbox 1313 4878 1464 4930; x_wconf 87' lang='lat' dir='ltr'><strong>nulla</strong></span> <span class='ocrx_word' id='word_1_377' title='bbox 1500 4891 1665 4930; x_wconf 88' lang='lat' dir='ltr'><strong>causa</strong></span> <span class='ocrx_word' id='word_1_378' title='bbox 1720 4878 1882 4930; x_wconf 89' lang='lat' dir='ltr'><strong>inter-</strong></span> 
     </span>
    </p>
   </div>
   <div class='ocr_carea' id='block_1_57' title="bbox 538 4951 1522 5018">
    <p class='ocr_par' dir='ltr' id='par_1_57' title="bbox 538 4951 1522 5018">
     <span class='ocr_line' id='line_1_58' title="bbox 538 4951 1522 5018; baseline -0.001 -16"><span class='ocrx_word' id='word_1_379' title='bbox 538 4952 797 5014; x_wconf 82' lang='lat' dir='ltr'><strong>veniente,</strong></span> <span class='ocrx_word' id='word_1_380' title='bbox 839 4951 1175 5018; x_wconf 74' lang='lat' dir='ltr'><strong>reliquerunt</strong></span> <span class='ocrx_word' id='word_1_381' title='bbox 1203 4952 1347 5002; x_wconf 82' lang='lat' dir='ltr'><strong>viros</strong></span> <span class='ocrx_word' id='word_1_382' title='bbox 1380 4963 1522 5002; x_wconf 89' lang='lat' dir='ltr'><strong>suos.</strong></span> 
     </span>
    </p>
   </div>
   <div class='ocr_carea' id='block_1_58' title="bbox 257 5035 1879 5107">
    <p class='ocr_par' dir='ltr' id='par_1_58' title="bbox 257 5035 1879 5107">
     <span class='ocr_line' id='line_1_59' title="bbox 257 5035 1879 5107; baseline -0.002 -15"><span class='ocrx_word' id='word_1_383' title='bbox 257 5036 366 5105; x_wconf 73' lang='lat' dir='ltr'><strong>(Ea:</strong></span> <span class='ocrx_word' id='word_1_384' title='bbox 429 5039 650 5093; x_wconf 86' lang='lat' dir='ltr'><strong>concilio</strong></span> <span class='ocrx_word' id='word_1_385' title='bbox 704 5039 1030 5102; x_wconf 87' lang='lat' dir='ltr'><strong>Elibertan.,</strong></span> <span class='ocrx_word' id='word_1_386' title='bbox 1089 5040 1266 5107; x_wconf 88' lang='lat' dir='ltr'><strong>capite</strong></span> <span class='ocrx_word' id='word_1_387' title='bbox 1321 5038 1400 5106; x_wconf 89' lang='lat'><strong>7.)</strong></span> <span class='ocrx_word' id='word_1_388' title='bbox 1457 5038 1602 5091; x_wconf 89' lang='lat' dir='ltr'><strong>Item</strong></span> <span class='ocrx_word' id='word_1_389' title='bbox 1648 5035 1879 5090; x_wconf 67' lang='lat' dir='ltr'><strong>feminae</strong></span> 
     </span>
    </p>
   </div>
   <div class='ocr_carea' id='block_1_59' title="bbox 187 5125 1878 5198">
    <p class='ocr_par' dir='ltr' id='par_1_59' title="bbox 187 5125 1878 5198">
     <span class='ocr_line' id='line_1_60' title="bbox 187 5125 1878 5198; baseline -0.002 -18"><span class='ocrx_word' id='word_1_390' title='bbox 187 5142 316 5196; x_wconf 67' lang='lat' dir='ltr'><strong>qua:</strong></span> <span class='ocrx_word' id='word_1_391' title='bbox 339 5127 496 5180; x_wconf 87' lang='lat' dir='ltr'><strong>nulla</strong></span> <span class='ocrx_word' id='word_1_392' title='bbox 524 5127 882 5198; x_wconf 65' lang='lat' dir='ltr'><strong>praecedente</strong></span> <span class='ocrx_word' id='word_1_393' title='bbox 916 5143 1085 5182; x_wconf 87' lang='lat' dir='ltr'><strong>causa</strong></span> <span class='ocrx_word' id='word_1_394' title='bbox 1130 5127 1487 5196; x_wconf 87' lang='lat' dir='ltr'><strong>reliquerunt</strong></span> <span class='ocrx_word' id='word_1_395' title='bbox 1538 5125 1688 5178; x_wconf 91' lang='lat' dir='ltr'><strong>viros</strong></span> <span class='ocrx_word' id='word_1_396' title='bbox 1728 5140 1878 5192; x_wconf 92' lang='lat' dir='ltr'><strong>suos,</strong></span> 
     </span>
    </p>
   </div>
   <div class='ocr_carea' id='block_1_60' title="bbox 187 5200 1881 5286">
    <p class='ocr_par' dir='ltr' id='par_1_60' title="bbox 187 5200 1881 5286">
     <span class='ocr_line' id='line_1_61' title="bbox 187 5200 1881 5286; baseline -0.001 -16"><span class='ocrx_word' id='word_1_397' title='bbox 187 5221 243 5270; x_wconf 87' lang='lat' dir='ltr'><strong>et</strong></span> <span class='ocrx_word' id='word_1_398' title='bbox 273 5214 438 5270; x_wconf 89' lang='lat' dir='ltr'><strong>alteri</strong></span> <span class='ocrx_word' id='word_1_399' title='bbox 467 5231 527 5269; x_wconf 89' lang='lat' dir='ltr'><strong>se</strong></span> <span class='ocrx_word' id='word_1_400' title='bbox 557 5200 988 5286; x_wconf 81' lang='lat' dir='ltr'><strong>copulaverunt,</strong></span> <span class='ocrx_word' id='word_1_401' title='bbox 1031 5221 1090 5271; x_wconf 90' lang='lat' dir='ltr'><strong>et</strong></span> <span class='ocrx_word' id='word_1_402' title='bbox 1129 5216 1189 5270; x_wconf 92' lang='lat' dir='ltr'><strong>in</strong></span> <span class='ocrx_word' id='word_1_403' title='bbox 1236 5216 1341 5270; x_wconf 92' lang='lat' dir='ltr'><strong>hoc</strong></span> <span class='ocrx_word' id='word_1_404' title='bbox 1398 5229 1737 5284; x_wconf 86' lang='lat' dir='ltr'><strong>permanere</strong></span> <span class='ocrx_word' id='word_1_405' title='bbox 1784 5230 1881 5268; x_wconf 89' lang='lat' dir='ltr'><strong>vo-</strong></span> 
     </span>
    </p>
   </div>
   <div class='ocr_carea' id='block_1_61' title="bbox 189 5302 1621 5375">
    <p class='ocr_par' dir='ltr' id='par_1_61' title="bbox 189 5302 1621 5375">
     <span class='ocr_line' id='line_1_62' title="bbox 189 5302 1621 5375; baseline -0.003 -17"><span class='ocrx_word' id='word_1_406' title='bbox 189 5305 424 5369; x_wconf 87' lang='lat' dir='ltr'><strong>luerint,</strong></span> <span class='ocrx_word' id='word_1_407' title='bbox 460 5319 563 5358; x_wconf 86' lang='lat' dir='ltr'><strong>nec</strong></span> <span class='ocrx_word' id='word_1_408' title='bbox 598 5304 656 5358; x_wconf 91' lang='lat' dir='ltr'><strong>in</strong></span> <span class='ocrx_word' id='word_1_409' title='bbox 688 5304 803 5359; x_wconf 89' lang='lat' dir='ltr'><strong>ﬁne</strong></span> <span class='ocrx_word' id='word_1_410' title='bbox 833 5305 1115 5375; x_wconf 88' lang='lat' dir='ltr'><strong>accipiant</strong></span> <span class='ocrx_word' id='word_1_411' title='bbox 1135 5302 1621 5358; x_wconf 90' lang='lat' dir='ltr'><strong>communionem.</strong></span> 
     </span>
    </p>
   </div>
   <div class='ocr_carea' id='block_1_62' title="bbox 190 5391 1883 5464">
    <p class='ocr_par' dir='ltr' id='par_1_62' title="bbox 190 5391 1883 5464">
     <span class='ocr_line' id='line_1_63' title="bbox 190 5391 1883 5464; baseline -0.003 -15"><span class='ocrx_word' id='word_1_412' title='bbox 190 5396 320 5449; x_wconf 75' lang='lat' dir='ltr'><strong>CAP.</strong></span> <span class='ocrx_word' id='word_1_413' title='bbox 355 5394 544 5450; x_wconf 82' lang='lat' dir='ltr'><strong>LXIII.</strong></span> <span class='ocrx_word' id='word_1_414' title='bbox 576 5422 646 5434; x_wconf 90' lang='lat'><strong><em>—</em></strong></span> <span class='ocrx_word' id='word_1_415' title='bbox 668 5397 742 5448; x_wconf 91' lang='lat' dir='ltr'><strong>De</strong></span> <span class='ocrx_word' id='word_1_416' title='bbox 773 5396 980 5460; x_wconf 80' lang='lat' dir='ltr'><strong>femina</strong></span> <span class='ocrx_word' id='word_1_417' title='bbox 1021 5410 1140 5464; x_wconf 59' lang='lat' dir='ltr'><strong>qua</strong></span> <span class='ocrx_word' id='word_1_418' title='bbox 1167 5394 1474 5447; x_wconf 84' lang='lat' dir='ltr'><strong>adulterum</strong></span> <span class='ocrx_word' id='word_1_419' title='bbox 1520 5391 1805 5458; x_wconf 86' lang='lat' dir='ltr'><strong>reliquerit</strong></span> <span class='ocrx_word' id='word_1_420' title='bbox 1833 5394 1883 5444; x_wconf 91' lang='lat' dir='ltr'><strong>et</strong></span> 
     </span>
    </p>
   </div>
   <div class='ocr_carea' id='block_1_63' title="bbox 722 5466 1348 5533">
    <p class='ocr_par' dir='ltr' id='par_1_63' title="bbox 722 5466 1348 5533">
     <span class='ocr_line' id='line_1_64' title="bbox 722 5466 1348 5533; baseline 0 -15"><span class='ocrx_word' id='word_1_421' title='bbox 722 5466 1030 5520; x_wconf 73' lang='lat' dir='ltr'><strong>adulterum</strong></span> <span class='ocrx_word' id='word_1_422' title='bbox 1069 5469 1348 5533; x_wconf 85' lang='lat' dir='ltr'><strong>acceperit.</strong></span> 
     </span>
    </p>
   </div>
   <div class='ocr_carea' id='block_1_64' title="bbox 263 5549 1884 5624">
    <p class='ocr_par' dir='ltr' id='par_1_64' title="bbox 263 5549 1884 5624">
     <span class='ocr_line' id='line_1_65' title="bbox 263 5549 1884 5624; baseline -0.002 -17"><span class='ocrx_word' id='word_1_423' title='bbox 263 5553 382 5618; x_wconf 73' lang='lat' dir='ltr'><strong>(Ea:</strong></span> <span class='ocrx_word' id='word_1_424' title='bbox 424 5553 627 5620; x_wconf 86' lang='lat' dir='ltr'><strong>eodem,</strong></span> <span class='ocrx_word' id='word_1_425' title='bbox 693 5557 868 5624; x_wconf 86' lang='lat' dir='ltr'><strong>capite</strong></span> <span class='ocrx_word' id='word_1_426' title='bbox 919 5556 995 5624; x_wconf 86' lang='lat'><strong>9.)</strong></span> <span class='ocrx_word' id='word_1_427' title='bbox 1056 5555 1198 5608; x_wconf 89' lang='lat' dir='ltr'><strong>Item</strong></span> <span class='ocrx_word' id='word_1_428' title='bbox 1251 5552 1463 5608; x_wconf 79' lang='lat' dir='ltr'><strong>femina</strong></span> <span class='ocrx_word' id='word_1_429' title='bbox 1514 5549 1700 5606; x_wconf 89' lang='lat' dir='ltr'><strong>ﬁdelis</strong></span> <span class='ocrx_word' id='word_1_430' title='bbox 1756 5567 1884 5622; x_wconf 65' lang='lat' dir='ltr'><strong>qua:</strong></span> 
     </span>
    </p>
   </div>
   <div class='ocr_carea' id='block_1_65' title="bbox 1947 510 3645 582">
    <p class='ocr_par' dir='ltr' id='par_1_65' title="bbox 1947 510 3645 582">
     <span class='ocr_line' id='line_1_66' title="bbox 1947 510 3645 582; baseline 0.002 -18"><span class='ocrx_word' id='word_1_431' title='bbox 1947 510 2122 577; x_wconf 88' lang='lat' dir='ltr'><strong>ducit,</strong></span> <span class='ocrx_word' id='word_1_432' title='bbox 2157 511 2534 580; x_wconf 88' lang='lat' dir='ltr'><strong>prohibeatur</strong></span> <span class='ocrx_word' id='word_1_433' title='bbox 2563 527 2635 565; x_wconf 92' lang='lat' dir='ltr'><strong>ne</strong></span> <span class='ocrx_word' id='word_1_434' title='bbox 2663 511 2852 565; x_wconf 88' lang='lat' dir='ltr'><strong>ducat.</strong></span> <span class='ocrx_word' id='word_1_435' title='bbox 2901 511 2959 568; x_wconf 90' lang='lat' dir='ltr'><strong>Si</strong></span> <span class='ocrx_word' id='word_1_436' title='bbox 3012 519 3202 567; x_wconf 83' lang='lat' dir='ltr'><strong>autem</strong></span> <span class='ocrx_word' id='word_1_437' title='bbox 3252 514 3497 582; x_wconf 76' lang='lat' dir='ltr'><strong>duxerit,</strong></span> <span class='ocrx_word' id='word_1_438' title='bbox 3528 530 3645 568; x_wconf 91' lang='lat' dir='ltr'><strong>non</strong></span> 
     </span>
    </p>
   </div>
   <div class='ocr_carea' id='block_1_66' title="bbox 1947 600 3649 673">
    <p class='ocr_par' dir='ltr' id='par_1_66' title="bbox 1947 600 3649 673">
     <span class='ocr_line' id='line_1_67' title="bbox 1947 600 3649 673; baseline 0.003 -21"><span class='ocrx_word' id='word_1_439' title='bbox 1947 600 2105 670; x_wconf 90' lang='lat' dir='ltr'><strong>prius</strong></span> <span class='ocrx_word' id='word_1_440' title='bbox 2135 601 2377 670; x_wconf 90' lang='lat' dir='ltr'><strong>accipiat</strong></span> <span class='ocrx_word' id='word_1_441' title='bbox 2401 600 2872 654; x_wconf 90' lang='lat' dir='ltr'><strong>communionem</strong></span> <span class='ocrx_word' id='word_1_442' title='bbox 2906 616 3077 671; x_wconf 88' lang='lat' dir='ltr'><strong>quam</strong></span> <span class='ocrx_word' id='word_1_443' title='bbox 3120 601 3166 654; x_wconf 91' lang='lat' dir='ltr'><strong>is</strong></span> <span class='ocrx_word' id='word_1_444' title='bbox 3197 617 3367 671; x_wconf 90' lang='lat' dir='ltr'><strong>quem</strong></span> <span class='ocrx_word' id='word_1_445' title='bbox 3414 603 3649 673; x_wconf 81' lang='lat' dir='ltr'><strong>reliquit</strong></span> 
     </span>
    </p>
   </div>
   <div class='ocr_carea' id='block_1_67' title="bbox 1949 688 3646 755">
    <p class='ocr_par' dir='ltr' id='par_1_67' title="bbox 1949 688 3646 755">
     <span class='ocr_line' id='line_1_68' title="bbox 1949 688 3646 755; baseline 0.001 -13"><span class='ocrx_word' id='word_1_446' title='bbox 1949 689 2018 742; x_wconf 92' lang='lat' dir='ltr'><strong>de</strong></span> <span class='ocrx_word' id='word_1_447' title='bbox 2040 689 2248 742; x_wconf 66' lang='lat' dir='ltr'><strong>sxeculo</strong></span> <span class='ocrx_word' id='word_1_448' title='bbox 2281 689 2504 755; x_wconf 85' lang='lat' dir='ltr'><strong>exierit,</strong></span> <span class='ocrx_word' id='word_1_449' title='bbox 2571 688 2680 742; x_wconf 88' lang='lat' dir='ltr'><strong>nisi</strong></span> <span class='ocrx_word' id='word_1_450' title='bbox 2732 689 2879 742; x_wconf 89' lang='lat' dir='ltr'><strong>forte</strong></span> <span class='ocrx_word' id='word_1_451' title='bbox 2939 688 3245 743; x_wconf 87' lang='lat' dir='ltr'><strong>necessitas</strong></span> <span class='ocrx_word' id='word_1_452' title='bbox 3294 689 3646 744; x_wconf 86' lang='lat' dir='ltr'><strong>inﬁrmitatis</strong></span> 
     </span>
    </p>
   </div>
   <div class='ocr_carea' id='block_1_68' title="bbox 1949 779 2479 847">
    <p class='ocr_par' dir='ltr' id='par_1_68' title="bbox 1949 779 2479 847">
     <span class='ocr_line' id='line_1_69' title="bbox 1949 779 2479 847; baseline 0 -15"><span class='ocrx_word' id='word_1_453' title='bbox 1949 779 2084 832; x_wconf 88' lang='lat' dir='ltr'><strong>dare</strong></span> <span class='ocrx_word' id='word_1_454' title='bbox 2118 779 2479 847; x_wconf 89' lang='lat' dir='ltr'><strong>compulerit.</strong></span> 
     </span>
    </p>
   </div>
   <div class='ocr_carea' id='block_1_69' title="bbox 1951 867 3649 937">
    <p class='ocr_par' dir='ltr' id='par_1_69' title="bbox 1951 867 3649 937">
     <span class='ocr_line' id='line_1_70' title="bbox 1951 867 3649 937; baseline 0.001 -17"><span class='ocrx_word' id='word_1_455' title='bbox 1951 867 2078 921; x_wconf 68' lang='lat' dir='ltr'><strong>Csp.</strong></span> <span class='ocrx_word' id='word_1_456' title='bbox 2122 868 2292 937; x_wconf 71' lang='lat' dir='ltr'><strong>LXIV.</strong></span> <span class='ocrx_word' id='word_1_457' title='bbox 2328 897 2393 906; x_wconf 90' lang='lat'><strong>-—</strong></span> <span class='ocrx_word' id='word_1_458' title='bbox 2429 867 2580 933; x_wconf 84' lang='lat' dir='ltr'><strong>Quod</strong></span> <span class='ocrx_word' id='word_1_459' title='bbox 2606 881 2777 936; x_wconf 86' lang='lat' dir='ltr'><strong>neque</strong></span> <span class='ocrx_word' id='word_1_460' title='bbox 2816 867 3078 922; x_wconf 85' lang='lat' dir='ltr'><strong>dimissus</strong></span> <span class='ocrx_word' id='word_1_461' title='bbox 3121 867 3189 920; x_wconf 92' lang='lat' dir='ltr'><strong>ab</strong></span> <span class='ocrx_word' id='word_1_462' title='bbox 3240 881 3430 932; x_wconf 72' lang='lat' dir='ltr'><strong>umore,</strong></span> <span class='ocrx_word' id='word_1_463' title='bbox 3479 883 3649 937; x_wconf 84' lang='lat' dir='ltr'><strong>neque</strong></span> 
     </span>
    </p>
   </div>
   <div class='ocr_carea' id='block_1_70' title="bbox 2161 935 3396 1005">
    <p class='ocr_par' dir='ltr' id='par_1_70' title="bbox 2161 935 3396 1005">
     <span class='ocr_line' id='line_1_71' title="bbox 2161 935 3396 1005; baseline 0.002 -14"><span class='ocrx_word' id='word_1_464' title='bbox 2161 935 2173 946; x_wconf 90' lang='grc'><strong>’</strong></span> <span class='ocrx_word' id='word_1_465' title='bbox 2199 939 2435 992; x_wconf 80' lang='lat' dir='ltr'><strong>dimissa</strong></span> <span class='ocrx_word' id='word_1_466' title='bbox 2465 954 2499 991; x_wconf 91' lang='lat' dir='ltr'><strong>a</strong></span> <span class='ocrx_word' id='word_1_467' title='bbox 2535 935 2754 1004; x_wconf 88' lang='lat' dir='ltr'><strong>marito,</strong></span> <span class='ocrx_word' id='word_1_468' title='bbox 2786 939 2946 991; x_wconf 84' lang='lat' dir='ltr'><strong>alteri</strong></span> <span class='ocrx_word' id='word_1_469' title='bbox 2972 939 3396 1005; x_wconf 87' lang='lat' dir='ltr'><strong>conjungantur.</strong></span> 
     </span>
    </p>
   </div>
   <div class='ocr_carea' id='block_1_71' title="bbox 2023 1027 3651 1097">
    <p class='ocr_par' dir='ltr' id='par_1_71' title="bbox 2023 1027 3651 1097">
     <span class='ocr_line' id='line_1_72' title="bbox 2023 1027 3651 1097; baseline -0.001 -16"><span class='ocrx_word' id='word_1_470' title='bbox 2023 1029 2127 1086; x_wconf 59' lang='lat' dir='ltr'><strong>(Ege</strong></span> <span class='ocrx_word' id='word_1_471' title='bbox 2165 1028 2384 1081; x_wconf 84' lang='lat' dir='ltr'><strong>concilio</strong></span> <span class='ocrx_word' id='word_1_472' title='bbox 2416 1028 2699 1092; x_wconf 82' lang='lat' dir='ltr'><strong>Africano,</strong></span> <span class='ocrx_word' id='word_1_473' title='bbox 2733 1030 2909 1096; x_wconf 87' lang='lat' dir='ltr'><strong>capite</strong></span> <span class='ocrx_word' id='word_1_474' title='bbox 2939 1030 3052 1097; x_wconf 85' lang='grc'><strong>63.)</strong></span> <span class='ocrx_word' id='word_1_475' title='bbox 3096 1027 3316 1080; x_wconf 84' lang='lat' dir='ltr'><strong>Placuit</strong></span> <span class='ocrx_word' id='word_1_476' title='bbox 3349 1031 3410 1080; x_wconf 91' lang='lat' dir='ltr'><strong>ut</strong></span> <span class='ocrx_word' id='word_1_477' title='bbox 3447 1042 3651 1080; x_wconf 79' lang='lat' dir='ltr'><strong>secun-</strong></span> 
     </span>
    </p>
   </div>
   <div class='ocr_carea' id='block_1_72' title="bbox 1951 1115 3650 1186">
    <p class='ocr_par' dir='ltr' id='par_1_72' title="bbox 1951 1115 3650 1186">
     <span class='ocr_line' id='line_1_73' title="bbox 1951 1115 3650 1186; baseline 0 -18"><span class='ocrx_word' id='word_1_478' title='bbox 1951 1115 2086 1168; x_wconf 87' lang='lat' dir='ltr'><strong>dum</strong></span> <span class='ocrx_word' id='word_1_479' title='bbox 2118 1115 2505 1184; x_wconf 88' lang='lat' dir='ltr'><strong>evangelicarn</strong></span> <span class='ocrx_word' id='word_1_480' title='bbox 2535 1120 2589 1168; x_wconf 92' lang='lat' dir='ltr'><strong>et</strong></span> <span class='ocrx_word' id='word_1_481' title='bbox 2637 1115 3005 1185; x_wconf 83' lang='lat' dir='ltr'><strong>apostolicam</strong></span> <span class='ocrx_word' id='word_1_482' title='bbox 3049 1115 3430 1186; x_wconf 87' lang='lat' dir='ltr'><strong>disciplinam,</strong></span> <span class='ocrx_word' id='word_1_483' title='bbox 3464 1132 3650 1186; x_wconf 87' lang='lat' dir='ltr'><strong>neque</strong></span> 
     </span>
    </p>
   </div>
   <div class='ocr_carea' id='block_1_73' title="bbox 1953 1202 3650 1273">
    <p class='ocr_par' dir='ltr' id='par_1_73' title="bbox 1953 1202 3650 1273">
     <span class='ocr_line' id='line_1_74' title="bbox 1953 1202 3650 1273; baseline -0.001 -16"><span class='ocrx_word' id='word_1_484' title='bbox 1953 1202 2222 1258; x_wconf 88' lang='lat' dir='ltr'><strong>dimissus</strong></span> <span class='ocrx_word' id='word_1_485' title='bbox 2262 1203 2330 1256; x_wconf 85' lang='lat' dir='ltr'><strong>ab</strong></span> <span class='ocrx_word' id='word_1_486' title='bbox 2373 1219 2564 1270; x_wconf 81' lang='lat' dir='ltr'><strong>uxore,</strong></span> <span class='ocrx_word' id='word_1_487' title='bbox 2611 1219 2796 1273; x_wconf 91' lang='lat' dir='ltr'><strong>neque</strong></span> <span class='ocrx_word' id='word_1_488' title='bbox 2854 1204 3144 1258; x_wconf 88' lang='lat' dir='ltr'><strong>dimissaa</strong></span> <span class='ocrx_word' id='word_1_489' title='bbox 3193 1204 3420 1269; x_wconf 87' lang='lat' dir='ltr'><strong>marito,</strong></span> <span class='ocrx_word' id='word_1_490' title='bbox 3484 1202 3650 1257; x_wconf 90' lang='lat' dir='ltr'><strong>alteri</strong></span> 
     </span>
    </p>
   </div>
   <div class='ocr_carea' id='block_1_74' title="bbox 1953 1287 3650 1359">
    <p class='ocr_par' dir='ltr' id='par_1_74' title="bbox 1953 1287 3650 1359">
     <span class='ocr_line' id='line_1_75' title="bbox 1953 1287 3650 1359; baseline 0.001 -19"><span class='ocrx_word' id='word_1_491' title='bbox 1953 1289 2395 1359; x_wconf 85' lang='lat' dir='ltr'><strong>conjuugantur,</strong></span> <span class='ocrx_word' id='word_1_492' title='bbox 2427 1287 2527 1342; x_wconf 88' lang='lat' dir='ltr'><strong>sed</strong></span> <span class='ocrx_word' id='word_1_493' title='bbox 2584 1289 2661 1358; x_wconf 85' lang='lat' dir='ltr'><strong>ita</strong></span> <span class='ocrx_word' id='word_1_494' title='bbox 2707 1295 2994 1355; x_wconf 89' lang='lat' dir='ltr'><strong>maneant,</strong></span> <span class='ocrx_word' id='word_1_495' title='bbox 3041 1295 3139 1344; x_wconf 90' lang='lat' dir='ltr'><strong>aut</strong></span> <span class='ocrx_word' id='word_1_496' title='bbox 3180 1289 3410 1344; x_wconf 89' lang='lat' dir='ltr'><strong>sibimet</strong></span> <span class='ocrx_word' id='word_1_497' title='bbox 3449 1305 3650 1344; x_wconf 90' lang='lat' dir='ltr'><strong>recon-</strong></span> 
     </span>
    </p>
   </div>
   <div class='ocr_carea' id='block_1_75' title="bbox 1953 1377 3649 1450">
    <p class='ocr_par' dir='ltr' id='par_1_75' title="bbox 1953 1377 3649 1450">
     <span class='ocr_line' id='line_1_76' title="bbox 1953 1377 3649 1450; baseline 0.001 -21"><span class='ocrx_word' id='word_1_498' title='bbox 1953 1377 2236 1430; x_wconf 90' lang='lat' dir='ltr'><strong>cilientur.</strong></span> <span class='ocrx_word' id='word_1_499' title='bbox 2287 1377 2450 1442; x_wconf 86' lang='lat' dir='ltr'><strong>Quod</strong></span> <span class='ocrx_word' id='word_1_500' title='bbox 2509 1377 2556 1430; x_wconf 92' lang='lat' dir='ltr'><strong>si</strong></span> <span class='ocrx_word' id='word_1_501' title='bbox 2604 1378 3074 1450; x_wconf 84' lang='lat' dir='ltr'><strong>contempserint,</strong></span> <span class='ocrx_word' id='word_1_502' title='bbox 3123 1378 3192 1432; x_wconf 86' lang='lat' dir='ltr'><strong>ad</strong></span> <span class='ocrx_word' id='word_1_503' title='bbox 3252 1377 3649 1450; x_wconf 69' lang='lat' dir='ltr'><strong>paenitentiam</strong></span> 
     </span>
    </p>
   </div>
   <div class='ocr_carea' id='block_1_76' title="bbox 1954 1465 2304 1534">
    <p class='ocr_par' dir='ltr' id='par_1_76' title="bbox 1954 1465 2304 1534">
     <span class='ocr_line' id='line_1_77' title="bbox 1954 1465 2304 1534; baseline 0 -16"><span class='ocrx_word' id='word_1_504' title='bbox 1954 1465 2304 1534; x_wconf 77' lang='lat' dir='ltr'><strong>redigantur.</strong></span> 
     </span>
    </p>
   </div>
   <div class='ocr_carea' id='block_1_77' title="bbox 1956 1553 3653 1622">
    <p class='ocr_par' dir='ltr' id='par_1_77' title="bbox 1956 1553 3653 1622">
     <span class='ocr_line' id='line_1_78' title="bbox 1956 1553 3653 1622; baseline 0.001 -15"><span class='ocrx_word' id='word_1_505' title='bbox 1956 1554 2084 1607; x_wconf 79' lang='lat' dir='ltr'><strong>CAP.</strong></span> <span class='ocrx_word' id='word_1_506' title='bbox 2120 1553 2266 1606; x_wconf 82' lang='lat' dir='ltr'><strong>LXV.</strong></span> <span class='ocrx_word' id='word_1_507' title='bbox 2295 1582 2363 1591; x_wconf 89' lang='lat'><strong>—</strong></span> <span class='ocrx_word' id='word_1_508' title='bbox 2390 1553 2467 1605; x_wconf 89' lang='lat' dir='ltr'><strong>De</strong></span> <span class='ocrx_word' id='word_1_509' title='bbox 2499 1554 2589 1607; x_wconf 87' lang='lat' dir='ltr'><strong>illo</strong></span> <span class='ocrx_word' id='word_1_510' title='bbox 2621 1555 2716 1620; x_wconf 89' lang='lat' dir='ltr'><strong>qui</strong></span> <span class='ocrx_word' id='word_1_511' title='bbox 2735 1555 2945 1606; x_wconf 65' lang='lat' dir='ltr'><strong>vivente</strong></span> <span class='ocrx_word' id='word_1_512' title='bbox 2974 1556 3171 1608; x_wconf 86' lang='lat' dir='ltr'><strong>marito</strong></span> <span class='ocrx_word' id='word_1_513' title='bbox 3193 1555 3472 1622; x_wconf 85' lang='lat' dir='ltr'><strong>conjugem</strong></span> <span class='ocrx_word' id='word_1_514' title='bbox 3502 1554 3653 1608; x_wconf 80' lang='lat' dir='ltr'><strong>illius</strong></span> 
     </span>
    </p>
   </div>
   <div class='ocr_carea' id='block_1_78' title="bbox 2027 1623 3652 1694">
    <p class='ocr_par' dir='ltr' id='par_1_78' title="bbox 2027 1623 3652 1694">
     <span class='ocr_line' id='line_1_79' title="bbox 2027 1623 3652 1694; baseline 0 -18"><span class='ocrx_word' id='word_1_515' title='bbox 2027 1623 2717 1694; x_wconf 15' lang='lat' dir='ltr'><strong>adutterasseiaccusatur,</strong></span> <span class='ocrx_word' id='word_1_516' title='bbox 2775 1630 2826 1678; x_wconf 88' lang='lat' dir='ltr'><strong>et</strong></span> <span class='ocrx_word' id='word_1_517' title='bbox 2874 1641 2991 1678; x_wconf 86' lang='lat' dir='ltr'><strong>eum</strong></span> <span class='ocrx_word' id='word_1_518' title='bbox 3064 1629 3186 1694; x_wconf 87' lang='lat' dir='ltr'><strong>post</strong></span> <span class='ocrx_word' id='word_1_519' title='bbox 3256 1627 3371 1693; x_wconf 74' lang='lat' dir='ltr'><strong>ejus</strong></span> <span class='ocrx_word' id='word_1_520' title='bbox 3449 1626 3652 1677; x_wconf 84' lang='lat' dir='ltr'><strong>obitum</strong></span> 
     </span>
    </p>
   </div>
   <div class='ocr_carea' id='block_1_79' title="bbox 2029 1693 2708 1762">
    <p class='ocr_par' dir='ltr' id='par_1_79' title="bbox 2029 1693 2708 1762">
     <span class='ocr_line' id='line_1_80' title="bbox 2029 1693 2708 1762; baseline 0 -15"><span class='ocrx_word' id='word_1_521' title='bbox 2029 1696 2321 1762; x_wconf 87' lang='lat' dir='ltr'><strong>sumpsisse</strong></span> <span class='ocrx_word' id='word_1_522' title='bbox 2353 1693 2708 1760; x_wconf 66' lang='lat' dir='ltr'><strong>dig-noscitur.</strong></span> 
     </span>
    </p>
   </div>
   <div class='ocr_carea' id='block_1_80' title="bbox 2029 1781 3653 1852">
    <p class='ocr_par' dir='ltr' id='par_1_80' title="bbox 2029 1781 3653 1852">
     <span class='ocr_line' id='line_1_81' title="bbox 2029 1781 3653 1852; baseline -0.002 -16"><span class='ocrx_word' id='word_1_523' title='bbox 2029 1781 2136 1852; x_wconf 76' lang='lat' dir='ltr'><strong>(Ea:</strong></span> <span class='ocrx_word' id='word_1_524' title='bbox 2185 1784 2408 1836; x_wconf 86' lang='lat' dir='ltr'><strong>concilio</strong></span> <span class='ocrx_word' id='word_1_525' title='bbox 2463 1782 2743 1837; x_wconf 83' lang='lat' dir='ltr'><strong>Meldensi.</strong></span> <span class='ocrx_word' id='word_1_526' title='bbox 2798 1785 2972 1851; x_wconf 86' lang='lat' dir='ltr'><strong>capite</strong></span> <span class='ocrx_word' id='word_1_527' title='bbox 3023 1784 3107 1837; x_wconf 88' lang='lat'><strong>69.</strong></span> <span class='ocrx_word' id='word_1_528' title='bbox 3118 1811 3134 1852; x_wconf 57' lang='grc' dir='ltr'><em>λ</em></span> <span class='ocrx_word' id='word_1_529' title='bbox 3175 1783 3224 1835; x_wconf 88' lang='lat' dir='ltr'><strong>Is</strong></span> <span class='ocrx_word' id='word_1_530' title='bbox 3283 1781 3382 1852; x_wconf 91' lang='lat' dir='ltr'><strong>qui</strong></span> <span class='ocrx_word' id='word_1_531' title='bbox 3429 1782 3653 1834; x_wconf 88' lang='lat' dir='ltr'><strong>vivente</strong></span> 
     </span>
    </p>
   </div>
   <div class='ocr_carea' id='block_1_81' title="bbox 1959 1870 3653 1941">
    <p class='ocr_par' dir='ltr' id='par_1_81' title="bbox 1959 1870 3653 1941">
     <span class='ocr_line' id='line_1_82' title="bbox 1959 1870 3653 1941; baseline -0.001 -18"><span class='ocrx_word' id='word_1_532' title='bbox 1959 1871 2164 1924; x_wconf 86' lang='lat' dir='ltr'><strong>marito</strong></span> <span class='ocrx_word' id='word_1_533' title='bbox 2184 1870 2490 1941; x_wconf 89' lang='lat' dir='ltr'><strong>conjugem</strong></span> <span class='ocrx_word' id='word_1_534' title='bbox 2529 1871 2684 1924; x_wconf 90' lang='lat' dir='ltr'><strong>illius</strong></span> <span class='ocrx_word' id='word_1_535' title='bbox 2741 1871 3087 1925; x_wconf 87' lang='lat' dir='ltr'><strong>adulterasse</strong></span> <span class='ocrx_word' id='word_1_536' title='bbox 3142 1876 3454 1936; x_wconf 87' lang='lat' dir='ltr'><strong>accusatur,</strong></span> <span class='ocrx_word' id='word_1_537' title='bbox 3505 1876 3562 1922; x_wconf 91' lang='lat' dir='ltr'><strong>et</strong></span> <span class='ocrx_word' id='word_1_538' title='bbox 3587 1884 3653 1922; x_wconf 92' lang='lat' dir='ltr'><strong>eo</strong></span> 
     </span>
    </p>
   </div>
   <div class='ocr_carea' id='block_1_82' title="bbox 1958 1957 3653 2029">
    <p class='ocr_par' dir='ltr' id='par_1_82' title="bbox 1958 1957 3653 2029">
     <span class='ocr_line' id='line_1_83' title="bbox 1958 1957 3653 2029; baseline -0.002 -18"><span class='ocrx_word' id='word_1_539' title='bbox 1958 1958 2019 2012; x_wconf 91' lang='lat' dir='ltr'><strong>in</strong></span> <span class='ocrx_word' id='word_1_540' title='bbox 2041 1959 2301 2028; x_wconf 84' lang='lat' dir='ltr'><strong>proximo</strong></span> <span class='ocrx_word' id='word_1_541' title='bbox 2325 1959 2591 2013; x_wconf 81' lang='lat' dir='ltr'><strong>defuncto</strong></span> <span class='ocrx_word' id='word_1_542' title='bbox 2625 1960 2883 2013; x_wconf 85' lang='lat' dir='ltr'><strong>eamdem</strong></span> <span class='ocrx_word' id='word_1_543' title='bbox 2925 1959 3235 2028; x_wconf 86' lang='lat' dir='ltr'><strong>sumpsisse</strong></span> <span class='ocrx_word' id='word_1_544' title='bbox 3278 1957 3653 2029; x_wconf 89' lang='lat' dir='ltr'><strong>dignoscitur,</strong></span> 
     </span>
    </p>
   </div>
   <div class='ocr_carea' id='block_1_83' title="bbox 1960 2047 3654 2118">
    <p class='ocr_par' dir='ltr' id='par_1_83' title="bbox 1960 2047 3654 2118">
     <span class='ocr_line' id='line_1_84' title="bbox 1960 2047 3654 2118; baseline -0.004 -16"><span class='ocrx_word' id='word_1_545' title='bbox 1960 2047 2307 2102; x_wconf 89' lang='lat' dir='ltr'><strong>omnimodis</strong></span> <span class='ocrx_word' id='word_1_546' title='bbox 2364 2047 2606 2118; x_wconf 61' lang='lat' dir='ltr'><strong>publicai</strong></span> <span class='ocrx_word' id='word_1_547' title='bbox 2635 2049 2987 2118; x_wconf 73' lang='lat' dir='ltr'><strong>poenitentia:</strong></span> <span class='ocrx_word' id='word_1_548' title='bbox 3048 2047 3359 2116; x_wconf 79' lang='lat' dir='ltr'><strong>subigatur.</strong></span> <span class='ocrx_word' id='word_1_549' title='bbox 3423 2047 3500 2100; x_wconf 89' lang='lat' dir='ltr'><strong>De</strong></span> <span class='ocrx_word' id='word_1_550' title='bbox 3540 2060 3654 2114; x_wconf 88' lang='lat' dir='ltr'><strong>quo</strong></span> 
     </span>
    </p>
   </div>
   <div class='ocr_carea' id='block_1_84' title="bbox 1959 2133 3657 2206">
    <p class='ocr_par' dir='ltr' id='par_1_84' title="bbox 1959 2133 3657 2206">
     <span class='ocr_line' id='line_1_85' title="bbox 1959 2133 3657 2206; baseline -0.004 -16"><span class='ocrx_word' id='word_1_551' title='bbox 1959 2137 2133 2190; x_wconf 88' lang='lat' dir='ltr'><strong>etiam</strong></span> <span class='ocrx_word' id='word_1_552' title='bbox 2165 2141 2295 2205; x_wconf 92' lang='lat' dir='ltr'><strong>post</strong></span> <span class='ocrx_word' id='word_1_553' title='bbox 2333 2135 2729 2206; x_wconf 71' lang='lat' dir='ltr'><strong>paenitentiam</strong></span> <span class='ocrx_word' id='word_1_554' title='bbox 2762 2136 3019 2205; x_wconf 64' lang='lat' dir='ltr'><strong>praefata,</strong></span> <span class='ocrx_word' id='word_1_555' title='bbox 3049 2136 3096 2188; x_wconf 90' lang='lat' dir='ltr'><strong>si</strong></span> <span class='ocrx_word' id='word_1_556' title='bbox 3163 2133 3495 2204; x_wconf 79' lang='lat' dir='ltr'><strong>expedierit,</strong></span> <span class='ocrx_word' id='word_1_557' title='bbox 3543 2147 3657 2185; x_wconf 78' lang='lat' dir='ltr'><strong>ser~</strong></span> 
     </span>
    </p>
   </div>
   <div class='ocr_carea' id='block_1_85' title="bbox 1959 2220 3655 2294">
    <p class='ocr_par' dir='ltr' id='par_1_85' title="bbox 1959 2220 3655 2294">
     <span class='ocr_line' id='line_1_86' title="bbox 1959 2220 3655 2294; baseline -0.002 -17"><span class='ocrx_word' id='word_1_558' title='bbox 1959 2225 2186 2279; x_wconf 88' lang='lat' dir='ltr'><strong>vabitur</strong></span> <span class='ocrx_word' id='word_1_559' title='bbox 2215 2226 2431 2294; x_wconf 85' lang='lat' dir='ltr'><strong>regula,</strong></span> <span class='ocrx_word' id='word_1_560' title='bbox 2466 2224 2576 2277; x_wconf 87' lang='lat' dir='ltr'><strong>nisi</strong></span> <span class='ocrx_word' id='word_1_561' title='bbox 2602 2225 2766 2292; x_wconf 84' lang='lat' dir='ltr'><strong>forte,</strong></span> <span class='ocrx_word' id='word_1_562' title='bbox 2796 2225 2852 2277; x_wconf 93' lang='lat' dir='ltr'><strong>id</strong></span> <span class='ocrx_word' id='word_1_563' title='bbox 2907 2231 3009 2291; x_wconf 86' lang='lat' dir='ltr'><strong>est,</strong></span> <span class='ocrx_word' id='word_1_564' title='bbox 3068 2229 3166 2278; x_wconf 89' lang='lat' dir='ltr'><strong>aut</strong></span> <span class='ocrx_word' id='word_1_565' title='bbox 3209 2223 3418 2277; x_wconf 88' lang='lat' dir='ltr'><strong>mulier</strong></span> <span class='ocrx_word' id='word_1_566' title='bbox 3469 2220 3655 2274; x_wconf 90' lang='lat' dir='ltr'><strong>virum</strong></span> 
     </span>
    </p>
   </div>
   <div class='ocr_carea' id='block_1_86' title="bbox 1962 2307 3653 2385">
    <p class='ocr_par' dir='ltr' id='par_1_86' title="bbox 1962 2307 3653 2385">
     <span class='ocr_line' id='line_1_87' title="bbox 1962 2307 3653 2385; baseline -0.002 -21"><span class='ocrx_word' id='word_1_567' title='bbox 1962 2315 2059 2385; x_wconf 86' lang='lat' dir='ltr'><strong>qui</strong></span> <span class='ocrx_word' id='word_1_568' title='bbox 2107 2318 2366 2367; x_wconf 89' lang='lat' dir='ltr'><strong>mortuus</strong></span> <span class='ocrx_word' id='word_1_569' title='bbox 2412 2313 2597 2366; x_wconf 87' lang='lat' dir='ltr'><strong>fuerat</strong></span> <span class='ocrx_word' id='word_1_570' title='bbox 2638 2313 2908 2366; x_wconf 89' lang='lat' dir='ltr'><strong>occidisse</strong></span> <span class='ocrx_word' id='word_1_571' title='bbox 2963 2317 3212 2377; x_wconf 90' lang='lat' dir='ltr'><strong>notetur,</strong></span> <span class='ocrx_word' id='word_1_572' title='bbox 3273 2318 3372 2364; x_wconf 88' lang='lat' dir='ltr'><strong>aut</strong></span> <span class='ocrx_word' id='word_1_573' title='bbox 3419 2307 3653 2381; x_wconf 87' lang='lat' dir='ltr'><strong>propin-</strong></span> 
     </span>
    </p>
   </div>
   <div class='ocr_carea' id='block_1_87' title="bbox 1962 2396 3653 2473">
    <p class='ocr_par' dir='ltr' id='par_1_87' title="bbox 1962 2396 3653 2473">
     <span class='ocr_line' id='line_1_88' title="bbox 1962 2396 3653 2473; baseline -0.004 -18"><span class='ocrx_word' id='word_1_574' title='bbox 1962 2403 2148 2473; x_wconf 86' lang='lat' dir='ltr'><strong>quitas</strong></span> <span class='ocrx_word' id='word_1_575' title='bbox 2180 2402 2266 2456; x_wconf 89' lang='lat' dir='ltr'><strong>vel</strong></span> <span class='ocrx_word' id='word_1_576' title='bbox 2311 2401 2424 2455; x_wconf 88' lang='lat' dir='ltr'><strong>alia</strong></span> <span class='ocrx_word' id='word_1_577' title='bbox 2478 2401 2749 2471; x_wconf 66' lang='lat' dir='ltr'><strong>quaelibet</strong></span> <span class='ocrx_word' id='word_1_578' title='bbox 2802 2401 2947 2455; x_wconf 89' lang='lat' dir='ltr'><strong>actio</strong></span> <span class='ocrx_word' id='word_1_579' title='bbox 2995 2399 3308 2454; x_wconf 90' lang='lat' dir='ltr'><strong>criminalis</strong></span> <span class='ocrx_word' id='word_1_580' title='bbox 3359 2396 3653 2468; x_wconf 88' lang='lat' dir='ltr'><strong>impediat.</strong></span> 
     </span>
    </p>
   </div>
   <div class='ocr_carea' id='block_1_88' title="bbox 1960 2485 3656 2560">
    <p class='ocr_par' dir='ltr' id='par_1_88' title="bbox 1960 2485 3656 2560">
     <span class='ocr_line' id='line_1_89' title="bbox 1960 2485 3656 2560; baseline -0.004 -18"><span class='ocrx_word' id='word_1_581' title='bbox 1960 2491 2120 2554; x_wconf 88' lang='lat' dir='ltr'><strong>Quod</strong></span> <span class='ocrx_word' id='word_1_582' title='bbox 2153 2490 2202 2543; x_wconf 93' lang='lat' dir='ltr'><strong>si</strong></span> <span class='ocrx_word' id='word_1_583' title='bbox 2228 2491 2533 2560; x_wconf 89' lang='lat' dir='ltr'><strong>probatum</strong></span> <span class='ocrx_word' id='word_1_584' title='bbox 2564 2489 2755 2556; x_wconf 86' lang='lat' dir='ltr'><strong>fuerit,</strong></span> <span class='ocrx_word' id='word_1_585' title='bbox 2807 2489 2926 2543; x_wconf 87' lang='lat' dir='ltr'><strong>sine</strong></span> <span class='ocrx_word' id='word_1_586' title='bbox 2955 2490 3071 2542; x_wconf 90' lang='lat' dir='ltr'><strong>ulla</strong></span> <span class='ocrx_word' id='word_1_587' title='bbox 3109 2505 3207 2559; x_wconf 90' lang='lat' dir='ltr'><strong>spe</strong></span> <span class='ocrx_word' id='word_1_588' title='bbox 3253 2485 3505 2558; x_wconf 86' lang='lat' dir='ltr'><strong>conjugii</strong></span> <span class='ocrx_word' id='word_1_589' title='bbox 3527 2499 3656 2536; x_wconf 92' lang='lat' dir='ltr'><strong>cum</strong></span> 
     </span>
    </p>
   </div>
   <div class='ocr_carea' id='block_1_89' title="bbox 1962 2570 3660 2648">
    <p class='ocr_par' dir='ltr' id='par_1_89' title="bbox 1962 2570 3660 2648">
     <span class='ocr_line' id='line_1_90' title="bbox 1962 2570 3660 2648; baseline -0.006 -15"><span class='ocrx_word' id='word_1_590' title='bbox 1962 2578 2296 2648; x_wconf 64' lang='lat' dir='ltr'><strong>paenitentia</strong></span> <span class='ocrx_word' id='word_1_591' title='bbox 2350 2585 2629 2648; x_wconf 90' lang='lat' dir='ltr'><strong>perpetuo</strong></span> <span class='ocrx_word' id='word_1_592' title='bbox 2669 2581 2956 2631; x_wconf 89' lang='lat' dir='ltr'><strong>maneant.</strong></span> <span class='ocrx_word' id='word_1_593' title='bbox 2996 2577 3053 2630; x_wconf 90' lang='lat' dir='ltr'><strong>Si</strong></span> <span class='ocrx_word' id='word_1_594' title='bbox 3112 2582 3300 2630; x_wconf 87' lang='lat' dir='ltr'><strong>autem</strong></span> <span class='ocrx_word' id='word_1_595' title='bbox 3369 2570 3660 2644; x_wconf 87' lang='lat' dir='ltr'><strong>negaverit</strong></span> 
     </span>
    </p>
   </div>
   <div class='ocr_carea' id='block_1_90' title="bbox 1962 2659 3656 2734">
    <p class='ocr_par' dir='ltr' id='par_1_90' title="bbox 1962 2659 3656 2734">
     <span class='ocr_line' id='line_1_91' title="bbox 1962 2659 3656 2734; baseline -0.006 -14"><span class='ocrx_word' id='word_1_596' title='bbox 1962 2682 2021 2721; x_wconf 91' lang='lat' dir='ltr'><strong>se</strong></span> <span class='ocrx_word' id='word_1_597' title='bbox 2053 2666 2312 2720; x_wconf 88' lang='lat' dir='ltr'><strong>eamdem</strong></span> <span class='ocrx_word' id='word_1_598' title='bbox 2360 2665 2632 2719; x_wconf 82' lang='lat' dir='ltr'><strong>feminam</strong></span> <span class='ocrx_word' id='word_1_599' title='bbox 2667 2665 2890 2718; x_wconf 87' lang='lat' dir='ltr'><strong>vivente</strong></span> <span class='ocrx_word' id='word_1_600' title='bbox 2919 2665 3038 2718; x_wconf 89' lang='lat' dir='ltr'><strong>viro</strong></span> <span class='ocrx_word' id='word_1_601' title='bbox 3080 2677 3446 2734; x_wconf 79' lang='lat' dir='ltr'><strong>nequaquam</strong></span> <span class='ocrx_word' id='word_1_602' title='bbox 3499 2659 3656 2713; x_wconf 87' lang='lat' dir='ltr'><strong>adul-</strong></span> 
     </span>
    </p>
   </div>
   <div class='ocr_carea' id='block_1_91' title="bbox 1962 2747 3658 2825">
    <p class='ocr_par' dir='ltr' id='par_1_91' title="bbox 1962 2747 3658 2825">
     <span class='ocr_line' id='line_1_92' title="bbox 1962 2747 3658 2825; baseline -0.006 -16"><span class='ocrx_word' id='word_1_603' title='bbox 1962 2761 2198 2820; x_wconf 89' lang='lat' dir='ltr'><strong>terasse,</strong></span> <span class='ocrx_word' id='word_1_604' title='bbox 2228 2759 2284 2808; x_wconf 89' lang='lat' dir='ltr'><strong>et</strong></span> <span class='ocrx_word' id='word_1_605' title='bbox 2313 2753 2532 2825; x_wconf 72' lang='lat' dir='ltr'><strong>praefati</strong></span> <span class='ocrx_word' id='word_1_606' title='bbox 2554 2753 2851 2808; x_wconf 89' lang='lat' dir='ltr'><strong>homicidii</strong></span> <span class='ocrx_word' id='word_1_607' title='bbox 2882 2759 3083 2807; x_wconf 87' lang='lat' dir='ltr'><strong>neuter</strong></span> <span class='ocrx_word' id='word_1_608' title='bbox 3098 2769 3295 2807; x_wconf 89' lang='lat' dir='ltr'><strong>eorum</strong></span> <span class='ocrx_word' id='word_1_609' title='bbox 3328 2766 3455 2803; x_wconf 89' lang='lat' dir='ltr'><strong>reus</strong></span> <span class='ocrx_word' id='word_1_610' title='bbox 3487 2747 3658 2802; x_wconf 84' lang='lat' dir='ltr'><strong>exsti-</strong></span> 
     </span>
    </p>
   </div>
   <div class='ocr_carea' id='block_1_92' title="bbox 1961 2835 3660 2914">
    <p class='ocr_par' dir='ltr' id='par_1_92' title="bbox 1961 2835 3660 2914">
     <span class='ocr_line' id='line_1_93' title="bbox 1961 2835 3660 2914; baseline -0.006 -16"><span class='ocrx_word' id='word_1_611' title='bbox 1961 2844 2115 2910; x_wconf 89' lang='lat' dir='ltr'><strong>terit,</strong></span> <span class='ocrx_word' id='word_1_612' title='bbox 2172 2849 2228 2897; x_wconf 92' lang='lat' dir='ltr'><strong>et</strong></span> <span class='ocrx_word' id='word_1_613' title='bbox 2282 2843 2533 2914; x_wconf 81' lang='lat' dir='ltr'><strong>probatis</strong></span> <span class='ocrx_word' id='word_1_614' title='bbox 2584 2843 2823 2897; x_wconf 90' lang='lat' dir='ltr'><strong>testibus</strong></span> <span class='ocrx_word' id='word_1_615' title='bbox 2875 2848 3080 2896; x_wconf 88' lang='lat' dir='ltr'><strong>neuter</strong></span> <span class='ocrx_word' id='word_1_616' title='bbox 3137 2856 3340 2895; x_wconf 90' lang='lat' dir='ltr'><strong>eorum</strong></span> <span class='ocrx_word' id='word_1_617' title='bbox 3399 2835 3660 2892; x_wconf 90' lang='lat' dir='ltr'><strong>convinci</strong></span> 
     </span>
    </p>
   </div>
   <div class='ocr_carea' id='block_1_93' title="bbox 1966 2925 3666 3003">
    <p class='ocr_par' dir='ltr' id='par_1_93' title="bbox 1966 2925 3666 3003">
     <span class='ocr_line' id='line_1_94' title="bbox 1966 2925 3666 3003; baseline -0.006 -17"><span class='ocrx_word' id='word_1_618' title='bbox 1966 2931 2238 3003; x_wconf 90' lang='lat' dir='ltr'><strong>potuerit,</strong></span> <span class='ocrx_word' id='word_1_619' title='bbox 2261 2936 2510 3002; x_wconf 88' lang='lat' dir='ltr'><strong>purgent</strong></span> <span class='ocrx_word' id='word_1_620' title='bbox 2539 2931 2801 3001; x_wconf 90' lang='lat' dir='ltr'><strong>legaliter</strong></span> <span class='ocrx_word' id='word_1_621' title='bbox 2850 2931 3062 2985; x_wconf 88' lang='lat' dir='ltr'><strong>famam</strong></span> <span class='ocrx_word' id='word_1_622' title='bbox 3092 2946 3209 2984; x_wconf 71' lang='lat' dir='ltr'><strong>suae</strong></span> <span class='ocrx_word' id='word_1_623' title='bbox 3251 2925 3558 2998; x_wconf 89' lang='lat' dir='ltr'><strong>opinionis,</strong></span> <span class='ocrx_word' id='word_1_624' title='bbox 3609 2927 3666 2976; x_wconf 90' lang='lat' dir='ltr'><strong>et</strong></span> 
     </span>
    </p>
   </div>
   <div class='ocr_carea' id='block_1_94' title="bbox 1970 3017 3662 3090">
    <p class='ocr_par' dir='ltr' id='par_1_94' title="bbox 1970 3017 3662 3090">
     <span class='ocr_line' id='line_1_95' title="bbox 1970 3017 3662 3090; baseline -0.006 -15"><span class='ocrx_word' id='word_1_625' title='bbox 1970 3027 2197 3090; x_wconf 91' lang='lat' dir='ltr'><strong>sumpto</strong></span> <span class='ocrx_word' id='word_1_626' title='bbox 2255 3026 2489 3074; x_wconf 88' lang='lat' dir='ltr'><strong>utantur</strong></span> <span class='ocrx_word' id='word_1_627' title='bbox 2531 3021 2820 3090; x_wconf 81' lang='lat' dir='ltr'><strong>conjugio,</strong></span> <span class='ocrx_word' id='word_1_628' title='bbox 2880 3019 2928 3073; x_wconf 90' lang='lat' dir='ltr'><strong>si</strong></span> <span class='ocrx_word' id='word_1_629' title='bbox 2956 3019 3089 3082; x_wconf 89' lang='lat' dir='ltr'><strong>alia,</strong></span> <span class='ocrx_word' id='word_1_630' title='bbox 3130 3023 3197 3074; x_wconf 91' lang='lat' dir='ltr'><strong>ut</strong></span> <span class='ocrx_word' id='word_1_631' title='bbox 3241 3017 3508 3082; x_wconf 79' lang='lat' dir='ltr'><strong>diximus,</strong></span> <span class='ocrx_word' id='word_1_632' title='bbox 3549 3029 3662 3066; x_wconf 91' lang='lat' dir='ltr'><strong>non</strong></span> 
     </span>
    </p>
   </div>
   <div class='ocr_carea' id='block_1_95' title="bbox 1967 3109 2492 3181">
    <p class='ocr_par' dir='ltr' id='par_1_95' title="bbox 1967 3109 2492 3181">
     <span class='ocr_line' id='line_1_96' title="bbox 1967 3109 2492 3181; baseline -0.004 -17"><span class='ocrx_word' id='word_1_633' title='bbox 1967 3109 2296 3181; x_wconf 85' lang='lat' dir='ltr'><strong>impedierit</strong></span> <span class='ocrx_word' id='word_1_634' title='bbox 2328 3109 2492 3163; x_wconf 89' lang='lat' dir='ltr'><strong>ratio.</strong></span> 
     </span>
    </p>
   </div>
   <div class='ocr_carea' id='block_1_96' title="bbox 2393 3197 3236 3254">
    <p class='ocr_par' dir='ltr' id='par_1_96' title="bbox 2393 3197 3236 3254">
     <span class='ocr_line' id='line_1_97' title="bbox 2393 3197 3236 3254; baseline -0.002 -2"><span class='ocrx_word' id='word_1_635' title='bbox 2393 3199 2518 3252; x_wconf 80' lang='lat' dir='ltr'><strong>CAP.</strong></span> <span class='ocrx_word' id='word_1_636' title='bbox 2556 3198 2729 3254; x_wconf 83' lang='lat' dir='ltr'><strong>LXVI.</strong></span> <span class='ocrx_word' id='word_1_637' title='bbox 2763 3228 2832 3238; x_wconf 92' lang='lat'><strong>—-</strong></span> <span class='ocrx_word' id='word_1_638' title='bbox 2851 3201 2921 3252; x_wconf 90' lang='lat' dir='ltr'><strong>De</strong></span> <span class='ocrx_word' id='word_1_639' title='bbox 2950 3197 3134 3251; x_wconf 85' lang='lat' dir='ltr'><strong>eadem</strong></span> <span class='ocrx_word' id='word_1_640' title='bbox 3160 3211 3236 3251; x_wconf 89' lang='lat' dir='ltr'><strong>re.</strong></span> 
     </span>
    </p>
   </div>
   <div class='ocr_carea' id='block_1_97' title="bbox 2039 3279 3665 3358">
    <p class='ocr_par' dir='ltr' id='par_1_97' title="bbox 2039 3279 3665 3358">
     <span class='ocr_line' id='line_1_98' title="bbox 2039 3279 3665 3358; baseline -0.006 -17"><span class='ocrx_word' id='word_1_641' title='bbox 2039 3287 2155 3358; x_wconf 74' lang='lat' dir='ltr'><strong>(Ea:</strong></span> <span class='ocrx_word' id='word_1_642' title='bbox 2176 3289 2398 3342; x_wconf 88' lang='lat' dir='ltr'><strong>concilio</strong></span> <span class='ocrx_word' id='word_1_643' title='bbox 2433 3287 2630 3340; x_wconf 86' lang='lat' dir='ltr'><strong>Tribur</strong></span> <span class='ocrx_word' id='word_1_644' title='bbox 2661 3328 2674 3351; x_wconf 98' lang='lat'><strong>,</strong></span> <span class='ocrx_word' id='word_1_645' title='bbox 2697 3287 2879 3355; x_wconf 87' lang='lat' dir='ltr'><strong>capite</strong></span> <span class='ocrx_word' id='word_1_646' title='bbox 2917 3288 2988 3352; x_wconf 88' lang='lat'><strong>3.)</strong></span> <span class='ocrx_word' id='word_1_647' title='bbox 3025 3287 3285 3340; x_wconf 79' lang='lat' dir='ltr'><strong>Relatum</strong></span> <span class='ocrx_word' id='word_1_648' title='bbox 3316 3286 3402 3336; x_wconf 85' lang='lat' dir='ltr'><strong>est</strong></span> <span class='ocrx_word' id='word_1_649' title='bbox 3431 3279 3665 3334; x_wconf 87' lang='lat' dir='ltr'><strong>auribus</strong></span> 
     </span>
    </p>
   </div>
   <div class='ocr_carea' id='block_1_98' title="bbox 1970 3372 3666 3444">
    <p class='ocr_par' dir='ltr' id='par_1_98' title="bbox 1970 3372 3666 3444">
     <span class='ocr_line' id='line_1_99' title="bbox 1970 3372 3666 3444; baseline -0.006 -13"><span class='ocrx_word' id='word_1_650' title='bbox 1970 3381 2296 3431; x_wconf 88' lang='lat' dir='ltr'><strong>sanctorum</strong></span> <span class='ocrx_word' id='word_1_651' title='bbox 2347 3375 2728 3444; x_wconf 88' lang='lat' dir='ltr'><strong>sacerdotum,</strong></span> <span class='ocrx_word' id='word_1_652' title='bbox 2778 3375 3082 3444; x_wconf 89' lang='lat' dir='ltr'><strong>quemdam</strong></span> <span class='ocrx_word' id='word_1_653' title='bbox 3126 3372 3357 3426; x_wconf 89' lang='lat' dir='ltr'><strong>alterius</strong></span> <span class='ocrx_word' id='word_1_654' title='bbox 3421 3384 3666 3422; x_wconf 82' lang='lat' dir='ltr'><strong>uxorem</strong></span> 
     </span>
    </p>
   </div>
   <div class='ocr_carea' id='block_1_99' title="bbox 1970 3457 3664 3534">
    <p class='ocr_par' dir='ltr' id='par_1_99' title="bbox 1970 3457 3664 3534">
     <span class='ocr_line' id='line_1_100' title="bbox 1970 3457 3664 3534; baseline -0.006 -17"><span class='ocrx_word' id='word_1_655' title='bbox 1970 3469 2168 3534; x_wconf 89' lang='lat' dir='ltr'><strong>stupro</strong></span> <span class='ocrx_word' id='word_1_656' title='bbox 2202 3463 2459 3516; x_wconf 89' lang='lat' dir='ltr'><strong>violasse:</strong></span> <span class='ocrx_word' id='word_1_657' title='bbox 2494 3463 2728 3533; x_wconf 90' lang='lat' dir='ltr'><strong>insuper</strong></span> <span class='ocrx_word' id='word_1_658' title='bbox 2757 3467 2812 3514; x_wconf 90' lang='lat' dir='ltr'><strong>et</strong></span> <span class='ocrx_word' id='word_1_659' title='bbox 2839 3463 3093 3525; x_wconf 66' lang='lat' dir='ltr'><strong>moechae,</strong></span> <span class='ocrx_word' id='word_1_660' title='bbox 3125 3460 3347 3513; x_wconf 90' lang='lat' dir='ltr'><strong>vivente</strong></span> <span class='ocrx_word' id='word_1_661' title='bbox 3378 3457 3498 3510; x_wconf 89' lang='lat' dir='ltr'><strong>viro</strong></span> <span class='ocrx_word' id='word_1_662' title='bbox 3543 3471 3664 3520; x_wconf 90' lang='lat' dir='ltr'><strong>suo,</strong></span> 
     </span>
    </p>
   </div>
   <div class='ocr_carea' id='block_1_100' title="bbox 1964 3546 3669 3624">
    <p class='ocr_par' dir='ltr' id='par_1_100' title="bbox 1964 3546 3669 3624">
     <span class='ocr_line' id='line_1_101' title="bbox 1964 3546 3669 3624; baseline -0.007 -17"><span class='ocrx_word' id='word_1_663' title='bbox 1964 3554 2360 3624; x_wconf 86' lang='lat' dir='ltr'><strong>juramentum</strong></span> <span class='ocrx_word' id='word_1_664' title='bbox 2392 3550 2634 3616; x_wconf 88' lang='lat' dir='ltr'><strong>dedisse,</strong></span> <span class='ocrx_word' id='word_1_665' title='bbox 2666 3554 2730 3603; x_wconf 92' lang='lat' dir='ltr'><strong>ut</strong></span> <span class='ocrx_word' id='word_1_666' title='bbox 2758 3555 2889 3620; x_wconf 92' lang='lat' dir='ltr'><strong>post</strong></span> <span class='ocrx_word' id='word_1_667' title='bbox 2916 3548 3155 3618; x_wconf 86' lang='lat' dir='ltr'><strong>legitimi</strong></span> <span class='ocrx_word' id='word_1_668' title='bbox 3194 3546 3388 3600; x_wconf 90' lang='lat' dir='ltr'><strong>mariti</strong></span> <span class='ocrx_word' id='word_1_669' title='bbox 3425 3547 3669 3599; x_wconf 90' lang='lat' dir='ltr'><strong>mortem</strong></span> 
     </span>
    </p>
   </div>
   <div class='ocr_carea' id='block_1_101' title="bbox 1974 3633 3669 3710">
    <p class='ocr_par' dir='ltr' id='par_1_101' title="bbox 1974 3633 3669 3710">
     <span class='ocr_line' id='line_1_102' title="bbox 1974 3633 3669 3710; baseline -0.006 -15"><span class='ocrx_word' id='word_1_670' title='bbox 1974 3644 2019 3695; x_wconf 90' lang='lat' dir='ltr'><strong>si</strong></span> <span class='ocrx_word' id='word_1_671' title='bbox 2050 3639 2473 3710; x_wconf 81' lang='lat' dir='ltr'><strong>supervixisset,</strong></span> <span class='ocrx_word' id='word_1_672' title='bbox 2536 3638 2768 3692; x_wconf 87' lang='lat' dir='ltr'><strong>duceret</strong></span> <span class='ocrx_word' id='word_1_673' title='bbox 2825 3655 3080 3691; x_wconf 84' lang='lat' dir='ltr'><strong>uxorem.</strong></span> <span class='ocrx_word' id='word_1_674' title='bbox 3131 3636 3294 3700; x_wconf 85' lang='lat' dir='ltr'><strong>Quod</strong></span> <span class='ocrx_word' id='word_1_675' title='bbox 3350 3639 3408 3688; x_wconf 89' lang='lat' dir='ltr'><strong>et</strong></span> <span class='ocrx_word' id='word_1_676' title='bbox 3455 3633 3669 3687; x_wconf 81' lang='lat' dir='ltr'><strong>factum</strong></span> 
     </span>
    </p>
   </div>
   <div class='ocr_carea' id='block_1_102' title="bbox 1975 3722 3674 3798">
    <p class='ocr_par' dir='ltr' id='par_1_102' title="bbox 1975 3722 3674 3798">
     <span class='ocr_line' id='line_1_103' title="bbox 1975 3722 3674 3798; baseline -0.006 -14"><span class='ocrx_word' id='word_1_677' title='bbox 1975 3733 2078 3784; x_wconf 90' lang='lat' dir='ltr'><strong>est.</strong></span> <span class='ocrx_word' id='word_1_678' title='bbox 2107 3729 2239 3783; x_wconf 90' lang='lat' dir='ltr'><strong>Tale</strong></span> <span class='ocrx_word' id='word_1_679' title='bbox 2291 3726 2466 3798; x_wconf 89' lang='lat' dir='ltr'><strong>igitur</strong></span> <span class='ocrx_word' id='word_1_680' title='bbox 2521 3725 2873 3780; x_wconf 91' lang='lat' dir='ltr'><strong>connubium</strong></span> <span class='ocrx_word' id='word_1_681' title='bbox 2923 3725 3296 3796; x_wconf 90' lang='lat' dir='ltr'><strong>prohibemus</strong></span> <span class='ocrx_word' id='word_1_682' title='bbox 3347 3727 3403 3776; x_wconf 92' lang='lat' dir='ltr'><strong>et</strong></span> <span class='ocrx_word' id='word_1_683' title='bbox 3441 3722 3674 3776; x_wconf 84' lang='lat' dir='ltr'><strong>anathe-</strong></span> 
     </span>
    </p>
   </div>
   <div class='ocr_carea' id='block_1_103' title="bbox 1977 3817 2333 3872">
    <p class='ocr_par' dir='ltr' id='par_1_103' title="bbox 1977 3817 2333 3872">
     <span class='ocr_line' id='line_1_104' title="bbox 1977 3817 2333 3872; baseline -0.003 0"><span class='ocrx_word' id='word_1_684' title='bbox 1977 3817 2333 3872; x_wconf 88' lang='lat' dir='ltr'><strong>matizamus.</strong></span> 
     </span>
    </p>
   </div>
   <div class='ocr_carea' id='block_1_104' title="bbox 1979 3920 3675 3990">
    <p class='ocr_par' dir='ltr' id='par_1_104' title="bbox 1979 3920 3675 3990">
     <span class='ocr_line' id='line_1_105' title="bbox 1979 3920 3675 3990; baseline -0.005 -12"><span class='ocrx_word' id='word_1_685' title='bbox 1979 3925 2105 3980; x_wconf 77' lang='lat' dir='ltr'><strong>CAP.</strong></span> <span class='ocrx_word' id='word_1_686' title='bbox 2143 3922 2340 3978; x_wconf 84' lang='lat' dir='ltr'><strong>LXVII.</strong></span> <span class='ocrx_word' id='word_1_687' title='bbox 2379 3953 2446 3961; x_wconf 89' lang='lat'><strong>-—</strong></span> <span class='ocrx_word' id='word_1_688' title='bbox 2469 3925 2540 3976; x_wconf 85' lang='lat' dir='ltr'><strong>De</strong></span> <span class='ocrx_word' id='word_1_689' title='bbox 2571 3922 2664 3976; x_wconf 90' lang='lat' dir='ltr'><strong>illo</strong></span> <span class='ocrx_word' id='word_1_690' title='bbox 2695 3923 2793 3990; x_wconf 87' lang='lat' dir='ltr'><strong>qui</strong></span> <span class='ocrx_word' id='word_1_691' title='bbox 2812 3937 3033 3974; x_wconf 72' lang='lat' dir='ltr'><strong>umorem</strong></span> <span class='ocrx_word' id='word_1_692' title='bbox 3055 3920 3233 3984; x_wconf 83' lang='lat' dir='ltr'><strong>habet,</strong></span> <span class='ocrx_word' id='word_1_693' title='bbox 3262 3923 3312 3973; x_wconf 87' lang='lat' dir='ltr'><strong>et</strong></span> <span class='ocrx_word' id='word_1_694' title='bbox 3330 3920 3528 3987; x_wconf 69' lang='lat' dir='ltr'><strong>seepius</strong></span> <span class='ocrx_word' id='word_1_695' title='bbox 3555 3931 3675 3970; x_wconf 67' lang='lat' dir='ltr'><strong>ma:-</strong></span> 
     </span>
    </p>
   </div>
   <div class='ocr_carea' id='block_1_105' title="bbox 2670 3994 2984 4046">
    <p class='ocr_par' dir='ltr' id='par_1_105' title="bbox 2670 3994 2984 4046">
     <span class='ocr_line' id='line_1_106' title="bbox 2670 3994 2984 4046; baseline 0 0"><span class='ocrx_word' id='word_1_696' title='bbox 2670 3994 2859 4046; x_wconf 86' lang='lat' dir='ltr'><strong>chatus</strong></span> <span class='ocrx_word' id='word_1_697' title='bbox 2888 3998 2984 4046; x_wconf 88' lang='lat' dir='ltr'><strong>est.</strong></span> 
     </span>
    </p>
   </div>
   <div class='ocr_carea' id='block_1_106' title="bbox 2051 4072 3677 4152">
    <p class='ocr_par' dir='ltr' id='par_1_106' title="bbox 2051 4072 3677 4152">
     <span class='ocr_line' id='line_1_107' title="bbox 2051 4072 3677 4152; baseline -0.006 -17"><span class='ocrx_word' id='word_1_698' title='bbox 2051 4081 2170 4152; x_wconf 76' lang='lat' dir='ltr'><strong>(Ea:</strong></span> <span class='ocrx_word' id='word_1_699' title='bbox 2189 4081 2412 4135; x_wconf 88' lang='lat' dir='ltr'><strong>concilio</strong></span> <span class='ocrx_word' id='word_1_700' title='bbox 2441 4080 2772 4148; x_wconf 85' lang='lat' dir='ltr'><strong>Elibertan.,</strong></span> <span class='ocrx_word' id='word_1_701' title='bbox 2825 4083 3002 4149; x_wconf 88' lang='lat' dir='ltr'><strong>capite</strong></span> <span class='ocrx_word' id='word_1_702' title='bbox 3057 4079 3138 4147; x_wconf 78' lang='grc'><strong>4.)</strong></span> <span class='ocrx_word' id='word_1_703' title='bbox 3190 4077 3250 4132; x_wconf 93' lang='lat' dir='ltr'><strong>Si</strong></span> <span class='ocrx_word' id='word_1_704' title='bbox 3305 4075 3432 4147; x_wconf 90' lang='lat' dir='ltr'><strong>quis</strong></span> <span class='ocrx_word' id='word_1_705' title='bbox 3491 4072 3677 4128; x_wconf 88' lang='lat' dir='ltr'><strong>ﬁdelis</strong></span> 
     </span>
    </p>
   </div>
   <div class='ocr_carea' id='block_1_107' title="bbox 1981 4163 3678 4235">
    <p class='ocr_par' dir='ltr' id='par_1_107' title="bbox 1981 4163 3678 4235">
     <span class='ocr_line' id='line_1_108' title="bbox 1981 4163 3678 4235; baseline -0.005 -12"><span class='ocrx_word' id='word_1_706' title='bbox 1981 4169 2196 4223; x_wconf 86' lang='lat' dir='ltr'><strong>habens</strong></span> <span class='ocrx_word' id='word_1_707' title='bbox 2246 4184 2481 4221; x_wconf 83' lang='lat' dir='ltr'><strong>uxorem</strong></span> <span class='ocrx_word' id='word_1_708' title='bbox 2531 4183 2644 4220; x_wconf 91' lang='lat' dir='ltr'><strong>non</strong></span> <span class='ocrx_word' id='word_1_709' title='bbox 2692 4168 2864 4220; x_wconf 90' lang='lat' dir='ltr'><strong>semel</strong></span> <span class='ocrx_word' id='word_1_710' title='bbox 2915 4167 3014 4221; x_wconf 91' lang='lat' dir='ltr'><strong>sed</strong></span> <span class='ocrx_word' id='word_1_711' title='bbox 3073 4165 3283 4235; x_wconf 66' lang='lat' dir='ltr'><strong>saepius</strong></span> <span class='ocrx_word' id='word_1_712' title='bbox 3320 4163 3492 4217; x_wconf 87' lang='lat' dir='ltr'><strong>fuerit</strong></span> <span class='ocrx_word' id='word_1_713' title='bbox 3532 4177 3678 4215; x_wconf 77' lang='lat' dir='ltr'><strong>mce-</strong></span> 
     </span>
    </p>
   </div>
   <div class='ocr_carea' id='block_1_108' title="bbox 1907 4250 3678 4322">
    <p class='ocr_par' dir='ltr' id='par_1_108' title="bbox 1907 4250 3678 4322">
     <span class='ocr_line' id='line_1_109' title="bbox 1907 4250 3678 4322; baseline -0.006 -10"><span class='ocrx_word' id='word_1_714' title='bbox 1907 4267 1947 4320; x_wconf 88' lang='lat' dir='ltr'><strong>D</strong></span> <span class='ocrx_word' id='word_1_715' title='bbox 1987 4258 2203 4322; x_wconf 88' lang='lat' dir='ltr'><strong>chatus,</strong></span> <span class='ocrx_word' id='word_1_716' title='bbox 2238 4256 2294 4309; x_wconf 92' lang='lat' dir='ltr'><strong>in</strong></span> <span class='ocrx_word' id='word_1_717' title='bbox 2328 4256 2441 4310; x_wconf 93' lang='lat' dir='ltr'><strong>ﬁne</strong></span> <span class='ocrx_word' id='word_1_718' title='bbox 2498 4255 2698 4308; x_wconf 89' lang='lat' dir='ltr'><strong>mortis</strong></span> <span class='ocrx_word' id='word_1_719' title='bbox 2753 4261 2837 4308; x_wconf 91' lang='lat' dir='ltr'><strong>est</strong></span> <span class='ocrx_word' id='word_1_720' title='bbox 2866 4255 3312 4309; x_wconf 83' lang='lat' dir='ltr'><strong>conveniendus.</strong></span> <span class='ocrx_word' id='word_1_721' title='bbox 3347 4251 3507 4316; x_wconf 91' lang='lat' dir='ltr'><strong>Quod</strong></span> <span class='ocrx_word' id='word_1_722' title='bbox 3546 4250 3593 4303; x_wconf 71' lang='lat' dir='ltr'><strong>si</strong></span> <span class='ocrx_word' id='word_1_723' title='bbox 3617 4265 3678 4302; x_wconf 90' lang='lat' dir='ltr'><strong>se</strong></span> 
     </span>
    </p>
   </div>
   <div class='ocr_carea' id='block_1_109' title="bbox 1984 4337 3681 4416">
    <p class='ocr_par' dir='ltr' id='par_1_109' title="bbox 1984 4337 3681 4416">
     <span class='ocr_line' id='line_1_110' title="bbox 1984 4337 3681 4416; baseline -0.004 -19"><span class='ocrx_word' id='word_1_724' title='bbox 1984 4344 2315 4416; x_wconf 89' lang='lat' dir='ltr'><strong>promiserit</strong></span> <span class='ocrx_word' id='word_1_725' title='bbox 2357 4348 2732 4410; x_wconf 89' lang='lat' dir='ltr'><strong>cessaturum,</strong></span> <span class='ocrx_word' id='word_1_726' title='bbox 2791 4343 2961 4396; x_wconf 91' lang='lat' dir='ltr'><strong>detur</strong></span> <span class='ocrx_word' id='word_1_727' title='bbox 3012 4343 3064 4396; x_wconf 91' lang='lat' dir='ltr'><strong>ei</strong></span> <span class='ocrx_word' id='word_1_728' title='bbox 3111 4340 3465 4395; x_wconf 91' lang='lat' dir='ltr'><strong>communio.</strong></span> <span class='ocrx_word' id='word_1_729' title='bbox 3509 4337 3564 4392; x_wconf 87' lang='lat' dir='ltr'><strong>Si</strong></span> <span class='ocrx_word' id='word_1_730' title='bbox 3594 4353 3681 4390; x_wconf 92' lang='lat' dir='ltr'><strong>re-</strong></span> 
     </span>
    </p>
   </div>
   <div class='ocr_carea' id='block_1_110' title="bbox 1986 4425 3681 4500">
    <p class='ocr_par' dir='ltr' id='par_1_110' title="bbox 1986 4425 3681 4500">
     <span class='ocr_line' id='line_1_111' title="bbox 1986 4425 3681 4500; baseline -0.006 -13"><span class='ocrx_word' id='word_1_731' title='bbox 1986 4433 2285 4487; x_wconf 86' lang='lat' dir='ltr'><strong>suscitatus</strong></span> <span class='ocrx_word' id='word_1_732' title='bbox 2309 4447 2505 4485; x_wconf 88' lang='lat' dir='ltr'><strong>rursus</strong></span> <span class='ocrx_word' id='word_1_733' title='bbox 2555 4430 2731 4485; x_wconf 89' lang='lat' dir='ltr'><strong>fuerit</strong></span> <span class='ocrx_word' id='word_1_734' title='bbox 2786 4431 3121 4496; x_wconf 66' lang='lat' dir='ltr'><strong>moechatus,</strong></span> <span class='ocrx_word' id='word_1_735' title='bbox 3181 4428 3392 4500; x_wconf 89' lang='lat' dir='ltr'><strong>placuit</strong></span> <span class='ocrx_word' id='word_1_736' title='bbox 3441 4425 3681 4481; x_wconf 90' lang='lat' dir='ltr'><strong>ulterius</strong></span> 
     </span>
    </p>
   </div>
   <div class='ocr_carea' id='block_1_111' title="bbox 1988 4517 3284 4589">
    <p class='ocr_par' dir='ltr' id='par_1_111' title="bbox 1988 4517 3284 4589">
     <span class='ocr_line' id='line_1_112' title="bbox 1988 4517 3284 4589; baseline -0.003 -14"><span class='ocrx_word' id='word_1_737' title='bbox 1988 4538 2102 4575; x_wconf 88' lang='lat' dir='ltr'><strong>non</strong></span> <span class='ocrx_word' id='word_1_738' title='bbox 2132 4520 2373 4574; x_wconf 89' lang='lat' dir='ltr'><strong>illudere</strong></span> <span class='ocrx_word' id='word_1_739' title='bbox 2405 4519 2544 4574; x_wconf 90' lang='lat' dir='ltr'><strong>alios</strong></span> <span class='ocrx_word' id='word_1_740' title='bbox 2579 4519 2646 4573; x_wconf 92' lang='lat' dir='ltr'><strong>de</strong></span> <span class='ocrx_word' id='word_1_741' title='bbox 2678 4520 3082 4573; x_wconf 90' lang='lat' dir='ltr'><strong>communione</strong></span> <span class='ocrx_word' id='word_1_742' title='bbox 3112 4517 3284 4589; x_wconf 88' lang='lat' dir='ltr'><strong>pacis.</strong></span> 
     </span>
    </p>
   </div>
   <div class='ocr_carea' id='block_1_112' title="bbox 1989 4605 3682 4666">
    <p class='ocr_par' dir='ltr' id='par_1_112' title="bbox 1989 4605 3682 4666">
     <span class='ocr_line' id='line_1_113' title="bbox 1989 4605 3682 4666; baseline -0.005 0"><span class='ocrx_word' id='word_1_743' title='bbox 1989 4614 2116 4666; x_wconf 74' lang='lat' dir='ltr'><strong>CAP.</strong></span> <span class='ocrx_word' id='word_1_744' title='bbox 2152 4609 2378 4664; x_wconf 89' lang='lat' dir='ltr'><strong>LXVIII.</strong></span> <span class='ocrx_word' id='word_1_745' title='bbox 2410 4638 2478 4648; x_wconf 95' lang='lat'>—</span> <span class='ocrx_word' id='word_1_746' title='bbox 2517 4609 2578 4664; x_wconf 90' lang='lat' dir='ltr'><strong>Si</strong></span> <span class='ocrx_word' id='word_1_747' title='bbox 2603 4610 2775 4662; x_wconf 90' lang='lat' dir='ltr'><strong>laicus</strong></span> <span class='ocrx_word' id='word_1_748' title='bbox 2817 4609 3092 4663; x_wconf 82' lang='lat' dir='ltr'><strong>absolutus</strong></span> <span class='ocrx_word' id='word_1_749' title='bbox 3121 4624 3238 4663; x_wconf 89' lang='lat' dir='ltr'><strong>cum</strong></span> <span class='ocrx_word' id='word_1_750' title='bbox 3263 4609 3408 4663; x_wconf 90' lang='lat' dir='ltr'><strong>laica</strong></span> <span class='ocrx_word' id='word_1_751' title='bbox 3435 4605 3682 4660; x_wconf 82' lang='lat' dir='ltr'><strong>absoluta</strong></span> 
     </span>
    </p>
   </div>
   <div class='ocr_carea' id='block_1_113' title="bbox 2673 4684 2993 4748">
    <p class='ocr_par' dir='ltr' id='par_1_113' title="bbox 2673 4684 2993 4748">
     <span class='ocr_line' id='line_1_114' title="bbox 2673 4684 2993 4748; baseline 0.003 -15"><span class='ocrx_word' id='word_1_752' title='bbox 2673 4684 2993 4748; x_wconf 85' lang='lat' dir='ltr'><strong>peccaverit.</strong></span> 
     </span>
    </p>
   </div>
   <div class='ocr_carea' id='block_1_114' title="bbox 2058 4763 3684 4839">
    <p class='ocr_par' dir='ltr' id='par_1_114' title="bbox 2058 4763 3684 4839">
     <span class='ocr_line' id='line_1_115' title="bbox 2058 4763 3684 4839; baseline -0.006 -14"><span class='ocrx_word' id='word_1_753' title='bbox 2058 4771 2170 4839; x_wconf 77' lang='lat' dir='ltr'><strong>(Ea:</strong></span> <span class='ocrx_word' id='word_1_754' title='bbox 2190 4771 2412 4824; x_wconf 85' lang='lat' dir='ltr'><strong>concilio</strong></span> <span class='ocrx_word' id='word_1_755' title='bbox 2453 4769 2729 4834; x_wconf 84' lang='lat' dir='ltr'><strong>Meldensi,</strong></span> <span class='ocrx_word' id='word_1_756' title='bbox 2761 4771 2938 4837; x_wconf 87' lang='lat' dir='ltr'><strong>capite</strong></span> <span class='ocrx_word' id='word_1_757' title='bbox 2960 4771 3039 4838; x_wconf 88' lang='lat'><strong>7.)</strong></span> <span class='ocrx_word' id='word_1_758' title='bbox 3077 4767 3133 4823; x_wconf 90' lang='lat' dir='ltr'><strong>Si</strong></span> <span class='ocrx_word' id='word_1_759' title='bbox 3163 4767 3340 4821; x_wconf 89' lang='lat' dir='ltr'><strong>laicus</strong></span> <span class='ocrx_word' id='word_1_760' title='bbox 3371 4782 3498 4820; x_wconf 91' lang='lat' dir='ltr'><strong>cum</strong></span> <span class='ocrx_word' id='word_1_761' title='bbox 3539 4763 3684 4818; x_wconf 85' lang='lat' dir='ltr'><strong>laica</strong></span> 
     </span>
    </p>
   </div>
   <div class='ocr_carea' id='block_1_115' title="bbox 1987 4851 3685 4928">
    <p class='ocr_par' dir='ltr' id='par_1_115' title="bbox 1987 4851 3685 4928">
     <span class='ocr_line' id='line_1_116' title="bbox 1987 4851 3685 4928; baseline -0.005 -16"><span class='ocrx_word' id='word_1_762' title='bbox 1987 4858 2222 4926; x_wconf 85' lang='lat' dir='ltr'><strong>femina,</strong></span> <span class='ocrx_word' id='word_1_763' title='bbox 2263 4859 2321 4912; x_wconf 91' lang='lat' dir='ltr'><strong>id</strong></span> <span class='ocrx_word' id='word_1_764' title='bbox 2377 4863 2480 4920; x_wconf 85' lang='lat' dir='ltr'><strong>est,</strong></span> <span class='ocrx_word' id='word_1_765' title='bbox 2532 4863 2774 4928; x_wconf 85' lang='lat' dir='ltr'><strong>uterque</strong></span> <span class='ocrx_word' id='word_1_766' title='bbox 2825 4857 3122 4911; x_wconf 87' lang='lat' dir='ltr'><strong>absolutus</strong></span> <span class='ocrx_word' id='word_1_767' title='bbox 3170 4874 3202 4910; x_wconf 90' lang='lat' dir='ltr'><strong>a</strong></span> <span class='ocrx_word' id='word_1_768' title='bbox 3261 4858 3388 4925; x_wconf 81' lang='lat' dir='ltr'><strong>lege</strong></span> <span class='ocrx_word' id='word_1_769' title='bbox 3432 4851 3685 4922; x_wconf 88' lang='lat' dir='ltr'><strong>conjugii</strong></span> 
     </span>
    </p>
   </div>
   <div class='ocr_carea' id='block_1_116' title="bbox 1989 4941 3684 5016">
    <p class='ocr_par' dir='ltr' id='par_1_116' title="bbox 1989 4941 3684 5016">
     <span class='ocr_line' id='line_1_117' title="bbox 1989 4941 3684 5016; baseline -0.005 -15"><span class='ocrx_word' id='word_1_770' title='bbox 1989 4947 2378 5011; x_wconf 89' lang='lat' dir='ltr'><strong>concubuerit,</strong></span> <span class='ocrx_word' id='word_1_771' title='bbox 2420 4952 2534 5001; x_wconf 88' lang='lat' dir='ltr'><strong>tres</strong></span> <span class='ocrx_word' id='word_1_772' title='bbox 2565 4962 2740 4999; x_wconf 89' lang='lat' dir='ltr'><strong>annos</strong></span> <span class='ocrx_word' id='word_1_773' title='bbox 2765 4947 3096 5016; x_wconf 76' lang='lat' dir='ltr'><strong>pmniteant.</strong></span> <span class='ocrx_word' id='word_1_774' title='bbox 3135 4947 3199 5000; x_wconf 88' lang='lat' dir='ltr'><strong>Et</strong></span> <span class='ocrx_word' id='word_1_775' title='bbox 3222 4949 3436 5016; x_wconf 90' lang='lat' dir='ltr'><strong>quanto</strong></span> <span class='ocrx_word' id='word_1_776' title='bbox 3476 4941 3684 5011; x_wconf 70' lang='lat' dir='ltr'><strong>saepius</strong></span> 
     </span>
    </p>
   </div>
   <div class='ocr_carea' id='block_1_117' title="bbox 1990 5033 3689 5106">
    <p class='ocr_par' dir='ltr' id='par_1_117' title="bbox 1990 5033 3689 5106">
     <span class='ocr_line' id='line_1_118' title="bbox 1990 5033 3689 5106; baseline -0.004 -16"><span class='ocrx_word' id='word_1_777' title='bbox 1990 5043 2046 5090; x_wconf 89' lang='lat' dir='ltr'><strong>et</strong></span> <span class='ocrx_word' id='word_1_778' title='bbox 2076 5035 2463 5106; x_wconf 87' lang='lat' dir='ltr'><strong>negligentius</strong></span> <span class='ocrx_word' id='word_1_779' title='bbox 2517 5051 2583 5089; x_wconf 90' lang='lat' dir='ltr'><strong>ea</strong></span> <span class='ocrx_word' id='word_1_780' title='bbox 2614 5041 2844 5104; x_wconf 90' lang='lat' dir='ltr'><strong>peccata</strong></span> <span class='ocrx_word' id='word_1_781' title='bbox 2899 5033 3330 5096; x_wconf 89' lang='lat' dir='ltr'><strong>commiserunt,</strong></span> <span class='ocrx_word' id='word_1_782' title='bbox 3373 5037 3531 5084; x_wconf 87' lang='lat' dir='ltr'><strong>tanto</strong></span> <span class='ocrx_word' id='word_1_783' title='bbox 3566 5045 3689 5083; x_wconf 86' lang='lat' dir='ltr'><strong>ma-</strong></span> 
     </span>
    </p>
   </div>
   <div class='ocr_carea' id='block_1_118' title="bbox 1990 5120 3434 5196">
    <p class='ocr_par' dir='ltr' id='par_1_118' title="bbox 1990 5120 3434 5196">
     <span class='ocr_line' id='line_1_119' title="bbox 1990 5120 3434 5196; baseline -0.003 -18"><span class='ocrx_word' id='word_1_784' title='bbox 1990 5125 2077 5196; x_wconf 89' lang='lat' dir='ltr'><strong>gis</strong></span> <span class='ocrx_word' id='word_1_785' title='bbox 2109 5129 2165 5178; x_wconf 88' lang='lat' dir='ltr'><strong>et</strong></span> <span class='ocrx_word' id='word_1_786' title='bbox 2189 5130 2418 5195; x_wconf 90' lang='lat' dir='ltr'><strong>tempus</strong></span> <span class='ocrx_word' id='word_1_787' title='bbox 2439 5123 2702 5190; x_wconf 91' lang='lat' dir='ltr'><strong>addatur,</strong></span> <span class='ocrx_word' id='word_1_788' title='bbox 2732 5128 2789 5177; x_wconf 88' lang='lat' dir='ltr'><strong>et</strong></span> <span class='ocrx_word' id='word_1_789' title='bbox 2831 5123 3034 5177; x_wconf 90' lang='lat' dir='ltr'><strong>modus</strong></span> <span class='ocrx_word' id='word_1_790' title='bbox 3059 5120 3434 5192; x_wconf 59' lang='lat' dir='ltr'><strong>poenitentia.</strong></span> 
     </span>
    </p>
   </div>
   <div class='ocr_carea' id='block_1_119' title="bbox 1992 5207 3690 5350">
    <p class='ocr_par' dir='ltr' id='par_1_119' title="bbox 1992 5207 3690 5350">
     <span class='ocr_line' id='line_1_120' title="bbox 1992 5207 3690 5350; baseline -0.006 -81"><span class='ocrx_word' id='word_1_791' title='bbox 1992 5216 2119 5270; x_wconf 82' lang='lat' dir='ltr'><strong>CAP.</strong></span> <span class='ocrx_word' id='word_1_792' title='bbox 2155 5214 2324 5269; x_wconf 88' lang='lat' dir='ltr'><strong>LXIX.</strong></span> <span class='ocrx_word' id='word_1_793' title='bbox 2373 5243 2442 5254; x_wconf 77' lang='grc' dir='ltr'><strong>-ο</strong></span> <span class='ocrx_word' id='word_1_794' title='bbox 2494 5215 2567 5267; x_wconf 90' lang='lat' dir='ltr'><strong>De</strong></span> <span class='ocrx_word' id='word_1_795' title='bbox 2601 5227 2781 5350; x_wconf 60' lang='lat' dir='ltr'><strong>umori;</strong></span> <span class='ocrx_word' id='word_1_796' title='bbox 2812 5227 2930 5337; x_wconf 43' lang='lat' dir='ltr'><strong>qu:</strong></span> <span class='ocrx_word' id='word_1_797' title='bbox 2969 5213 3176 5265; x_wconf 88' lang='lat' dir='ltr'><strong>conscio</strong></span> <span class='ocrx_word' id='word_1_798' title='bbox 3203 5211 3401 5262; x_wconf 88' lang='lat' dir='ltr'><strong>marito</strong></span> <span class='ocrx_word' id='word_1_799' title='bbox 3426 5207 3690 5262; x_wconf 74' lang='lat' dir='ltr'><strong>mwchata</strong></span> 
     </span>
     <span class='ocr_line' id='line_1_121' title="bbox 2780 5299 2938 5337; baseline -0.013 0"><span class='ocrx_word' id='word_1_800' title='bbox 2780 5299 2895 5337; x_wconf 76' lang='lat' dir='ltr'><strong>ueri</strong></span> <span class='ocrx_word' id='word_1_801' title='bbox 2926 5323 2938 5335; x_wconf 93' lang='lat'><strong>.</strong></span> 
     </span>
    </p>
   </div>
   <div class='ocr_carea' id='block_1_120' title="bbox 2780 5299 2938 5337">
    <p class='ocr_par' dir='ltr' id='par_1_120' title="bbox 2780 5299 2938 5337">
     <span class='ocr_line' id='line_1_122' title="bbox 2780 5299 2938 5337; baseline -0.013 0"><span class='ocrx_word' id='word_1_802' title='bbox 2780 5299 2919 5337; x_wconf 68' lang='lat' dir='ltr'><strong>uerat</strong></span> <span class='ocrx_word' id='word_1_803' title='bbox 2926 5323 2938 5335; x_wconf 84' lang='lat'><strong>.</strong></span> 
     </span>
    </p>
   </div>
   <div class='ocr_carea' id='block_1_121' title="bbox 2063 5369 3690 5443">
    <p class='ocr_par' dir='ltr' id='par_1_121' title="bbox 2063 5369 3690 5443">
     <span class='ocr_line' id='line_1_123' title="bbox 2063 5369 3690 5443; baseline -0.002 -16"><span class='ocrx_word' id='word_1_804' title='bbox 2063 5373 2180 5443; x_wconf 78' lang='lat' dir='ltr'><strong>(Ea:</strong></span> <span class='ocrx_word' id='word_1_805' title='bbox 2211 5373 2432 5427; x_wconf 83' lang='lat' dir='ltr'><strong>concilio</strong></span> <span class='ocrx_word' id='word_1_806' title='bbox 2468 5375 2735 5441; x_wconf 87' lang='lat' dir='ltr'><strong>Mogunt.,</strong></span> <span class='ocrx_word' id='word_1_807' title='bbox 2761 5375 2939 5442; x_wconf 85' lang='lat' dir='ltr'><strong>capite</strong></span> <span class='ocrx_word' id='word_1_808' title='bbox 2971 5370 3054 5441; x_wconf 90' lang='lat'><strong>9.)</strong></span> <span class='ocrx_word' id='word_1_809' title='bbox 3097 5369 3156 5426; x_wconf 89' lang='lat' dir='ltr'><strong>Si</strong></span> <span class='ocrx_word' id='word_1_810' title='bbox 3208 5369 3432 5424; x_wconf 90' lang='lat' dir='ltr'><strong>conscio</strong></span> <span class='ocrx_word' id='word_1_811' title='bbox 3480 5369 3690 5423; x_wconf 88' lang='lat' dir='ltr'><strong>marito</strong></span> 
     </span>
    </p>
   </div>
   <div class='ocr_carea' id='block_1_122' title="bbox 1993 5458 3696 5532">
    <p class='ocr_par' dir='ltr' id='par_1_122' title="bbox 1993 5458 3696 5532">
     <span class='ocr_line' id='line_1_124' title="bbox 1993 5458 3696 5532; baseline -0.002 -17"><span class='ocrx_word' id='word_1_812' title='bbox 1993 5467 2050 5516; x_wconf 89' lang='lat' dir='ltr'><strong>et</strong></span> <span class='ocrx_word' id='word_1_813' title='bbox 2077 5461 2200 5532; x_wconf 92' lang='lat' dir='ltr'><strong>ipso</strong></span> <span class='ocrx_word' id='word_1_814' title='bbox 2249 5461 2643 5516; x_wconf 86' lang='lat' dir='ltr'><strong>consentiente</strong></span> <span class='ocrx_word' id='word_1_815' title='bbox 2696 5478 2840 5515; x_wconf 88' lang='lat' dir='ltr'><strong>uxor</strong></span> <span class='ocrx_word' id='word_1_816' title='bbox 2895 5461 3173 5516; x_wconf 68' lang='lat' dir='ltr'><strong>moechata</strong></span> <span class='ocrx_word' id='word_1_817' title='bbox 3222 5458 3418 5522; x_wconf 85' lang='lat' dir='ltr'><strong>fuerit,</strong></span> <span class='ocrx_word' id='word_1_818' title='bbox 3475 5458 3696 5529; x_wconf 84' lang='lat' dir='ltr'><strong>placuit</strong></span> 
     </span>
    </p>
   </div>
   <div class='ocr_carea' id='block_1_123' title="bbox 1995 5548 3692 5605">
    <p class='ocr_par' dir='ltr' id='par_1_123' title="bbox 1995 5548 3692 5605">
     <span class='ocr_line' id='line_1_125' title="bbox 1995 5548 3692 5605; baseline 0.001 -2"><span class='ocrx_word' id='word_1_819' title='bbox 1995 5566 2097 5603; x_wconf 91' lang='lat' dir='ltr'><strong>nec</strong></span> <span class='ocrx_word' id='word_1_820' title='bbox 2121 5549 2180 5603; x_wconf 91' lang='lat' dir='ltr'><strong>in</strong></span> <span class='ocrx_word' id='word_1_821' title='bbox 2227 5549 2339 5603; x_wconf 85' lang='lat' dir='ltr'><strong>ﬁne</strong></span> <span class='ocrx_word' id='word_1_822' title='bbox 2379 5549 2623 5603; x_wconf 89' lang='lat' dir='ltr'><strong>dandam</strong></span> <span class='ocrx_word' id='word_1_823' title='bbox 2653 5549 2734 5602; x_wconf 90' lang='lat' dir='ltr'><strong>eis</strong></span> <span class='ocrx_word' id='word_1_824' title='bbox 2777 5549 3261 5603; x_wconf 90' lang='lat' dir='ltr'><strong>communionem.</strong></span> <span class='ocrx_word' id='word_1_825' title='bbox 3303 5548 3362 5603; x_wconf 89' lang='lat' dir='ltr'><strong>Si</strong></span> <span class='ocrx_word' id='word_1_826' title='bbox 3399 5565 3532 5603; x_wconf 86' lang='lat' dir='ltr'><strong>vero</strong></span> <span class='ocrx_word' id='word_1_827' title='bbox 3562 5564 3692 5605; x_wconf 85' lang='lat' dir='ltr'><strong>eam</strong></span> 
     </span>
    </p>
   </div>
  </div>
