3944 6304
270 313 371 364 827

1343 305 1750 362 BURCHARDI
1787 303 2316 360 \VORMACIENSIS
2352 300 2694 356 EPISCOPI.

3672 302 3784 355 828

269 435 586 506 reliquerit,
621 437 678 488 et
718 432 966 504 separati
1003 432 1239 500 fuerint,
1271 435 1327 485 et
1364 431 1535 501 digne
1570 430 1960 500 paenituerint,
1996 431 2044 482 Α
2081 427 2226 482 ritus
2263 442 2388 481 eam
2433 424 2732 493 invenerit,
2777 427 2833 478 et
2862 423 3176 495 repetierit,
3228 425 3544 479 secundum
3607 439 3787 478 saecu-

267 528 399 595 post
429 525 624 578 decem
650 537 828 576 annos
879 520 1163 590 accipiant
1193 520 1677 574 communionem.

272 614 399 668 CAP.
435 612 576 666 LXX.
607 641 676 650 —
712 614 782 665 De
809 612 926 662 viro
963 625 1181 662 umorem
1213 623 1315 662 non
1347 608 1587 668 habente,
1607 609 1658 660 si
1686 621 1805 660 cum
1830 607 1962 660 alte-

559 684 676 735 rius
703 696 876 735 απογρ
909 680 1238 733 adulterium
1265 681 1679 748 perpetraverit.

344 771 452 840 (Ea:
504 771 725 824 concilio
753 769 1086 833 Nanneten.,
1120 770 1296 836 capite
1325 770 1400 831 6.)
1434 766 1596 829 Quod
1643 766 1690 818 si
1720 765 1806 818 vir
1848 780 1966 818 non

273 859 491 912 habens
522 874 757 910 uxorem
791 873 919 909 cum
951 855 1186 908 alterius
1231 871 1406 908 uxore
1446 852 1794 907 adulterium
1836 869 1966 923 per-

271 945 536 1016 petravit,
561 950 658 999 aut
707 945 754 998 si
784 961 896 1014 qua
947 943 1152 996 mulier
1181 959 1298 996 non
1329 941 1546 995 habens
1593 942 1779 994 virum
1836 956 1966 994 cum

273 1034 506 1088 alterius
559 1034 702 1098 viro,
762 1033 857 1086 ille
908 1032 1006 1102 qui
1058 1031 1238 1086 fmdus
1286 1030 1520 1084 violavit
1570 1029 1845 1100 conjugii,
1894 1046 1967 1082 vn

275 1139 469 1190 annos,
505 1129 564 1175 ut
591 1138 763 1192 supra
816 1121 1033 1174 dictum
1066 1124 1169 1186 est,
1216 1118 1510 1190 poeniteat.
1562 1119 1661 1172 Ille
1689 1118 1788 1188 qui
1843 1118 1968 1188 lege

274 1210 528 1281 conjugii
582 1227 696 1263 non
756 1214 1001 1273 tenetur,
1065 1208 1321 1278 quinque
1406 1223 1586 1260 annos
1673 1206 1964 1277 poeniteat.

278 1301 469 1370 Neque
513 1298 668 1352 enim
730 1299 966 1368 aequalis
1014 1296 1349 1367 poenitentia
1393 1295 1580 1350 danda
1609 1301 1697 1348 est
1726 1295 1815 1348 his
1847 1295 1969 1366 qui-

270 1388 378 1442 bus
407 1386 664 1440 sufticere
717 1391 944 1455 poterat
993 1385 1060 1439 ad
1096 1384 1432 1454 explendam
1476 1383 1775 1437 libidinem
1808 1400 1968 1437 suam

271 1477 580 1546 conjugum
609 1476 905 1543 amplexus
937 1490 949 1526 :
993 1479 1048 1527 et
1093 1473 1204 1527 illis
1235 1473 1353 1543 qui,
1389 1473 1632 1542 conjuge
1690 1478 1966 1536 carentes,

273 1565 476 1620 ardore
514 1562 771 1618 libidinis
794 1562 1150 1633 impellente,
1181 1562 1242 1615 in
1279 1560 1714 1615 fornicationem
1753 1560 1971 1614 cecide-

273 1657 426 1708 runt.

275 1743 406 1798 Car.
434 1740 600 1796 LXXI.
637 1769 705 1780 -—
747 1742 819 1794 De
845 1739 1150 1806 conjugatis
1179 1740 1276 1806 qui
1303 1738 1495 1807 aliqua
1523 1743 1668 1791 certa
1697 1753 1757 1792 re
1803 1737 1969 1793 disci-

595 1811 746 1865 dium
770 1813 1017 1877 fecerint,
1050 1816 1110 1863 ut
1140 1811 1358 1878 innupti
1377 1814 1646 1862 maneant.

347 1902 454 1969 (Ea:
482 1900 642 1954 dictis
673 1897 932 1968 August.)
965 1898 1268 1967 Apostolus
1290 1897 1498 1950 Paulus
1528 1895 1666 1950 dicit
1695 1912 1708 1949 :
1744 1895 1840 1951 His
1871 1894 1971 1966 qui

273 1993 406 2044 sunt
435 1988 495 2042 in
539 1987 806 2057 conjugio
855 1986 1150 2056 praecipio,
1205 2001 1317 2039 non
1342 2000 1470 2054 ego,
1511 1983 1608 2038 sed
1669 1983 1965 2051 Dominus,

277 2092 514 2131 uxorem
541 2093 574 2130 a
629 2077 749 2129 viro
805 2091 923 2128 non
984 2073 1314 2129 discedere:
1344 2072 1496 2144 quod
1538 2072 1584 2125 si
1624 2071 1966 2136 discesserit,

273 2181 505 2220 manere
535 2164 860 2234 innuptam,
913 2168 1012 2217 aut
1055 2163 1176 2216 viro
1221 2178 1324 2215 suo
1359 2159 1730 2215 reconciliari.
1781 2163 1971 2214 Potest

277 2254 432 2308 enim
451 2253 574 2308 ﬁeri
599 2259 660 2307 ut
682 2252 933 2306 discedat
953 2268 1018 2305 ea
1035 2268 1202 2305 causa
1220 2250 1352 2321 quia
1385 2249 1661 2304 Dominus
1688 2249 1966 2319 permisit.

276 2346 392 2396 Aut
416 2341 461 2394 si
482 2341 710 2394 feminas
732 2341 866 2394 licet
884 2340 1069 2393 virum
1092 2339 1377 2393 dimittere
1401 2338 1571 2391 etiam
1592 2341 1828 2408 propter
1847 2353 1972 2390 cau-

278 2447 396 2484 sam
411 2429 824 2495 fornicationis,
846 2433 903 2482 et
917 2444 1028 2481 non
1045 2427 1179 2482 licet
1192 2427 1332 2492 viro,
1349 2425 1487 2496 quid
1505 2425 1971 2496 respondebimus

277 2520 347 2574 de
370 2520 475 2572 hoc
495 2517 649 2589 quod
671 2516 809 2571 dicit
826 2515 1112 2587 posterius
1137 2531 1150 2568 :
1174 2515 1238 2568 Et
1265 2514 1351 2567 vir
1369 2529 1606 2568 uxorem
1634 2530 1752 2567 non
1782 2514 1972 2568 dimit-

275 2607 410 2661 tat?
437 2606 621 2670 Quare
651 2621 764 2658 non
797 2604 1032 2671 addidit,
1077 2607 1310 2672 excepta
1349 2618 1518 2656 causa
1555 2602 1965 2668 fornicationis,

277 2694 430 2766 quod
447 2693 722 2748 Dominus
737 2691 1036 2762 permittit:
1054 2691 1165 2744 nisi
1179 2691 1314 2762 quia
1326 2689 1571 2744 similem
1587 2690 1829 2745 formam
1852 2693 1973 2746 vult

277 2783 546 2852 intelligi,
567 2788 631 2835 ut
660 2781 706 2835 si
735 2780 1015 2835 dimiserit
1044 2779 1199 2850 quod
1235 2795 1404 2832 causa
1429 2779 1818 2833 fornicationis
1847 2796 1972 2850 per-

280 2871 548 2937 mittitur,
585 2876 814 2925 maneat
843 2870 965 2923 sine
995 2884 1192 2935 uxore,
1221 2874 1318 2921 aut
1339 2867 1741 2921 reconcilietur
1770 2868 1970 2923 uxori?

2074 517 2194 571 lum
2252 520 2594 587 potestatem
2653 513 2918 567 habuerit
2964 513 3101 584 quid
3158 512 3211 566 ei
3253 529 3422 584 agere
3466 513 3630 568 velit:
3681 512 3785 566 sed

2075 605 2269 660 audiat
2316 606 2370 660 S.
2427 603 2810 674 Augustinum
2842 603 3171 656 dicentem:
3233 602 3373 655 Cum
3413 601 3567 655 enim
3617 602 3703 654 vir
3749 616 3786 653 a

2074 695 2286 749 virtute
2325 709 2536 747 nomen
2585 692 2823 762 accepit,
2857 695 2911 744 et
2963 691 3170 744 mulier
3199 707 3230 742 a
3263 690 3527 755 mollitie,
3573 689 3631 744 id
3696 693 3786 742 est

2076 783 2408 854 fragilitate,
2451 797 2628 852 quare
2671 786 2869 834 contra
2901 779 3356 833 crudelissimam
3397 779 3650 832 libidinis
3688 778 3787 830 be-

2077 873 2241 925 stiam
2269 872 2391 925 vult
2419 869 2814 940 unusquisque
2842 884 3078 922 uxorem
3111 883 3274 920 suam
3308 883 3430 920 esse
3466 866 3783 931 victricem,

2077 977 2206 1015 cum
2237 960 2358 1030 ipse
2387 960 2457 1014 ad
2505 959 2758 1029 primum
2805 956 3060 1010 libidinis
3103 956 3280 1009 ictum
3339 955 3519 1008 victus
3574 954 3788 1008 cadat?

2079 1052 2220 1105 Nam
2281 1047 2561 1118 quidquid
2613 1053 2811 1100 contra
2861 1046 3035 1098 fidem
3087 1045 3421 1098 catholicam
3486 1059 3602 1097 non
3650 1043 3788 1097 licet

2080 1137 2435 1204 mulieribus,
2485 1151 2588 1189 nec
2620 1134 2752 1187 viris
2786 1133 2994 1187 licebit.
3030 1132 3090 1187 Si
3145 1138 3336 1185 autem
3386 1132 3586 1185 eadem
3645 1147 3786 1184 mu-

2078 1227 2186 1282 lier
2215 1227 2418 1280 timore
2459 1224 2780 1294 perterrita,
2813 1241 2845 1276 a
2895 1224 3016 1276 loco
3051 1221 3148 1275 ubi
3192 1237 3315 1275 eam
3349 1220 3647 1290 episcopus
3677 1218 3787 1272 de—

2079 1315 2311 1369 stinavit
2361 1313 2666 1383 aufugerit,
2700 1316 2756 1366 et
2806 1312 2891 1365 vir
2947 1312 3069 1381 ejus
3128 1309 3196 1363 ab
3258 1307 3523 1380 episcopo
3581 1307 3785 1372 semel,

2081 1404 2314 1472 autbis,
2359 1405 2444 1458 vel
2495 1402 2705 1472 saepius
2752 1401 3065 1472 repetierit,
3100 1400 3146 1454 si
3187 1400 3357 1453 vitam
3408 1401 3460 1452 ei
3520 1398 3787 1452 obtinere

2080 1494 2280 1565 possit,
2309 1491 2604 1563 perquirat
2642 1496 2699 1546 et
2745 1491 2945 1544 reddat
2978 1506 2989 1543 :
3025 1490 3111 1543 sin
3143 1500 3357 1554 autem,
3397 1487 3634 1541 omnino
3666 1501 3788 1539 non

2081 1583 2303 1638 reddat.
2331 1581 2562 1636 Maritus
2583 1596 2738 1648 vero,
2771 1578 3028 1651 quandiu
3058 1577 3183 1648 ipsa
3208 1577 3380 1639 vivat,
3412 1577 3569 1630 nullo
3605 1574 3784 1629 modo

2003 1709 2044 1763 Β
2083 1671 2262 1763 altera
2271 1670 2542 1763 inducat.

2082 1760 2208 1814 Car.
2233 1757 2448 1813 LXXIV.
2471 1787 2539 1796 -—
2557 1759 2634 1812 De
2655 1771 2732 1820 eo,
2750 1757 2801 1810 si
2818 1756 2940 1823 quis
2962 1769 3081 1808 cum
3109 1768 3278 1808 uxore
3297 1753 3544 1817 alterius,
3573 1753 3790 1806 vivente

2609 1843 2684 1888 eo.
2717 1829 3022 1893 fornicatus
3043 1827 3232 1890 fuerit.

2149 1917 2256 1989 (Ea:
2286 1916 2505 1971 concilio
2559 1915 2716 1985 apud
2745 1915 2901 1968 Alth.
2957 1913 3162 1978 habito,
3218 1913 3478 1980 praesente
3535 1910 3786 1966 Conrado

2075 2023 2221 2078 rege,
2243 2007 2420 2074 capite
2448 2003 2529 2072 5.)
2564 2004 2708 2058 Illud
2731 2018 2861 2055 vero
2889 1998 3184 2056 communi
3205 1999 3430 2053 decreto
3465 1999 3785 2052 secundum

2078 2109 2358 2150 canonum
2382 2092 2641 2147 instituta
2673 2091 2978 2146 definimus
3018 2095 3075 2144 et
3105 2087 3567 2160 praejudicamus,
3609 2091 3673 2141 ut
3737 2085 3787 2140 si

2079 2183 2208 2255 quis
2242 2197 2371 2236 cum
2416 2197 2586 2234 uxore
2620 2180 2874 2248 alterius,
2918 2179 3142 2231 vivente
3173 2194 3258 2244 eo,
3294 2177 3608 2231 fornicatus
3659 2175 3784 2230 fue-

2077 2273 2173 2340 rit,
2205 2271 2484 2324 morieute
2526 2269 2730 2323 marito
2779 2264 3275 2338 synodalijudicio
3315 2265 3507 2318 aditus
3535 2264 3588 2318 ei
3630 2264 3790 2317 clau-

2079 2361 2248 2414 datur
2275 2357 2528 2424 illicitus,
2583 2373 2651 2409 ne
2682 2356 2919 2410 ulterius
2950 2355 3002 2407 ei
3050 2354 3435 2424 conjungatur
3478 2351 3786 2406 matrimo-

2078 2448 2200 2517 nio,
2233 2462 2406 2517 quam
2441 2445 2600 2516 prius
2635 2443 2839 2514 polluit
2865 2441 3170 2497 adulterio.
3194 2443 3469 2496 Nolumus
3501 2441 3656 2494 enim
3679 2456 3789 2495 nec

2081 2535 2418 2591 Christianae
2449 2533 2717 2603 religioni
2745 2532 3008 2586 convenit
3038 2535 3101 2585 ut
3129 2531 3324 2584 nullus
3351 2530 3519 2584 ducat
3555 2529 3614 2582 in
3646 2546 3787 2583 cou-

2073 2626 2328 2697 jugium,
2356 2639 2527 2694 quam
2559 2624 2718 2694 prius
2749 2622 2956 2692 polluit
2986 2637 3089 2691 per
3119 2620 3488 2674 adulterium.

2079 2715 2207 2770 CAP.
2243 2713 2432 2767 LXXV.
2475 2742 2544 2751 —
2573 2715 2648 2766 De
2688 2714 2916 2776 ingenuo
2948 2713 3044 2778 qui
3082 2713 3372 2775 ingenuam
3411 2709 3609 2777 accipit
3639 2723 3789 2762 uas-o-

2434 2799 2565 2848 rem,
2601 2787 2648 2834 et
2666 2788 2850 2851 postea
2879 2797 3090 2834 servum
3118 2796 3172 2832 se
3205 2781 3412 2844 fecerit.

2153 2855 2264 2925 (Ea:
2317 2855 2504 2908 concil.
2570 2849 2790 2908 ’I‘ri‘bur.
2843 2855 2931 2906 cui
2988 2852 3243 2917 interfuit
3297 2865 3394 2903 rea:
3441 2849 3782 2918 Arnolphus,

277 2959 345 3011 Et
373 2973 511 3028 posr
537 2974 715 3026 pauca
748 2973 761 3010 :
801 2957 1071 3011 Dominus
1103 2961 1295 3009 autem
1328 2955 1592 3025 permisit
1639 2973 1808 3010 causa
1857 2958 1972 3011 for-

2158 2947 2255 3013 pile
2294 2941 2372 3013 8.)
2407 2941 2692 2996 Perlatum
2758 2945 2844 2994 est
2901 2939 2974 2994 ad
3027 2943 3280 2992 sanctam
3314 2938 3595 3009 synodum
3625 2939 3786 3009 quod

278 3045 580 3100 nicationis
636 3036 869 3100 uxorem
923 3045 1155 3111 dimitti,
1207 3044 1304 3098 sed
1371 3044 1506 3115 quia
1547 3045 1810 3116 permisit
1856 3062 1972 3100 non

274 3134 462 3206 jussit.

281 3225 406 3278 CAP.
429 3224 626 3278 LXXII.
654 3251 723 3262 —
741 3225 814 3276 De
834 3223 946 3276 illis
969 3223 1082 3291 qui,
1109 3223 1496 3275 interveniente
1514 3222 1758 3291 repudio,
1780 3223 1905 3277 aliis
1920 3238 1975 3278 se

669 3295 727 3347 in
755 3297 1163 3346 matrimonium
1193 3295 1580 3361 copulaverint.

351 3365 458 3434 (Ea:
513 3365 719 3419 decreto
762 3366 1062 3419 Innocentii
1122 3380 1300 3434 papa,
1356 3367 1536 3434 capite
1588 3366 1702 3434 26.)
1754 3365 1828 3420 De
1884 3365 1974 3419 his

279 3452 452 3508 etiam
483 3452 779 3524 requisivit
823 3453 1050 3507 dilectio
1091 3459 1210 3520 tua,
1269 3453 1370 3523 qui
1420 3454 1832 3510 interveniente
1884 3471 1975 3510 re-

277 3542 455 3612 pudio
476 3542 603 3596 aliis
624 3558 682 3595 se
713 3541 1082 3595 matrimonio
1101 3542 1537 3610 copulaveruut,
1561 3559 1704 3612 quos
1737 3544 1794 3596 in
1819 3547 1977 3597 utra-

280 3647 393 3701 que
417 3636 578 3700 parte
621 3630 909 3684 adulteros
955 3646 1076 3683 esse
1131 3629 1501 3683 manifestum
1553 3635 1653 3685 est.
1707 3631 1815 3695 Qui
1845 3647 1978 3686 vero

279 3719 368 3772 vel
400 3735 574 3772 uxore
607 3718 849 3781 vivente,
903 3718 1162 3788 quamvis
1204 3717 1569 3772 dissociatum
1627 3735 1748 3772 esse
1790 3720 1980 3774 videa-

280 3811 378 3861 tur
405 3805 764 3876 conjugium,
794 3805 861 3860 ad
893 3806 1064 3859 aliam
1087 3805 1352 3874 copulam
1391 3805 1754 3874 festinarunt,
1795 3824 1980 3879 neque

281 3899 526 3962 possunt
544 3893 789 3948 adulteri
817 3910 932 3947 non
960 3893 1162 3959 videri,
1195 3893 1256 3946 in
1273 3898 1498 3948 tantum
1543 3901 1608 3948 ut
1665 3895 1754 3949 hae
1807 3897 1982 3951 etiam

281 3982 765 4053 personasquibus
787 3982 1229 4052 talesconjuncti
1251 3987 1402 4048 sunt,
1429 3982 1603 4037 etiam
1645 3983 1782 4054 ipsae
1826 3986 1984 4040 adul-

283 4069 494 4126 teriam
533 4070 884 4126 commisisse
913 4071 1228 4138 videantur,
1274 4071 1586 4126 secundum
1617 4073 1758 4128 illud
1829 4075 1983 4145 quod

285 4160 528 4230 legimus
549 4159 608 4214 in
651 4160 956 4231 Evangelio
989 4176 1002 4215 :
1037 4161 1144 4225 Qui
1185 4159 1470 4215 dimiserit
1509 4177 1748 4217 uxorem
1796 4179 1980 4233 suam,

283 4253 341 4302 et
361 4248 595 4303 duxerit
615 4250 809 4315 aliam,
835 4249 1168 4303 moechatur.
1196 4250 1261 4303 Et
1283 4249 1411 4303 ideo
1437 4265 1633 4304 omnes
1659 4267 1691 4304 a
1726 4267 1978 4307 commu-
2009 4270 2050 4322 υ

284 4336 459 4390 nione
485 4337 739 4392 fidelium
771 4337 1160 4391 abstinendos.
1197 4338 1273 4392 De
1304 4339 1638 4408 parentibus
1665 4345 1855 4395 autem
1879 4347 1977 4396 aut

283 4425 623 4497 propinquis
661 4442 864 4480 eorum
912 4426 1054 4480 nihil
1083 4426 1195 4479 tale
1239 4426 1408 4480 statui
1438 4432 1644 4497 potest,
1677 4429 1787 4483 nisi
1817 4431 1864 4484 si
1893 4431 1978 4485 in-

284 4519 541 4569 centores
571 4515 756 4568 illiciti
783 4514 1054 4568 consortii
1086 4515 1256 4568 fuisse
1285 4515 1606 4572 videantur.

286 4603 412 4657 CAP.
439 4603 660 4656 LXXIII.
685 4632 752 4644 —
773 4605 838 4678 Si
859 4604 1014 4671 cujus
1032 4619 1172 4678 uxor
1190 4609 1539 4678 constuprata
1554 4608 1743 4673 fuerit,
1786 4613 1836 4663 et
1845 4625 1974 4678 pro-

454 4678 642 4742 pterea
671 4677 900 4728 maritus
931 4674 1154 4742 perdere
1185 4676 1339 4730 illam
1369 4678 1780 4733 machinaverit.

357 4761 469 4832 (Ea:
499 4763 686 4817 concil.
748 4763 1101 4829 Triburiensi,
1142 4767 1316 4833 capite
1345 4767 1459 4835 46.)
1519 4766 1575 4820 Si
1630 4768 1792 4837 cujus
1840 4784 1979 4823 uxor

282 4854 650 4920 constuprata
697 4851 890 4919 fuerit,
921 4856 974 4904 et
1005 4858 1308 4923 propterea
1329 4855 1567 4908 maritus
1587 4856 1816 4925 capitali
1841 4873 1976 4911 sen-

282 4939 462 4993 tentia
494 4939 684 4994 delere
740 4940 898 4994 illam
929 4943 1356 5009 machinaverit,
1391 4943 1511 5014 ipsa
1540 4960 1693 5010 vero,
1740 4951 1979 5016 urgente

212 5101 219 5106 _
283 5027 484 5082 mortis
538 5028 810 5100 periculo,
855 5029 925 5083 ad
979 5030 1314 5101 episcopum
1362 5031 1701 5102 confugerit,
1737 5038 1794 5086 et
1819 5034 1977 5087 auxi-

285 5118 424 5171 lium
455 5119 768 5188 qmesierit,
801 5119 1117 5189 operosiori
1143 5125 1334 5174 tamen
1367 5119 1414 5173 si
1456 5126 1645 5191 potest
1682 5122 1980 5192 episcopus

280 5206 472 5260 labore
527 5207 763 5261 desudat
828 5223 896 5262 ne
954 5209 1280 5277 occidatur;
1314 5207 1361 5261 si
1414 5225 1547 5261 vero
1602 5225 1720 5262 non
1775 5215 1975 5279 potest,

282 5295 442 5348 nullo
468 5295 639 5348 modo
670 5296 837 5349 liceat
868 5296 921 5350 ei
951 5295 1270 5367 requirenti
1299 5311 1426 5348 eam
1454 5296 1692 5350 reddere
1724 5298 1792 5351 ad
1825 5298 1980 5351 occi-

283 5383 559 5449 dendum,
593 5400 720 5454 quae
750 5401 808 5437 se
839 5385 890 5438 ei
921 5385 1128 5438 obtulit
1158 5385 1227 5438 ad
1256 5384 1675 5439 defendendum
1708 5403 1720 5440 :
1755 5387 1850 5440 sed
1883 5404 1979 5441 so-

284 5470 413 5523 lerti
444 5487 574 5524 cura
600 5471 951 5525 transmittat
977 5488 1103 5525 eam
1135 5471 1203 5524 ad
1237 5471 1428 5524 locum
1469 5488 1640 5542 quem
1672 5472 1795 5544 ipsa
1825 5475 1978 5529 dele-

287 5559 451 5628 gerit,
487 5564 549 5612 ut
577 5576 774 5612 secura
808 5560 982 5629 possit
1028 5560 1233 5614 vivere.
1268 5559 1324 5614 Si
1355 5577 1486 5615 vero
1526 5561 1815 5617 interdum
1866 5580 1982 5618 ma-

2083 3033 2320 3103 quidam
2383 3031 2669 3101 ingenuus
2724 3028 3034 3100 ingenuam
3086 3027 3364 3098 acceperit
3420 3042 3674 3092 uxorem,
3731 3030 3789 3079 et

2083 3124 2211 3191 post
2235 3118 2486 3174 filiorum
2519 3116 2973 3188 procreationem
3007 3114 3301 3169 occasione
3333 3113 3559 3168 divortii
3589 3113 3785 3184 eujus—

2085 3210 2214 3265 dam
2243 3224 2468 3262 servum
2501 3223 2560 3261 se
2603 3205 2823 3272 fecerit,
2865 3211 3058 3258 utrum
3110 3203 3426 3258 necessario
3481 3203 3786 3257 mulierem

2083 3305 2278 3354 tenere
2310 3297 2531 3361 debeat,
2563 3301 2638 3363 et,
2676 3294 2721 3348 si
2760 3293 3030 3360 tenuerit,
3067 3299 3256 3346 utrum
3287 3293 3385 3345 illa
3424 3308 3652 3363 quoque
3697 3309 3786 3346 se-

2084 3387 2339 3442 cundum
2393 3386 2726 3440 saecularem
2772 3383 2958 3452 legem
3009 3381 3267 3438 servituti
3319 3380 3521 3450 subjici
3561 3381 3786 3436 debeat.

2084 3476 2406 3532 iudicatum
2438 3479 2524 3527 est
2553 3488 2792 3526 uxorem
2848 3470 3087 3525 minime
3119 3471 3327 3525 debere
3374 3469 3608 3536 dimitti,
3667 3485 3792 3524 non

2086 3572 2282 3621 tamen
2311 3563 2382 3617 ob
2426 3561 2631 3617 Christi
2653 3561 2840 3631 legem
2889 3559 3190 3614 mulierem
3222 3559 3282 3612 in
3311 3558 3642 3612 servitutem
3697 3575 3791 3613 re-

2089 3653 2228 3724 digi,
2265 3652 2401 3706 dum
2425 3651 2519 3705 ille
2551 3666 2665 3703 non
2691 3665 2759 3702 ex
2809 3664 3091 3702 consensu
3133 3646 3397 3719 conjugis
3441 3663 3501 3701 se
3559 3663 3791 3701 servum

2088 3743 2238 3807 fecit,
2273 3756 2450 3810 quem
2479 3739 2723 3793 liberum
2754 3738 2875 3807 ipsa
2900 3737 3168 3790 maritum
3193 3736 3426 3807 accepit.

2091 3833 2218 3888 CAP.
2252 3829 2471 3884 LXXVI.
2498 3858 2566 3867 —
2594 3831 2667 3882 De
2684 3828 2792 3881 illis
2815 3827 3121 3951 conjufatis
3139 3841 3366 3894 quorum
3396 3825 3532 3892 leges
3562 3823 3792 3880 diversa

2867 3913 2970 3951 sun
3001 3939 3012 3951 .

2867 3913 2994 3952 sunt
3001 3939 3012 3951 .

2163 3991 2273 4061 (Ea:
2305 3987 2504 4056 eodem,
2549 3988 2724 4057 capite
2761 3985 2871 4054 I5.)
2907 3986 2984 4039 De
3019 3983 3252 4038 Francia
3295 3982 3501 4038 nobilis
3549 3981 3791 4054 quidam

2091 4079 2265 4134 homo
2290 4077 2544 4131 nobilem
2581 4077 2650 4130 de
2694 4074 2938 4130 Saxonia
2967 4075 3252 4129 Saxonum
3284 4073 3406 4142 lege
3435 4072 3594 4127 duxit
3642 4089 3792 4127 uxo-

2092 4184 2235 4222 rem.
2265 4166 2473 4221 Tenuit
2501 4165 2696 4219 multis
2745 4163 2930 4229 annis,
2965 4167 3021 4216 et
3049 4178 3117 4216 ex
3145 4179 3212 4216 ea
3253 4162 3402 4216 filios
3445 4161 3788 4231 procreavit,

2092 4257 2301 4309 Verum
2333 4254 2467 4325 quia
2499 4269 2616 4307 non
2647 4252 2849 4306 iisdem
2901 4255 3144 4304 utuntur
3185 4250 3404 4320 legibus
3433 4250 3686 4304 Saxones
3734 4256 3794 4305 et

2087 4343 2306 4409 Franci,
2341 4348 2608 4396 causatus
2635 4345 2719 4394 est
2749 4340 2901 4411 quod
2930 4355 3056 4393 eam
3085 4354 3201 4392 non
3245 4355 3368 4404 sua,
3401 4338 3457 4392 id
3491 4344 3575 4392 est
3625 4339 3795 4393 Fran-

2085 4431 2425 4501 corumlege
2473 4427 2919 4498 desponsaverit,
2964 4427 3050 4480 vel
3083 4427 3384 4496 acceperit,
3439 4431 3538 4480 aut
3564 4426 3794 4480 dotave—

2086 4521 2160 4574 rit
2200 4537 2213 4574 :
2257 4518 2604 4588 dimissaque
2647 4517 2766 4582 illa,
2809 4516 2970 4570 duxit
3007 4517 3266 4570 alteram.
3303 4516 3566 4570 Delinivit
3616 4532 3795 4586 super

2085 4609 2194 4662 hoc
2222 4612 2414 4662 sancta
2445 4607 2716 4677 synodus,
2743 4610 2806 4659 ut
2846 4606 2939 4659 ille
2995 4609 3384 4675 transgressor
3447 4606 3794 4675 evangelicae

2086 4698 2226 4766 legis
2278 4696 2615 4766 subjugatur
2653 4693 3036 4764 paenitentiae;
3071 4693 3371 4748 asecuuda
3399 4694 3642 4764 conjuge
3695 4711 3792 4748 se-

2086 4788 2341 4856 paretur,
2374 4783 2626 4854 priorem
2651 4798 2942 4837 resumere
2964 4787 3217 4852 cogatur.

2089 4874 2214 4928 Car.
2253 4873 2496 4928 LXXVII.
2535 4901 2598 4913 —
2630 4874 2739 4928 Cur
2771 4873 3217 4926 communicantes
3239 4872 3350 4923 viri
3378 4886 3496 4926 cum
3527 4871 3798 4926 adulteris

2549 4944 2808 4997 uxoribus
2837 4957 2943 4996 non
2981 4944 3319 4996 conveniant.

2159 5034 2269 5101 (Er
2301 5033 2443 5087 decr.
2478 5033 2776 5086 Innocentii
2801 5046 2980 5101 papa,
3016 5033 3194 5099 capite
3222 5030 3330 5099 24.)
3364 5030 3477 5084 Cur
3509 5030 3614 5084 viri
3662 5047 3798 5087 cum

2089 5121 2365 5175 adulteris
2395 5137 2511 5174 non
2567 5121 2931 5185 conveniant,
2983 5124 3038 5173 et
3087 5119 3230 5173 illud
3269 5118 3660 5174 desideratum
3709 5127 3800 5175 est

2090 5211 2242 5272 sciri,
2272 5227 2374 5264 cur
2439 5209 2930 5264 communicantes
2964 5208 3070 5261 viri
3099 5224 3229 5262 cum
3275 5207 3549 5262 adulteris
3597 5211 3799 5264 uxori-

2089 5300 2195 5354 bus
2226 5316 2340 5354 non
2368 5300 2727 5364 conveniant,
2756 5315 2887 5352 cum
2927 5305 3126 5352 contra
3153 5314 3354 5351 uxores
3399 5298 3459 5350 in
3504 5297 3798 5351 consortio

2091 5389 2481 5443 adulterorum
2510 5389 2762 5442 virorum
2791 5405 3022 5442 manere
3055 5388 3380 5454 videantur,
3421 5387 3560 5441 dum
3619 5403 3800 5456 super

2090 5478 2198 5532 hoc
2242 5477 2566 5535 Christiana
2630 5477 2832 5545 religio
2867 5476 3215 5531 adulterium
3257 5476 3313 5529 in
3360 5480 3607 5545 utroque
3658 5492 3799 5529 sexu

2089 5566 2217 5636 pari
2248 5565 2466 5620 ratione
2496 5569 2846 5631 contemnet,
2889 5565 2986 5619 sed
3032 5563 3182 5619 viros
3211 5581 3343 5618 suos
3378 5564 3648 5618 mulieres
3682 5580 3797 5619 non
