3944 6318
173 324 275 375 829

173 534 400 602 peccata
432 530 758 584 vindictam.
804 530 918 583 Viri
948 536 1141 584 autem
1186 531 1417 585 liberius
1454 547 1657 585 uxores
1707 533 1871 587 adul-

176 624 325 672 teras
355 619 507 688 apud
538 619 858 672 sacerdotes
894 618 1118 673 deferre
1163 625 1603 687 consueverunt,
1638 625 1695 674 et
1743 620 1871 675 ideo

177 708 517 761 mulieribus
552 707 773 776 prodito
805 724 1003 761 earum
1036 707 1276 762 crimine
1318 708 1649 762 communio
1695 709 1875 762 dene-

176 800 364 866 gatur,
399 796 651 849 virorum
679 803 888 859 autem,
925 797 1135 850 latente
1167 796 1493 863 commisso,
1548 813 1665 850 non
1710 796 1873 850 facile

178 883 484 954 quisquam
536 900 604 937 ex
657 884 1079 953 suspicionibus
1130 884 1467 951 abstinetur,
1524 884 1623 955 qui
1676 884 1873 955 utique

176 972 609 1026 submovebitur
638 973 684 1026 si
715 972 837 1043 ejus
879 973 1162 1042 flagitium
1195 974 1510 1042 detegatur.
1554 974 1695 1028 Cum
1737 989 1872 1042 ergo

180 1076 281 1130 par
310 1076 481 1113 causa
508 1062 579 1114 sit
605 1060 895 1115 interdum
926 1061 1261 1131 probatione
1295 1065 1567 1128 cessante,
1611 1060 1874 1115 vindictas

180 1148 324 1203 ratio
365 1148 741 1219 conquiescit.

179 1274 305 1327 Cap.
341 1273 612 1328 LXXVIII.
645 1304 714 1313 —
750 1274 902 1338 Quod
942 1290 1046 1328 non
1076 1276 1357 1328 conveniat
1388 1274 1724 1329 Christianos
1754 1290 1874 1330 cum

481 1348 745 1400 haereticis
784 1347 1061 1415 nuptialia
1073 1346 1210 1412 jura
1236 1346 1566 1401 contrahere.

250 1468 360 1532 (Ea:
392 1470 612 1522 concilio
645 1469 979 1535 Laodicensi,
1012 1470 1187 1538 capite
1218 1468 1329 1538 31.)
1361 1469 1521 1548 Quod
1549 1486 1665 1523 non
1701 1486 1872 1539 opor-

176 1558 294 1609 teat
359 1572 491 1610 cum
566 1556 849 1611 haereticis
914 1556 1191 1611 universis
1258 1557 1591 1627 nuptiarum
1660 1558 1874 1612 fmdera

178 1644 488 1714 celebrare,
535 1662 638 1700 nec
680 1646 761 1701 eis
811 1646 960 1701 ﬁlios
1010 1647 1143 1700 dare
1192 1646 1279 1700 vel
1323 1646 1488 1711 ﬁlias,
1537 1647 1634 1701 sed
1692 1646 1873 1718 magis

181 1733 461 1804 accipere,
529 1734 576 1789 si
641 1738 834 1789 tamen
904 1733 1371 1805 Christianosuse
1438 1734 1565 1789 ﬁeri
1631 1735 1869 1806 permit-
1908 1753 1944 1805 Β

185 1827 333 1877 tant.

482 1930 609 1985 CAP.
644 1929 865 1985 LXXIX.
898 1931 1194 1985 -—Judicii
1224 1930 1575 1987 examinatio.

256 2037 335 2090 De
367 2036 478 2091 hoc
508 2036 662 2107 quod
694 2037 837 2091 mihi
883 2042 1211 2108 repulatum
1244 2043 1329 2093 est
1378 2039 1437 2092 in
1490 2040 1596 2093 hac
1635 2039 1873 2111 synodo,

187 2124 346 2195 quod
379 2126 548 2179 simul
579 2142 707 2180 cum
738 2125 844 2180 ista
890 2126 1102 2181 femina
1127 2126 1471 2182 adulterium
1504 2129 1587 2181 vel
1626 2128 1873 2182 fornica-

190 2215 414 2269 tionem
440 2213 721 2281 fecissem,
764 2214 919 2286 quOd
975 2232 1092 2270 non
1154 2232 1257 2286 ego
1301 2216 1380 2270 ita
1418 2216 1543 2282 feci,
1594 2232 1699 2270 nec
1745 2216 1877 2269 inde

182 2320 274 2357 me
305 2302 651 2373 culpabilem
682 2320 1054 2375 recognosco,
1097 2304 1175 2359 sic
1201 2321 1293 2359 me
1342 2306 1490 2360 Deus
1530 2304 1754 2375 adjuvet
1808 2304 1879 2359 ad

181 2392 339 2446 istud
365 2391 673 2462 judicium.

1622 2529 1796 2569 FINIS
1841 2529 2019 2569 LIBRI

1149 320 1614 377 DECRETORUM
1656 323 1840 377 LIBRI
1876 324 1982 377 XX.
2026 352 2091 361 —-
2133 322 2342 377 LIBER
2382 320 2706 376 DECIMUS.

172 440 335 496 facile
368 440 437 495 de
468 440 750 495 adulterio
801 444 1091 509 accusant,
1130 445 1188 495 et
1227 457 1345 496 non
1392 442 1606 497 habent
1640 443 1872 498 latentia
1902 448 1949 500 Α

3572 324 3676 375 830

2111 444 2247 499 CAP.
2293 445 2475 499 LXXX.
2509 473 2576 483 —
2614 444 2902 511 Separatio
2932 444 3147 498 incesta
3175 445 3549 512 copulatiom's.

2056 534 2138 587 Ab
2185 533 2294 586 isto
2345 532 2435 586 die
2486 532 2545 585 in
2588 538 2755 585 antea
2820 547 2950 584 cum
2992 530 3099 585 ista
3139 532 3353 585 femina
3391 549 3522 587 cum
3561 549 3677 604 qua

1985 621 2331 677 adulterium
2368 622 2452 674 vel
2484 620 2923 674 fornicationem
2974 620 3173 687 fecisti,
3225 621 3373 674 unde
3425 621 3678 690 discipli-

1986 726 2117 763 nam
2151 711 2235 763 vel
2267 709 2661 779 paenitentiam
2694 707 3013 778 suscepisti,
3048 708 3295 778 amplius
3350 724 3465 761 non
3510 710 3674 762 adul-

1983 797 2214 859 terabis,
2264 813 2367 850 nec
2414 796 2785 850 fornicaberis
2834 812 2966 849 cum
3028 812 3115 862 ea,
3166 812 3269 848 nec
3315 795 3487 849 aliam
3545 812 3676 850 uxo-

1984 902 2106 939 rem
2152 885 2415 955 accipies,
2456 885 2565 939 nisi
2621 890 2745 954 post
2794 890 3084 954 peractam
3136 885 3530 955 paenitentiam
3574 885 3675 938 tibi

1983 974 2215 1027 licentia
2245 973 2376 1027 data
2408 974 2579 1027 fuerit
2610 975 2678 1027 ab
2711 973 2996 1044 episcopo,
3032 979 3133 1027 aut
3157 974 3227 1027 ab
3281 973 3405 1043 ejus
3454 973 3626 1028 misso
3660 990 3672 1027 :

1982 1064 2061 1117 sic
2090 1067 2144 1116 te
2176 1064 2325 1116 Deus
2369 1063 2613 1130 adjuvet.

2161 1152 2287 1206 CAP.
2325 1152 2540 1207 LXXXI.
2576 1183 2642 1189 —
2665 1152 3042 1206 Rcconcitiatio
3065 1152 3496 1218 conjugatorum.

2053 1242 2137 1296 Ab
2169 1241 2278 1295 isto
2306 1241 2396 1295 die
2428 1242 2485 1294 in
2519 1247 2687 1293 antea
2717 1240 2881 1293 istam
2915 1245 3073 1293 tuam
3102 1240 3408 1309 conjugem
3443 1237 3678 1291 nomine

1988 1331 2050 1385 Ν.
2095 1347 2265 1401 quam
2300 1331 2510 1400 injuste
2550 1329 2846 1384 dimiseras
2873 1329 2950 1382 ita
2984 1329 3219 1395 tenebis,
3254 1328 3398 1381 sicut
3425 1343 3529 1397 per
3556 1342 3673 1379 rec-

1983 1423 2104 1473 tum
2138 1419 2376 1473 maritus
2419 1435 2579 1472 suam
2641 1418 2810 1472 debet
2856 1417 3065 1471 habere
3108 1418 3431 1487 conjugem,
3488 1415 3548 1468 in
3597 1414 3681 1468 di»

1984 1508 2225 1561 lectione
2259 1513 2316 1561 et
2361 1507 2549 1561 debita
2604 1506 2954 1575 disciplina:
3007 1522 3112 1559 nec
3157 1521 3283 1559 eam
3332 1520 3437 1573 per
3495 1503 3678 1556 ullum

1986 1597 2199 1649 malum
2223 1594 2518 1663 ingenium
2552 1598 2662 1646 ate
2692 1592 3001 1662 separabis,
3031 1608 3133 1646 nec
3152 1607 3219 1647 ea
3250 1590 3471 1645 vivente
3499 1590 3677 1644 aliam

1986 1685 2221 1755 accipies
2257 1701 2273 1739 :
2304 1683 2383 1737 sic
2412 1689 2466 1737 te
2500 1684 2648 1736 Deus
2674 1682 2925 1751 adjuvet.

2362 1774 2489 1826 CAP.
2528 1771 2767 1826 LXXXII.
2800 1799 2872 1808 —
2907 1770 2987 1823 De
3016 1767 3199 1822 eadem
3230 1782 3307 1821 re.

2057 1864 2104 1916 A
2132 1860 2302 1914 modo
2335 1860 2394 1913 in
2440 1866 2606 1913 antea
2647 1858 2821 1912 istum
2860 1863 3025 1911 tuum
3072 1856 3338 1910 maritum
3381 1870 3554 1926 quem
3592 1853 3678 1907 in-

1981 1952 2135 2022 juste
2163 1949 2463 2003 dimiseras
2495 1949 2574 2001 ita
2625 1947 2842 2001 tenebis
2880 1952 2938 2000 et
2979 1944 3417 2014 amplexaberis,
3452 1949 3510 1997 et
3538 1943 3590 1996 ei
3622 1943 3681 1997 iu

1988 2039 2236 2105 servitio,
2271 2038 2328 2091 in
2361 2054 2555 2091 amore
2606 2041 2661 2090 et
2693 2035 2751 2090 in
2800 2036 3004 2089 timore
3062 2035 3140 2088 ita
3187 2034 3299 2087 eris
3342 2032 3596 2102 subjecta
3628 2035 3684 2085 et

1988 2128 2278 2192 obediens,
2320 2126 2463 2179 sicut
2494 2141 2595 2195 per
2628 2129 2843 2177 rectum
2887 2138 3032 2176 uxor
3071 2138 3173 2176 suo
3214 2121 3382 2175 debet
3429 2120 3683 2189 subjecta

1988 2234 2108 2271 esse
2142 2214 2371 2280 marito,
2417 2230 2521 2267 nec
2580 2228 2832 2282 unquam
2896 2211 2966 2265 ab
2996 2228 3062 2264 eo
3121 2217 3174 2263 te
3223 2209 3535 2279 separabis,
3579 2224 3684 2261 nec

1987 2304 2085 2357 illo
2117 2304 2337 2357 vivente
2368 2300 2531 2355 alteri
2562 2300 2684 2353 viro
2729 2304 2784 2352 te
2828 2297 3088 2365 sociabis,
3133 2313 3238 2350 nec
3272 2294 3539 2366 conjugio
3582 2301 3680 2348 aut

1989 2391 2270 2446 adulterio
2306 2406 2319 2444 :
2355 2390 2444 2445 Sic
2475 2394 2525 2442 te
2560 2390 2704 2442 Deus
2743 2387 2991 2457 adjuvet.

2069 2528 2245 2568 NONI.

1013 2842 1306 2916 INDEX
1380 2844 2066 2918 CAPITULORUM
2143 2845 2396 2918 LIBRI
2475 2844 2831 2916 DECIMI.

185 3013 319 3067 CAP.
374 3016 422 3066 1.
470 3013 539 3067 Ut
579 3011 831 3084 episcopi
880 3013 949 3068 de
1000 3015 1287 3084 parochiis
1325 3015 1443 3070 suis
1470 3017 1773 3088 sortilegos
1823 3021 1878 3071 et
1917 3019 1956 3072 Ο
1988 3019 2076 3072 22.
2119 3018 2187 3072 Ut
2216 3016 2618 3071 vaticinatores
2644 3014 2773 3069 cmsi
2806 3015 2874 3069 de
2904 3014 3228 3070 civitatibus
3252 3013 3570 3085 ejicianlur.

257 3100 548 3153 maleﬁcos
579 3102 882 3171 expellant.

189 3193 246 3243 2.
282 3190 357 3243 De
385 3189 699 3243 cultoribus
731 3190 1022 3245 arborum.

187 3281 242 3333 3.
278 3279 354 3332 De
387 3277 700 3332 cultoribus
738 3278 1044 3333 idolorum.

188 3368 246 3421 4.
282 3367 359 3419 De
392 3366 594 3420 eadem
625 3383 703 3421 re.

276 3456 354 3507 De
384 3454 496 3507 illis
526 3454 625 3525 qui
655 3455 1031 3510 divinationes
1064 3456 1384 3528 requirunt.

186 3547 243 3597 6.
281 3543 358 3596 De
390 3543 501 3596 illis
531 3543 631 3614 qui
662 3544 834 3597 ritum
864 3561 1219 3615 paganorum
1250 3546 1572 3599 observant.

184 3634 245 3685 '7.
290 3633 369 3685 De
414 3632 525 3685 illis
570 3632 671 3703 qui
714 3633 968 3703 auguriis
1003 3638 1058 3688 et
1116 3633 1603 3688 incantationibus
1660 3633 1885 3688 subser-

267 3718 450 3773 viunt.

190 3815 246 3867 8.
284 3812 361 3864 De
393 3810 591 3864 eadem
623 3827 704 3865 re.

192 3904 247 3955 9.
282 3902 360 3954 De
386 3899 498 3953 illis
531 3901 630 3971 qui
660 3904 841 3955 sortes
872 3902 1197 3957 observant.

200 3990 286 4043 10.
317 3989 395 4042 De
425 3989 725 4044 arboribus
755 4006 896 4061 quas
926 3992 1131 4061 vulgus
1161 3990 1313 4045 colit.

200 4079 285 4130 11.
322 4076 397 4129 De
428 4075 539 4129 illis
571 4077 669 4148 qui
696 4077 818 4132 dies
850 4082 904 4131 et
937 4094 1159 4132 menses
1189 4078 1508 4132 observant.

200 4167 285 4218 I2.
322 4165 399 4218 De
428 4164 540 4218 illis
566 4166 665 4235 qui
689 4166 1380 4221 daemonibusimmolant.

197 4256 284 4307 13.
314 4254 389 4306 De
419 4253 532 4307 illis
556 4254 655 4325 qui
684 4255 1019 4309 traditiones
1052 4256 1355 4327 gentilium
1387 4256 1706 4310 observant.

200 4342 288 4396 14.
322 4342 399 4395 De
444 4342 798 4397 mulierculis
846 4360 975 4414 quae
1021 4344 1269 4398 infantes
1319 4361 1449 4398 suos
1495 4360 1600 4413 pro
1646 4343 1887 4398 sanitate

267 4430 326 4483 in
355 4430 645 4484 fornacem
677 4436 776 4484 aut
801 4448 975 4501 supra
1006 4437 1220 4486 tectum
1248 4437 1494 4503 ponunt.

200 4520 282 4571 l5.
316 4518 476 4582 Quod
509 4534 623 4572 non
652 4519 819 4574 liceat
859 4520 1088 4591 iniquas
1123 4520 1541 4576 observationes
1579 4520 1883 4575 Kalendar.

267 4622 454 4676 agere.

194 4698 280 4749 16.
316 4695 393 4749 De
424 4696 535 4749 illis
576 4696 676 4766 qui
707 4697 989 4753 Kalendas
1036 4697 1334 4753 Ianuarias
1375 4698 1490 4753 ritu
1525 4714 1888 4769 paganorum

268 4785 457 4837 colere
484 4791 844 4855 praesumunt

199 4877 286 4927 17.
330 4875 408 4927 De
438 4873 633 4927 eadem
667 4890 747 4928 re.

193 4965 282 5017 18.
322 4963 395 5016 De
446 4961 707 5017 bubulcis
739 4964 825 5016 vel
876 4964 1258 5030 venatoribus,
1306 4963 1406 5035 qui
1454 4980 1582 5018 suas
1630 4963 1887 5018 incanta-

263 5050 448 5105 tiones
479 5052 850 5107 exercuerint.

196 5144 280 5195 19.
313 5138 473 5204 Quod
517 5156 635 5194 non
691 5141 858 5195 liceat
888 5142 1253 5196 mulierculas
1284 5140 1631 5196 Christianas
1663 5141 1886 5195 vanita-

268 5233 352 5283 tes
382 5228 443 5282 in
476 5229 593 5282 suis
626 5230 884 5284 laniﬁciis
915 5231 1239 5285 observare.

193 5319 284 5371 20.
319 5316 479 5381 Quod
510 5334 624 5373 non
665 5319 831 5373 liceat
860 5336 991 5374 cum
1040 5319 1527 5374 incantationibus
1580 5318 1885 5372 herbarum

266 5406 663 5462 collectionem
694 5407 839 5462 ﬁeri.

190 5498 281 5549 21.
314 5495 393 5549 De
422 5494 535 5549 illis
564 5497 664 5568 qui
696 5497 766 5551 ad
790 5497 1046 5567 arbores,
1071 5497 1155 5553 vel
1195 5498 1267 5552 ad
1320 5498 1503 5551 fontes
1546 5496 1761 5566 jaculas
1804 5496 1890 5549 iu-

265 5581 586 5636 cenderint.

1994 3108 2081 3159 23.
2118 3106 2195 3159 De
2229 3105 2339 3158 illis
2369 3105 2466 3175 qui
2494 3103 2859 3174 phylacteriis
2890 3108 3150 3156 utuntur.

1994 3194 2078 3247 2’2.
2116 3194 2258 3247 Item
2293 3194 2360 3247 de
2396 3192 2747 3246 mulierculis
2779 3191 3269 3245 incantatricibus.

1994 3286 2081 3336 25.
2118 3283 2195 3336 De
2225 3282 2336 3336 illis
2365 3282 2460 3352 qui
2506 3283 2865 3348 manducant,
2917 3286 3014 3334 aut
3063 3280 3287 3347 bibunt,
3331 3284 3428 3333 aut
3456 3282 3687 3350 portant

2064 3387 2237 3440 super
2268 3387 2325 3423 se
2367 3371 2584 3441 aliquid
2623 3370 2693 3423 ad
2740 3371 2837 3423 Dei
2888 3368 3170 3439 judicium
3214 3369 3680 3423 subvertendum.

1995 3462 2081 3513 26.
2132 3461 2210 3513 De
2257 3460 2370 3513 illis
2405 3460 2504 3529 qui
2551 3459 2610 3512 in
2647 3458 2875 3525 tabulis,
2926 3464 3024 3512 aut
3072 3458 3134 3511 in
3181 3458 3468 3512 codicibus
3494 3458 3686 3513 futura

2065 3549 2383 3618 requirunt.

1996 3640 2087 3690 27.
2126 3639 2202 3690 De
2227 3637 2340 3690 illis
2380 3636 2478 3707 qui
2507 3642 2687 3690 sortes
2718 3641 3047 3690 sanctorum
3081 3635 3399 3706 requirunt.

1994 3728 2081 3780 28.
2124 3727 2201 3779 De
2253 3725 2365 3779 illis
2414 3726 2709 3788 maleﬁcis,
2761 3725 2861 3796 qui
2909 3729 3142 3795 sperant
3177 3730 3480 3779 sementes
3502 3724 3687 3778 homi-

2066 3831 2205 3868 num
2240 3821 2561 3884 pervertere
2589 3831 2773 3885 posse.

1996 3906 2082 3957 29.
2128 3904 2204 3958 De
2234 3904 2435 3957 eadem
2461 3920 2540 3957 re.

1997 3995 2083 4047 30.
2120 3993 2195 4046 De
2219 3992 2331 4046 illis
2361 3992 2461 4062 qui
2492 3991 2562 4046 ad
2593 4008 2724 4045 suas
2755 3991 3030 4045 vanitates
3060 3990 3435 4061 perﬁciendas
3475 3990 3687 4045 daemo-

2068 4098 2170 4135 nes
2196 4081 2482 4135 invocant.

1999 4174 2084 4225 3t.
2124 4171 2199 4224 De
2229 4169 2343 4223 illis
2382 4168 2481 4240 qui
2530 4173 2813 4223 nocturna
2856 4167 3131 4222 sacriﬁcia
3171 4167 3500 4222 daemonum
3544 4169 3687 4221 cele-

2068 4258 2375 4313 braverint.

1999 4351 2085 4402 32.
2124 4348 2201 4402 De
2232 4346 2345 4401 illis
2375 4346 2473 4417 qui
2497 4345 2566 4399 ad
2597 4345 2830 4399 arbores
2860 4346 2945 4400 vel
2996 4345 3067 4400 ad
3110 4345 3294 4399 fontes
3335 4343 3525 4415 aliqua
3563 4348 3691 4397 vota

2072 4440 2370 4490 voverunt.

1999 4528 2085 4580 33.
2122 4526 2199 4579 De
2228 4524 2357 4592 illis,
2395 4522 2515 4594 qui,
2550 4522 2782 4594 quando
2824 4523 2957 4575 luna
3011 4522 3369 4589 obscuratur,
3415 4523 3693 4577 clamores

2068 4631 2199 4669 suos
2230 4620 2287 4668 et
2316 4612 2593 4667 maleﬁcia
2623 4630 2722 4665 sua
2755 4612 3131 4667 exercuerint.

1999 4706 2085 4760 34.
2134 4705 2210 4758 De
2242 4702 2353 4756 illis
2385 4702 2482 4773 qui
2540 4700 2817 4755 vanitates
2848 4717 2980 4754 suas
3027 4700 3087 4754 in
3141 4699 3394 4755 excubiis
3425 4716 3690 4755 exercue-

2067 4793 2204 4847 rint.

2000 4884 2086 4937 35.
2126 4880 2203 4934 De
2234 4880 2430 4935 eadem
2464 4896 2544 4933 re.

2000 4973 2087 5025 36.
2122 4970 2197 5023 De
2232 4968 2501 5023 conviviis
2532 4984 2659 5039 quae
2689 4969 2836 5021 ﬁunt
2866 4967 2975 5020 ritu
3004 4982 3381 5036 paganorum.

2000 5062 2085 5113 37.
2116 5060 2192 5112 De
2232 5058 2429 5112 eadem
2463 5073 2543 5110 re.

2000 5149 2087 5200 38.
2117 5146 2195 5200 Ne
2224 5146 2420 5199 ﬁdeles
2460 5144 2518 5198 in
2550 5142 2887 5199 coemeteriis
2909 5142 3186 5212 prandere
3213 5145 3583 5211 praesumant.

1999 5236 2084 5288 39.
2125 5234 2201 5286 De
2234 5233 2347 5287 illis
2377 5234 2477 5304 qui
2506 5234 2823 5287 balationes
2852 5230 3111 5298 fecerint,
3158 5234 3215 5281 et
3262 5244 3319 5281 se
3368 5228 3429 5281 in
3477 5230 3696 5282 alienas

2071 5323 2281 5375 formas
2312 5322 2838 5375 transmutaveriut.

1998 5410 2086 5462 40.
2128 5408 2290 5472 Quod
2329 5409 2746 5463 incantationes
2790 5412 2847 5462 et
2890 5404 3131 5476 magica:
3170 5408 3320 5458 artes
3350 5404 3543 5474 laquei
3576 5403 3695 5458 dia-

2070 5496 2183 5551 boli
2207 5496 2338 5551 sint.
