3944 6306
248 313 343 366 831
1323 306 1728 363 BURCHARDI
1769 302 2300 362 WORMACIENSIS
2339 301 2677 359 EPISCOPI.

3657 302 3768 357 832

249 435 336 489 41.
369 435 446 488 De
475 433 590 488 illis
621 431 720 504 qui
762 432 1003 486 salutem
1045 446 1162 484 non
1185 447 1212 484 a
1245 430 1556 492 Salvatore,
1589 429 1686 484 sed
1725 429 1796 483 ab
1823 429 1944 499 ejus
1974 430 2019 480 A
2058 431 2142 481 55.
2180 428 2258 480 De
2291 425 2684 481 contentiosis.

320 526 582 577 creatura
611 519 933 591 requirunt.

256 612 344 664 42.
386 612 460 663 De
492 610 694 662 eadem
717 623 797 661 re.

254 700 342 752 43.
374 700 452 752 De
482 698 682 751 eadem
707 713 787 750 re.

251 787 337 840 44.
374 789 454 841 De
486 785 929 840 exsecrabilibus
958 784 1241 851 remediis,
1275 800 1418 856 quas
1466 783 1676 839 medici
1723 783 1843 837 suis
1885 783 1947 837 in

322 873 868 945 praecantationibus
894 873 1128 927 faciunt.

251 967 342 1018 45.
371 965 448 1018 De
483 968 687 1016 natura
706 962 1052 1015 daemonum.

250 1055 338 1106 46.
370 1053 448 1105 De
481 1050 829 1104 divinatione
862 1050 1216 1104 daemonum.

256 1142 344 1193 47.
389 1140 466 1192 De
496 1139 689 1191 eadem
722 1154 802 1191 re.

253 1230 341 1281 48.
379 1229 455 1281 De
486 1226 878 1280 sacerdotibus
918 1230 975 1279 et
1018 1225 1255 1296 reliquis
1288 1224 1683 1279 ecclesiasticis
1730 1223 1946 1278 ordini-

324 1315 426 1368 bus
456 1315 556 1384 qui
599 1331 813 1384 magos,
870 1315 1141 1380 hariolos,
1191 1318 1286 1367 aut
1345 1313 1571 1368 divinos
1618 1313 1941 1366 consulunt.

253 1405 340 1457 49.
377 1406 452 1456 De
483 1404 596 1456 illis
642 1405 742 1472 qui
773 1403 843 1456 ad
887 1403 1169 1457 fascinum
1212 1402 1632 1456 incantationes
1686 1401 1942 1456 fecerint.

255 1494 338 1546 50.
376 1492 538 1555 Quod
573 1492 991 1545 daemoniacum
1015 1498 1223 1562 petras,
1257 1493 1347 1546 vel
1377 1491 1582 1545 herbas
1604 1491 1724 1545 sine
1755 1493 1948 1544 incan-

323 1580 534 1633 tatione
565 1580 732 1632 liceat
760 1586 1010 1648 portare.

256 1672 342 1722 51.
393 1669 460 1722 Ut
484 1667 751 1735 maleﬁci,
804 1668 912 1721 nisi
954 1684 1012 1721 se
1039 1667 1350 1738 corrigant,
1394 1683 1643 1738 regnum
1691 1667 1787 1721 Dei
1828 1683 1943 1720 non
1980 1705 2020 1758 Β

328 1755 672 1827 possideant.

257 1847 341 1898 5'2.
378 1846 453 1898 De
480 1845 593 1897 illis
623 1844 723 1914 qui
755 1848 1137 1899 murmurant.

256 1936 342 1988 53.
375 1934 450 1986 De
483 1934 684 1986 eadem
717 1949 796 1986 re.

257 2023 341 2075 54.
378 2023 456 2075 De
487 2022 684 2075 eadem
716 2037 795 2075 re.

1585 2200 1980 2208 -—-———————-
1990 2201 2066 2206 .___.
2075 2199 2226 2205 _---_---
2291 2199 2374 2203 —.
2383 2198 2418 2203 ..ρ

1556 2261 2467 2429 ΒΗΒΟΗᾹΒΒΙ

2059 521 2142 570 56.
2179 518 2256 570 De
2286 515 2399 569 illis
2429 517 2529 586 qui
2559 515 2616 569 in
2648 514 2844 584 lingua
2875 512 3068 567 lascivi
3098 513 3336 568 fuerint.

2059 610 2143 660 57.
2175 607 2250 659 De
2279 605 2394 658 illis
2416 604 2514 676 qui
2544 620 2648 674 per
2671 604 2866 658 odium
2899 602 3244 656 dissidentes
3273 601 3626 656 exstiterint.

2060 697 2144 748 58.
2181 697 2257 748 De
2287 694 2386 747 illo
2417 693 2517 764 qui
2547 693 2678 747 odio
2707 693 2880 747 habet
2908 691 3181 763 aliquem,
3215 695 3272 746 et
3300 691 3369 746 ad
3403 707 3602 762 pacem
3663 707 3759 745 re-

2131 781 2271 836 verti
2295 782 2564 836 noluerit.

2063 875 2150 926 59.
2186 871 2264 924 De
2291 871 2490 924 eadem
2521 885 2603 924 re.

2061 962 2148 1014 60.
2185 961 2261 1013 De
2295 959 2498 1013 eadem
2526 975 2608 1012 re.

2062 1051 2148 1102 61.
2184 1049 2263 1102 De
2292 1047 2492 1101 eadem
2533 1062 2613 1100 re.

2058 1140 2142 1190 62.
2175 1137 2252 1190 De
2283 1135 2396 1188 illis
2428 1135 2528 1205 qui
2558 1133 2955 1188 contentiones
2981 1137 3038 1186 et
3066 1132 3220 1186 rixas
3251 1131 3584 1186 amaverint.

2057 1228 2146 1280 63.
2181 1226 2258 1278 De
2287 1224 2401 1278 illis
2455 1223 2556 1294 qui
2584 1223 2777 1276 faciles
2807 1227 2940 1276 sunt
2965 1221 3031 1276 ad
3064 1220 3504 1276 detrahendum.

2057 1315 2148 1368 64.
2181 1315 2258 1367 De
2289 1313 2402 1366 illis
2459 1313 2560 1382 qui
2607 1316 2803 1366 contra
2850 1310 3152 1382 episcopos
3203 1325 3336 1364 suos
3391 1309 3760 1379 conspirave-

2130 1403 2264 1456 rint.

2059 1495 2144 1546 65.
2179 1493 2254 1545 De
2285 1490 2488 1544 eadem
2517 1505 2596 1544 re.

2058 1582 2144 1634 66.
2173 1580 2247 1632 De
2278 1577 2495 1632 clericis
2527 1575 2839 1631 maledicis.

2059 1671 2146 1721 67.
2183 1669 2258 1721 De
2289 1667 2400 1720 illis
2428 1665 2528 1737 qui
2559 1665 2866 1719 detrahunt
2892 1663 3008 1716 suis
3037 1661 3346 1733 prioribus.

2061 1758 2146 1809 68.
2183 1755 2261 1810 De
2290 1753 2506 1807 clericis
2538 1753 2624 1806 vel
2655 1751 2949 1806 monachis
2993 1749 3447 1820 conjurantibus,
3481 1749 3566 1802 vel
3609 1765 3751 1803 con-

2128 1842 2475 1914 spirantibus
2505 1845 2702 1895 contra
2733 1840 3066 1911 episcopum
3099 1854 3288 1892 suum.

2061 1935 2149 1986 69.
2186 1932 2263 1985 De
2299 1931 2498 1986 eadem
2531 1945 2614 1984 re.

2510 2019 2714 2074 Indicis
2743 2018 3108 2086 capitulorum
3131 2014 3286 2086 ﬁnis.

2615 2194 3172 2202 __d._A—w-.w.‘.-
3183 2193 3438 2199 .._._‘_.‘_——_.
3457 2193 3578 2200 -—.
3613 2195 3667 2199 .-κη
3683 2193 3715 2200 —

1357 2509 1894 2567 WORMACIENSIS
1931 2509 2276 2565 ECCLESIrE
2316 2507 2646 2563 EPISCOPI.

464 2696 1819 2844 DECRETORUM
1929 2694 2518 2840 LIBER
2620 2689 3537 2836 DECIMUS.

1235 2959 1336 3022 DE
1385 2957 2086 3024 INCANTATORIBUS
2135 2956 2238 3021 ΕΤ
2285 2954 2771 3022 AUGURIBUS.

741 3247 1224 3302 ARGUMENTUM
1267 3247 1472 3302 LIBRI.

336 3337 504 3393 Libro
557 3337 666 3391 hoc
711 3337 781 3391 de
825 3336 1297 3402 incantatoribus,
1353 3337 1423 3391 de
1475 3337 1816 3407 auguribus,
1865 3338 1954 3392 di-

266 3425 431 3493 vinis,
487 3425 775 3496 sortilegis
847 3429 904 3480 et
955 3425 1126 3479 variis
1181 3425 1545 3480 illusionibus
1595 3425 1829 3491 diaboli,
1888 3426 1956 3481 de

265 3514 578 3584 maledicis,
690 3515 1086 3580 contentiosis,
1171 3513 1681 3585 conspiratoribus,
1769 3515 1955 3586 deque

266 3603 620 3673 singulorum
651 3603 991 3673 poenitentia
1013 3608 1305 3658 tractetur.

267 3711 394 3766 CAP.
434 3711 479 3764 l.
537 3740 606 3750 —
649 3713 715 3764 Ut
777 3712 1016 3779 episcopi
1064 3710 1129 3764 de
1184 3712 1462 3780 parochiis
1526 3714 1642 3766 suis
1682 3713 1959 3780 sortilegos

781 3786 832 3835 et
860 3781 1127 3844 maleﬁcos
1157 3783 1451 3849 expellant.

343 3871 454 3940 (Ea:
481 3871 704 3924 concilio
740 3871 1072 3937 Anquiren.,
1115 3871 1292 3937 capite
1336 3869 1407 3938 1.)
1455 3870 1524 3923 Ut
1571 3869 1822 3942 episcopi
1863 3889 1959 3927 eo-

270 3974 518 4028 rumque
548 3957 797 4010 ministri
819 3957 1087 4010 omnibus
1107 3957 1325 4011 viribus
1356 3957 1650 4012 elaborare
1673 3961 1960 4029 studeant,

270 4052 333 4102 ut
381 4046 764 4116 perniciosam
812 4050 868 4099 et
927 4063 960 4100 a
1014 4046 1239 4100 diabolo
1283 4045 1572 4101 inventam
1631 4049 1962 4120 sortilegam

269 4138 326 4186 et
356 4131 671 4186 maleﬁcam
721 4135 902 4185 artem
951 4133 1177 4202 penitus
1227 4149 1294 4186 ex
1339 4133 1620 4203 parochiis
1673 4135 1789 4188 suis
1837 4152 1960 4189 era-

270 4218 462 4272 dicent
493 4234 506 4272 :
540 4222 596 4272 et
610 4217 656 4270 si
679 4217 926 4287 aliquem
949 4217 1129 4271 virum
1152 4224 1248 4272 aut
1266 4218 1541 4272 feminam
1566 4219 1963 4290 hujuscemodi

270 4307 500 4360 sceleris
568 4310 905 4360 sectatorem
979 4306 1326 4376 invenerint,
1393 4307 1640 4377 turpiter
1706 4309 1959 4363 dehone-

273 4399 484 4448 statum
542 4394 612 4448 de
661 4394 945 4464 parochiis
989 4395 1108 4448 suis
1157 4394 1408 4465 ejiciaut.
1466 4395 1561 4449 Ait
1606 4395 1760 4449 enim
1809 4399 1961 4466 Apo-

273 4483 454 4535 stolus
484 4499 498 4536 :
534 4482 874 4537 Haereticum
916 4488 1046 4552 post
1089 4500 1266 4537 unam
1305 4489 1362 4536 et
1399 4483 1707 4536 secundam
1770 4485 1961 4539 admo-

273 4569 558 4624 nitionem
618 4570 824 4636 devita,
883 4571 1066 4625 sciens
1113 4571 1249 4641 quia
1323 4571 1628 4625 subversus
1700 4577 1804 4638 est,
1864 4575 1965 4644 qui

277 4657 560 4728 ejusmodi
623 4663 722 4712 est.
785 4658 1052 4713 Subversi
1119 4663 1269 4725 sunt,
1337 4664 1392 4711 et
1447 4674 1480 4712 a
1526 4658 1751 4714 diabolo
1813 4661 1962 4732 capti

275 4749 562 4813 tenentur,
629 4745 747 4816 qui,
826 4746 1092 4800 derelicto
1148 4751 1403 4800 creatore
1469 4763 1594 4815 suo,
1661 4765 1693 4802 a
1738 4747 1964 4804 diabolo

277 4833 550 4904 suffragia
575 4840 858 4904 quaerunt,
890 4840 944 4889 et
973 4835 1103 4888 ideo
1155 4851 1185 4886 a
1211 4835 1312 4888 tali
1371 4840 1530 4905 peste
1582 4837 1852 4891 mundari
1879 4838 1968 4892 de-

275 4923 370 4977 bet
402 4928 598 4977 sancta
667 4923 926 4977 Ecclesia.
987 4923 1132 4976 Illud
1184 4922 1354 4976 etiam
1422 4940 1538 4978 non
1582 4925 1966 4982 omittendum

278 5011 427 5084 quod
459 5011 722 5081 quaedam
747 5011 1034 5064 sceleratae
1061 5011 1330 5064 mulieres
1360 5017 1514 5066 retro
1544 5018 1670 5083 post
1700 5015 1967 5070 Satanam

276 5116 583 5167 conversaz,
635 5100 962 5154 daemonum
1011 5098 1397 5164 illusionibus,
1443 5105 1501 5154 et
1551 5103 1964 5171 phantasmati-

276 5190 383 5244 bus
423 5190 692 5255 seductse,
751 5188 994 5242 credunt
1048 5205 1107 5243 se
1165 5193 1220 5244 et
1267 5189 1607 5259 proﬁtentur
1671 5194 1968 5247 nocturnis

277 5279 451 5345 horis,
497 5295 624 5332 cum
678 5278 853 5332 Diana
901 5294 1257 5349 paganorum
1306 5279 1431 5342 dea,
1482 5278 1568 5332 vel
1606 5295 1736 5335 cum
1791 5283 1965 5336 Hero-

279 5367 446 5421 diade
474 5371 531 5420 et
575 5367 878 5421 innumera
927 5367 1295 5422 multitudine
1344 5366 1650 5421 mulierum
1710 5369 1967 5440 equitare

279 5473 450 5525 super
486 5456 760 5526 quasdam
817 5457 1044 5524 bestias,
1093 5463 1149 5510 et
1211 5457 1390 5510 multa
1444 5461 1728 5512 terrarum
1785 5459 1969 5530 spatia

283 5544 640 5608 intempesta).
671 5546 852 5600 noctis
883 5545 1110 5600 silentio
1156 5545 1500 5618 pertransire
1550 5550 1787 5620 ejusque
1841 5549 1970 5620 jus-

1985 3247 2025 3302 C
2062 3248 2319 3304 sionibus
2345 3219 2498 3305 velu‘t
2526 3248 2775 3304 dominae
2807 3248 3040 3304 obedire
3071 3252 3130 3302 et
3158 3247 3323 3302 certis
3371 3247 3639 3302 noctibus
3687 3247 3763 3301 ad

2065 3338 2187 3408 ejus
2225 3339 2517 3393 servitium
2562 3337 2803 3392 evocari.
2865 3338 2976 3393 Sed
3037 3336 3255 3391 utinam
3349 3335 3439 3389 ha:
3493 3336 3630 3390 solm
3698 3335 3762 3390 in

2064 3427 2305 3496 perﬁdia
2337 3444 2437 3481 sua
2467 3427 2788 3497 periissent,
2831 3431 2888 3480 et
2943 3442 3062 3480 non
3109 3426 3318 3480 multos
3350 3441 3543 3478 secum
3577 3424 3635 3478 in
3670 3425 3760 3478 in-

2065 3515 2356 3569 fidelitatis
2412 3515 2708 3569 interitum
2763 3514 3190 3584 pertraxisseut.
3253 3514 3392 3567 Nam
3452 3513 3764 3566 innumera

2066 3603 2374 3657 multitudo
2398 3604 2502 3656 hac
2529 3603 2669 3657 falsa
2697 3602 2968 3673 opinione
3021 3603 3258 3672 decepta
3287 3603 3409 3656 haec
3457 3618 3594 3655 vera
3635 3619 3764 3655 esse

2067 3692 2266 3757 credit,
2292 3696 2346 3745 et
2375 3692 2657 3746 credendo
2689 3709 2719 3744 a
2750 3697 2902 3746 recta
2958 3692 3069 3745 ﬁde
3117 3691 3326 3755 deviat,
3378 3695 3433 3743 et
3473 3691 3532 3743 in
3566 3706 3764 3744 errore

2067 3796 2422 3851 paganorum
2455 3780 2784 3846 revolvitur,
2816 3796 2947 3834 cum
3002 3779 3220 3850 aliquid
3263 3779 3598 3843 divinitatis,
3661 3784 3765 3832 aut

2071 3869 2322 3923 numinis
2370 3873 2528 3922 extra
2579 3885 2759 3922 unum
2818 3870 2996 3922 Deum
3038 3885 3160 3922 esse
3217 3869 3548 3922 arbritatur.
3603 3867 3761 3931 Qua-

2069 3963 2302 4028 propter
2367 3959 2689 4011 sacerdotes
2752 3973 2856 4028 per
2921 3958 3194 4011 Ecclesias
3256 3957 3363 4013 sibi
3426 3957 3767 4011 commissas

2067 4047 2284 4116 populo
2325 4045 2482 4100 omni
2531 4046 2804 4100 instantia
2845 4047 3156 4116 praedicare
3204 4045 3434 4111 debent,
3486 4051 3549 4098 ut
3582 4061 3764 4099 nove-

2071 4134 2189 4188 rint
2216 4133 2337 4187 haec
2367 4133 2716 4188 omnimodis
2744 4134 2882 4186 falsa
2923 4149 3064 4201 esse,
3097 4138 3154 4186 et
3185 4149 3297 4187 non
3322 4149 3356 4186 a
3412 4132 3630 4198 divino,
3667 4134 3766 4187 sed

2071 4239 2104 4276 a
2135 4223 2384 4293 maligno
2410 4221 2614 4292 spiritu
2652 4222 2789 4276 talia
2841 4223 3240 4293 phantasmata
3294 4220 3580 4274 mentibus
3635 4219 3767 4273 inti-

2070 4311 2284 4366 delium
2315 4311 2580 4378 irrogari.
2612 4311 2903 4382 Siquidem
2954 4310 3078 4382 ipse
3131 4310 3386 4374 Satanas,
3427 4307 3529 4378 qui
3573 4313 3765 4362 trans-

2069 4399 2280 4470 ﬁgurat
2323 4416 2381 4455 se
2432 4400 2493 4454 in
2538 4401 2806 4472 angelum
2857 4400 3013 4462 lucis.
3073 4415 3204 4453 cum
3263 4402 3514 4452 mentem
3562 4397 3766 4466 cujus-

2076 4504 2302 4558 cunque
2334 4488 2685 4542 mulierculae
2716 4489 2949 4558 ceperit,
2983 4493 3040 4541 et
3076 4488 3224 4541 hanc
3269 4487 3378 4540 sibi
3428 4502 3530 4554 per
3562 4485 3766 4540 inﬁde-

2075 4576 2290 4628 litatem
2322 4579 2376 4627 et
2405 4574 2860 4628 incredulitatem
2903 4574 3315 4645 subjugaverit,
3365 4572 3515 4626 illico
3571 4577 3763 4626 trans-

2073 4663 2283 4717 format
2311 4678 2371 4716 se
2401 4663 2461 4716 in
2517 4663 2865 4717 diversarum
2910 4679 3281 4732 personarum
3325 4660 3539 4731 species
3586 4667 3763 4731 atque

2077 4751 2502 4816 similitudines,
2556 4757 2613 4806 et
2650 4757 2902 4806 mentem
2950 4767 3121 4822 quam
3181 4750 3464 4820 captivam
3515 4755 3675 4804 tenet
3711 4749 3778 4804 in

2078 4840 2294 4893 somnis
2352 4839 2648 4906 deludens,
2704 4840 2877 4894 modo
2921 4839 3072 4906 laeta,
3119 4839 3287 4893 modo
3335 4837 3539 4905 tristia,
3605 4838 3778 4892 modo

2079 4929 2356 4998 cognitas,
2391 4929 2560 4982 modo
2596 4928 2916 4998 incognitas
2954 4944 3245 4999 personas,
3295 4926 3622 4995 ostendens,
3672 4943 3781 4997 per

2082 5017 2245 5071 devia
2287 5033 2531 5087 quaeque
2594 5017 2836 5071 deducit.
2889 5018 2955 5070 Et
3007 5033 3136 5070 cum
3183 5017 3337 5070 solus
3387 5015 3622 5086 spiritus
3667 5016 3781 5070 hoc

2081 5105 2314 5176 patitur,
2360 5104 2610 5160 inﬁdelis
2646 5121 2808 5159 mens
2857 5105 2979 5159 haec
3026 5121 3144 5159 non
3193 5104 3252 5157 in
3299 5103 3512 5164 animo,
3554 5103 3654 5157 sed
3712 5102 3781 5157 in

2079 5211 2316 5264 corpore
2347 5193 2574 5248 evenire
2605 5195 2894 5264 opinatur.
2925 5193 3063 5258 Quis
3111 5193 3268 5248 enim
3311 5209 3429 5246 non
3460 5191 3520 5245 in
3547 5191 3773 5246 somnis

2081 5289 2137 5338 et
2183 5283 2476 5338 nocturnis
2524 5283 2837 5337 visionibus
2904 5289 3063 5336 extra
3110 5282 3362 5352 seipsum
3389 5281 3675 5346 educitur,
3721 5288 3785 5336 et

2082 5373 2262 5426 multa
2327 5371 2482 5425 videt
2563 5372 2918 5437 dormiendo,
2995 5387 3125 5441 quae
3187 5385 3482 5440 nunquam
3553 5369 3783 5423 viderat

2079 5461 2406 5533 vigilando?
2435 5459 2570 5525 Quis
2601 5476 2736 5514 vero
2785 5464 2904 5514 tam
2945 5461 3150 5514 stultus
3204 5463 3260 5514 et
3308 5459 3482 5513 hebes
3526 5458 3621 5526 sit,
3676 5460 3783 5530 qui

2080 5551 2203 5605 haec
2232 5550 2429 5604 omnia
2462 5565 2592 5620 quas
2629 5549 2688 5604 in
2720 5549 2838 5603 solo
2884 5549 3086 5619 spiritu
3137 5549 3306 5619 ﬁunt,
3338 5547 3512 5602 etiam
3555 5547 3617 5601 in
3647 5564 3781 5602 cor-
