3944 6302
216 316 320 371 833

215 452 357 507 pore
407 436 663 491 accidere
723 436 1075 492 arbitretur?
1128 438 1267 493 Cum
1329 439 1581 493 Ezechiel
1634 440 1918 510 propheta
1948 442 1995 495 A

218 526 467 579 visiones
519 525 744 601 Domini
774 525 834 579 in
880 526 1086 597 spiritu
1132 544 1247 581 non
1277 527 1338 581 in
1371 544 1608 599 corpore
1657 528 1813 581 vidit.
1857 528 1924 581 Et

218 615 468 668 Joannes
514 616 805 685 apostolus
844 616 1214 686 Apocalypsis
1245 616 1597 670 sacramenta
1628 617 1686 669 in
1717 616 1923 686 spiritu

221 719 342 756 non
388 703 452 756 in
509 719 748 772 corpore
795 702 958 769 vidit,
1013 708 1068 757 et
1118 705 1333 758 audivit
1376 706 1519 758 sicut
1564 706 1687 776 ipse
1742 704 1917 758 dicit:

223 790 447 859 Statim,
499 791 709 862 inquit,
743 791 827 845 fui
870 791 929 844 in
962 791 1185 863 spiritu.
1223 794 1288 846 Et
1332 794 1542 847 Paulus
1590 809 1708 847 non
1752 793 1926 846 audet

223 896 281 933 se
311 880 502 948 dicere
537 886 764 950 raptum
795 880 852 932 in
876 896 1135 950 corpore.
1166 881 1442 936 Omnibus
1472 883 1666 952 itaque
1696 881 1922 951 publice

225 969 690 1022 annuntiandum
751 972 854 1034 est,
907 969 1061 1039 quod
1116 970 1216 1039 qui
1265 970 1402 1023 talia
1457 974 1513 1024 et
1569 969 1659 1024 his
1711 969 1923 1022 similia

223 1057 425 1123 credit,
483 1057 655 1111 fidem
705 1057 915 1127 perdit,
965 1063 1022 1112 et
1073 1058 1174 1129 qui
1214 1058 1385 1113 fidem
1433 1064 1642 1112 rectam
1699 1058 1759 1111 in
1808 1060 1921 1112 Deo

226 1162 345 1199 non
389 1146 582 1209 habet,
641 1146 735 1200 hic
785 1162 901 1200 non
960 1151 1044 1199 est
1076 1148 1220 1217 ejus,
1272 1148 1371 1201 sed
1428 1148 1582 1201 illius
1635 1148 1697 1201 in
1747 1163 1921 1218 quem

223 1235 427 1302 credit,
464 1234 522 1289 id
570 1240 656 1288 est
685 1234 917 1289 diaboli.
970 1236 1109 1289 Nam
1163 1236 1233 1289 de
1268 1237 1509 1289 Domino
1542 1242 1740 1289 nostro
1784 1235 1919 1289 scri-

223 1328 388 1393 ptum
437 1327 522 1377 est
556 1339 568 1376 :
600 1323 806 1377 Omnia
856 1339 960 1393 per
1010 1323 1197 1393 ipsum
1251 1324 1397 1377 facta
1453 1328 1603 1378 sunt.
1652 1323 1920 1394 Quisquis

221 1428 360 1482 ergo
408 1411 628 1482 aliquid
662 1412 840 1465 credit
885 1427 1051 1481 posse
1096 1411 1244 1477 fieri,
1277 1417 1375 1465 aut
1404 1412 1658 1482 aliquam
1706 1417 1923 1466 creatu-

216 1517 343 1555 ram
372 1501 433 1554 in
484 1500 689 1553 melius
727 1505 826 1554 aut
868 1499 927 1553 in
961 1500 1209 1553 deterius
1241 1500 1553 1561 immutari,
1588 1506 1686 1554 aut
1733 1504 1919 1554 trans-

208 1589 457 1642 formari
509 1589 568 1642 in
625 1588 793 1642 aliam
831 1589 1101 1659 speciem,
1153 1590 1240 1643 vel
1295 1589 1757 1657 similitudinem,
1808 1590 1919 1643 nisi

218 1679 291 1731 ab
347 1677 471 1747 ipso
525 1678 786 1731 Creatore
864 1677 963 1746 qui
1022 1677 1215 1730 omnia
1269 1677 1403 1730 fecit
1457 1683 1513 1732 et
1586 1694 1689 1748 per
1745 1694 1916 1747 quem
1950 1716 1991 1768 Β

223 1768 419 1819 omnia
449 1765 597 1819 facta
627 1770 779 1831 sunt,
803 1766 1001 1835 procul
1027 1765 1202 1819 dubio
1228 1765 1474 1820 inﬁdelis
1501 1770 1586 1820 est
1615 1772 1671 1821 et
1694 1783 1920 1837 pagano

228 1855 498 1909 deterior.

540 1944 667 1997 CAP.
703 1943 773 1996 Il.
804 1974 872 1981 —
902 1946 977 1997 De
1004 1943 1299 1997 cultoribus
1329 1943 1604 1997 arborum.

297 2032 406 2103 (Ea:
462 2048 574 2101 reg.
638 2032 927 2098 Gregorii.)
992 2032 1254 2085 Pervenit
1307 2032 1377 2085 ad
1439 2048 1541 2085 nos
1600 2031 1917 2103 quosdam,

225 2122 378 2191 quod
423 2120 533 2174 dici
590 2121 747 2174 nefas
795 2126 902 2188 est,
959 2121 1190 2173 arbores
1239 2122 1442 2187 colere,
1497 2126 1552 2174 et
1585 2122 1765 2174 multa
1809 2120 1920 2174 alia

225 2217 426 2263 contra
493 2208 870 2263 Christianam
937 2209 1109 2262 tidem
1173 2208 1371 2261 illicita
1425 2214 1814 2279 perpetrare:
1863 2214 1921 2262 et

223 2299 509 2351 miramur
556 2312 656 2349 cur
704 2296 810 2349 hoc
854 2296 1179 2349 fraternitas
1210 2302 1396 2349 vestra
1444 2297 1698 2350 districta
1729 2313 1920 2350 emen-

221 2386 357 2440 dare
399 2385 620 2439 ultione
661 2385 963 2438 distulerit.
1011 2386 1323 2454 Propterea
1355 2385 1578 2454 scriptis
1623 2386 1918 2455 praesenti—

219 2475 326 2528 bus
356 2475 733 2528 adhortamur
761 2472 865 2527 hoc
891 2472 1155 2542 diligenti
1181 2473 1614 2542 investigatione
1638 2473 1916 2543 perquiri,

220 2570 278 2618 et
322 2564 560 2617 veritate
622 2561 869 2632 cognita,
920 2562 1093 2615 talem
1144 2561 1203 2614 in
1258 2562 1339 2615 eis
1392 2562 1611 2616 faciatis
1659 2579 1918 2617 exercere

219 2652 549 2716 vindictam,
604 2658 885 2721 quatenus
925 2655 980 2703 et
1028 2653 1171 2704 Deus
1215 2651 1426 2721 placari
1457 2651 1653 2721 possit,
1704 2656 1759 2705 et
1790 2652 1918 2705 aliis

221 2757 421 2795 eorum
456 2740 599 2794 ultio
627 2738 997 2792 correctionis
1027 2739 1351 2808 exemplum
1382 2740 1470 2792 sit.

508 2830 633 2882 CAP.
669 2828 761 2881 III.
803 2857 871 2865 —-
908 2829 981 2880 De
1010 2828 1311 2881 cultoribus
1341 2828 1629 2881 idolorum.

296 2919 399 2985 (E1:
450 2917 648 2981 eodem,
700 2918 877 2984 capite
925 2916 1006 2984 5.)
1059 2916 1267 2968 Contra
1319 2914 1607 2968 idolorum
1671 2932 1917 2985 namque

223 3007 494 3073 cultores,
530 3006 612 3058 vel
661 3004 986 3074 aruspicum
1023 3009 1193 3073 atque
1241 3004 1668 3074 sortilegorum,
1715 3004 1916 3058 frater-
1950 3001 1989 3055 C

231 3094 470 3147 nitatem
505 3098 661 3146 tuam
693 3092 1085 3146 vehementius
1129 3093 1402 3161 pastorali
1433 3093 1729 3145 hortamur
1773 3093 1917 3146 invi-

226 3183 409 3253 gilare
468 3181 746 3248 custodia,
803 3186 972 3251 atque
1051 3180 1277 3251 publice
1325 3181 1384 3233 in
1442 3182 1659 3251 populo
1718 3187 1919 3236 contra

224 3272 399 3341 hujus
429 3270 513 3324 rei
558 3270 706 3323 viros
737 3286 1062 3323 sermonem
1106 3271 1307 3334 facere,
1344 3285 1555 3340 eosque
1586 3286 1619 3322 a
1644 3269 1745 3322 tali
1792 3271 1915 3323 labe

222 3358 525 3430 sacrilegii,
558 3364 613 3412 et
659 3358 832 3413 divini
882 3359 1201 3412 intentione
1244 3358 1466 3427 judicii,
1517 3362 1572 3410 et
1618 3360 1917 3427 praisentis

221 3449 351 3501 vitae
400 3448 658 3519 periculo
701 3447 1104 3501 adhortatione
1137 3446 1393 3500 suasoria
1442 3462 1727 3498 revocare.
1763 3447 1916 3509 Quos

219 3543 414 3590 tamen
446 3537 491 3589 si
523 3536 827 3590 emendare
860 3552 917 3589 se
950 3552 980 3589 a
1007 3535 1216 3589 talibus
1246 3541 1414 3605 atque
1445 3535 1730 3603 corrigere
1761 3536 1914 3589 nolle

217 3625 526 3695 repereris,
557 3623 798 3677 ferventi
844 3623 1333 3694 comprehendere
1366 3624 1487 3675 zelo
1517 3629 1570 3674 te
1603 3623 1861 3675 volumus
1897 3641 1909 3677 :

219 3721 276 3766 et
307 3714 564 3783 quidem,
598 3713 643 3765 si
691 3714 838 3765 servi
869 3717 1023 3779 sunt,
1069 3710 1422 3775 verberibus,
1456 3709 1912 3779 cruciatibusque

218 3802 429 3871 quibus
476 3802 545 3855 ad
596 3801 1059 3855 emendationem
1104 3799 1402 3869 pervenire
1452 3798 1697 3865 valeant,
1754 3798 1916 3851 casti-

220 3905 377 3959 gare.
409 3889 466 3944 Si
510 3906 642 3942 vero
678 3894 811 3943 sunt
839 3889 1004 3943 liberi
1034 3889 1353 3941 inclusione
1402 3886 1583 3956 digni,
1624 3885 1911 3940 districta-

218 3994 331 4048 que
365 3982 500 4032 sunt
528 3978 589 4032 in
618 3977 953 4047 pcenitentia
1002 3976 1310 4045 dirigendi,
1347 3980 1407 4027 ut
1438 3975 1536 4045 qui
1576 3974 1823 4027 salubria
1857 3980 1912 4028 et

218 4084 250 4120 a
284 4067 484 4120 mortis
524 4067 777 4136 periculo
825 4065 1149 4120 revocantia
1188 4065 1386 4117 audire
1436 4064 1609 4117 verba
1656 4070 1910 4117 contem-

216 4163 385 4223 nunt,
428 4157 709 4210 cruciatus
760 4156 959 4208 saltem
991 4170 1087 4207 eos
1135 4153 1389 4222 corporis
1417 4152 1484 4206 ad
1528 4151 1908 4206 desideratam

216 4245 427 4298 mentis
461 4246 640 4297 valeat
667 4244 937 4297 reducere
971 4242 1296 4295 sanitatem.

678 4332 805 4387 CAP.
842 4334 927 4386 ιν.
960 4361 1031 4372 -
1060 4334 1130 4385 De
1161 4331 1343 4384 eadem
1370 4346 1446 4383 re.

288 4423 406 4495 (Ea:
435 4423 637 4488 eodem,
675 4425 853 4492 capite
884 4425 991 4486 l8.)
1022 4419 1289 4475 Pervenit
1318 4418 1386 4472 ad
1417 4435 1518 4471 nos
1550 4418 1702 4488 quod
1738 4434 1909 4488 quos-

215 4512 347 4566 dam
399 4512 782 4566 incantatores
815 4514 985 4581 atque
1030 4509 1331 4578 sortilegos
1372 4506 1548 4559 fueris
1595 4506 1906 4572 insecutus,

214 4606 272 4654 et
331 4600 567 4654 omnino
622 4600 787 4653 nobis
838 4597 1306 4661 sollicitudinem,
1367 4597 1668 4665 zelumque
1745 4598 1908 4647 tuum

213 4696 441 4759 gratum
475 4689 649 4743 fuisse
700 4704 1026 4758 cognoscas.
1063 4686 1169 4741 Sed
1214 4686 1452 4739 moleste
1492 4684 1729 4737 tulimus
1755 4682 1908 4753 quod

212 4784 269 4833 te
312 4778 602 4845 dubitare,
657 4794 726 4831 ne
780 4779 849 4831 ab
898 4777 980 4830 eis
1022 4775 1190 4829 nobis
1245 4780 1440 4828 contra
1496 4772 1907 4843 experientiam

212 4873 373 4921 tuam
439 4865 650 4935 surripi
714 4865 1009 4935 potuisset,
1076 4862 1403 4928 didicimus,
1475 4862 1609 4915 dum
1680 4860 1909 4930 quando

212 4961 399 5011 certus
444 4972 564 5009 esse
598 4972 660 5009 ac
709 4955 853 5008 scire
898 4952 1183 5017 debueris,
1219 4952 1327 5004 hoc
1360 4951 1464 5005 tibi
1508 4949 1659 5020 apud
1692 4966 1793 5002 nos
1836 4949 1907 5003 ad

211 5043 772 5098 commendationem
822 5042 1004 5110 magis
1052 5038 1348 5109 prolicere,
1399 5055 1515 5091 non
1561 5038 1631 5090 ad
1679 5039 1904 5107 culpam

209 5131 472 5185 adscribi.
518 5132 586 5185 Et
630 5130 758 5184 ideo
807 5129 979 5184 studii
1010 5130 1095 5183 tui
1127 5127 1199 5181 sit
1236 5127 1471 5180 sollicite
1518 5142 1798 5197 quaerere,
1853 5131 1909 5179 et

208 5237 583 5292 quoscunque
634 5219 920 5274 inveneris
986 5216 1317 5288 hujusmodi
1375 5215 1585 5271 Christi
1642 5214 1906 5268 inimicos

207 5311 286 5365 ita
323 5310 578 5365 districta
612 5309 830 5362 ultione
860 5308 1104 5375 corrige,
1136 5312 1200 5360 ut
1238 5310 1293 5359 et
1322 5321 1427 5359 nos
1455 5306 1524 5358 de
1555 5303 1905 5373 experientia

204 5404 302 5454 tua
360 5399 565 5453 melius
618 5399 904 5469 possimus
962 5397 1175 5450 habere
1218 5394 1521 5465 judicium,
1574 5398 1630 5446 et
1687 5393 1798 5445 Deo
1848 5396 1902 5444 te

206 5494 421 5555 nostro,
476 5486 633 5558 quod
681 5486 928 5541 maxime
977 5484 1324 5539 studendum
1378 5487 1481 5550 est,
1513 5481 1703 5535 valeas
1742 5496 1900 5535 com-

208 5578 501 5632 mundare.

1189 314 1664 371 DECRETORUM
1707 315 1891 372 LIBRI
1931 314 2033 370 XX.
2076 345 2145 357 —
2184 317 2396 373 LIBER
2436 318 2758 374 DECIMUS.

3618 327 3723 381 834

2174 442 2300 495 CAP.
2336 442 2398 493 V.
2425 468 2497 481 —
2526 444 2597 495 De
2624 442 2739 495 illis
2772 443 2868 509 qui
2892 442 3247 497 divinationes
3269 449 3573 513 requirunt.

2104 528 2221 599 (Ea:
2258 532 2480 583 concilio
2513 533 2795 584 Ancirano
2844 533 3019 599 capite
3048 534 3156 601 23.)
3189 532 3297 596 Qui
3339 534 3720 591 divinationes

2031 623 2325 687 expetunt,
2374 624 2433 671 et
2464 635 2622 672 more
2671 620 2975 688 gentilium
3021 621 3466 691 subsequuntur,
3517 629 3617 679 aut
3660 626 3720 679 in

2030 706 2229 760 domos
2257 723 2387 759 suas
2408 707 2806 777 hujuscemodi
2833 708 3093 762 homines
3120 710 3511 778 introducunt,
3531 715 3722 783 exqui-

2030 794 2195 848 rendi
2227 794 2461 865 aliquid,
2500 801 2621 848 arte
2652 796 2930 866 malefica,
2960 802 3059 850 aut
3088 798 3359 867 expiandi
3394 816 3581 867 causa,
3616 803 3721 856 sub

2031 882 2232 952 regula
2258 882 2639 953 quinquennii
2665 882 2909 952 jaceant,
2946 886 3261 939 secundum
3293 887 3504 956 gradus
3536 888 3720 958 paeni-

2030 971 2224 1025 tentize
2256 970 2541 1027 deﬁnitos.

2030 1074 2159 1129 CAP.
2194 1076 2281 1130 Vl.
2318 1106 2387 1116 -—
2425 1080 2501 1131 De
2540 1078 2653 1131 illis
2685 1080 2781 1145 qui
2818 1080 2988 1132 ritum
3026 1095 3367 1148 paganorum
3413 1082 3718 1138 observant.

2100 1161 2218 1232 (Em
2247 1166 2467 1218 concilio
2497 1167 2785 1234 Braggar.,
2818 1170 2990 1235 capite
3016 1166 3092 1236 6.)
3118 1167 3175 1222 Si
3204 1168 3332 1239 quis
3361 1185 3719 1239 paganorum

2028 1254 2499 1306 consuetudinem
2564 1270 2827 1324 sequens,
2905 1255 3128 1310 divinos
3183 1262 3238 1310 et
3302 1259 3601 1328 sortilegos
3659 1260 3718 1312 in

2027 1339 2265 1394 domum
2316 1357 2478 1395 suam
2531 1342 2929 1409 introduxerit,
2978 1345 3142 1415 quasi
3188 1350 3252 1399 ut
3303 1347 3520 1400 malum
3568 1348 3720 1402 foras

2029 1428 2234 1495 mittat,
2270 1434 2367 1484 aut
2405 1429 2685 1485 maleficia
2714 1432 2989 1501 inveniat,
3026 1434 3284 1505 quinque
3330 1452 3511 1489 annos
3540 1437 3725 1507 paeni-

2029 1521 2160 1571 teat.

2030 1621 2158 1675 CAP.
2194 1624 2310 1678 VII.
2366 1654 2421 1664 -
2481 1627 2557 1679 De
2596 1625 2707 1678 illis
2752 1628 2849 1694 qui
2886 1628 3136 1692 auguriis
3166 1631 3216 1681 et
3257 1630 3722 1685 incantationibus

2691 1698 3055 1750 subserviunt.

2104 1781 2211 1850 (Ea:
2240 1781 2461 1836 concilio
2509 1785 2802 1850 Carthag.,
2834 1788 3011 1853 capite
3039 1785 3151 1856 89.)
3198 1787 3467 1855 Auguriis
3514 1788 3602 1842 vel
3633 1789 3718 1842 in-

2030 1869 2449 1923 cantationibus
2481 1871 2844 1937 servientem,
2894 1890 2924 1925 a
2954 1878 3236 1926 conventu
3269 1875 3527 1929 Ecclesiae
3558 1893 3720 1946 sepa-

2030 1958 2293 2011 randum.
2346 1958 2621 2013 Similiter
2663 1965 2720 2013 et
2760 1960 3010 2014 Judaicis
3057 1962 3582 2032 superstitionibus,
3632 1967 3719 2021 vel

2028 2045 2185 2099 feriis
2210 2046 2613 2101 inhaerentem.

2462 2136 2588 2189 CAP.
2627 2136 2766 2189 Vlll.
2797 2167 2864 2174 —
2893 2139 2968 2190 De
2996 2138 3179 2191 eadem
3204 2154 3281 2192 re.

2100 2224 2218 2289 (Em
2244 2225 2606 2292 paenitentiali
2638 2224 2919 2293 Romano.)
2952 2224 3058 2287 Qui
3092 2226 3350 2295 auguriis
3377 2229 3464 2280 vel
3498 2228 3718 2282 divina-

2028 2310 2279 2365 tionibus
2322 2313 2660 2377 inserviunt,
2694 2313 2780 2365 vel
2833 2313 2931 2387 qui
2983 2313 3158 2366 credit
3211 2321 3271 2367 ut
3324 2315 3499 2385 aliqui
3530 2319 3721 2371 homi-

2029 2416 2170 2453 num
2218 2401 2332 2454 sint
2361 2401 2709 2454 immissores
2757 2405 3159 2470 tempestatum
3196 2418 3207 2455 ε
3242 2403 3326 2455 vel
3373 2404 3417 2455 si
3450 2420 3564 2474 qua
3594 2420 3720 2457 mu-

2029 2488 2134 2541 lier
2162 2489 2564 2555 divinationes,
2595 2491 2682 2543 vel
2726 2489 3142 2544 incantationes
3170 2490 3476 2545 diabolicas
3501 2492 3719 2561 fecerit,

2027 2592 2101 2629 vn
2132 2592 2313 2629 annos
2341 2577 2633 2646 pmniteat.

2241 2683 2368 2737 CAP.
2399 2682 2483 2736 IX.
2514 2712 2581 2721 —-
2615 2683 2695 2736 De
2722 2682 2840 2736 illis
2873 2686 2971 2751 qui
2999 2690 3168 2738 sortes
3197 2685 3502 2740 observant.

2101 2787 2210 2858 (Ea:
2240 2788 2457 2855 eodem.)
2488 2789 2747 2859 Auguria
2776 2790 2863 2842 vel
2895 2800 3074 2843 sortes
3106 2808 3234 2861 quae
3261 2792 3533 2845 dicuntur
3561 2793 3717 2848 falsae

2028 2882 2376 2936 sanctorum,
2411 2877 2498 2929 vel
2549 2877 2944 2944 divinationes,
2988 2879 3087 2948 qui
3135 2896 3229 2933 eas
3272 2879 3717 2948 observaverint,

2027 2965 2115 3018 vel
2170 2982 2645 3036 quarumcunque
2692 2967 3127 3036 scripturarum,
3175 2968 3263 3021 vel
3308 2976 3503 3021 votum
3553 2985 3717 3022 vove-

2030 3052 2165 3119 rint,
2197 3055 2283 3107 vel
2333 3054 2711 3125 persolverint
2743 3055 2811 3108 ad
2858 3056 3145 3124 arborem,
3180 3057 3269 3109 vel
3316 3057 3384 3109 ad
3444 3057 3715 3127 lapidem,

2028 3142 2112 3195 vel
2145 3142 2216 3195 ad
2242 3142 2562 3212 quamlibet
2600 3159 2743 3209 rem,
2779 3149 3014 3213 excepto
3048 3144 3115 3197 ad
3163 3145 3490 3209 Ecclesiam,
3520 3162 3718 3199 omnes

2026 3231 2611 3285 excommunicentur.
2644 3231 2700 3285 Si
2733 3232 2800 3285 ad
2849 3232 3247 3300 paenitentiam
3277 3233 3556 3296 venerint,
3599 3234 3715 3287 cle-

2025 3318 2127 3371 rici
2156 3335 2337 3372 annos
2366 3323 2499 3386 tres,
2536 3318 2663 3371 laici
2696 3334 2911 3372 annum
2949 3336 3127 3373 unum
3155 3327 3210 3373 et
3237 3321 3563 3388 dimidium,
3596 3338 3716 3391 poe-

2024 3407 2263 3460 niteant.

2214 3513 2341 3567 CAP.
2373 3514 2432 3566 X.
2466 3542 2533 3553 —
2570 3513 2648 3565 De
2676 3511 2961 3566 arboribus
2990 3527 3127 3581 quas
3152 3515 3345 3580 vulgus
3376 3515 3521 3568 colit.

2096 3618 2210 3686 (Ea:
2238 3620 2460 3672 concilio
2501 3620 2846 3683 Nannetensi,
2897 3622 3075 3687 capite
3119 3618 3194 3689 8.)
3238 3619 3474 3674 Summo
3524 3621 3715 3675 studio

2024 3707 2315 3761 decertare
2370 3707 2578 3761 debent
2634 3707 2908 3777 episc0pi,
2966 3713 3023 3761 et
3070 3725 3269 3761 eorum
3325 3710 3594 3778 ministri,
3656 3717 3719 3765 ut

2023 3797 2255 3851 arbores
2302 3797 2663 3850 dazmonibus
2715 3799 3056 3850 consecratae
3119 3814 3258 3867 quas
3308 3799 3511 3868 vulgus
3558 3802 3713 3865 colit,

2024 3896 2080 3940 et
2122 3886 2181 3939 in
2234 3892 2393 3939 tanta
2440 3885 2803 3939 veneratione
2860 3886 3052 3950 habet,
3087 3892 3150 3940 ut
3197 3903 3301 3939 nec
3347 3903 3571 3941 ramum
3630 3891 3716 3943 vel

2023 3975 2315 4027 surculum
2370 3974 2503 4028 inde
2551 3974 2758 4026 audeat
2789 3979 3109 4042 amputare,
3155 3975 3427 4028 radicitus
3459 3962 3717 4030 excidan-

2020 4067 2136 4129 tur,
2186 4068 2357 4132 atque
2416 4061 2846 4115 comburantur.
2896 4062 3137 4131 Lapides
3188 4079 3420 4133 quoque
3461 4081 3602 4134 quos
3656 4066 3713 4117 in

2020 4152 2269 4205 ruinosis
2320 4152 2461 4204 locis
2493 4156 2550 4203 et
2594 4150 2946 4203 silvestribus
2999 4152 3326 4204 daemonum
3376 4154 3713 4206 ludificatio-

2022 4240 2189 4293 nibus
2239 4239 2461 4307 decepti
2518 4242 2883 4301 venerantur,
2943 4238 3038 4291 ubi
3106 4245 3160 4292 et
3214 4246 3341 4293 vota
3397 4250 3601 4294 vovent
3658 4250 3716 4295 et

2022 4328 2305 4394 deferunt,
2362 4327 2619 4380 funditus
2672 4325 3038 4394 effodiantur,
3101 4332 3272 4397 atque
3326 4328 3385 4380 in
3442 4329 3540 4382 tali
3589 4330 3713 4383 loco

2020 4417 2418 4487 projiciantur,
2452 4417 2548 4470 ubi
2580 4431 2874 4485 nunquam
2906 4431 2937 4467 a
2966 4413 3278 4469 cultoribus
3307 4416 3422 4469 suis
3456 4421 3713 4471 venerari

2019 4505 2254 4576 possint.
2307 4507 2370 4559 Et
2400 4505 2667 4559 omnibus
2698 4503 3070 4557 annuntietur
3100 4510 3381 4574 quantum
3427 4507 3612 4559 scelus
3643 4507 3716 4561 sit

2018 4594 2361 4661 idololatria,
2423 4600 2479 4647 et
2533 4594 2632 4664 qui
2704 4594 2827 4647 haec
2878 4599 3184 4647 veneratur
3237 4599 3293 4646 et
3349 4595 3484 4648 colit
3542 4598 3713 4665 quasi

2021 4684 2199 4736 Deum
2231 4697 2397 4734 suum
2453 4685 2640 4749 negat,
2674 4686 2731 4734 et
2778 4680 3190 4735 Christianitati
3239 4682 3625 4749 abrenuntiat,
3659 4691 3715 4737 et

2017 4771 2188 4824 talem
2242 4770 2636 4839 paenitentiam
2688 4769 2820 4823 inde
2873 4771 3143 4840 suscipiat
3185 4771 3348 4841 quasi
3406 4772 3559 4825 idola
3608 4774 3710 4825 ad-

2018 4862 2234 4913 orasset
2265 4873 2278 4911 :
2312 4856 2696 4926 omnibusque
2736 4858 3153 4911 interdicantur
3184 4864 3249 4911 ut
3291 4860 3483 4912 nullus
3516 4866 3709 4914 votum

2015 4948 2205 5013 faciat,
2240 4952 2337 4999 aut
2384 4945 2676 4998 candelam
2712 4947 2797 4997 vel
2856 4947 3088 5015 aliquod
3137 4963 3345 4999 munus
3376 4963 3477 5016 pro
3530 4948 3710 5000 salute

2016 5054 2118 5090 sua
2163 5041 2462 5106 rogaturus
2515 5033 2649 5087 alibi
2699 5034 2940 5101 deferat,
2977 5034 3088 5087 nisi
3136 5036 3205 5089 ad
3251 5036 3546 5088 ecclesiam
3603 5037 3710 5089 Do-

2017 5126 2172 5179 mino
2206 5125 2319 5178 Deo
2352 5139 2473 5177 suo.
2506 5123 2791 5192 Scriptum
2822 5129 2905 5176 est
2934 5124 3087 5176 enim
3123 5140 3137 5177 :
3168 5125 3376 5178 Vovete
3407 5138 3461 5177 et
3493 5125 3710 5178 reddite

2018 5214 2260 5268 Domino
2296 5214 2408 5266 Deo
2441 5218 2639 5265 vestro.
2674 5211 2942 5265 Novimus
2973 5212 3257 5281 siquidem
3288 5218 3497 5283 quanta
3523 5213 3712 5266 Domi-

2016 5320 2122 5357 nus
2157 5302 2394 5373 antiquo
2436 5302 2653 5371 populo
2687 5316 2788 5369 per
2818 5300 3125 5370 prophetas
3164 5318 3296 5354 suos
3326 5302 3710 5355 comminatus

2014 5396 2099 5445 est
2131 5393 2227 5461 qui
2276 5392 2337 5444 in
2385 5391 2529 5444 lucis
2579 5389 2996 5456 sacrificabant,
3046 5389 3188 5441 etin
3238 5390 3471 5443 excelsis
3502 5391 3706 5443 immo-

2014 5481 2225 5535 labant.
2277 5480 2332 5535 Si
2363 5480 2493 5551 quis
2541 5481 2662 5534 haPc
2710 5486 3093 5550 transgressus
3138 5480 3327 5547 fuerit,
3368 5481 3535 5535 tidem
3578 5498 3705 5552 per-

2012 5570 2181 5637 didit,
2216 5575 2272 5625 et
2308 5576 2393 5624 est
2437 5570 2653 5626 infideli
2686 5571 2953 5626 deterior.
3000 5572 3064 5625 Et
3095 5571 3304 5625 idcirco
3344 5572 3501 5625 omni
3536 5574 3707 5626 modo
