3944 6320
271 329 374 382 835

1341 319 1748 378 BURCIIARDI
1787 315 2329 374 \VORMACIENSIS
2367 315 2701 372 EPISCOPI.

3665 321 3776 376 836

269 467 302 504 a
359 455 568 505 sanctae
617 448 888 504 Ecclesiae
940 447 1224 501 consortio
1281 445 1665 510 abscindatur,
1729 449 1785 502 et
1847 443 1959 497 nisi
1989 445 2034 499 A
2075 443 2336 497 observat
2381 446 2436 496 et
2487 443 2704 510 lunam,
2737 445 2794 496 et
2823 457 3066 511 menses,
3100 446 3158 498 et
3197 444 3470 500 horarum
3515 447 3778 503 elfectiva

271 539 441 609 digne
471 537 826 610 paenituerit,
857 552 972 589 non
1003 535 1322 606 recipiatur.

361 628 488 681 CAP.
525 627 612 680 XI.
651 656 709 666 —
745 629 818 679 De
844 626 958 678 illis
995 625 1092 693 qui
1119 623 1234 676 dies
1262 627 1309 676 et
1337 636 1538 675 menses
1570 621 1872 675 observant.

343 715 450 784 (Ea:
496 716 658 769 dictis
701 714 977 778 Ambros.)
1026 711 1328 781 Apostolus
1379 709 1516 763 dicit
1551 726 1562 763 :
1601 710 1726 762 Dies
1769 709 1963 763 obser-

267 804 432 870 vatis,
483 807 540 856 et
597 818 835 864 menses,
885 807 942 854 et
996 804 1278 868 tempora,
1336 801 1392 851 et
1430 813 1610 852 annos
1656 798 1833 850 timeo
1889 813 1962 851 ne

272 891 396 945 sine
449 907 618 944 causa
677 888 1058 944 laboraverim
1109 888 1166 940 in
1217 887 1398 940 vobis.
1455 887 1585 940 Dies
1635 886 1960 944 observant.

271 981 368 1050 qui
417 980 658 1033 dicunt:
694 980 832 1032 Puto
881 978 1127 1031 crastino
1180 974 1659 1045 proﬁciscendum
1709 990 1825 1028 non
1855 978 1958 1029 est.

269 1069 402 1122 Post
432 1067 740 1122 crastinum
773 1066 926 1121 enim
973 1081 1088 1120 non
1129 1065 1298 1119 debet
1341 1064 1558 1135 aliquid
1594 1063 1872 1130 inchoari,
1908 1067 1964 1117 et

267 1156 348 1210 sic
393 1157 578 1210 solent
607 1155 791 1226 magis
843 1154 1049 1224 decipi.
1113 1154 1180 1209 Hi
1228 1157 1418 1207 autem
1468 1152 1664 1206 colunt
1714 1167 1958 1218 menses,

269 1244 367 1314 qui
413 1260 642 1298 cursum
687 1244 838 1297 lunai
885 1247 1338 1314 per-scrutantur,
1387 1241 1678 1294 dicentes:
1708 1239 1962 1309 Septima

264 1332 402 1386 luna
456 1337 776 1386 stramenta
820 1331 1026 1385 conﬁci
1075 1345 1190 1384 non
1243 1329 1450 1384 debent
1501 1346 1514 1383 :
1563 1345 1714 1382 nona
1767 1332 1958 1382 autem

263 1421 402 1475 luna
458 1425 714 1492 emptum
765 1435 990 1473 servum
1055 1419 1291 1473 domum
1351 1417 1482 1472 duci
1539 1433 1658 1472 non
1711 1422 1956 1488 oportet.

265 1509 332 1564 Et
368 1525 469 1580 per
515 1509 635 1562 hinc
665 1508 886 1561 facilius
929 1509 1117 1562 solent
1147 1507 1382 1560 adversa
1423 1507 1748 1576 provenire.
1792 1508 1956 1560 Tem-

263 1614 404 1670 pora
433 1613 564 1650 vero
623 1597 948 1660 observant,
990 1611 1116 1649 cum
1160 1596 1356 1650 dicunt
1389 1612 1401 1649 :
1435 1595 1616 1648 Hodie
1661 1594 1809 1648 veris
1839 1593 1958 1648 ini—

262 1684 408 1738 tium
461 1687 563 1750 est,
600 1689 658 1737 et
700 1683 830 1737 ideo
881 1683 1154 1736 festivitas
1203 1688 1306 1736 est.
1343 1684 1406 1736 Et
1453 1698 1679 1735 rursum
1714 1699 1726 1735 :
1764 1684 1954 1736 Poste-

265 1789 394 1827 rum
445 1777 550 1838 est,
584 1773 820 1826 domum
853 1771 1048 1841 egredi
1077 1787 1187 1824 non
1235 1771 1381 1824 licet.
1411 1772 1604 1824 Annos
1631 1770 1710 1823 sic
1736 1771 1954 1838 colunt,

263 1877 390 1915 cum
415 1861 611 1915 dicunt
641 1876 654 1914 :
689 1860 957 1914 Kalendis
977 1859 1232 1914 Januarii
1254 1875 1432 1912 novus
1451 1865 1535 1912 est
1559 1874 1766 1925 annus,
1795 1859 1954 1929 quasi

265 1965 381 2003 non
413 1949 670 2020 quotidie
702 1965 884 2002 annus
909 1947 1234 2014 impleatur.
1269 1949 1395 2001 Ilaec
1424 1947 1753 2017 superstitio
1783 1947 1955 2018 longe

264 2037 433 2091 debet
471 2053 590 2091 esse
640 2054 671 2089 a
731 2035 906 2089 servis
953 2035 1070 2089 Dei.
1145 2035 1202 2089 Si
1259 2035 1387 2105 quis
1435 2035 1495 2088 in
1547 2035 1652 2088 hac
1715 2034 1956 2106 perﬁdia

262 2125 568 2195 detegitur,
603 2125 816 2191 clerici,
848 2139 1063 2178 annum
1094 2139 1308 2191 unum;
1343 2123 1472 2177 laici
1501 2123 1803 2178 dimidium
1834 2141 1952 2196 pce-

262 2212 500 2266 niteant.

416 2301 542 2354 CAP.
569 2299 684 2352 XII.
716 2328 785 2338 —
815 2301 881 2352 De
907 2300 990 2352 his
1013 2300 1110 2366 qui
1140 2297 1466 2352 (temonibus
1497 2300 1797 2354 immolant.

332 2388 450 2454 (Ea:
477 2389 839 2457 paenitentiali
887 2385 1174 2454 Theodor.)
1207 2388 1346 2442 Nam
1384 2388 1454 2440 de
1483 2385 1570 2440 his
1603 2386 1700 2456 qui
1747 2386 1956 2440 daemo-

259 2477 428 2531 nibus
491 2476 798 2530 immolaut
855 2475 1134 2529 Theodori
1203 2474 1456 2545 episcopi
1518 2474 1954 2528 constitutiones

259 2565 556 2632 habemus,
591 2566 648 2618 in
677 2563 886 2636 quibus
917 2564 1189 2634 scriptum
1221 2569 1306 2617 est
1339 2580 1353 2617 :
1387 2562 1494 2628 Qui
1525 2563 1826 2616 immolant
1847 2563 1954 2616 dae-

258 2654 466 2707 moniis
519 2654 578 2707 in
627 2653 901 2721 minimis,
938 2669 1154 2707 annum
1209 2669 1390 2707 unum
1438 2652 1794 2723 pceniteant;
1851 2652 1952 2724 qui

255 2758 390 2796 vero
417 2741 476 2794 in
507 2742 750 2814 magnis,
782 2758 817 2796 x
845 2757 1023 2796 annos
1052 2741 1387 2812 poeniteant.

256 2832 384 2887 CAP.
421 2832 564 2887 XIII.
597 2863 665 2872 —
699 2833 778 2886 De
805 2831 922 2887 illis
956 2833 1052 2901 qui
1095 2831 1415 2954 trtaditiones
1461 2831 1746 2899 gentilium
1777 2829 1952 2884 obser-

1025 2919 1176 2954 υαη..

1025 2919 1176 2956 vani.

327 2973 445 3065 (Ea:
493 2973 678 3065 consil.
729 2974 1034 3065 Braggarq-
1063 2975 1238 3065 capite
1267 2971 1384 3065 20.)
1435 2973 1559 3026 Non
1609 2971 1742 3025 licet
1789 2970 1947 3025 Cliri-
1987 3009 2026 3065 Ο

255 3059 453 3114 stianis
483 3059 818 3114 traditiones
883 3059 1182 3130 gentilium
1242 3059 1558 3127 observare,
1615 3061 1702 3112 vel
1759 3060 1946 3115 colere

253 3149 555 3216 elementa,
591 3153 690 3201 aut
718 3149 934 3215 lunam,
969 3153 1068 3202 aut
1113 3148 1408 3203 stellarum
1454 3163 1706 3213 cursum,
1738 3152 1793 3202 et
1823 3148 1945 3202 ina-

251 3253 384 3291 nem
432 3237 724 3307 signorum
775 3237 1056 3292 fallaciam
1104 3237 1464 3292 considerare
1512 3253 1615 3308 pro
1660 3237 1829 3291 domo
1863 3237 1945 3291 fa-

253 3323 476 3391 cienda,
507 3329 562 3378 et
585 3325 654 3379 ad
689 3324 956 3396 conjugia
986 3325 1272 3378 socianda.
1311 3325 1594 3396 Scriptum
1627 3329 1712 3379 est
1740 3325 1892 3378 enim
1928 3341 1942 3379 :

253 3413 459 3469 Omnia
508 3429 866 3484 quascunque
917 3413 1100 3468 facitis
1137 3415 1196 3468 in
1227 3415 1399 3468 verbo
1428 3419 1528 3469 aut
1569 3414 1627 3468 in
1658 3429 1852 3485 opere,
1884 3415 1944 3468 in

252 3502 489 3556 nomine
537 3501 766 3556 Domini
813 3501 997 3556 nostri
1052 3502 1181 3555 Jesu
1239 3501 1444 3557 Christi
1493 3503 1677 3569 facite,
1735 3505 1943 3572 gratias

249 3595 484 3661 agentes
529 3591 662 3646 Deo.
704 3589 760 3644 Si
793 3590 922 3660 quis
961 3593 1154 3644 autem
1183 3590 1400 3658 fecerit,
1433 3590 1788 3656 severissime
1819 3607 1940 3644 cor-

247 3679 516 3750 ripiatur,
553 3683 608 3732 et
639 3679 911 3732 canonice
937 3679 1232 3748 paeniteat.

249 3767 375 3822 CAP.
428 3766 556 3820 XIV.
609 3796 677 3806 —
725 3769 797 3820 De
854 3768 1205 3833 mulierculis,
1263 3783 1381 3836 quae
1408 3770 1648 3834 infantes
1687 3783 1810 3823 suos
1837 3785 1940 3839 pro

377 3839 616 3891 sanitate
647 3840 706 3890 in
733 3839 1010 3904 fornacem
1037 3843 1131 3892 aut
1163 3854 1334 3907 supra
1363 3845 1554 3894 tectum
1575 3845 1806 3910 ponunt.

318 3926 436 3992 (Ea:
473 3926 842 3994 pmnitentiali
870 3925 1026 3980 Beda
1071 3927 1420 4000 presbyteri.)
1483 3928 1683 3984 Mulier
1727 3927 1775 3981 si
1827 3944 1941 3998 qua

245 4013 430 4068 ﬁlium
465 4030 632 4068 suum
665 4013 829 4085 ponit
855 4030 1026 4085 supra
1049 4019 1284 4086 tectum,
1316 4021 1413 4072 aut
1441 4016 1502 4072 in
1527 4018 1812 4072 fornacem
1835 4033 1939 4088 pro

246 4104 491 4158 sanitate
521 4103 792 4171 febrium,
826 4121 1006 4159 unum
1032 4121 1245 4160 annum
1273 4107 1567 4178 poeniteat.

245 4194 370 4248 CAP.
421 4193 527 4248 XV.
581 4224 649 4233 —
708 4193 860 4265 Quod
910 4209 1015 4247 non
1065 4195 1220 4250 liceat
1269 4198 1493 4265 iniquas
1546 4192 1938 4250 observationes

796 4263 1172 4320 Kalendarum
1203 4263 1380 4333 agere:

317 4353 425 4424 (Em
463 4353 656 4408 decret.
710 4355 952 4408 Martial.
987 4354 1196 4424 papa.)
1244 4356 1366 4409 Non
1399 4353 1530 4407 licet
1571 4352 1797 4424 iniquas
1825 4353 1932 4409 ob-

241 4441 589 4495 servationes
621 4457 786 4510 agere
817 4441 1222 4510 Kalendarum,
1257 4445 1314 4494 et
1342 4441 1472 4494 otiis
1494 4457 1713 4509 vacare,
1747 4457 1934 4514 neque

240 4530 424 4596 lauro,
469 4535 567 4585 aut
609 4531 894 4585 viriditate
924 4531 1194 4586 arborum
1226 4529 1453 4599 cingere
1484 4529 1704 4584 domos.
1737 4531 1933 4587 Omnis

237 4618 360 4670 hanc
391 4619 710 4674 observatio
748 4635 1108 4689 paganorum
1141 4623 1244 4672 est.

240 4707 366 4762 CAP.
400 4707 530 4762 XVI.
557 4737 623 4748 —
649 4709 721 4762 De
750 4709 863 4762 illis
894 4709 992 4777 qui
1013 4705 1284 4760 Kalendas
1311 4707 1608 4762 Ianuarias
1631 4709 1744 4762 ritu
1759 4722 1934 4778 paga-

698 4794 892 4832 norum
916 4780 1082 4832 colere
1111 4784 1468 4846 prwsumunt.

310 4865 427 4936 (Em
457 4867 651 4922 deerat.
691 4866 935 4920 Zachar.
977 4881 1160 4935 papae,
1191 4867 1369 4935 capite
1418 4869 1527 4938 ll.)
1562 4867 1616 4921 Si
1667 4867 1794 4938 quis
1821 4867 1924 4920 Ka-

235 4955 435 5010 lendas
463 4955 760 5010 Ianuarias
803 4953 923 5008 ritu
949 4969 1309 5024 paganorum
1342 4955 1545 5022 colere,
1594 4955 1682 5010 vel
1713 4955 1930 5026 aliquid

235 5043 364 5112 plus
406 5043 537 5097 novi
571 5043 756 5097 facere
787 5047 1028 5112 propter
1059 5057 1270 5096 novum
1300 5057 1538 5109 annum,
1575 5047 1672 5097 aut
1704 5059 1931 5097 mensas

235 5147 364 5185 cum
396 5131 682 5202 lapidibus
711 5131 798 5184 vel
829 5129 1014 5200 epulis
1045 5129 1102 5183 in
1136 5129 1401 5185 domibus
1432 5131 1550 5186 suis
1581 5147 1926 5204 prmparare,

236 5224 290 5272 et
337 5236 440 5290 per
487 5220 639 5274 vicos
680 5223 736 5273 et
784 5219 1002 5288 plateas
1037 5223 1354 5274 cantatores
1405 5225 1460 5274 et
1490 5221 1692 5275 choros
1721 5207 1928 5276 ducere

233 5308 687 5379 praesumpserit,
721 5308 1028 5362 anathema
1058 5308 1148 5362 sit.

661 5397 788 5452 CAP.
816 5397 975 5451 XVII.
1005 5427 1074 5437 -
1105 5397 1185 5453 De
1215 5397 1398 5452 eadem
1429 5414 1501 5452 re.

305 5489 413 5554 (Ea:
436 5487 621 5542 concil.
650 5485 986 5558 Rothomag.)
1017 5485 1074 5541 Si
1106 5485 1235 5557 quis
1265 5486 1324 5540 in
1351 5485 1620 5540 Kalendis
1645 5485 1927 5542 lanuariis

232 5573 452 5646 aliquid
481 5575 678 5630 fecerit
711 5576 862 5647 quod
894 5591 927 5629 a
955 5575 1197 5646 paganis
1231 5575 1527 5630 inventum
1559 5580 1664 5638 est,
1715 5581 1773 5629 et
1804 5575 1924 5631 dies

2073 534 2328 602 potentia
2389 532 2604 602 aliquid
2655 537 2844 602 sperat
2890 532 2950 586 in
3007 533 3212 588 melius
3265 539 3362 589 aut
3404 535 3465 589 in
3520 536 3776 592 deterius

2073 621 2237 687 verti,
2271 622 2580 675 anathema
2608 620 2698 676 sit.

2073 727 2202 782 CAP.
2234 728 2418 782 XVIII.
2453 757 2514 768 --
2541 729 2613 781 De
2641 727 2902 794 bubulcis,
2929 729 3014 782 vel
3037 729 3381 784 amatoribus
3411 732 3508 801 qui
3533 745 3659 785 suas
3691 734 3774 786 in-

2554 801 2891 853 cantationes
2921 801 3278 854 exercuerim.

2145 887 2265 956 (Ea:
2293 886 2490 952 eodem,
2519 889 2695 954 capite
2723 885 2801 956 4.)
2833 887 3312 941 Perscrutandum
3352 888 3399 941 si
3431 888 3636 960 aliquis
3669 907 3770 944 su-

2071 975 2292 1044 bulcus,
2325 976 2411 1028 vel
2445 975 2744 1040 bubulcus,
2779 974 2896 1028 sive
2937 981 3194 1045 venator,
3227 977 3312 1029 vel
3343 977 3536 1032 caeteri
3564 979 3769 1048 hujus-

2070 1064 2248 1130 modi,
2302 1063 2453 1118 dicat
2511 1062 2794 1117 diabolica
2841 1065 3096 1118 carmina
3161 1081 3333 1135 super
3381 1082 3607 1136 panem,
3668 1073 3772 1122 aut

2070 1168 2244 1223 super
2272 1151 2496 1218 herbas,
2529 1157 2627 1206 aut
2675 1167 2848 1222 super
2877 1153 3141 1223 quaedam
3181 1153 3400 1208 nefaria
3425 1154 3766 1224 ligamenta,

2069 1245 2126 1295 et
2155 1242 2278 1294 haec
2306 1245 2402 1294 aut
2433 1241 2492 1294 in
2529 1240 2732 1294 arbore
2777 1240 3102 1308 abscondat,
3137 1247 3236 1295 aut
3264 1242 3325 1296 in
3355 1242 3528 1311 bivio,
3572 1249 3673 1299 aut
3704 1245 3770 1300 in

2067 1329 2234 1384 trivio
2282 1329 2565 1400 projiciat,
2616 1333 2680 1384 ut
2725 1345 2824 1382 sua
2879 1330 3152 1384 animalia
3202 1330 3405 1386 liberet
3447 1348 3476 1385 ει
3515 1338 3674 1402 peste
3707 1339 3770 1388 et

2067 1418 2246 1485 clade,
2296 1422 2353 1472 et
2401 1417 2633 1471 alterius
2680 1419 2897 1488 perdat.
2943 1418 3077 1482 Quae
3129 1419 3320 1474 omnia
3373 1419 3766 1476 idololatriam

2068 1522 2190 1560 esse
2221 1507 2363 1560 nulli
2393 1505 2549 1560 ﬁdeli
2569 1506 2809 1561 dubium
2833 1511 2916 1561 est
2947 1524 2960 1561 :
2992 1513 3047 1561 et
3073 1507 3200 1562 ideo
3231 1523 3595 1580 summopere
3628 1515 3766 1566 sunt

2067 1593 2518 1650 exterminanda.

2067 1683 2195 1736 CAP.
2228 1682 2354 1735 XIX.
2385 1711 2455 1720 —
2494 1681 2647 1750 Quod
2675 1697 2779 1736 non
2811 1683 2970 1737 liceat
3011 1683 3364 1740 mulierculas
3413 1687 3762 1742 Christianas

2364 1755 2634 1807 vanitates
2651 1755 2708 1807 in
2729 1757 2842 1808 suis
2873 1756 3128 1824 laniﬁciis
3156 1757 3456 1810 observare.

2135 1841 2254 1912 (Em
2276 1842 2494 1896 concilio
2527 1843 2818 1912 Braggar.,
2843 1846 3018 1913 capite
3047 1845 3156 1912 IO.)
3185 1845 3306 1898 Non
3333 1845 3467 1900 licet
3488 1845 3760 1902 mulieres

2065 1929 2434 1997 Christianas,
2486 1931 2794 1985 vanitatem
2843 1931 2904 1986 in
2948 1931 3066 1986 suis
3113 1933 3378 1988 laniﬁciis
3431 1934 3758 2002 observare,

2063 2019 2162 2072 sed
2208 2019 2387 2072 Deum
2433 2018 2703 2074 invocent
2753 2019 3096 2091 adjutorem,
3145 2023 3246 2092 qui
3293 2023 3375 2076 eis
3407 2023 3756 2092 sapientiam

2061 2107 2290 2162 texendi
2323 2107 2574 2163 donavit.

2063 2195 2191 2250 CAP.
2223 2197 2328 2251 XX.
2357 2225 2422 2237 --
2455 2197 2608 2260 Quod
2652 2213 2758 2252 non
2788 2199 2948 2252 liceat
2989 2215 3106 2254 cum
3137 2202 3602 2258 incantationibus
3633 2205 3760 2258 her-

2525 2269 2714 2324 barum
2752 2270 3112 2325 collectionem
3141 2269 3285 2341 ﬁeri.

2133 2354 2241 2425 (Em
2269 2355 2466 2424 eodem,
2503 2361 2679 2426 capite
2721 2357 2831 2428 2|.)
2863 2359 2988 2413 Non
3019 2359 3152 2414 licet
3175 2360 3233 2414 iu
3263 2361 3592 2416 collectione
3617 2361 3762 2418 ber—

2060 2443 2262 2498 barum
2321 2445 2746 2500 medicinalium
2796 2446 3017 2518 aliquas
3059 2447 3484 2504 observationes
3528 2450 3615 2504 vel
3663 2450 3759 2505 in—

2061 2533 2413 2587 cantationes
2475 2534 2792 2601 attendere,
2849 2535 2961 2590 nisi
3009 2540 3234 2590 tantum
3306 2553 3436 2591 cum
3495 2537 3756 2608 symbolo

2059 2621 2270 2689 divino,
2322 2627 2379 2676 et
2408 2621 2676 2678 Oratione
2733 2623 3050 2688 Dominica,
3085 2630 3148 2680 ut
3201 2626 3348 2680 Deus
3388 2631 3446 2682 et
3473 2626 3756 2681 Dominus

2060 2717 2254 2766 noster
2280 2711 2616 2765 honoretur.

2059 2800 2193 2855 CAP.
2231 2800 2364 2856 XXI.
2395 2831 2466 2844 —
2493 2804 2568 2856 De
2595 2803 2709 2856 illis
2760 2805 2858 2870 qui
2886 2801 2961 2856 ad
2987 2803 3206 2858 arbores
3235 2805 3316 2858 vel
3344 2803 3419 2858 ad
3463 2807 3638 2873 fontes
3665 2807 3757 2872 fa-

2637 2874 2785 2927 culas
2813 2875 3166 2930 incenderint.

2130 2959 2247 3031 (Ea‘
2275 2961 2470 3027 eodem,
2503 2963 2678 3031 capite
2707 2963 2822 3030 22.)
2856 2962 2914 3016 Si
2945 2962 3003 3016 in
3035 2963 3274 3034 alicujus
3306 2964 3624 3036 presbyteri
3655 2982 3756 3037 pa-

2056 3050 2248 3106 rochia
2268 3049 2548 3115 inﬁdeles,
2583 3055 2680 3104 aut
2709 3051 2918 3104 faculas
2941 3051 3323 3120 incenderint,
3375 3057 3472 3106 aut
3494 3054 3748 3122 arbores,

2055 3143 2152 3192 aut
2197 3138 2406 3208 fontes,
2456 3143 2554 3192 aut
2609 3155 2741 3192 saxa
2771 3145 3138 3208 venerantur,
3186 3140 3234 3194 si
3282 3142 3391 3196 hoc
3421 3158 3622 3196 eruere
3654 3159 3751 3197 ne-

2054 3229 2310 3297 glexerit,
2363 3227 2725 3297 sacrilegium
2766 3244 2824 3281 se
2861 3227 3060 3282 fecisse
3110 3234 3430 3300 cognoscat,
3481 3246 3753 3302 praesum-

2050 3322 2180 3387 ptor
2209 3322 2308 3371 aut
2331 3317 2585 3371 hortator
2613 3317 2698 3370 rei
2726 3315 2924 3386 ipsius.
2965 3317 3024 3372 Si
3054 3318 3379 3374 admonitus
3411 3320 3517 3374 hoc
3548 3335 3749 3375 emen-

2053 3407 2189 3461 dare
2219 3401 2553 3474 neglexerit,
2583 3405 2988 3460 communione
3015 3407 3293 3477 privetur.

2052 3495 2178 3550 CAP.
2242 3495 2396 3548 XXII.
2430 3524 2498 3533 —
2542 3496 2606 3548 Ut
2665 3497 3047 3577 vaticinatores
3115 3498 3237 3552 caesi
3298 3496 3364 3552 de
3432 3497 3749 3554 civitatibus

2744 3572 3055 3634 ejiciantur.

2121 3653 2226 3724 {Em
2279 3653 2498 3707 concilio
2554 3653 2856 3720 Arelatem,
2913 3656 3090 3724 capite
3142 3654 3247 3724 tt.)
3308 3651 3746 3724 Vaticinatores,

2049 3739 2149 3812 qui
2187 3756 2246 3796 se
2276 3740 2468 3796 futura
2517 3741 2658 3796 scire
2692 3741 2907 3808 dicunt,
2961 3743 3090 3798 caesi
3123 3743 3191 3799 de
3241 3743 3468 3798 civitate
3507 3743 3745 3815 ejician-

2047 3833 2161 3884 tur.

2155 3918 2282 3972 CAP.
2315 3917 2495 3972 XXIII.
2527 3948 2594 3957 —
2627 3921 2699 3974 De
2727 3919 2839 3974 illis
2873 3921 2972 3990 qui
2993 3921 3354 3990 phylacteriis
3383 3925 3632 3976 utuntur.

2119 4005 2227 4076 (Ea:
2257 4005 2398 4062 decr.
2461 4007 2702 4076 Gregor.)
2735 4007 2793 4063 Si
2819 4009 2946 4080 quis
2997 4009 3265 4074 hariolos,
3313 4009 3620 4080 aruspices,
3656 4009 3744 4064 vel

2046 4095 2430 4150 incantatores
2475 4097 2879 4168 observaverit,
2920 4103 3017 4152 aut
3059 4099 3429 4171 phylacteriis
3459 4115 3595 4154 usus
3624 4099 3746 4154 fue—

2047 4183 2141 4252 rit,
2173 4184 2478 4238 anathema
2510 4185 2598 4241 sit.

1965 4297 2008 4350 ι)
2119 4273 2246 4330 CAP.
2281 4275 2459 4328 XXIV.
2493 4305 2551 4314 —-
2584 4276 2716 4330 Item
2747 4275 2812 4329 de
2839 4277 3172 4332 mulierculis
3196 4276 3666 4331 incantatricibus.

2119 4361 2230 4432 (Ea:
2273 4364 2638 4432 paenitentiali
2685 4363 2968 4436 Romano.)
3015 4365 3215 4420 Mulier
3263 4364 3310 4419 si
3359 4363 3742 4420 divinationes

2045 4451 2134 4505 vel
2180 4450 2598 4506 incantationes
2649 4451 2958 4507 diabolicas
3009 4453 3228 4520 fecerit,
3283 4469 3496 4507 annum
3555 4469 3740 4509 unum

2043 4539 2338 4611 poeniteat,
2389 4541 2476 4594 vel
2531 4545 2647 4594 tres
2694 4541 3188 4612 quadragesimas,
3227 4542 3316 4596 vel
3357 4541 3744 4614 quadraginta

2045 4629 2165 4684 dies
2195 4630 2509 4685 secundum
2542 4631 2888 4702 qualitatem,
2911 4631 3121 4686 delicti.

2041 4738 2169 4792 CAP.
2201 4737 2352 4792 XXV.
2384 4767 2452 4777 ——
2487 4737 2567 4791 De
2611 4737 2724 4792 illis
2757 4740 2855 4806 qui
2882 4738 3214 4792 manducant
3261 4743 3357 4792 aut
3383 4738 3590 4806 bibunt,
3643 4746 3742 4796 aut

2109 4813 2335 4933 poréant
2377 4823 2540 4878 super
2583 4823 2639 4863 se
2669 4809 2886 4878 aliquid
2931 4809 3006 4863 ad
3054 4811 3160 4864 Dei
3189 4811 3466 4879 judicium
3506 4811 3735 4865 subver-

2127 4895 2196 4933 en
2241 4895 2350 4933 um.

2127 4895 2350 4934 renatum.

2112 4967 2233 5036 (Ea:
2259 4967 2480 5022 concilio
2509 4967 2748 5036 Tribur.,
2774 4969 2950 5038 capite
2975 4967 3052 5034 4.)
3083 4967 3140 5022 Si
3167 4968 3375 5040 aliquis
3405 4969 3740 5036 manducat,

2039 5059 2138 5107 aut
2176 5054 2340 5122 bibit,
2394 5059 2490 5109 aut
2543 5060 2736 5126 portat
2761 5061 2934 5127 super
2983 5073 3042 5109 se
3095 5057 3248 5112 unde
3301 5058 3587 5112 existimat
3637 5059 3738 5113 Dei

2031 5143 2312 5214 judicium
2371 5149 2696 5215 pervertere
2751 5161 2938 5216 posse,
2993 5149 3048 5199 et
3078 5145 3282 5200 exinde
3331 5146 3740 5218 comprobatus

2037 5231 2228 5298 fuerit,
2263 5233 2462 5286 eadem
2492 5233 2776 5287 sententia
2806 5233 3046 5288 feriatur
3073 5251 3184 5306 qua
3207 5235 3380 5306 magi,
3418 5240 3474 5291 et
3501 5235 3738 5304 harioli,

2037 5320 2093 5370 et
2125 5316 2505 5371 incantatores
2537 5317 2842 5372 feriuntur.

2036 5423 2162 5477 CAP.
2195 5422 2368 5477 XXVI.
2399 5452 2472 5464 —
2503 5425 2580 5478 De
2611 5425 2724 5478 illis
2769 5426 2866 5492 qui
2903 5427 2961 5479 in
3015 5426 3216 5480 tabulis
3250 5431 3344 5481 aut
3371 5427 3428 5482 in
3460 5426 3740 5484 codicibus

2615 5497 2812 5560 futura
2839 5498 3144 5564 requirunt.

2109 5575 2218 5645 (Em
2263 5579 2624 5647 prrnitentiali
2677 5579 2898 5649 Theod.)
2950 5581 3012 5632 In
3057 5579 3267 5635 tabulis
3298 5582 3380 5635 vel
3441 5582 3740 5640 codicibus
