3944 6304
164 318 266 373 837

1136 314 1608 371 DECRETORUM
1650 315 1836 371 LIBRI
1873 314 1977 369 XX.
2022 344 2069 354 —
2129 315 2340 369 LIBER
2380 315 2699 372 DECIMUS.

3574 324 3678 377 838

162 446 317 497 sorte
349 441 542 496 futura
572 456 686 494 non
742 444 877 493 sunt
923 439 1291 510 requirenda,
1355 445 1411 492 et
1443 444 1504 492 ut
1568 440 1761 492 nullus
1807 440 1866 493 in
1896 442 1942 493 Α
1981 438 2347 500 tentaverint,
2376 441 2462 494 vel
2486 440 2745 511 quintam
2770 441 2967 495 feriam
2987 443 3044 496 in
3074 443 3353 498 honorem
3375 445 3551 513 Jovis,
3582 448 3676 500 vel

164 530 460 595 Psalterio,
496 530 579 581 vel
614 530 672 581 in
709 528 1032 595 Evangelio,
1077 527 1160 580 vel
1194 528 1250 580 iu
1286 528 1411 580 aliis
1446 528 1613 581 rebus
1675 527 1866 581 sortiri

162 623 498 688 praesumat,
533 634 635 670 nec
656 615 1036 670 divinationes
1056 616 1275 686 aliquas
1307 616 1365 668 in
1393 616 1677 686 aliquibus
1700 616 1867 670 rebus

166 708 492 761 observare.
514 705 670 770 Quod
695 704 738 758 si
770 704 987 769 fecerit,
1021 703 1400 773 quadraginta
1430 704 1550 757 dies
1573 704 1864 774 pamiteat.

165 797 298 851 CAP.
332 796 411 850 XX
424 796 535 849 VII.
565 823 639 835 —
665 796 739 847 De
768 794 880 847 illis
911 795 1008 861 qui
1031 798 1200 848 sortes
1214 798 1522 847 sanctorum
1560 796 1863 862 requirunt.

238 884 353 952 (Ea:
378 883 566 937 concil.
597 884 922 950 Agathe-11s.,
972 883 1150 949 capite
1181 884 1257 947 3.)
1292 881 1401 934 Nec
1428 880 1570 934 illud
1604 886 1689 934 est
1722 897 1864 951 pra:-

162 972 510 1027 tereundum
560 971 712 1042 quod
747 970 992 1024 maxime
1042 970 1213 1023 tidem
1273 969 1566 1039 religionis
1612 970 1864 1036 infestat,

164 1061 318 1131 quod
350 1059 529 1130 aliqui
558 1058 749 1112 clerici
780 1059 867 1111 vel
897 1058 1027 1111 laici
1061 1057 1295 1111 student
1324 1057 1600 1127 auguriis,
1654 1062 1709 1111 et
1760 1058 1865 1111 sub

164 1148 403 1202 nomine
434 1149 580 1201 ﬁctae
610 1146 921 1217 religionis,
977 1162 1151 1217 quam
1196 1151 1375 1199 sortes
1407 1151 1735 1200 sanctorum
1765 1163 1866 1199 vo-

165 1242 318 1304 cant,
370 1236 737 1290 divinationis
797 1235 1094 1289 scientiam
1152 1235 1517 1305 proﬁtentur,
1572 1240 1670 1288 aut
1724 1251 1864 1306 qua-

162 1342 525 1395 rumcumque
556 1326 964 1395 scripturarum
1002 1324 1355 1395 inspectione
1401 1324 1592 1378 futura
1620 1324 1865 1395 promit-

163 1419 313 1468 tunt.
348 1414 684 1484 Quicunque
716 1414 972 1481 clericus,
996 1414 1082 1466 vel
1107 1413 1282 1466 laicus
1303 1412 1364 1466 in
1390 1429 1455 1465 eo
1484 1413 1734 1467 detectus
1755 1413 1869 1467 fue-

161 1501 239 1554 rit
266 1500 406 1553 talia
437 1500 756 1565 consulere,
798 1499 880 1552 vel
914 1498 1140 1565 docere,
1192 1498 1259 1551 ab
1290 1498 1535 1551 Ecclesia
1583 1497 1862 1567 ejiciatur.

166 1589 293 1643 CAP.
327 1589 554 1645 XXVIII.
588 1619 656 1627 ——
697 1589 771 1641 De
803 1590 912 1641 illis
942 1588 1197 1655 muleﬁeis
1220 1590 1315 1656 qui
1330 1592 1551 1656 sperant
1577 1602 1631 1641 se
1668 1591 1865 1641 mentes

625 1661 895 1713 hominum
912 1665 1215 1728 pervertere
1236 1673 1410 1727 posse.

236 1750 345 1821 (Ex
400 1750 763 1828 pamitentiali
820 1722 1102 1813 Roinano.)
1162 1722 1397 1800 Maleﬁci
1458 1747 1545 1801 vel
1612 1722 1934 1799 incanta-B

163 1843 338 1903 tores,
417 1838 502 1890 vel
558 1836 910 1890 immissores
969 1840 1397 1906 tempestatum,
1453 1836 1540 1888 vel
1599 1835 1697 1905 qui
1761 1851 1863 1905 per

163 1926 585 1980 invocationem
599 1925 921 1979 daemonum
942 1930 1163 1976 mentes
1188 1923 1486 1976 hominum
1502 1921 1857 1992 perturbant,

163 2013 633 2068 anathematizati
656 2012 997 2082 abjiciantur
1020 2027 1032 2065 :
1058 2017 1113 2064 et
1133 2011 1179 2063 si
1215 2011 1519 2064 emendare
1552 2009 1857 2076 voluerint,

164 2103 357 2157 clerici
388 2108 503 2156 tres
534 2118 733 2167 annos,
768 2100 896 2154 laici
931 2116 1108 2153 unum
1140 2116 1353 2153 annum
1382 2098 1714 2169 poeniteant.

573 2191 700 2244 CAP.
741 2190 915 2244 XXIX.
948 2219 1019 2227 ——
1052 2189 1132 2241 De
1162 2188 1343 2241 eadem
1371 2203 1447 2241 re.

236 2280 344 2351 (Ea:
375 2280 597 2333 concilio
655 2280 890 2345 .4gath.,
952 2278 1128 2345 capite
1168 2275 1247 2343 4.)
1309 2274 1761 2346 Perquirendum
1814 2275 1858 2329 si

162 2369 358 2439 aliqua
410 2368 622 2421 femina
682 2367 773 2433 sit,
837 2382 964 2436 quae
999 2381 1102 2436 per
1155 2364 1417 2435 quaedam
1473 2364 1755 2418 meleﬁcia
1806 2370 1863 2418 et

162 2457 578 2510 incantationes
627 2460 845 2509 mentes
900 2453 1199 2507 hominum
1258 2469 1315 2505 se
1357 2453 1663 2507 immutare
1698 2469 1860 2523 posse

164 2546 336 2611 dicat,
370 2545 425 2597 id
460 2550 563 2611 est,
597 2548 661 2598 ut
709 2545 776 2597 de
817 2542 950 2597 odio
992 2543 1049 2595 in
1094 2557 1372 2609 amorem,
1407 2546 1505 2594 aut
1553 2542 1621 2595 de
1666 2558 1860 2595 amore

162 2634 220 2688 in
255 2634 453 2688 odium
486 2637 792 2697 convertat,
854 2638 951 2685 aut
1004 2631 1155 2685 bona
1206 2630 1506 2684 hominum
1556 2635 1651 2684 aut
1698 2631 1859 2684 dam-

165 2727 282 2789 net,
317 2726 415 2775 aut
464 2720 761 2791 subripiat.
818 2721 882 2773 Et
932 2719 978 2773 si
1033 2720 1227 2789 aliqua
1278 2724 1363 2772 est
1414 2735 1541 2790 qua:
1598 2735 1656 2774 se
1713 2719 1861 2774 dicat

163 2827 297 2865 cum
355 2811 683 2863 daemonum
740 2809 927 2875 turba,
973 2808 1031 2862 in
1070 2808 1510 2861 similitudinem
1552 2808 1859 2862 mulierum

162 2898 593 2968 transformata,
642 2898 810 2951 certis
865 2897 1127 2951 noctibus
1174 2897 1429 2967 equitare
1489 2913 1660 2967 super
1692 2913 1858 2967 quas-

1982 528 2181 581 Kalen.
2246 528 2449 582 Ianua.
2486 531 2803 583 secundum
2865 547 3147 601 paganam
3202 535 3673 589 consuetudinem

1976 615 2258 668 honorare
2316 618 2769 686 praesumpserit,
2835 620 3148 672 monachus
3204 635 3256 684 v,
3309 620 3545 676 clericus
3596 640 3673 691 ιν,

1975 703 2154 757 laicus
2185 721 2243 771 ιι,
2278 720 2457 757 annos
2496 706 2789 775 paeniteat.

1978 810 2102 864 CAP.
2138 810 2355 864 XXXIV.
2398 840 2466 850 —
2497 814 2570 866 De
2615 814 2729 866 illis
2768 814 2864 880 qui
2901 812 3167 867 vanitates
3196 828 3324 867 suas
3348 816 3406 867 in
3437 815 3677 870 ewcubiis

2641 884 2997 937 exercuerim.

2048 968 2155 1038 (Ea:
2204 968 2409 1035 eodem,
2455 972 2630 1038 capite
2682 970 2757 1040 3.)
2792 970 2938 1024 Laici
2990 969 3091 1040 qui
3132 971 3399 1025 excubias
3463 972 3677 1028 funeris

1975 1056 2302 1124 observant,
2333 1073 2463 1109 cum
2511 1056 2719 1111 timore
2752 1063 2806 1111 et
2834 1063 3081 1112 tremore
3128 1063 3185 1112 et
3222 1062 3539 1115 reverentia
3571 1062 3678 1116 hoc

1973 1142 2202 1198 faciant.
2268 1145 2466 1198 Nullus
2532 1145 2610 1198 ibi
2689 1152 2999 1215 praesumat
3053 1146 3332 1202 diabolica
3419 1152 3676 1205 carmina

1974 1237 2221 1298 cantare,
2256 1248 2375 1287 non
2427 1234 2559 1303 joca
2592 1238 2648 1288 et
2679 1236 3011 1289 saltationes
3042 1236 3246 1302 lacere,
3297 1254 3425 1308 quas
3457 1240 3671 1309 pagani

1973 1320 2201 1374 diabolo
2259 1320 2497 1374 docente
2558 1320 2995 1376 adinvenerunt.
3059 1323 3196 1387 Quis
3254 1326 3409 1378 enim
3458 1325 3676 1379 nesciat

1975 1407 2321 1463 diabolicum
2355 1426 2498 1476 esse,
2532 1414 2587 1463 et
2618 1426 2731 1463 non
2762 1411 2949 1464 solum
2983 1427 3013 1464 a
3048 1411 3325 1481 religione
3348 1414 3672 1468 Christiana

1973 1499 2228 1553 alienum
2287 1499 2387 1553 sed
2445 1499 2617 1553 etiam
2649 1500 2915 1554 humanas
2978 1505 3199 1555 naturae
3262 1517 3387 1556 esse
3443 1507 3674 1556 contra-

1973 1587 2147 1653 rium,
2182 1588 2263 1642 ibi
2293 1588 2496 1655 laetari,
2527 1588 2764 1656 cantari,
2799 1588 3093 1658 inebriari,
3142 1594 3199 1643 et
3245 1590 3535 1644 cachinnis
3574 1608 3674 1645 ora

1976 1676 2228 1744 dissolvi,
2259 1680 2317 1731 et
2346 1676 2504 1730 omni
2542 1677 2775 1746 pietate,
2808 1682 2863 1730 et
2916 1677 3118 1731 affectu
3162 1679 3456 1733 charitatis
3512 1685 3674 1750 post—

1974 1765 2178 1834 posito,
2213 1765 2378 1836 quasi
2407 1766 2476 1820 de
2506 1765 2757 1819 fraterna
2786 1772 2970 1820 morte
3018 1768 3317 1835 exsultare,
3352 1768 3451 1821 ubi
3491 1770 3674 1822 luctus

1974 1858 2029 1907 et
2056 1856 2318 1924 planctus
2357 1853 2645 1908 ﬂebilibus
2674 1854 2906 1909 vocibus
2936 1856 3210 1909 debuerat
3245 1872 3512 1909 resonare
3569 1873 3675 1926 pro

1976 1943 2285 1997 amissione
2317 1942 2473 1996 chari
2525 1941 2762 1996 fratris?
2794 1944 2986 1996 Patres
3017 1943 3302 2013 siquidem
3348 1945 3568 1998 Veteris
3611 1962 3674 1999 ac

1973 2031 2113 2085 Novi
2170 2031 2521 2085 Testamenti
2568 2036 2782 2085 mortes
2829 2036 3156 2085 sanctorum
3213 2033 3469 2087 virorum
3528 2034 3672 2104 legi-

1974 2136 2101 2174 mus
2132 2120 2330 2173 multis
2363 2120 2423 2173 in
2469 2120 2607 2173 locis
2635 2136 2763 2173 cum
2822 2119 2961 2174 fletu
3011 2122 3333 2190 deplorasse
3364 2138 3377 2176 :
3411 2123 3470 2174 in
3512 2122 3672 2175 nullo

1973 2212 2166 2263 autem
2196 2210 2322 2262 loco
2354 2208 2452 2279 qui
2483 2225 2517 2261 a
2553 2209 2760 2261 saeculo
2793 2214 3142 2263 recesserant
3173 2212 3501 2264 exsultasse.
3532 2211 3672 2263 Nam

1969 2300 2024 2351 et
2094 2298 2262 2351 Jacob
2335 2296 2719 2367 patriarcharn
2805 2297 2958 2351 flevit
3030 2303 3150 2352 tota
3245 2300 3514 2369 Egyptus
3574 2315 3673 2352 Lxx

1973 2385 2194 2439 diebus.
2226 2386 2293 2439 Et
2334 2386 2565 2456 Joseph,
2618 2390 2673 2438 et
2707 2386 2911 2439 fratres
2943 2387 3065 2455 ejus
3112 2402 3240 2440 cum
3286 2393 3509 2457 patrem
3575 2388 3673 2441 de-

1970 2473 2188 2527 ferrent
2240 2474 2298 2527 in
2352 2479 2564 2528 terram
2623 2474 2891 2528 Chanaan
2946 2475 3012 2529 ad
3046 2476 3462 2545 sepeliendum,
3527 2478 3672 2531 cele-

1970 2561 2199 2616 brantes
2223 2562 2518 2633 exsequias
2550 2563 2619 2617 ad
2648 2578 2838 2616 aream
2869 2563 3090 2631 Athael,
3120 2581 3243 2634 quae
3277 2564 3383 2618 sita
3405 2569 3488 2618 est
3518 2570 3676 2618 trans

1970 2651 2296 2716 Iordanem,
2347 2651 2581 2721 planctu
2631 2666 2839 2719 magno
2891 2655 3061 2720 atque
3108 2652 3433 2705 vehementi
3472 2652 3676 2722 imple-

1970 2744 2179 2792 verunt
2224 2755 2298 2792 vu
2349 2737 2486 2792 dies.
2564 2738 2775 2791 Tantus
2843 2745 3034 2792 autem
3096 2739 3203 2793 fuit
3264 2740 3544 2810 planctus,
3604 2747 3671 2795 ut

1972 2828 2127 2881 locus
2184 2826 2319 2881 inde
2345 2843 2559 2881 nomen
2589 2828 2889 2897 acciperet.
2938 2826 3005 2881 Et
3051 2828 3120 2881 de
3160 2828 3325 2881 beato
3382 2827 3672 2899 Stephano

1972 2916 2238 2986 legimus,
2272 2916 2427 2987 quod
2458 2915 2805 2985 sepelierunt
2837 2931 2991 2977 eum,
3027 2916 3142 2970 sive
3183 2920 3525 2970 curaverunt
3567 2917 3674 2971 viri

163 2990 297 3045 dam
332 2990 559 3054 bestiaS,
618 2994 674 3042 et
726 2988 784 3041 in
844 3004 1041 3041 eorum
1082 2986 1370 3040 οοηδοτὶίο
1428 2988 1859 3041 “numeratam
1894 2998 1934 3053 C
1972 3004 2250 3072 timorati,
2284 2986 2340 3058 et
2369 3004 2626 3058 fecerunt
2648 3005 2942 3074 planctum
2976 3020 3253 3074 magnum
3313 3022 3484 3074 super
3515 3022 3670 3060 eum.

163 3095 310 3145 esse,
345 3078 465 3131 ι]ωο
517 3076 644 3131 talis
674 3075 1022 3131 omnimodis
1052 3075 1236 3145 scopis
1269 3079 1551 3145 correpta,
1584 3091 1650 3128 ex
1698 3090 1864 3145 paro-

163 3168 296 3222 chia
317 3167 595 3237 ejiciatur.

164 3258 294 3312 CAP.
338 3256 493 3310 XXX.
529 3257 600 3309 De
627 3253 740 3307 illis
771 3253 867 3320 qui
894 3252 968 3305 ad
1018 3266 1145 3305 suas
1183 3253 1457 3304 vanitates
1500 3250 1863 3321 perﬁciendas

732 3323 991 3378 daemones
1027 3325 1294 3376 invocant.

236 3414 739 3486 (Expmnitentiali
784 3413 939 3468 Beda:
977 3412 1325 3481 presbyteri.)
1377 3410 1709 3481 Quicunque
1760 3426 1863 3481 pro

163 3504 492 3557 curiositate
550 3503 896 3565 futurorum,
937 3500 1025 3553 vel
1081 3498 1465 3553 invocatorem
1514 3500 1860 3564 daemonum,

162 3593 255 3646 vel
286 3592 511 3645 divinos
538 3606 680 3662 quos
702 3588 950 3643 hariolos
981 3589 1294 3659 appellant,
1324 3588 1409 3641 vel
1439 3587 1727 3658 aruspices
1762 3589 1863 3657 qui

164 3680 410 3749 auguria
466 3680 766 3749 colligunt,
822 3678 1237 3743 consuluerint,
1317 3676 1506 3731 clerici
1560 3677 1630 3731 ab
1704 3677 1863 3731 omni

165 3770 355 3822 ofﬁcio
376 3769 602 3835 remoti,
628 3773 741 3820 tres
762 3782 961 3831 annos,
988 3766 1114 3820 laici
1140 3766 1282 3819 duos
1306 3782 1486 3820 annos
1522 3765 1858 3835 poeniteant.

167 3857 295 3913 CAP.
324 3858 492 3912 XXXI.
517 3886 586 3897 —
616 3859 689 3911 De
716 3857 830 3910 illis
859 3857 955 3923 qui
974 3860 1237 3909 nocturna
1267 3857 1537 3923 sacriﬁcia
1565 3854 1864 3910 daemonum

807 3928 1208 3981 celebraverint.

242 4017 355 4085 (Ea:
430 4018 794 4087 pamitentiali
843 4016 1119 4085 Romano.)
1178 4014 1511 4085 Quicunque
1586 4019 1864 4069 nocturna

167 4106 446 4161 sacriﬁcia
504 4107 833 4160 dtemonum
888 4104 1320 4170 celebraverint,
1378 4104 1466 4157 vel
1521 4103 1859 4157 incantatio-

164 4196 338 4249 nibus
370 4196 657 4250 dtemones
691 4210 1031 4266 quacunque
1081 4198 1198 4247 arte
1231 4193 1303 4247 ad
1337 4208 1439 4247 sua
1480 4198 1610 4247 vota
1647 4192 1861 4247 invita-

163 4284 374 4349 verint,
406 4288 520 4337 tres
549 4300 727 4337 annos
758 4282 1097 4353 paeniteant.

164 4374 293 4428 Car.
328 4374 525 4429 XXXII.
553 4403 619 4413 —
640 4376 714 4427 De
737 4374 848 4426 illis
879 4374 976 4441 qui
1005 4370 1078 4424 ad
1107 4370 1323 4425 arbores
1348 4370 1431 4424 vel
1455 4370 1528 4423 ad
1555 4371 1730 4436 fontes
1756 4370 1861 4424 ali-

737 4459 846 4512 qua
875 4448 1003 4497 vota
1034 4444 1294 4496 voverint.

234 4534 345 4601 (Em
372 4534 599 4588 concilio
628 4534 954 4601 Agathensi,
990 4534 1165 4600 capite
1197 4530 1272 4601 ὕ.)
1307 4529 1785 4584 Perscrutandum
1815 4528 1860 4581 si

160 4622 370 4693 aliquis
398 4627 528 4676 vota
559 4622 626 4676 ad
657 4622 907 4684 arbores,
947 4620 1015 4674 ad
1043 4620 1250 4689 fontes,
1286 4619 1367 4675 vel
1400 4620 1471 4674 ad
1504 4618 1743 4688 lapides,
1768 4618 1855 4671 vel

162 4711 445 4782 quosdam
484 4710 650 4781 quasi
709 4710 778 4764 ad
814 4709 1013 4764 altaria
1060 4708 1247 4773 faciat,
1281 4713 1381 4761 aut
1426 4707 1509 4761 ibi
1565 4707 1859 4761 candelam

162 4817 262 4854 seu
299 4799 601 4871 quodlibet
644 4815 852 4853 munus
904 4798 1142 4862 deferat,
1203 4796 1381 4849 veluti
1434 4796 1510 4850 ibi
1574 4796 1859 4867 quoddam

161 4906 378 4944 numen
410 4890 501 4955 sit,
534 4890 687 4959 quod
722 4889 935 4942 bonum
967 4892 1064 4941 aut
1094 4887 1308 4940 malum
1340 4885 1519 4955 possit
1555 4886 1787 4942 inferre.

162 4979 297 5033 CAP.
328 4979 554 5032 XXXIII.
587 5007 660 5016 ——
693 4980 764 5031 De
795 4978 905 5030 illis
939 4978 1053 5044 qui,
1101 4974 1319 5043 quando
1359 4975 1489 5027 luna
1519 4974 1858 5041 obscuratur,

374 5052 630 5103 clamores
660 5064 783 5102 suos
800 5056 848 5102 et
875 5049 1140 5115 maleficia
1161 5062 1259 5099 sua
1288 5048 1643 5114 exercuerim.

230 5140 339 5203 (E1:
359 5139 581 5191 concilio
603 5138 904 5199 Arelatem,
949 5137 1123 5204 capite
1142 5134 1217 5206 5.)
1236 5133 1573 5203 Quicunque
1595 5148 1863 5187 exercue-

160 5224 276 5278 rint
305 5226 429 5290 hoc,
467 5226 695 5294 quando
753 5224 887 5277 luna
931 5223 1286 5289 obscuratur,
1339 5227 1400 5275 ut
1430 5237 1558 5275 cum
1590 5221 1861 5275 clamori-

160 5313 265 5366 bus
320 5310 438 5365 suis
491 5328 554 5364 ac
606 5310 899 5365 maleﬁciis
954 5316 1011 5364 et
1073 5311 1349 5380 sacrilego
1407 5325 1515 5363 usu
1574 5325 1630 5362 se
1691 5325 1858 5379 posse

163 5401 470 5455 defendere
491 5402 745 5465 credant,
780 5404 835 5453 et
865 5400 1195 5472 quicunque
1225 5399 1449 5453 divinos
1479 5403 1858 5469 praecantato-

160 5507 249 5544 res
281 5489 631 5561 phylacteria
654 5490 826 5544 etiam
852 5490 1150 5555 diabolica,
1181 5489 1266 5543 vel
1288 5487 1639 5541 characteres
1671 5487 1862 5541 diabo-

158 5579 321 5648 Iicos,
356 5578 443 5634 vel
473 5580 698 5645 herbas,
732 5580 819 5633 vel
859 5594 1040 5643 sucos,
1075 5578 1192 5632 suis
1238 5576 1325 5632 vel
1372 5576 1479 5632 sibi
1524 5575 1860 5647 impendere

1972 3094 2041 3147 Et
2070 3094 2196 3148 ideo
2226 3093 2354 3147 talis
2406 3093 2602 3164 inepta
2655 3093 2850 3147 laetitia
2902 3098 2959 3146 et
2997 3093 3269 3163 pestifera
3318 3094 3554 3162 cantica,
3603 3111 3673 3150 ex

1972 3182 2308 3237 auctoritate
2376 3182 2478 3237 Dei
2556 3182 2950 3236 interdicenda
2998 3188 3145 3236 sunt.
3206 3182 3265 3237 Si
3323 3184 3451 3253 quis
3481 3189 3672 3238 autem

1971 3277 2201 3326 cantare
2241 3270 2545 3336 desiderat,
2582 3271 2753 3340 Kyrie
2809 3270 3018 3324 eleison
3068 3276 3255 3325 cantet
3287 3288 3301 3325 :
3360 3272 3447 3325 sin
3487 3273 3670 3339 aliter,

1972 3360 2209 3415 omnino
2280 3363 2483 3413 taceat.
2544 3358 2643 3413 Sin
2704 3363 2893 3412 autem
2976 3363 3163 3413 tacere
3222 3376 3340 3414 non
3398 3360 3539 3428 vult,
3612 3361 3673 3415 in

1970 3448 2217 3503 crastino
2250 3447 2644 3519 apresbytero
2703 3448 2896 3502 taliter
2951 3452 3302 3516 coerceatur,
3362 3453 3427 3503 ut
3481 3449 3672 3504 caeteri

1970 3537 2236 3592 timeant.

2380 3626 2507 3679 CAP.
2538 3626 2724 3679 XXXV.
2757 3654 2825 3664 ——
2866 3628 2941 3679 De
2970 3624 3153 3679 eadem
3177 3640 3254 3679 re.

2043 3713 2160 3780 (Ea:
2190 3713 2412 3767 concilio
2442 3711 2726 3778 Meldensi,
2751 3715 2927 3782 capite
2962 3716 3072 3780 l0.)
3104 3713 3321 3768 Placuit
3374 3714 3673 3785 prohiberi

1971 3818 2041 3856 ne
2064 3801 2294 3856 feminae
2318 3801 2378 3854 in
2409 3801 2736 3855 caemeterio
2750 3801 3113 3872 pervigilem,
3140 3818 3206 3856 eo
3230 3802 3384 3874 quod
3399 3820 3550 3875 sepe
3568 3804 3673 3858 sub

1969 3890 2206 3945 obtentu
2234 3889 2507 3943 orationis
2537 3894 2593 3944 et
2626 3890 2942 3961 religionis,
2974 3891 3219 3946 latenter
3257 3892 3470 3946 scelera
3525 3909 3676 3947 com-

1970 3979 2222 4033 mittant.

1971 4068 2099 4122 CAP.
2131 4068 2347 4120 XXXVI.
2372 4097 2440 4105 —
2463 4070 2534 4121 De
2560 4069 2820 4121 conviviis
2852 4083 2970 4135 qua:
2992 4070 3130 4136 fiunt
3159 4070 3274 4122 ritu
3311 4085 3670 4139 paganorum.

2042 4158 2145 4225 (Ea:
2174 4157 2397 4209 concilio
2438 4156 2642 4222 Afric.,
2689 4158 2864 4224 capite
2910 4156 3020 4225 27.)
3063 4158 3205 4211 Illud
3247 4158 3418 4211 etiam
3466 4164 3672 4229 peten-

1889 4286 1934 4341 Β
1973 4245 2132 4309 dum,
2166 4249 2231 4297 ut
2257 4243 2528 4314 quoniam
2568 4251 2767 4298 contra
2827 4250 3110 4315 praacepta
3172 4245 3365 4300 divina
3419 4247 3676 4301 convivia

1974 4332 2167 4386 multis
2216 4332 2276 4385 in
2332 4331 2470 4385 locis
2527 4337 2878 4399 exercentur,
2919 4349 3048 4403 quas
3107 4333 3177 4387 ab
3225 4350 3418 4387 errore
3470 4336 3673 4405 gentili

1974 4426 2210 4476 attracta
2265 4424 2418 4488 sunt,
2452 4420 2532 4475 ita
2578 4427 2635 4476 et
2697 4439 2848 4476 nunc
2881 4439 2910 4475 a
2964 4421 3199 4493 paganis
3240 4423 3548 4477 Christiani
3605 4425 3673 4479 ad

1972 4511 2095 4565 her
2147 4509 2488 4564 celebranda
2537 4516 2838 4580 cogantur,
2905 4526 2973 4564 ex
3037 4526 3149 4581 qua
3199 4526 3257 4563 re
3316 4512 3673 4581 temporibus

1974 4598 2429 4654 Christianorum
2480 4598 2894 4669 imperatorum
2946 4600 3267 4669 persecutio
3319 4600 3499 4655 altera
3544 4601 3670 4655 ﬁeri

1973 4690 2188 4741 occulta
2216 4687 2498 4755 videatur,
2550 4687 2732 4741 vetari
2788 4688 2920 4742 talia
2957 4688 3220 4759 jubeant,
3279 4696 3336 4744 et
3383 4689 3452 4743 de
3484 4689 3675 4744 civita-

1972 4777 2126 4831 tibus
2178 4780 2234 4830 et
2291 4775 2747 4845 possessionibus
2813 4777 3077 4847 imposita
3131 4794 3302 4848 poena
3356 4779 3671 4849 prohiberi,

1973 4864 2219 4918 maxime
2273 4881 2405 4919 cum
2476 4865 2652 4918 etiam
2718 4864 2781 4918 in
2836 4866 3121 4920 natalibus
3210 4867 3671 4923 beatissimorum

1973 4958 2289 5024 martyrum
2347 4968 2450 5024 per
2506 4954 2811 5007 nonnullas
2840 4953 3119 5025 civitates,
3153 4960 3209 5009 et
3259 4956 3318 5010 in
3364 4957 3505 5029 ipsis
3536 4959 3675 5013 locis

1973 5042 2145 5096 sacris
2209 5042 2346 5096 talia
2401 5043 2761 5097 committere
2817 5059 2933 5098 non
2999 5044 3399 5113 reformident,
3464 5048 3673 5118 quibus

1976 5132 2175 5186 diebus
2222 5135 2414 5185 etiam.
2470 5131 2621 5202 quod
2668 5131 2907 5202 pudoris
2957 5136 3041 5185 est
3095 5132 3303 5200 dicere,
3346 5134 3674 5190 saltationes

1974 5221 2437 5275 sceleratissimas
2490 5237 2594 5290 per
2651 5219 2801 5273 vicos
2864 5224 3037 5290 atque
3090 5221 3309 5290 plateas
3358 5230 3671 5291 exerceant,

1974 5315 2036 5364 ut
2073 5310 2408 5365 matronalis
2444 5310 2653 5379 honor,
2686 5314 2742 5363 et
2780 5308 3291 5364 innumerabilium
3324 5311 3669 5368 feminarum

1972 5400 2177 5470 pudor,
2212 5399 2411 5454 devote
2463 5398 2817 5453 venientium
2874 5398 2941 5453 ad
2992 5398 3439 5454 sacratissimum
3494 5402 3669 5469 diem,

1972 5487 2203 5557 injuriis
2261 5487 2676 5542 lascivientium
2746 5492 3071 5559 appetatur,
3129 5492 3195 5543 ut
3264 5490 3438 5544 etiam
3491 5490 3673 5563 ipsius

1978 5580 2189 5630 sancta:
2216 5576 2512 5646 religionis
2540 5593 2687 5647 pene
2717 5576 2971 5648 fugiatur
3003 5593 3280 5632 accessus.
