3944 6300
291 329 395 381 839

684 448 812 504 CAP.
841 449 1174 504 XXXVII.—
1208 448 1286 500 De
1309 447 1491 501 eadem
1520 464 1596 501 re.

363 543 471 610 (Ea:
529 539 672 594 decr.
707 540 896 593 Leonis
925 538 1130 606 papa.)
1154 536 1209 590 Si
1237 535 1490 589 convivio
1522 537 1638 588 solo
1666 535 1990 604 gentilium,

291 634 348 682 et
371 629 513 682 escis
557 626 946 680 immolaticiis
1008 625 1093 678 usi
1150 629 1300 690 sunt,
1359 629 1596 694 possunt
1638 624 1878 693 jejuniis
1936 629 1994 678 et

293 732 500 770 manus
532 713 899 785 impositione
950 714 1206 783 purgari,
1259 717 1321 765 ut
1369 713 1638 782 deinceps
1689 713 1759 766 ab
1805 712 1992 766 idolo-

292 803 453 857 thitis
511 803 877 867 abstinentes,
953 805 1434 854 sacramentorum
1505 799 1714 854 Christi
1775 800 1994 870 possint

295 908 415 946 esse
443 891 766 961 participes.
797 889 851 943 Si
881 894 1071 942 autem
1111 894 1209 942 aut
1242 888 1390 942 idola
1443 888 1847 953 adoraverunt,
1895 892 1992 941 aut

293 980 614 1034 homicidiis
643 980 729 1031 vel
787 977 1262 1031 fornicationibus
1315 975 1687 1029 contaminati
1718 980 1870 1040 sunt,
1921 975 1990 1028 ad

295 1068 759 1122 communionem
821 1082 916 1119 eos
947 1065 1056 1119 nisi
1094 1081 1198 1136 per
1249 1064 1644 1136 poenitentiam
1703 1063 1990 1134 publicam

296 1174 410 1212 non
439 1161 662 1226 oportet
677 1155 922 1209 admitti.

296 1246 424 1300 CAP.
449 1246 721 1301 XXXVIII.
744 1275 812 1284 —-—
833 1246 908 1299 Ne
929 1243 1111 1312 ﬁdeles
1130 1245 1190 1296 in
1215 1244 1524 1297 cmmeteriis
1551 1241 1821 1311 prandere
1838 1255 1989 1311 prae-

366 1386 477 1455 (Ea:
509 1388 730 1441 concilio
781 1319 1286 1454 Braggaiilfﬁzzite
1324 1385 1440 1453 70.)
1485 1384 1610 1436 Non
1641 1381 1805 1437 liceat
1829 1381 1986 1437 Chri-

291 1477 486 1530 stianis
541 1476 780 1546 prandia
811 1476 884 1529 ad
917 1475 1313 1529 defunctorum
1349 1473 1610 1544 sepulcra
1642 1472 1882 1540 deferre,
1933 1475 1992 1526 et

293 1565 609 1617 sacrificare
636 1563 894 1616 mortuis.

293 1655 419 1710 CAP.
453 1653 670 1708 XXXIX.
704 1682 771 1692 -—
803 1657 876 1707 De
902 1652 1014 1706 illis
1047 1655 1142 1719 qui
1159 1652 1456 1705 balationes
1487 1653 1732 1718 fecerint,
1766 1655 1820 1706 et
1857 1665 1911 1704 se
1931 1652 1989 1704 in

626 1725 831 1777 alienas
861 1726 1066 1790 formas
1115 1725 1647 1788 transformaverint.

365 1814 473 1883 (Ea:
522 1813 720 1878 eodem,
789 1815 964 1881 capite
1017 1811 1126 1879 80.)
1184 1811 1240 1865 Si
1296 1811 1425 1881 quis
1477 1810 1796 1864 balationes
1857 1813 1987 1863 ante

291 1901 554 1955 ecclesias
606 1904 929 1953 sanctorum
984 1899 1200 1965 fecerit,
1257 1915 1360 1951 seu
1413 1898 1512 1968 qui
1569 1898 1770 1952 faciem
1826 1914 1986 1951 suam

289 1987 780 2042 transformaverit
831 1986 891 2039 in
956 1986 1152 2039 habitu
1213 1985 1502 2051 muliebri,
1560 1989 1615 2039 et
1666 1984 1876 2039 mulier
1927 1984 1988 2038 in

288 2077 490 2131 habitu
547 2075 673 2141 viri,
732 2075 1134 2129 emendatione
1216 2073 1469 2143 pollicita
1525 2089 1583 2126 IIl
1637 2088 1818 2126 annos
1869 2088 1983 2143 pos-

289 2166 489 2221 niteat.

292 2253 419 2308 CAP.
461 2254 657 2307 XL.—-
709 2250 864 2317 Quod
919 2253 1310 2305 incantationes
1359 2253 1408 2304 et
1466 2252 1688 2318 magica:
1730 2255 1875 2305 artes
1906 2250 1986 2303 la-

878 2323 1004 2391 quei
1040 2321 1247 2374 diaboli
1271 2323 1399 2375 sint.

363 2412 472 2482 (Ea:
519 2411 681 2464 dictis
712 2408 1002 2478 Augusti.)
1042 2409 1401 2462 Admoneant
1443 2407 1762 2461 sacerdotes
1791 2406 1988 2461 ﬁdeles

290 2501 550 2572 populos,
589 2505 649 2553 ut
674 2497 940 2552 noverint
971 2497 1220 2567 magicas
1273 2502 1421 2551 artes
1453 2497 1986 2568 incantationesque

288 2589 640 2660 quibuslibet
716 2586 1150 2640 inﬁrmitatibus
1219 2586 1519 2639 hominum
1593 2583 1737 2638 nihil
1822 2601 1985 2654 posse

287 2676 530 2730 remedii
589 2675 864 2742 conferre,
956 2691 1069 2728 non
1156 2673 1500 2728 animalibus
1578 2673 1984 2742 languentibus

288 2764 837 2828 claudicantibusve,
875 2763 960 2816 vel
1019 2762 1189 2816 etiam
1246 2761 1604 2815 moribundis
1665 2761 1982 2830 quidquam

288 2853 532 2919 mederi,
590 2853 683 2905 sed
744 2852 864 2905 haec
921 2866 1042 2904 esse
1100 2851 1336 2920 laqueos
1389 2854 1444 2902 et
1483 2849 1718 2902 insidias
1761 2848 1983 2918 antiqui

294 2942 496 3008 hostis,
526 2941 737 3011 quibus
760 2941 854 2992 ille
885 2938 1138 3008 perﬁdus
1161 2954 1338 3007 genus
1367 2939 1686 2990 humanum
1719 2937 1981 3004 decipere

1377 321 1779 378 BURCUARDI
1819 319 2357 377 WORMACIENSIS
2395 317 2726 374 EPISCOPI.

3695 317 3806 371 840

2017 450 2064 501 Α
2103 444 2511 515 augurationes
2541 449 2598 498 et
2636 443 2760 514 ipsa
2807 457 2938 514 quae
2996 441 3265 497 dicuntur
3307 442 3538 496 oracula
3597 447 3656 497 et
3697 459 3806 496 ne-

2102 535 2395 589 cromatia.

2525 622 2652 674 CAP.
2678 620 2832 674 XLII.
2875 649 2943 660 —
2971 620 3049 673 De
3080 620 3260 672 eadem
3288 635 3365 673 re.

2173 712 2289 779 (Ea:
2337 710 2498 765 dictis
2560 708 2842 778 ejusdem.)
2903 709 3012 762 Nec
3068 709 3282 762 mirum
3349 708 3419 762 de
3495 724 3803 778 magorum

2101 799 2423 870 praestigiis,
2451 813 2698 868 quorum
2725 797 2784 849 in
2815 801 3037 850 tantum
3081 796 3343 867 prodiere
3381 796 3802 850 maleﬁciorum

2102 893 2268 955 artes,
2319 893 2385 941 ut
2433 887 2605 940 etiam
2659 886 2796 940 Mosi
2851 885 3160 939 simillimis
3203 885 3384 956 signis
3441 885 3800 951 resisterent,

2099 981 2385 1030 vertentes
2416 975 2602 1044 virgas
2631 973 2693 1027 in
2732 974 3026 1041 dracones,
3077 991 3255 1045 aquas
3306 973 3366 1028 in
3428 975 3800 1043 sanguinem,

2098 1081 2228 1119 cum
2263 1065 2446 1119 fertur
2492 1064 2665 1118 etiam
2696 1063 2757 1116 in
2795 1061 3096 1132 gentilium
3130 1061 3291 1116 libris
3332 1064 3484 1133 quod
3527 1062 3802 1133 quaedam

2100 1170 2268 1224 maga
2300 1152 2685 1206 famosissima
2715 1152 2871 1206 Circe
2931 1151 3112 1204 socios
3166 1151 3339 1206 Ulixis
3398 1152 3707 1204 mutaverit
3734 1151 3801 1204 in

2099 1243 2325 1296 bestias.
2361 1241 2594 1312 Legitur
2623 1246 2681 1294 et
2729 1240 2799 1294 de
2847 1240 3144 1305 sacriﬁcio,
3207 1240 3361 1310 quod
3391 1241 3634 1294 Arcades
3686 1241 3800 1294 deo

2099 1348 2200 1385 suo
2231 1331 2392 1384 Liceo
2422 1329 2821 1395 immolabant,
2863 1344 2930 1382 ex
2971 1345 3086 1398 quo
3119 1328 3446 1399 quicunque
3476 1334 3799 1396 sumerent,

2097 1420 2158 1474 in
2185 1420 2498 1474 bestiarum
2538 1419 2752 1472 formas
2783 1422 3274 1472 converterentur.
3299 1417 3405 1471 Sed
3434 1417 3557 1471 haec
3598 1417 3803 1471 omnia

2099 1507 2335 1578 magicis
2366 1505 2672 1576 praestigiis
2719 1505 2909 1575 potius
2941 1504 3328 1574 ﬁngebantur,
3379 1520 3554 1574 quam
3597 1520 3799 1558 rerum

2097 1597 2332 1650 veritate
2391 1593 2830 1664 complerentur.
2869 1595 2935 1648 Ut
2991 1609 3126 1663 ergo
3171 1593 3280 1661 ipsi
3335 1609 3556 1646 errores
3627 1593 3801 1663 igno-

2099 1686 2356 1739 rantibus
2391 1684 2674 1738 manifesti
2705 1683 2864 1746 fiant,
2898 1682 2968 1737 de
3003 1698 3203 1736 eorum
3234 1681 3581 1752 proprietate
3621 1688 3801 1752 atque

2101 1773 2492 1828 inventoribus
2546 1774 2710 1842 juxta
2769 1771 3136 1825 traditionem
3194 1771 3476 1841 majorum
3538 1771 3799 1842 primum

2098 1863 2284 1916 dicere
2317 1877 2634 1932 congruum
2659 1859 3025 1914 arbitramur.
3085 1860 3230 1929 Magi
3285 1865 3437 1929 sunt,
3471 1860 3571 1930 qui
3623 1861 3798 1931 vulgo

2099 1949 2344 2006 malefici
2366 1950 2439 2003 ob
2485 1949 2802 2003 facinorum
2855 1948 3313 2018 magnitudinem
3358 1954 3793 2018 nuncupantur.

2098 2040 2165 2095 Hi
2221 2039 2504 2110 permissu
2571 2037 2671 2091 Dei
2759 2037 3041 2090 elementa
3125 2036 3475 2099 concutiunt,
3557 2037 3798 2090 turbant

2096 2133 2316 2183 mentes
2371 2126 2671 2180 hominum
2721 2125 2912 2179 minus
2972 2125 3380 2178 confidentiam
3441 2124 3501 2177 in
3563 2126 3702 2191 Deo,
3733 2141 3797 2178 ac

2096 2217 2217 2271 sine
2247 2217 2366 2270 ullo
2408 2214 2613 2269 veneni
2660 2214 2887 2277 haustu,
2925 2213 3190 2266 violentia
3246 2218 3464 2268 tantum
3523 2213 3797 2266 carminis

2096 2304 2451 2360 interimunt.
2513 2301 2669 2356 Unde
2709 2306 2766 2355 et
2810 2302 3114 2355 Lucanus:
3166 2301 3319 2354 Mens
3370 2301 3558 2354 hausti
3633 2302 3796 2354 nulla

2095 2393 2253 2447 sanie
2299 2391 2522 2462 polluta
2570 2389 2797 2457 veneni,
2855 2389 3145 2442 incantata
3199 2388 3363 2458 perit.
3427 2388 3796 2442 Daemonibus

2096 2482 2245 2536 enim
2279 2480 2471 2535 accitis
2522 2480 2732 2533 audent
2777 2478 3073 2545 ventilare,
3109 2482 3168 2530 ut
3216 2476 3475 2548 quisquis
3527 2494 3659 2530 suos
3691 2493 3793 2547 pe-

2096 2571 2266 2625 rimat
2319 2568 2485 2622 malis
2535 2567 2751 2620 artibus
2811 2566 3098 2620 inimicos.
3155 2565 3220 2619 Hi
3279 2565 3447 2619 etiam
3509 2566 3794 2634 sanguine

2093 2664 2356 2725 utuntur,
2390 2661 2445 2710 et
2481 2656 2725 2710 victimis
2763 2671 2913 2726 saepe
2962 2654 3302 2724 contingunt
3354 2670 3592 2724 corpora
3626 2670 3790 2707 mor-

2093 2753 2344 2801 tuorum.
2401 2745 2786 2800 Necromantii
2851 2748 2986 2798 sunt
3038 2759 3282 2813 quorum
3348 2743 3796 2813 praecationibus

2093 2836 2359 2890 videntur
2414 2833 2731 2887 resuscitati
2763 2832 2975 2886 mortui
3025 2831 3279 2886 divinare
3318 2837 3374 2884 et
3412 2832 3482 2886 ad
3538 2832 3796 2885 interro-

2095 2930 2224 2995 gata
2295 2922 2659 2992 respondere.
2732 2923 2940 2976 Necros
3014 2920 3187 2988 enim,
3271 2920 3460 2974 Graece
3507 2925 3793 2988 mortuus,

290 3029 513 3083 nititur.
575 3030 639 3082 Et
695 3028 742 3080 si
799 3027 928 3097 quis
958 3027 1080 3079 haec
1104 3025 1441 3092 exercuerit,
1483 3025 1723 3078 clericus
1779 3025 1984 3096 degra-

2168 3011 2312 3064 intia
2350 3009 2624 3064 divinatio
2683 3013 3070 3080 nuncupatur.
3132 3008 3213 3062 Ad
3250 3024 3396 3078 quos
3435 3007 3795 3061 suscitandas

290 3118 475 3181 detur,
503 3099 680 3170 laicus
709 3114 1241 3168 anathematizetur.

291 3191 419 3259 Car.
453 3205 581 3258 XLI.
612 3233 682 3242 —
739 3205 811 3256 De
865 3203 978 3256 illis
1029 3203 1125 3269 qui
1179 3201 1406 3254 salutem
1443 3215 1547 3253 non
1595 3217 1628 3253 a
1682 3201 1983 3270 Saluatore,

652 3274 748 3328 sed
776 3273 842 3326 ab
882 3274 998 3340 ejus
1037 3279 1288 3325 creatura
1310 3273 1616 3338 requirunt.

263 3405 272 3408 -
359 3364 619 3433 (August.
669 3365 727 3416 in
761 3362 898 3415 libro
938 3360 1003 3413 de
1048 3361 1278 3416 Ci-vitate
1333 3361 1474 3426 Dei.)
1505 3358 1703 3412 Omnis
1754 3359 1982 3428 sapien-

287 3453 368 3507 tia
396 3470 428 3506 a
460 3451 702 3505 Domino
752 3451 868 3503 Deo
923 3453 1026 3514 est,
1071 3453 1126 3502 et
1170 3449 1318 3518 apud
1368 3448 1531 3500 illum
1582 3448 1686 3502 fuit
1733 3464 1980 3517 semper,

289 3547 346 3594 et
391 3545 476 3594 est
506 3544 636 3594 ante
671 3555 876 3592 aevum.
924 3541 1171 3591 Arenam
1223 3537 1395 3590 maris
1427 3542 1483 3589 et
1519 3537 1728 3606 pluvia:
1771 3542 1978 3606 guttas,

288 3634 345 3682 et
374 3628 493 3683 dies
545 3627 734 3681 saeculi
768 3626 895 3697 quis
935 3625 1358 3679 dinumerabit?
1404 3624 1778 3678 Altitudinem
1833 3625 1980 3684 coeli,

289 3725 347 3770 et
414 3716 774 3770 latitudinem
830 3720 1016 3782 terrae,
1086 3719 1142 3768 et
1210 3709 1562 3784 profundum
1623 3713 1805 3782 abyssi
1857 3714 1981 3782 quis

288 3821 522 3860 mensus
563 3803 677 3857 est?
727 3803 1073 3874 Sapientiam
1135 3804 1234 3856 Dei
1281 3801 1699 3872 praecedentem
1766 3801 1978 3866 omnia,

291 3894 420 3964 quis
464 3892 866 3962 investigabit‘?
899 3891 1060 3946 Prior
1107 3891 1368 3944 omnium
1404 3895 1591 3942 creata
1636 3893 1719 3942 est
1752 3889 1982 3958 sapien-

286 3982 388 4047 tia,
422 3987 478 4036 et
523 3981 838 4035 intellectus
872 3979 1194 4050 prudentiae
1241 3979 1310 4031 ab
1341 3993 1476 4030 aevo.
1511 3978 1658 4031 Fons
1688 3977 1981 4046 sapientiae

287 4071 534 4123 Verbum
566 4069 664 4123 Dei
702 4071 761 4122 in
801 4069 1050 4131 excelsis,
1099 4072 1156 4120 et
1185 4068 1477 4136 ingressus
1520 4065 1674 4119 illius
1714 4066 1984 4120 mandata

286 4164 516 4211 aeterna.
543 4157 649 4221 Qui
681 4157 831 4210 enim
864 4156 986 4209 sine
1017 4156 1304 4208 Salvatore
1327 4154 1568 4207 salutem
1611 4153 1978 4221 vulthabere,

286 4253 340 4299 et
371 4248 491 4300 sine
520 4263 652 4299 vera
704 4245 984 4314 sapientia
1027 4244 1272 4297 aestimat
1330 4242 1672 4312 prudentem
1733 4259 1791 4296 se
1853 4243 1978 4297 ﬁeri

283 4352 467 4405 posse,
506 4351 623 4388 non
645 4351 816 4386 sanus
837 4334 932 4387 sed
980 4348 1153 4402 aeger,
1194 4348 1308 4384 non
1335 4332 1586 4401 prudens
1617 4332 1714 4386 sed
1746 4334 1975 4402 stultus,

284 4425 342 4477 in
373 4423 713 4494 aigritudine
746 4421 970 4475 assidua
1005 4421 1304 4486 laborabit,
1349 4425 1406 4474 et
1433 4421 1490 4474 in
1523 4421 1774 4474 caecitate
1811 4421 1980 4474 noxia

285 4513 491 4566 stultus
545 4515 602 4565 et
657 4511 892 4564 demens
939 4509 1315 4580 permanebit.
1363 4513 1440 4563 Ac
1496 4510 1735 4579 proinde
1787 4510 1977 4562 omnis

283 4600 604 4671 inquisitio,
637 4604 695 4652 et
718 4598 905 4651 omnis
938 4597 1156 4651 curatio
1206 4614 1332 4667 quae
1378 4615 1410 4650 a
1439 4597 1644 4653 divinis
1676 4601 1732 4649 et
1779 4597 1976 4666 magis,

281 4689 369 4742 vel
403 4688 472 4741 ab
512 4687 652 4757 ipsis
677 4686 979 4740 daemoniis
1010 4687 1067 4740 in
1099 4686 1382 4739 idolorum
1413 4687 1635 4739 cultura
1666 4685 1974 4755 CXpetitur,

283 4793 437 4831 mors
465 4777 657 4846 potius
706 4775 945 4830 dicenda
975 4780 1074 4838 est,
1115 4791 1286 4846 quam
1320 4775 1449 4828 vita.
1490 4776 1551 4828 Et
1609 4774 1706 4842 qui
1765 4790 1830 4826 ea
1891 4790 1976 4826 se-

284 4870 531 4927 ctantur,
579 4865 626 4917 si
679 4881 737 4917 se
784 4881 896 4917 non
927 4864 1296 4926 correxerint,
1329 4864 1398 4916 ad
1459 4867 1731 4915 teternam
1789 4863 1974 4931 perdi-

282 4955 499 5007 tionem
566 4953 830 5018 tendunt,
911 4954 1207 5007 Psalmista
1286 4953 1564 5006 dicente:
1621 4949 1830 5004 Omnes
1898 4951 1974 5004 dii

283 5043 539 5114 gentium
574 5047 708 5096 sunt
761 5041 1060 5096 daemonia.
1091 5043 1198 5106 Qui
1246 5057 1349 5110 per
1396 5041 1662 5109 deceptos
1714 5038 1976 5092 homines

282 5133 422 5184 alios
454 5132 716 5202 decipere
757 5131 1015 5202 quotidie
1059 5130 1335 5200 gestiunt,
1384 5132 1446 5180 ut
1481 5127 1820 5197 perditionis
1859 5143 1976 5181 suae

281 5220 489 5273 faciant
524 5237 620 5273 eos
650 5237 769 5273 esse
823 5220 1144 5290 participes.
1179 5219 1376 5286 Itaque
1407 5217 1528 5269 hch
1574 5215 1792 5269 vanitas
1854 5231 1976 5268 ma-

282 5309 538 5379 gicarum
571 5308 800 5370 artium,
835 5324 901 5362 ex
940 5307 1253 5361 traditione
1285 5305 1620 5373 angelorum
1665 5305 1973 5372 malorum,

280 5396 341 5448 in
387 5401 507 5450 toto
537 5400 818 5449 terrarum
851 5396 989 5449 orbe
1048 5392 1312 5464 plurimis
1369 5393 1590 5445 saeculis
1645 5393 1822 5446 valuit
1872 5408 1975 5462 per

281 5485 592 5552 quamdam
649 5483 942 5538 scientiam
994 5483 1318 5536 futurorum
1375 5486 1432 5535 et
1477 5480 1859 5547 infernorum,
1919 5485 1977 5535 et

286 5587 390 5641 per
456 5573 813 5628 inventiones
885 5587 1088 5625 eorum
1161 5571 1388 5625 inventa
1468 5575 1604 5626 sunt
1668 5569 1973 5641 aruspicia,

2097 3099 2356 3154 cadaveri
2394 3099 2626 3168 sanguis
2683 3097 2968 3167 adjicitur.
3049 3097 3190 3150 Nam
3246 3112 3437 3150 amare
3499 3097 3793 3150 daemones

2094 3187 2434 3258 sanguinem
2481 3187 2796 3240 dicuntur:
2829 3186 3075 3256 ideoque
3124 3184 3347 3255 quoties
3393 3185 3793 3239 Necromantia

2091 3277 2175 3342 fit,
2209 3291 2374 3329 cruor
2430 3291 2596 3345 aqua!
2643 3274 2937 3341 miscetur,
2970 3279 3025 3328 et
3077 3273 3265 3327 colore
3297 3273 3594 3343 sanguinis
3650 3273 3790 3326 faci-

2094 3367 2202 3420 lius
2258 3369 2661 3436 provocantur.
2719 3362 3121 3433 Hydromantii
3169 3362 3240 3416 ab
3290 3378 3440 3432 aqua
3491 3361 3627 3416 dicti
3662 3366 3793 3416 :est

2093 3454 2246 3507 enim
2315 3452 2716 3523 hydromantia
2785 3452 2842 3504 in
2907 3468 3071 3521 aquae
3153 3450 3503 3520 inspectione
3558 3451 3792 3503 umbras

2091 3544 2417 3597 daemonum
2452 3558 2711 3606 evocare,
2745 3546 2802 3594 et
2822 3541 3099 3610 imagines
3134 3539 3534 3594 ludificationis
3588 3556 3791 3593 eorum

2091 3632 2303 3696 videre;
2355 3629 2547 3700 ibique
2595 3631 2664 3683 ab
2715 3629 2796 3682 eis
2845 3630 3039 3699 aliqua
3090 3629 3310 3683 audire.
3375 3627 3480 3683 Ubi
3528 3628 3791 3682 adhibito

2090 3719 2390 3789 sanguine,
2419 3717 2632 3771 inferos
2664 3716 3040 3787 perhibentur
3069 3716 3360 3770 sciscitari.

2501 3807 2626 3860 CAP.
2672 3805 2854 3859 XLIII.
2881 3834 2949 3844 —
2979 3804 3061 3858 De
3089 3805 3273 3858 eadem
3293 3820 3367 3858 re.

2164 3893 2271 3963 (Eas
2331 3892 2490 3947 dictis
2543 3893 2829 3962 ejusdem.)
2882 3893 3064 3962 Igitur
3115 3908 3296 3962 genus
3362 3890 3729 3945 divinationis
3761 3908 3794 3944 a

2094 3982 2276 4036 Persis
2303 3981 2485 4035 fertur
2516 3983 2773 4034 allatum.
2831 3981 3002 4033 Varro
3031 3986 3223 4034 autem
3279 3979 3417 4034 dicit
3483 3979 3792 4034 divinatio-

2091 4073 2180 4126 nis
2210 4077 2458 4142 quatuor
2515 4087 2635 4124 esse
2687 4085 2940 4140 genera:
2994 4075 3225 4135 terram,
3273 4085 3499 4138 aquam,
3569 4082 3790 4136 aerem,

2091 4163 2149 4211 et
2198 4157 2410 4227 ignem.
2493 4157 2634 4209 Hinc
2697 4155 3102 4226 geomantiam,
3168 4154 3649 4224 bydromantiam,
3700 4171 3794 4206 ae-

2090 4244 2459 4312 romantiam,
2489 4244 2932 4314 pyromantiam,
2963 4243 3170 4297 dictam
3227 4249 3545 4296 autumant.
3599 4243 3791 4296 Divini

2093 4335 2228 4389 dicti
2257 4339 2407 4398 sunt,
2439 4331 2601 4402 quasi
2630 4333 2742 4386 Deo
2777 4332 2950 4402 pleni.
2999 4331 3286 4385 Diviuitati
3319 4332 3472 4384 enim
3505 4331 3705 4400 plenos
3728 4348 3790 4385 se

2092 4439 2211 4476 esse
2241 4422 2600 4488 assimulant,
2631 4425 2687 4474 et
2737 4421 2942 4474 astutia
2973 4420 3219 4490 quadam
3279 4419 3648 4472 fraudulenta
3690 4419 3791 4472 lio-

2092 4511 2340 4564 minibus
2373 4509 2564 4563 futura
2605 4512 2947 4578 conjectant.
2984 4509 3105 4562 Duo
3153 4513 3340 4561 autem
3390 4512 3524 4560 sunt
3570 4523 3788 4577 genera

2091 4598 2495 4654 divinationis:
2535 4613 2649 4652 .ars
2703 4602 2758 4650 et
2813 4598 2990 4651 furor.
3051 4597 3434 4650 lncantatores
3472 4612 3605 4649 vero
3647 4596 3787 4650 dicti

2091 4694 2244 4755 sunt,
2279 4687 2378 4758 qui
2411 4689 2592 4740 artem
2623 4686 2810 4740 verbis
2853 4692 3157 4756 peragunt.
3190 4685 3365 4739 Arioli
3424 4686 3606 4738 vocati
3653 4692 3791 4740 sunt

2092 4781 2392 4847 propterea
2444 4775 2600 4847 quod
2654 4776 2802 4829 circa
2850 4792 2974 4828 aras
3025 4775 3308 4829 idolorum
3367 4774 3612 4828 nefarias
3669 4793 3794 4844 pre-

2090 4882 2182 4918 ces
2236 4865 2489 4918 enittunt
2542 4869 2598 4918 et
2663 4864 2890 4918 funesta
2936 4863 3211 4918 sacriﬁcia
3261 4864 3528 4929 offerunt,
3581 4864 3791 4934 hisque

2091 4954 2511 5006 celebritatibus
2563 4953 2893 5007 daemonum
2951 4968 3226 5022 responsa
3283 4952 3589 5021 accipiunt.
3621 4956 3797 5006 Arus-

2093 5041 2273 5111 spices
2385 5043 2705 5110 nuncupati
2804 5045 2954 5106 sunt,
3046 5040 3210 5110 quasi
3316 5040 3588 5094 horarum
3700 5041 3791 5094 in-

2093 5133 2393 5199 spectores.
2477 5129 2607 5182 Dies
2673 5129 2830 5182 enim
2904 5133 2961 5181 et
3028 5129 3195 5182 horas
3253 5128 3316 5181 in
3382 5128 3618 5198 agendis
3685 5145 3789 5182 ne-

2091 5216 2260 5286 gotiis
2317 5217 2700 5286 operibusque
2762 5217 3146 5272 custodiunt:
3218 5216 3372 5286 quod
3429 5231 3532 5285 per
3597 5215 3794 5286 singu-

2091 5306 2143 5358 la
2205 5310 2456 5375 tempora
2510 5304 2812 5359 observare
2879 5305 3084 5358 debeat
3127 5305 3302 5357 homo
3352 5304 3682 5359 intendunt.
3724 5305 3792 5359 Hi

2092 5393 2263 5447 etiam
2319 5400 2445 5448 exta
2487 5394 2772 5464 pecudum
2825 5393 3159 5464 inspiciunt,
3209 5397 3266 5446 et
3337 5408 3405 5446 ex
3457 5391 3538 5445 eis
3596 5393 3794 5447 futura

2095 5482 2428 5552 praedicunt.
2453 5487 2714 5553 Augures
2751 5486 2900 5548 sunt,
2935 5482 3036 5553 qui
3065 5482 3287 5535 volatus
3321 5473 3599 5535 avium'et
3623 5497 3794 5536 voces

2094 5571 2426 5640 intendunt,
2477 5572 2704 5642 aliaque
2750 5571 2914 5643 signa
2972 5585 3167 5626 rerum
3213 5570 3300 5626 vel
3361 5569 3793 5625 observationes
