3944 6302
122 344 218 397 8i!
1096 338 1573 397 DECRETORUM
1614 340 1803 396 LIBRI
1839 341 1947 397 XX.
1992 369 2058 382 —
2098 342 2304 398 LIBER
2344 341 2668 399 DECIMUS.

3519 349 3624 403 842

121 463 464 535 improvises
489 461 820 517 hominibus
876 466 1239 516 occurrentes
1278 463 1487 517 ferunt.
1547 464 1706 519 Idem
1761 468 1817 519 et
1845 468 1890 518 A
1930 469 2102 519 testas
2128 465 2443 521 immundis
2482 466 2794 537 spiritibus,
2843 472 2909 521 ut
2936 484 3169 537 pervasa
3198 470 3305 525 sibi
3335 476 3489 542 apta,
3517 472 3625 527 hoc

122 553 401 623 auspices.
451 553 592 607 Nam
627 556 681 605 et
722 550 975 621 auspicia
1014 555 1164 617 sunt,
1230 567 1359 621 quae
1399 552 1508 605 iter
1550 552 1820 606 facientes

121 644 442 697 observant.
492 641 647 695 Dicta
700 644 892 694 autem
946 644 1079 693 sunt
1127 641 1378 710 auspicia
1426 641 1589 711 quasi
1627 640 1819 694 avium

124 730 359 801 aspicia,
422 733 478 783 et
534 728 777 798 auguria
830 727 995 798 quasi
1045 727 1235 781 avium
1290 728 1482 798 garria
1557 729 1666 782 hoc
1712 732 1816 794 est,

124 820 316 873 avium
345 833 509 872 voces
539 821 596 871 et
631 816 862 887 linguae.
907 816 1031 870 Jam
1073 816 1382 886 augurium
1425 818 1590 886 quasi
1626 816 1818 885 avige-

123 907 297 972 rium,
333 904 487 975 quod
538 920 668 957 aves
716 906 945 973 gerunt.
1006 904 1127 955 Duo
1180 906 1369 956 autem
1426 907 1557 956 sunt
1611 917 1823 973 genera

123 992 562 1065 auspiciorum:
603 1008 784 1047 unum
842 992 909 1045 ad
958 991 1175 1055 oculos,
1229 992 1473 1045 alterum
1531 992 1603 1045 ad
1658 1006 1823 1044 aures

121 1083 435 1154 pertinens.
480 1082 566 1137 Ad
596 1081 793 1135 oculos
848 1079 1059 1133 scilicet
1109 1079 1333 1133 volatus
1367 1096 1380 1133 :
1414 1080 1483 1133 ad
1522 1096 1688 1134 aures
1716 1096 1824 1133 vox

125 1171 336 1226 avium.
376 1170 708 1226 Pithonissas
741 1186 770 1223 a
794 1169 979 1223 Pithio
1009 1168 1335 1238 Appollinze
1366 1168 1553 1235 dictae,
1586 1168 1743 1240 quod
1776 1168 1824 1223 is

126 1266 324 1317 auctor
353 1260 525 1315 fuerit
558 1259 871 1314 divinandi.
906 1259 1196 1329 Astrologi
1225 1259 1361 1313 dicti
1392 1264 1524 1312 sunt
1572 1275 1639 1313 eo
1671 1260 1825 1330 quod

125 1351 188 1405 in
244 1350 414 1404 astris
478 1353 849 1420 augurantur.
930 1346 1282 1402 Genethliaci
1365 1348 1637 1418 appellati
1694 1353 1829 1402 sunt

127 1444 364 1510 propter
393 1438 796 1493 nataliciorum
823 1437 1308 1491 considerationes
1340 1436 1584 1490 dierum.
1638 1437 1827 1492 Gene-

129 1545 217 1583 ses
247 1528 401 1583 enim
436 1527 740 1582 hominum
766 1542 869 1597 per
906 1527 999 1580 XII
1032 1525 1192 1594 signa
1227 1525 1353 1579 coeli
1402 1525 1823 1593 describuntur,

130 1617 496 1688 siderumque
554 1631 773 1680 cursus,
842 1614 1197 1668 nascentium
1274 1630 1483 1681 mores,
1551 1620 1706 1668 actus
1772 1621 1828 1669 et

1930 560 2015 608 est
2062 570 2265 624 pravos
2318 556 2601 623 homines,
2659 555 2931 609 seducant
2996 557 3123 611 illos
3178 560 3278 630 qui
3346 565 3627 631 spernunt

1929 642 2225 697 veritatem
2257 648 2312 697 et
2341 644 2581 698 credunt
2626 645 2950 712 mendacio,
2998 650 3053 699 et
3078 646 3241 716 juxta
3282 648 3442 702 Pauli
3489 665 3625 702 sen-

1928 731 2169 786 tentiam
2221 748 2235 786 :
2289 734 2498 786 Sanam
2543 732 2861 787 doctrinam
2925 749 3043 787 non
3085 735 3473 804 sustinebunt,
3526 736 3624 791 sed

1931 821 2002 875 ad
2059 836 2161 874 sua
2209 820 2489 874 desideria
2530 821 2946 875 coacervabunt
2972 822 3079 877 sibi
3125 823 3428 893 magistros
3480 841 3623 894 pru-

1931 911 2142 965 rientes
2168 909 2421 976 auribus,
2454 915 2510 964 et
2557 926 2589 964 a
2636 910 2871 964 veritate
2900 910 3134 981 quidem
3165 912 3427 967 auditum
3455 928 3625 967 aver--

1932 1003 2075 1067 tant,
2109 1000 2179 1053 ad
2225 999 2447 1053 fabulas
2493 1003 2685 1052 autem
2734 1003 3159 1054 convertentur.
3214 1000 3450 1055 Onerati
3498 1018 3627 1072 pec-

1932 1089 2091 1155 catis,
2125 1088 2412 1142 ducuntur
2456 1086 2627 1140 variis
2677 1086 2993 1155 desideriis,
3048 1104 3275 1161 semper
3319 1090 3622 1159 discentes,

1933 1183 1991 1233 et
2047 1192 2345 1248 nunquam
2400 1176 2467 1230 ad
2538 1175 2836 1230 scientiam
2889 1176 3144 1231 veritatis
3201 1179 3621 1249 pervenientes.

1933 1266 2427 1331 Quemadmodum
2477 1268 2668 1319 autem
2727 1265 2954 1319 Jamnes
3010 1271 3066 1320 et
3119 1268 3394 1323 Mambres
3453 1266 3622 1322 resti-

1933 1359 2124 1410 terunt
2168 1354 2322 1421 Mosi,
2376 1353 2457 1407 ita
2505 1358 2563 1407 et
2600 1352 2695 1406 isti
2751 1352 3024 1408 resistunt
3066 1355 3312 1421 veritati,
3362 1356 3626 1410 homines

1933 1444 2189 1514 corrupti
2218 1446 2426 1510 mente,
2458 1440 2690 1513 reprobi
2742 1441 2894 1495 circa
2932 1441 3127 1510 ﬁdem,
3178 1444 3276 1498 sed
3332 1445 3481 1498 ultra
3507 1462 3625 1499 non

1934 1532 2253 1604 proﬁcient.
2312 1528 2647 1601 Insipientia
2696 1528 2851 1582 enim
2901 1545 3099 1583 eorum
3170 1530 3469 1585 manifesta
3518 1532 3624 1586 erit

1937 1622 2227 1687 omnibus,
2262 1619 2406 1673 sicut
2430 1623 2487 1673 et
2532 1618 2767 1671 illorum
2816 1616 2944 1672 fuit.
2999 1619 3109 1672 Nec
3139 1618 3266 1673 ideo
3318 1620 3624 1690 quisquam

129 1711 363 1761 eventus
392 1705 702 1776 praedicare
732 1707 1038 1793 conantur.
1068 1703 1124 1757 id
1152 1703 1436 1793 est,iqui8,
1472 1704 1629 1793 quali
1661 1704 1825 1775 signo
1859 1740 1895 1793 Β
1938 1713 2168 1766 credere
2231 1708 2418 1774 debet,
2508 1706 2764 1777 quolibet
2829 1706 3065 1776 magicis
3125 1707 3344 1761 artibus
3407 1709 3626 1780 aliquid

126 1795 299 1851 fuerit
350 1799 543 1861 natus,
595 1797 693 1847 aut
739 1808 911 1863 quem
962 1790 1226 1846 effectum
1271 1791 1481 1846 habeat
1529 1792 1661 1846 vitae
1717 1793 1816 1864 qui

127 1885 381 1940 nascitur
417 1883 887 1953 interpretantur.
932 1881 1000 1937 Hi
1051 1886 1186 1936 sunt
1235 1881 1333 1953 qui
1378 1882 1552 1951 vulgo
1597 1882 1815 1937 mathe-

124 1973 317 2028 matici
347 1977 640 2027 vocantur.
676 1971 849 2041 Cujus
879 1969 1298 2040 superstitionis
1337 1987 1520 2039 genus
1570 1971 1819 2024 constel-

126 2063 369 2117 lationes
413 2060 597 2117 Latini
636 2065 863 2129 vocant,
911 2059 971 2113 id
1030 2064 1132 2126 est,
1178 2059 1505 2113 notationes
1544 2059 1816 2126 siderum,

123 2151 415 2224 quomodo
440 2168 498 2205 se
528 2150 778 2205 habeant
805 2165 935 2203 cum
970 2148 1214 2219 quisque
1254 2148 1524 2203 nascitur.
1564 2149 1819 2202 Primum

127 2247 318 2295 autem
370 2240 523 2295 idem
575 2240 866 2293 stellarum
923 2237 1264 2307 interpretes
1320 2236 1476 2307 magi
1532 2253 1822 2308 nuncupa-

130 2331 360 2397 bantur,
396 2328 540 2382 sicut
569 2328 638 2382 de
668 2327 755 2381 his
784 2326 995 2398 legitur
1042 2326 1141 2397 qui
1188 2326 1247 2380 in
1280 2326 1582 2396 Evangelio
1622 2332 1820 2380 natum

128 2418 420 2473 Christum
469 2417 980 2471 annunciaverunt.
1034 2416 1238 2469 Postea
1281 2415 1388 2468 hoc
1434 2413 1668 2467 nomine
1716 2413 1821 2467 soli

128 2504 521 2562 mathematici
563 2504 698 2559 dicti
756 2510 908 2569 sunt,
958 2504 1119 2574 cujus
1175 2504 1313 2557 artis
1360 2501 1595 2556 scientia
1643 2518 1821 2572 usque

129 2597 198 2651 ad
232 2593 606 2664 Evangelium
636 2592 746 2647 fuit
770 2607 1052 2658 concessa,
1078 2595 1159 2657 ut,
1190 2590 1415 2647 Christo
1446 2589 1618 2656 edite,
1650 2605 1821 2643 nemo

128 2684 333 2741 exinde
364 2682 720 2737 nativitatem
774 2681 1017 2751 alicujus
1069 2680 1140 2734 de
1188 2679 1329 2733 coelo
1384 2678 1817 2748 interpretetur.

129 2772 441 2842 Horoscopi
476 2770 614 2826 dicti
656 2773 808 2832 sunt,
868 2768 1022 2839 quod
1068 2768 1237 2821 horas
1276 2766 1591 2820 nativitatis
1632 2766 1820 2820 homi-

125 2878 266 2917 num
299 2861 754 2932 specularentur,
806 2856 1070 2912 dissimili
1118 2860 1172 2910 et
1221 2855 1442 2909 diverso
1473 2855 1606 2909 fato.
1643 2856 1820 2910 Sorti-

123 2951 240 3021 legi
278 2954 433 3015 sunt,
468 2948 567 3020 qui
597 2948 701 3002 sub
730 2948 961 3001 nomine
991 2946 1139 3000 ﬁctae
1165 2944 1483 3014 religionis,
1516 2960 1622 3014 per
1648 2961 1821 3016 quas-

126 3041 257 3095 dam
328 3054 470 3110 quas
529 3042 855 3091 sanctorum
922 3039 1100 3089 sortes
1154 3037 1392 3115 ‘vocant,
1455 3024 1895 3088 divinationisC

124 3127 425 3181 scientiam
476 3125 840 3196 proﬁtentur,
894 3128 992 3178 aut
1050 3138 1528 3194 quarumcunque
1585 3123 1823 3193 scriptu-

123 3233 321 3270 rarum
352 3214 605 3269 scientiae
632 3214 990 3285 inspectione
1038 3213 1230 3266 futura
1257 3211 1619 3281 promittunt.
1671 3212 1822 3267 Sali-

123 3312 339 3360 satores
369 3303 553 3357 vocati
591 3309 725 3358 sunt
758 3319 770 3356 :
805 3302 942 3373 quia
970 3302 1105 3355 dum
1148 3300 1229 3354 eis
1262 3300 1631 3354 menbrorum
1663 3317 1822 3372 quae-

121 3409 351 3465 cunque
381 3397 570 3463 partes
599 3390 876 3458 salierint,
929 3389 1146 3461 aliquid
1202 3388 1309 3443 sibi
1341 3389 1545 3444 exinde
1578 3405 1821 3461 prospe-

120 3500 251 3538 rum
283 3498 385 3536 seu
416 3481 575 3535 triste
606 3479 917 3550 signiﬁcari
949 3478 1286 3549 praedicunt.

123 3590 251 3645 CAP.
284 3588 468 3643 XLIV.
497 3617 565 3626 —
606 3589 681 3641 De
726 3587 1118 3641 execrabilibus
1152 3584 1407 3639 remediis
1457 3601 1574 3653 qua
1627 3585 1823 3640 medici

476 3656 591 3712 suis
612 3660 670 3711 in
688 3657 1206 3726 praecantationibus
1231 3658 1463 3722 faciunt.

192 3750 301 3816 (Ea:
329 3747 491 3802 dictis
520 3746 803 3818 ejusdem.)
836 3746 921 3800 Ad
955 3746 1077 3801 haec
1107 3742 1302 3800 omnia
1334 3744 1657 3813 supradicta
1688 3760 1819 3815 per-

124 3837 314 3891 tinent
361 3841 420 3889 et
470 3836 732 3906 ligaturaa
770 3836 1201 3890 exsecrabilium
1255 3833 1644 3891 remediorum
1691 3848 1821 3903 quae

122 3941 211 3979 ars
273 3924 627 3978 medicorum
684 3925 1066 3993 commendat,
1129 3943 1229 3982 seu
1293 3926 1355 3979 in
1420 3921 1820 3994 praecantatio-

124 4014 316 4083 nibus,
350 4028 450 4067 seu
478 4012 537 4067 in
570 4013 949 4067 caracteribus
979 4014 1064 4068 vel
1094 4014 1155 4068 in
1180 4015 1618 4085 quibuscunque
1652 4011 1821 4065 rebus

123 4102 543 4173 suspendendis
574 4105 746 4172 atque
774 4102 1037 4172 ligandis.
1066 4104 1130 4157 In
1161 4106 1368 4175 quibus
1399 4102 1669 4157 omnibus
1731 4116 1822 4153 ars

123 4190 456 4245 daemonum
486 4194 585 4253 est,
621 4205 687 4243 ex
718 4189 965 4259 quadam
996 4191 1264 4260 pestifera
1311 4191 1578 4246 societate
1634 4188 1822 4243 homi-

1928 1809 2113 1863 facere
2144 1815 2328 1871 posse,
2354 1797 2476 1850 sine
2497 1795 2783 1865 permissu
2799 1795 2922 1862 Dei,
2948 1794 3046 1865 qui
3079 1795 3270 1850 omnia
3302 1812 3429 1866 quae
3456 1796 3623 1861 ﬁunt,

1930 1898 2031 1948 aut
2062 1892 2218 1963 justo
2262 1885 2479 1958 judicio
2518 1883 2669 1949 facit,
2726 1889 2825 1937 aut
2880 1884 3165 1953 permissu
3226 1902 3327 1937 suo
3376 1884 3457 1939 ita
3502 1886 3628 1940 ﬁeri

1927 1981 2081 2037 sinit.
2115 1977 2277 2043 Quod
2334 1973 2589 2045 praedicti
2646 1972 2800 2043 magi
2853 1973 3127 2043 leguntur
3165 1973 3375 2031 similia
3427 1973 3627 2030 fecisse

1928 2070 2092 2137 Mosi,
2135 2065 2234 2137 qui
2267 2064 2487 2135 virgam
2520 2078 2681 2115 suam
2711 2062 2971 2131 projecit,
3024 2066 3078 2115 et
3116 2078 3387 2115 conversa
3434 2068 3519 2116 est
3566 2064 3626 2118 in

1929 2160 2260 2222 draconem,
2288 2152 2770 2224 projeceruntque
2827 2150 2937 2220 ipsi
2984 2149 3198 2220 singuli
3242 2151 3430 2220 virgas
3474 2168 3625 2218 suas,

1931 2263 2056 2319 quae
2104 2259 2281 2298 versae
2331 2245 2462 2295 sunt
2521 2239 2581 2292 in
2641 2239 2933 2303 dracones,
2986 2239 3082 2292 sed
3130 2238 3426 2293 devoravit
3468 2239 3628 2310 virga

1930 2340 2119 2390 Aaron
2174 2332 2360 2401 virgas
2414 2344 2633 2383 eorum.
2690 2329 2813 2381 Non
2872 2343 3008 2397 ergo
3060 2327 3293 2381 fuerunt
3350 2334 3628 2383 creatores

1931 2427 2265 2487 draconum,
2301 2434 2403 2472 nec
2434 2417 2607 2488 magi,
2642 2432 2746 2470 nec
2789 2416 2983 2485 angeli
3035 2416 3192 2482 mali,
3223 2416 3432 2487 quibus
3467 2417 3631 2471 mini-

1931 2512 2059 2566 stris
2090 2512 2187 2565 illa
2219 2507 2629 2579 operabantur.
2675 2505 2874 2557 Insunt
2916 2502 3070 2557 enim
3118 2504 3289 2558 rebus
3339 2504 3630 2576 corporeis

1930 2616 2033 2671 per
2063 2598 2257 2653 omnia
2289 2596 2570 2649 elementa
2592 2592 2797 2646 mundi
2825 2592 3090 2662 quazdam
3119 2593 3353 2647 occultae
3375 2595 3630 2648 semina-

1930 2690 2030 2744 rias
2049 2688 2318 2752 rationes,
2343 2683 2551 2755 quibus
2572 2698 2700 2735 cum
2723 2681 2855 2735 data
2887 2680 3059 2734 fuerit
3081 2682 3478 2752 opportunitas
3494 2688 3630 2739 tem-

1930 2776 2143 2849 poralis
2176 2779 2344 2844 atque
2374 2769 2636 2834 causalis,
2662 2773 3049 2840 prorumpunt
3079 2769 3137 2823 in
3165 2770 3381 2840 species
3410 2771 3630 2827 debitas

1931 2866 2047 2920 suis
2080 2863 2265 2918 modis
2291 2867 2347 2916 et
2375 2860 2606 2915 ﬁnibus.
2634 2859 2701 2912 Et
2738 2857 2817 2911 sic
2842 2874 2957 2912 non
2988 2857 3255 2912 dicuntur
3284 2860 3496 2930 angeli,
3528 2862 3629 2933 qui

1931 2955 2042 3009 ista
2074 2952 2290 3007 faciunt
2319 2948 2658 3004 animalium
2686 2951 2991 3013 creatores,
3025 2947 3170 3002 sicut
3207 2964 3310 3002 nec
3364 2949 3631 3019 agricola:

1932 3046 2210 3114 segetum,
2242 3039 2329 3092 vel
2360 3038 2655 3101 arborum,
2679 3036 2769 3089 vel
2787 3051 3265 3106 quorumcunque
3284 3036 3344 3091 in
3376 3042 3529 3092 terra
3544 3038 3630 3107 gi-

1932 3130 2235 3201 gnentium
2288 3132 2572 3181 creatores
2620 3124 2847 3178 dicendi
2884 3130 3036 3192 sunt,
3071 3126 3330 3195 quamvis
3368 3127 3635 3183 noverint

1930 3220 2189 3291 praebere
2215 3214 2493 3287 quasdam
2521 3212 2775 3266 visibiles
2806 3214 3267 3284 opportunitates
3295 3220 3351 3269 et
3408 3231 3627 3282 causas,

1931 3314 1996 3365 ut
2020 3308 2117 3363 illa
2146 3310 2472 3361 nascantur.
2505 3301 2664 3366 Quod
2697 3305 2892 3355 autem
2930 3301 3024 3356 isti
3054 3302 3274 3357 faciunt
3308 3302 3629 3368 visibiliter,

1932 3400 2039 3454 hoc
2069 3396 2152 3451 illi
2183 3391 2562 3448 invisibiliter.
2599 3391 2747 3444 Deus
2768 3406 2901 3444 vero
2933 3391 3087 3443 solus
3120 3407 3266 3445 unus
3296 3397 3519 3446 creator
3548 3398 3635 3447 est

1932 3486 2032 3559 qui
2060 3500 2258 3540 causas
2290 3482 2440 3553 ipsas
2483 3484 2541 3534 et
2587 3479 2837 3533 rationes
2889 3479 3226 3534 seminarias
3269 3482 3440 3536 rebus
3466 3481 3624 3536 inse-

1931 3576 2063 3630 ruit.
2096 3576 2373 3629 Praeterea
2403 3569 2638 3641 quidam
2683 3568 3058 3638 quaerendum
3082 3573 3309 3638 putant,
3340 3570 3631 3635 quomodo

1930 3663 2227 3733 Scriptura
2259 3662 2453 3714 narret
2511 3655 2891 3711 Pithonissam
2920 3656 3245 3711 Samuelem
3289 3658 3631 3729 prophetam

1930 3751 2238 3807 suscitasse
2292 3748 2366 3803 ad
2415 3745 2767 3817 colloquium
2819 3745 2950 3800 Saul
3000 3745 3324 3816 impiissimi
3384 3746 3555 3817 regis,
3584 3746 3632 3801 si

1934 3839 2237 3897 Pithonica
2270 3836 2567 3903 divinatio,
2626 3834 2808 3889 errori
2860 3834 3096 3905 magicae
3137 3835 3276 3889 artis
3307 3836 3636 3908 deputanda

1933 3933 2025 3996 sit.
2075 3929 2294 3995 Quibus
2338 3928 2417 3981 ita
2448 3922 2786 3996 responderi
2812 3927 3023 3994 potest,
3055 3921 3363 3994 indignum
3396 3924 3634 3979 omnino

1932 4020 2153 4075 facinus
2184 4032 2326 4081 esse,
2359 4014 2407 4068 si
2438 4014 2753 4068 secundum
2810 4012 2984 4065 verba
3020 4012 3272 4066 historiae
3307 4013 3634 4068 commode-

1932 4114 2026 4163 tur
2075 4121 2361 4161 assensus.
2404 4100 2701 4166 Quomodo
2747 4099 2898 4153 enim
2950 4104 3176 4170 poterat
3223 4099 3370 4165 ﬁeri,
3404 4106 3465 4154 ut
3516 4105 3634 4154 arte

1933 4195 2157 4266 magica
2186 4192 2572 4247 attraheretur
2597 4188 2705 4254 vir,
2735 4193 2793 4241 et
2819 4188 3111 4243 nativitate
3144 4192 3391 4255 sanctus,
3425 4192 3481 4242 et
3505 4188 3636 4242 vitae

123 4296 264 4335 num
305 4285 365 4335 ct
413 4280 751 4349 angelorum
803 4277 1088 4333 malorum
1147 4284 1358 4336 exorta.
1413 4280 1572 4334 Unde
1621 4282 1821 4332 cuncta
1855 4307 1898 4361 ι)
1939 4282 2209 4356 operibus
2235 4276 2465 4351 justus?
2495 4280 2610 4331 Aut
2641 4276 2686 4329 si
2720 4292 2837 4330 non
2863 4280 3136 4330 attractus
3186 4280 3291 4343 est,
3326 4276 3629 4331 consensit.

125 4368 355 4422 vitanda
413 4375 545 4420 sunt
601 4365 941 4433 Christiano,
975 4371 1031 4421 et
1068 4369 1228 4423 omni
1278 4367 1510 4439 penitus
1568 4382 1819 4420 exsecra-

124 4457 285 4511 tione
318 4454 691 4526 repudianda,
735 4459 904 4524 atque
950 4455 1292 4511 damnanda.
1343 4454 1601 4525 Auguria
1631 4458 1821 4508 autem

126 4550 264 4600 sunt
293 4545 505 4600 aviam.
541 4544 669 4597 Haec
698 4548 889 4597 autem
948 4545 1197 4615 Phryges
1225 4544 1397 4616 primi
1454 4544 1817 4597 invenerunt.

126 4633 490 4704 Praestigium
555 4648 687 4687 vero
756 4632 1063 4686 Mercurius
1120 4634 1340 4704 primus
1410 4631 1618 4686 dicitur
1665 4631 1823 4685 inve-

128 4724 298 4777 nisse.
338 4722 564 4775 Dictum
615 4724 808 4774 autem
846 4719 1229 4790 praestigium,
1264 4720 1416 4791 quod
1459 4716 1827 4790 praestringat

126 4813 309 4867 aciem
344 4811 663 4865 oculorum.
705 4809 1107 4879 Aruspicinam
1140 4815 1319 4863 artem
1361 4808 1581 4880 primus
1614 4807 1822 4861 Hetru-

128 4902 234 4955 scis
263 4899 564 4956 tradidisse
596 4898 805 4952 dicitur
834 4897 1069 4969 quidam
1100 4897 1349 4968 Strages.
1410 4897 1515 4952 Hic
1557 4913 1621 4949 ex
1673 4894 1826 4950 horis

130 4988 514 5058 aruSpicinam
548 4986 798 5054 dictavit,
847 4991 903 5039 et
952 4991 1153 5057 postea
1180 5002 1295 5041 non
1347 4985 1633 5056 apparuit.
1683 4986 1825 5038 Nam

128 5078 337 5133 dicitur
364 5076 638 5141 fabulose,
674 5078 871 5129 arante
913 5074 1162 5146 quodam
1201 5073 1414 5129 rustico
1454 5072 1642 5127 subito
1672 5072 1827 5127 hunc

126 5185 191 5222 ex
221 5167 404 5235 glebis
434 5164 722 5233 exiluisse,
765 5169 821 5218 et
850 5164 1241 5235 aruspicinam
1273 5163 1537 5230 dictasse,
1576 5177 1690 5232 qua
1734 5162 1827 5215 die

128 5262 186 5310 et
227 5240 493 5310 mortuus
547 5257 648 5307 est.
717 5253 867 5317 Quos
913 5252 1093 5307 libros
1152 5251 1399 5307 Romani
1452 5267 1521 5305 ex
1556 5252 1828 5305 Hetrusca

126 5344 327 5415 lingua
359 5343 419 5397 in
450 5341 748 5412 propriam
791 5344 1182 5395 mutaverunt.
1232 5340 1326 5393 His
1358 5354 1496 5409 ergo
1523 5338 1825 5408 portentis,

128 5448 232 5504 per
262 5420 618 5487 daemonium
644 5428 926 5483 fallaciam
951 5428 1215 5484 illuditur
1234 5426 1537 5482 curiositas
1553 5425 1827 5493 humana,

132 5521 364 5593 quando
394 5519 451 5573 id
495 5517 866 5589 impudenter
909 5521 1192 5587 appetunt
1248 5516 1411 5581 scire,
1466 5514 1619 5586 quod
1670 5514 1831 5567 nulla

132 5610 352 5666 ratione
383 5607 465 5663 eis
495 5606 773 5677 competit
814 5606 1185 5677 investigare.
1230 5607 1309 5660 Ac
1359 5604 1487 5660 ideo
1536 5604 1705 5659 datur
1730 5619 1827 5674 po-

492 5715 763 5781 PATROL.
818 5713 989 5778 CXL.

1932 4371 2092 4439 Quod
2120 4374 2431 4438 utrumque
2465 4366 2533 4420 de
2564 4364 2683 4419 viro
2725 4362 2879 4433 justo
2920 4365 3151 4419 credere
3185 4364 3486 4419 adversum
3527 4369 3630 4418 est.

1937 4459 2169 4514 Nullum
2201 4453 2543 4523 suffragium
2578 4452 2752 4506 habet
2776 4452 3022 4523 justitia,
3059 4453 3105 4506 si
3137 4460 3235 4507 aut
3279 4452 3635 4508 voluntarius

1934 4546 2128 4601 amisit
2175 4543 2446 4598 meritum
2499 4539 2792 4611 spiritalis,
2857 4556 3028 4609 quem
3076 4540 3296 4610 positus
3352 4540 3412 4594 in
3464 4557 3634 4596 carne

1934 4633 2289 4705 quaesiverat.
2349 4628 2510 4693 Quod
2567 4627 2727 4682 valde
2776 4626 3090 4680 absurdum
3138 4632 3268 4683 est:
3316 4627 3453 4699 quia
3499 4628 3635 4683 hinc

1934 4722 2034 4793 qui
2078 4722 2264 4792 justus
2321 4718 2555 4786 recedit,
2616 4718 2918 4787 permanet
2957 4716 3170 4785 justus.
3231 4718 3406 4771 Porro
3440 4723 3633 4772 autem

1934 4810 2041 4864 hoc
2091 4814 2174 4864 est
2225 4807 2583 4880 praestigium
2632 4806 2879 4870 Satanae,
2932 4820 3048 4875 quo
3096 4808 3161 4858 ut
3190 4805 3473 4874 plurimos
3528 4807 3634 4861 fal-

1936 4900 2034 4966 lat,
2066 4899 2236 4953 etiam
2280 4897 2462 4951 bonos
2503 4895 2565 4949 in
2613 4898 2896 4966 potestate
2947 4909 3007 4948 se
3054 4894 3264 4949 habere
3310 4896 3629 4967 conﬁngat;

1939 4986 2092 5057 quod
2125 4985 2426 5056 Apostolus
2460 4983 2610 5037 inter
2639 4986 2844 5036 caetera
2892 4981 3162 5049 ostendit,
3218 4981 3410 5037 dicens
3444 4999 3457 5037 :
3508 4986 3634 5056 Ipse

1937 5074 2170 5129 Satanas
2198 5072 2573 5142 transﬁgurat
2616 5087 2675 5124 se
2727 5070 2787 5124 in
2835 5072 3105 5141 angelum
3154 5069 3316 5125 lucis.
3364 5071 3434 5125 Ut
3479 5073 3635 5127 enim

1938 5178 2191 5217 errorem
2243 5160 2451 5214 faceret
2500 5159 2562 5213 in
2613 5174 2729 5229 quo
2775 5159 3139 5228 gloriaretur,
3175 5159 3235 5213 in
3285 5158 3478 5213 habitu
3528 5160 3635 5214 viri

1931 5250 2075 5322 justi
2131 5254 2186 5303 et
2238 5248 2473 5303 nomine
2529 5264 2590 5301 se
2643 5243 2995 5311 subornavit,
3059 5252 3122 5301 ut
3158 5247 3303 5301 nihil
3357 5247 3635 5319 proﬁcere

1940 5355 2100 5409 spem
2131 5353 2303 5409 quam
2335 5335 2730 5407 praedicabant
2761 5332 2863 5387 Dei
2911 5334 3227 5389 cultoribus
3272 5335 3633 5406 mentiretur,

1940 5428 2171 5498 quando
2202 5426 2337 5480 hinc
2361 5430 2633 5479 exeuntes
2672 5424 2855 5494 justos
2905 5423 3071 5478 ﬁnxit
3108 5424 3169 5478 in
3224 5440 3324 5479 sua
3355 5429 3637 5496 potestate

1940 5530 2082 5569 esse.
2107 5515 2215 5568 Sed
2247 5515 2354 5569 hoc
2384 5514 2663 5585 quosdam
2698 5512 2863 5575 fallit,
2894 5513 3044 5585 quod
3094 5513 3165 5568 de
3191 5517 3373 5568 morte
3422 5512 3553 5568 Saul
3585 5519 3641 5569 et

1940 5601 2045 5656 ﬁlii
2075 5601 2197 5671 ejus
2224 5616 2338 5657 non
2374 5601 2447 5656 sit
2470 5601 2768 5671 mentitus,
2798 5601 2959 5672 quasi
2991 5617 3267 5673 magnum
3300 5601 3374 5656 sit
3414 5602 3639 5658 diabolo

3248 5718 3327 5774 27
