3944 6308
347 317 451 371 843

1430 305 1839 364 BURCHARDI
1876 299 2409 360 WORMACIENSIS
2448 298 2778 356 EPISCOPI.

3748 299 3852 352 84’s

345 441 477 491 ante
501 449 764 490 occasum
795 435 1044 486 mortem
1073 428 1330 500 corporis
1351 427 1684 500 praevidere,
1715 442 1846 480 cum
1877 425 2041 496 signa
2069 426 2112 478 A
2153 438 2251 476 vos
2281 420 2556 476 Dominus
2599 420 2748 474 Deus
2791 421 2997 485 vester,
3029 421 3096 471 ut
3137 417 3328 487 palam
3362 415 3462 471 ﬁat
3495 421 3691 472 utrum
3727 417 3855 472 dili-

346 523 613 597 quaadam
649 523 870 576 soleant
895 534 1170 590 apparere
1195 517 1508 583 morituris,
1530 516 1742 586 quippe
1769 532 1802 570 a
1829 513 2039 586 quibus

347 613 449 668 Dei
481 611 759 683 protectio
781 613 969 663 amota
999 608 1228 661 videtur
1258 622 1271 661 :
1318 610 1533 676 quanto
1581 603 1763 674 magis
1813 603 2038 658 diabolo

347 717 520 773 quem
556 699 815 770 angelica
850 697 1144 767 majestate
1175 695 1479 750 sublimem
1525 692 1856 764 prophetica
1905 707 2040 745 ora—

347 790 474 843 cula
502 789 675 843 fuisse
707 790 1002 851 testantur,
1038 784 1107 837 de
1127 783 1288 852 cujus
1314 780 1710 851 magnitudine
1737 780 2040 850 Apostolus

347 877 428 930 ait
467 892 481 930 :
511 881 597 930 An
629 873 904 945 ignoratis
933 871 1295 926 altitudinem
1329 868 1592 924 Satanas?
1635 867 1780 932 Quid
1826 867 2036 922 mirum

349 980 506 1034 ergo,
530 964 576 1016 si
594 962 992 1016 imminentem
1016 975 1198 1030 prope
1231 964 1474 1012 mortem
1497 957 1684 1027 potuit
1704 956 2035 1026 praavidere,

349 1067 476 1104 cum
505 1050 610 1106 hoc
641 1050 712 1102 sit
753 1047 906 1102 unde
953 1046 1117 1112 fallit,
1151 1050 1207 1099 et
1250 1061 1308 1098 se
1359 1044 1421 1097 in
1460 1043 1561 1097 Dei
1591 1046 1868 1113 potestate
1921 1042 2041 1094 vult

348 1137 612 1193 adorari?
645 1137 783 1190 Nam
814 1138 973 1188 tanta
1008 1131 1354 1186 hebetudine
1401 1131 1636 1186 demens
1679 1128 1909 1183 effectus
1954 1132 2040 1181 est

347 1228 499 1294 Saul,
527 1231 591 1280 ut
634 1227 702 1280 ad
731 1223 1123 1294 Pythonissam
1141 1223 1490 1290 confugeret.
1518 1221 1864 1290 Depravatus
1883 1218 2036 1272 enim

345 1332 513 1370 causa
541 1319 758 1383 peccat,
806 1313 876 1367 ad
907 1312 1028 1366 haec
1067 1327 1125 1364 se
1171 1309 1413 1364 contulit
1461 1324 1588 1378 qua:
1636 1308 2026 1362 damnaverat.

341 1405 449 1460 Sed
491 1405 538 1458 si
568 1405 697 1474 quis
723 1407 958 1473 propter
990 1399 1312 1461 historiam,
1342 1404 1399 1453 et
1429 1415 1495 1453 ea
1523 1414 1650 1469 quae
1695 1396 1882 1450 verbis
1935 1413 2035 1450 ex-

345 1509 543 1562 pressa
598 1496 752 1557 sunt,
798 1494 962 1560 putet
1028 1505 1146 1542 non
1202 1487 1713 1559 praetermittenda,
1770 1502 1841 1538 ne
1895 1485 2034 1538 ratio

344 1579 596 1633 historiae
641 1578 828 1632 inanis
877 1578 966 1639 sit,
1015 1581 1162 1630 recte
1199 1575 1366 1630 faciat
1417 1574 1668 1645 quidem,
1724 1574 1771 1627 si
1817 1578 2032 1638 tamen,

345 1667 582 1721 minime
609 1667 760 1720 istud
792 1667 857 1719 ad
891 1666 1009 1718 veri
1041 1664 1224 1735 rapiat
1247 1664 1554 1728 rationem,
1585 1663 1680 1716 sed
1730 1663 1801 1716 ad
1852 1662 2031 1715 visum
2068 1705 2107 1758 Β

347 1759 406 1809 et
457 1756 811 1810 intellectum
858 1754 1026 1808 Saul:
1073 1768 1259 1822 neque
1309 1751 1461 1804 enim
1505 1750 1779 1820 reprobus
1830 1749 2032 1815 factus,

346 1846 572 1913 poterat
594 1843 812 1896 bonum
841 1841 1193 1894 intellectum
1245 1839 1475 1892 habere.
1525 1837 1831 1892 Historicns
1879 1837 2032 1890 enim
2115 1837 2124 1850 '

347 1935 598 1984 mentem
655 1929 786 1983 Saul
843 1933 899 1981 et
947 1927 1205 1981 habitum
1260 1926 1539 1981 Samuelis
1593 1926 1909 1995 descripsit,
1969 1941 2036 1979 ea

347 2035 474 2089 qua:
523 2020 671 2072 dicta
710 2023 767 2071 et
823 2017 942 2070 visa
982 2014 1123 2070 'sunt
1168 2017 1510 2085 exprimens,
1567 2014 2031 2084 praetermittens,

344 2109 391 2161 si
423 2123 553 2161 vera
584 2123 653 2160 an
695 2106 835 2159 falsa
867 2105 1000 2158 sint.
1024 2104 1168 2168 Quid
1212 2104 1365 2158 enim
1397 2103 1496 2169 ait,
1534 2101 1792 2168 audiens,
1829 2100 1886 2154 in
1918 2117 2032 2172 quo

347 2195 545 2249 habitu
588 2201 736 2248 esset
763 2193 1082 2247 excitatus?
1111 2192 1417 2256 Intellexit,
1449 2191 1658 2261 inquit,
1699 2191 1851 2243 hunc
1911 2206 2031 2243 esse

344 2284 688 2338 Samuelem.
721 2281 868 2345 Quid
900 2281 1264 2345 intellexerit,
1298 2279 1488 2333 retulit
1520 2295 1533 2332 :
1561 2278 1694 2349 quia
1724 2279 1867 2331 bene
1917 2294 2033 2330 non

343 2373 642 2435 intellexit,
675 2377 872 2424 contra
902 2370 1253 2440 Scripturam
1286 2368 1504 2422 aerium
1559 2367 1828 2420 adoravit.
1860 2383 2029 2436 quam

343 2459 641 2513 dominum
673 2463 730 2511 et
760 2461 966 2526 putans
1017 2455 1362 2518 Samuelem,
1419 2453 1676 2508 adoravit
1713 2453 2028 2517 diabolum,

343 2553 407 2601 ut
445 2549 689 2601 fructum
722 2546 957 2599 fallaciae
989 2561 1104 2598 sum
1133 2544 1374 2598 haberet
1405 2542 1659 2596 Satanas.
1714 2543 1830 2596 Hoc
1877 2541 2028 2594 enim

342 2635 565 2699 nititur,
600 2639 664 2687 ut
707 2634 974 2686 adoretur
1021 2631 1183 2702 quasi
1229 2631 1397 2685 Deus.
1453 2628 1509 2684 Si
1559 2628 1712 2682 enim
1768 2644 1894 2681 vere
1926 2629 2031 2682 Sa-

339 2724 491 2777 muel
531 2723 615 2776 illi
647 2720 1025 2792 apparuisset,
1060 2735 1171 2773 non
1207 2719 1405 2788 utique
1455 2716 1542 2769 vir
1587 2717 1774 2786 justus
1817 2716 2030 2785 permi-

339 2813 499 2865 sisset
524 2827 582 2864 se
617 2810 860 2875 adorari,
896 2809 995 2880 qui
1033 2808 1442 2878 praedicaverat
1490 2805 1790 2859 Dominum
1843 2805 2029 2857 solum

340 2916 460 2954 esse
493 2899 842 2954 adorandum
877 2913 890 2950 :
951 2902 1007 2949 et
1056 2895 1342 2966 quomodo
1387 2894 1556 2946 homo
1606 2891 1728 2957 Dei,
1761 2891 1859 2962 qui
1899 2907 2027 2944 cum

2152 511 2304 582 gatis
2334 526 2488 577 eum,
2519 525 2590 563 an
2619 523 2754 562 non.
2808 507 2873 561 In
2902 511 3022 560 toto
3071 506 3264 572 corde,
3307 510 3364 559 et
3420 505 3482 559 in
3512 511 3625 559 tota
3658 506 3858 560 anima

2151 605 2337 654 vestra
2369 601 2543 654 Deum
2598 601 2847 652 vestrum
2901 594 3234 666 sequimini,
3285 599 3342 648 et
3397 595 3583 665 ipsum
3628 595 3851 660 timete,

2153 688 2421 742 mandata
2453 687 2604 740 illius
2657 685 2958 751 custodite,
2989 690 3046 737 et
3078 683 3272 737 audite
3313 698 3504 737 vocem
3557 684 3698 752 ejus,
3743 685 3854 754 ipsi

2150 775 2428 840 servietis,
2460 779 2516 828 et
2544 774 2651 844 ipsi
2699 772 3084 839 adhaerebitis,
3119 777 3227 825 etc.
3289 771 3394 825 Ubi
3433 787 3566 825 sane
3596 771 3850 842 intelligi

2149 863 2352 931 voluit,
2386 862 2559 916 etiam
2591 863 2689 916 illa
2714 877 2842 932 quo:
2873 877 2904 914 a
2939 860 3334 914 divinantibus
3365 876 3479 914 non
3525 861 3849 914 secundum

2151 954 2329 1007 Deum
2394 951 2682 1017 dicuntur,
2735 950 2780 1003 si
2847 949 3153 1004 acciderint
3201 964 3330 1020 quae
3379 949 3672 1016 dicuntur,
3724 965 3848 1002 non

2149 1039 2499 1110 accipienda,
2550 1039 2637 1092 vel
2691 1038 2862 1091 etiam
2895 1037 2941 1090 si
2986 1037 3127 1090 ﬁant
3164 1053 3291 1106 que.
3325 1037 3744 1108 praecipiuntur
3775 1037 3848 1091 ab

2149 1130 2250 1191 eis,
2283 1132 2382 1182 aut
2412 1128 2672 1181 colantur
2723 1142 2850 1196 quae
2901 1126 3166 1180 coluntur
3205 1125 3276 1179 ab
3309 1125 3411 1178 eis.
3465 1126 3578 1179 Nec
3631 1131 3847 1196 praeter

2148 1233 2308 1271 suam
2349 1219 2690 1287 potestatem
2729 1217 2872 1268 Deus
2906 1213 3159 1267 ostendit
3202 1228 3322 1266 esse
3372 1213 3522 1283 quod
3567 1213 3675 1266 ista
3705 1228 3848 1266 con-

2146 1307 2394 1376 tingunt,
2426 1304 2524 1358 sed
2554 1303 2716 1374 quasi
2740 1306 3097 1374 quaereretur
3125 1317 3227 1354 cur
3256 1317 3320 1355 ea
3350 1301 3666 1370 permittat,
3699 1317 3845 1354 cau-

2145 1411 2264 1448 sam
2307 1391 2639 1448 tentationis
2691 1390 2971 1461 exposuit.
3021 1389 3108 1444 Ad
3154 1389 3604 1460 cognoscendam
3635 1389 3845 1460 utique.

2145 1497 2346 1536 eorum
2377 1480 2738 1535 dilectionem
2771 1483 2964 1532 utrum
3022 1493 3148 1531 eam
3210 1477 3424 1531 habent
3473 1492 3609 1548 erga
3659 1478 3844 1532 Deum

2145 1586 2334 1624 suum.
2369 1567 2832 1639 Cognoscendam
2865 1582 2998 1620 vero
3028 1566 3099 1620 ab
3131 1565 3268 1636 ipsis
3298 1566 3508 1635 potius,
3561 1581 3740 1637 quam
3772 1568 3846 1620 ab

2146 1658 2268 1727 illo,
2300 1657 2400 1728 qui
2430 1657 2534 1709 scit
2562 1655 2779 1721 omnia,
2809 1661 3114 1724 antequam
3150 1654 3311 1708 fiant.

2435 1745 2565 1800 CAP.
2594 1744 2746 1800 XLV.
2786 1773 2846 1784 —
2880 1746 2954 1798 De
2981 1748 3185 1796 natura
3222 1741 3540 1797 dmmonum.

2214 1833 2331 1904 (Em
2360 1833 2522 1887 dictis
2559 1831 2845 1901 ejusdem.)
2869 1831 3138 1885 Siendum
3172 1847 3303 1885 vero
3334 1837 3418 1885 est
3446 1833 3595 1886 hanc
3619 1832 3841 1886 daemo-

2144 1937 2282 1976 num
2315 1937 2436 1975 esse
2459 1926 2742 1986 naturam,
2759 1926 2821 1974 ut
2844 1921 3262 1989 aereicorporis
3283 1935 3448 1973 sensu
3473 1927 3840 1974 terrenorum

2143 2025 2442 2080 corporum
2476 2025 2703 2063 sensum
2739 2008 2901 2063 facile
2933 2009 3280 2078 praecedant,
3313 2009 3599 2062 celeritate
3636 2010 3837 2079 etiam,

2141 2103 2376 2169 propter
2400 2097 2553 2152 aerei
2580 2097 2834 2168 corporis
2878 2097 3229 2168 superiorem
3277 2097 3675 2164 mobilitatem,
3722 2114 3837 2152 non

2141 2188 2324 2242 solum
2356 2203 2548 2242 cursus
2571 2186 2959 2258 quorumlibet
2982 2185 3306 2254 hominum,
3331 2187 3417 2239 vel
3440 2187 3715 2255 ferarum,
3741 2203 3836 2242 ve-

2140 2292 2266 2330 rum
2303 2277 2476 2330 etiam
2503 2279 2724 2330 volatus
2769 2275 2958 2329 avium
3003 2274 3528 2345 incomparabiliter
3573 2275 3831 2331 vincant.

2139 2364 2355 2428 Quibus
2403 2365 2624 2418 duabus
2671 2364 2840 2418 rebus
2897 2368 3178 2434 quantum
3226 2363 3298 2416 ad
3343 2379 3572 2417 aereum
3623 2379 3833 2434 corpus

2142 2453 2342 2506 attinet
2371 2451 2617 2523 praediti,
2639 2451 2747 2506 hoc
2777 2456 2881 2519 est,
2900 2451 3214 2505 acrimonia
3236 2467 3434 2504 sensus
3455 2457 3512 2505 et
3539 2452 3833 2506 celeritate

2141 2545 2348 2608 motus;
2373 2541 2554 2594 multo
2571 2546 2704 2594 ante
2725 2540 2972 2611 cogitata
2989 2541 3407 2610 pramunciant,
3423 2540 3510 2594 vel
3531 2540 3831 2608 nunciant,

2141 2646 2268 2701 quae
2296 2629 2558 2684 homines
2591 2646 2695 2699 pro
2725 2645 2924 2682 sensus
2955 2629 3169 2682 terreni
3199 2628 3470 2682 tarditate
3529 2629 3831 2684 mirentur.

2139 2718 2388 2772 Accessit
2417 2719 2587 2772 etiam
2618 2718 2978 2772 daemonibus
3008 2733 3112 2787 per
3135 2723 3252 2771 tam
3299 2719 3535 2788 longum
3581 2722 3833 2789 tempus,

2141 2823 2254 2876 quo
2281 2824 2481 2861 eorum
2532 2808 2915 2878 protenditur,
2965 2823 3159 2861 rerum
3209 2807 3380 2876 longe
3434 2808 3621 2878 major
3658 2823 3833 2878 expe-

2138 2896 2366 2962 rientia,
2426 2912 2600 2966 quam
2641 2901 2826 2966 potest
2856 2895 3185 2949 hominibus
3231 2901 3467 2966 propter
3497 2896 3836 2950 brevitatem

339 2988 623 3040 Abraham
658 2986 717 3038 in
748 2983 1044 3054 refrigerio
1076 2985 1218 3050 erat,
1253 2981 1474 3035 dicebat
1505 2980 1575 3034 ad
1607 2979 1792 3032 virum
1851 2979 2024 3050 pesti-
2065 2985 2105 3038 C
2139 2984 2264 3038 vita:
2315 2984 2633 3054 provenire.
2684 2986 2788 3038 Per
2833 2985 2934 3038 has
2985 2984 3265 3038 efﬁcacias
3314 3001 3453 3055 quas
3503 2985 3656 3038 aerei
3702 3001 3836 3038 cor-

338 3076 552 3141 lentiae,
584 3073 821 3142 dignum
857 3073 1094 3125 adorare
1119 3071 1396 3140 gehennae
1427 3085 1439 3122 :
1472 3084 1592 3121 cras
1622 3083 1845 3120 mecum
1877 3067 2026 3120 eris?

340 3163 437 3218 His
495 3161 715 3216 duobus
746 3159 926 3212 titulis
957 3158 1331 3212 subtilitatem
1363 3143 1600 3210 fallaciae
1633 3171 1749 3208 suae
1780 3154 2028 3224 providit

336 3249 690 3320 improvidus
720 3247 956 3301 Satanas
989 3263 1003 3300 :
1036 3245 1174 3315 quia
1203 3251 1260 3298 et
1288 3243 1512 3298 adorari
1540 3260 1599 3297 se
1629 3243 1890 3312 permisit
1922 3244 2026 3296 sub

334 3339 532 3393 habitu
564 3342 619 3391 et
647 3336 879 3390 nomine
910 3334 1193 3390 Samuelis
1247 3338 1448 3387 contra
1497 3333 1706 3404 legem,
1755 3335 1811 3386 et
1838 3331 2022 3385 virum

334 3427 580 3499 peccatis
611 3441 894 3496 pressum,
924 3440 1052 3477 cum
1087 3438 1298 3492 magna
1347 3421 1613 3475 distantia
1662 3425 2024 3489 peccatorum

334 3521 392 3570 et
435 3521 724 3586 justorum
773 3513 865 3578 sit,
909 3528 1036 3565 cum
1091 3510 1356 3566 Samuele
1406 3509 1721 3579 justissimo
1767 3508 2024 3562 futurum

332 3603 608 3656 mentitus
639 3605 741 3655 est.
775 3601 986 3653 Verum
1023 3603 1212 3668 potest
1260 3597 1462 3662 videri,
1499 3597 1596 3650 sed
1644 3596 1714 3650 de
1747 3595 2025 3650 Samuelis

333 3691 564 3744 nomine
594 3693 869 3751 taceatur,
901 3687 1036 3757 quia
1067 3687 1198 3741 Saul
1232 3701 1361 3740 cum
1385 3685 1611 3740 diabolo
1635 3685 1858 3738 futurus
1881 3689 2020 3738 erat.

334 3779 419 3832 Ad
452 3794 581 3830 eum
629 3777 783 3830 enim
837 3775 1288 3844 transmigravit,
1346 3791 1515 3845 quem
1566 3775 1835 3830 adoravit.
1871 3775 2025 3830 Sem-

329 3883 435 3938 per
485 3881 621 3936 ergo
664 3864 925 3918 diabolus
980 3864 1085 3917 sub
1150 3862 1433 3917 velamine
1480 3863 1660 3918 latens
1705 3863 1896 3935 prodit
1939 3881 2018 3926 se,

329 3955 466 4010 dum
499 3971 565 4007 ea
596 3952 896 4022 contingit,
925 3967 1052 4022 quae
1104 3951 1379 4005 horreant
1422 3952 1697 4023 personis,
1746 3968 1852 4022 per
1881 3968 2022 4023 quas

328 4043 524 4097 fallere
557 4042 781 4095 nititur.
820 4040 876 4094 Si
927 4046 1118 4093 autem
1149 4038 1421 4110 quislibet
1460 4039 1620 4094 nobis
1676 4040 1915 4110 opponit
1959 4057 2022 4095 ac

329 4132 468 4187 dicit
497 4149 513 4184 :
548 4128 842 4201 quomodo
874 4129 1148 4181 eveniunt
1174 4128 1290 4195 illa,
1325 4144 1454 4199 quae
1485 4129 1569 4181 illi
1599 4128 1776 4182 divini
1815 4129 2021 4198 praedi-

327 4227 464 4275 cunt
513 4220 707 4273 futura
757 4223 854 4270 aut
915 4217 1199 4287 quomodo
1244 4221 1482 4286 possunt
1535 4219 1705 4286 aegris
1759 4218 2015 4287 praebere

325 4309 624 4374 medelam,
671 4311 769 4359 aut
813 4305 964 4357 sanis
1016 4305 1330 4359 immittere
1376 4304 1797 4375 aegritudinem,
1821 4305 1869 4358 si
1912 4305 2012 4358 ali-

325 4397 462 4467 quid
488 4396 738 4466 propriae
799 4393 1019 4446 virtutis
1051 4410 1114 4447 ac
1142 4393 1440 4463 potestatis
1471 4410 1586 4448 non
1614 4392 1866 4447 habent?
1896 4394 2010 4447 Hoc

323 4502 354 4539 a
384 4485 546 4539 nobis
575 4483 811 4554 recipiat
839 4498 1176 4552 responsum
1212 4483 1361 4552 quod
1398 4482 1526 4536 ideo
1559 4481 1862 4552 quisquam
1893 4498 2009 4535 non

320 4573 488 4627 debet
544 4572 624 4625 eis
674 4571 947 4624 credere:
1011 4569 1147 4640 quia
1199 4569 1508 4640 aliquando
1555 4569 1830 4623 eveniunt
1886 4586 2010 4640 qua

318 4661 660 4731 prmdicunt,
696 4663 793 4712 aut
810 4675 1008 4712 sanare
1034 4659 1296 4712 videntur
1327 4657 1646 4728 languidos,
1683 4658 1770 4710 vel
1802 4658 2008 4713 ladere

319 4766 486 4802 sanos
529 4747 706 4818 :quia
749 4747 857 4800 hoc
915 4747 1195 4816 permissu
1247 4746 1344 4800 Dei
1397 4746 1481 4813 ﬁt,
1515 4751 1578 4798 ut
1606 4745 1716 4815 ipsi
1761 4747 1858 4816 qui
1888 4746 2008 4800 haec

317 4838 577 4906 audiunt,
607 4836 693 4889 vel
736 4834 949 4901 vident,
990 4834 1388 4905 prohibentur,
1445 4838 1501 4887 et
1538 4840 1812 4903 appareat
1848 4836 2002 4904 quali

316 4929 427 4981 fide
450 4926 585 4992 sint,
620 4925 705 4978 vel
753 4924 1055 4978 devotione
1114 4939 1249 4992 erga
1281 4923 1481 4975 Deum.
1536 4921 1690 4975 Sicut
1717 4922 1777 4974 in
1809 4923 2007 4977 Dente-

312 5015 580 5070 ronomio
623 5012 834 5083 legitur
886 5012 1098 5079 Moyses
1145 5009 1319 5063 verbo
1375 5010 1600 5062 Domini
1633 5011 1846 5080 populo
1904 5012 2004 5066 Dei

314 5103 638 5175 praecipisse
669 5102 747 5154 ita
778 5100 971 5154 dicens
1012 5114 1024 5151 :
1059 5097 1118 5152 Si
1149 5096 1392 5150 surrexit
1423 5097 1480 5149 in
1516 5098 1700 5151 medio
1749 5099 1830 5151 tui
1876 5115 2001 5169 pro-

311 5192 576 5262 phetans,
608 5195 707 5242 aut
742 5187 842 5258 qui
887 5185 1173 5239 somnium
1216 5183 1416 5236 vidisse
1456 5200 1512 5236 se
1564 5185 1731 5249 dicat,
1765 5191 1820 5238 et
1850 5202 2003 5255 prae—-

311 5281 519 5335 dixerit
561 5279 618 5331 in
682 5277 911 5348 signum
962 5291 1023 5327 ac
1071 5276 1422 5344 portentum,
1472 5279 1526 5326 et
1571 5273 1791 5326 venerit
1847 5275 2000 5344 quod

309 5369 533 5423 locutus
593 5371 696 5433 est,
755 5371 810 5419 et
857 5363 1062 5418 dixerit
1106 5362 1252 5415 tibi:
1307 5363 1529 5429 Eamus,
1589 5367 1646 5415 et
1692 5379 2005 5433 sequamur

310 5458 450 5512 deos
501 5455 719 5510 alienos
778 5470 921 5525 quos
972 5452 1199 5521 ignoras
1259 5455 1314 5504 et
1364 5450 1678 5504 serviamus
1720 5452 1823 5521 eis,
1883 5469 1997 5506 non

317 5546 514 5601 audies
544 5545 715 5599 verba
739 5542 1058 5614 prophetae,
1091 5543 1190 5594 aut
1215 5539 1577 5594 somniatoris
1609 5556 1622 5595 :
1659 5541 1793 5613 quia
1822 5545 2003 5596 tentat

2134 3072 2292 3144 poris
2324 3077 2529 3126 natura
2559 3073 2758 3126 sortita
2784 3077 2887 3139 est,
2929 3089 3043 3126 non
3075 3073 3259 3126 solum
3295 3073 3486 3127 futura
3516 3074 3838 3143 praedicunt

2138 3162 2447 3228 daemones,
2501 3177 2693 3214 verum
2744 3161 2917 3215 etiam
2973 3162 3118 3214 mira
3171 3162 3348 3215 multa
3409 3161 3642 3215 faciunt.
3693 3162 3832 3226 Quae

2137 3249 2410 3320 quoniam
2444 3249 2704 3303 homines
2736 3249 2924 3303 dicere
2954 3267 3018 3302 ac
3047 3251 3230 3303 facere
3287 3265 3402 3303 non
3431 3254 3688 3319 possunt,
3726 3266 3825 3304 eos

2136 3337 2337 3408 dignos
2369 3337 2597 3408 quidam
2643 3337 2850 3408 quibus
2909 3338 3174 3400 serviant,
3228 3343 3283 3391 et
3327 3337 3532 3408 quibus
3579 3339 3832 3392 honores

2136 3424 2357 3478 divinos
2407 3425 2684 3491 deferant,
2749 3423 3119 3491 arbitrantur,
3194 3425 3504 3494 instigante
3575 3427 3828 3480 maxime

2135 3513 2270 3567 vitio
2326 3513 2670 3567 curiositatis
2721 3516 2958 3582 propter
3007 3529 3259 3566 amorem
3309 3513 3592 3567 felicitatis
3641 3513 3826 3584 falsae,

2136 3605 2304 3671 atque
2329 3606 2592 3667 terrenae,
2629 3605 2685 3655 et
2711 3601 3061 3655 excellentiae
3093 3602 3440 3672 temporalis.
3477 3601 3585 3666 Qui
3630 3608 3824 3657 autem

2134 3707 2192 3744 se
2215 3691 2283 3744 ab
2314 3691 2394 3744 eis
2423 3690 2830 3760 cupiditatibus
2860 3691 3161 3752 mundant,
3201 3707 3308 3745 nec
3336 3691 3416 3744 eis
3445 3707 3503 3744 se
3533 3691 3827 3746 feriendos

2131 3778 2550 3850 rapiendosque
2607 3779 2968 3850 permittunt,
3020 3779 3122 3833 sed
3163 3779 3484 3851 inquirunt,
3531 3785 3588 3834 et
3627 3787 3830 3836 amant

2133 3866 2348 3937 aliquid
2380 3866 2533 3938 quod
2562 3867 2761 3920 eodem
2788 3867 2956 3921 modo
2982 3883 3208 3938 semper
3236 3873 3341 3930 est,
3393 3868 3555 3938 cujus
3586 3870 3828 3939 partici-

2131 3956 2360 4025 patione
2383 3954 2532 4008 beati
2571 3954 2705 4021 sint,
2739 3955 2990 4025 primum
3025 3956 3390 4010 considerant
3419 3973 3534 4011 non
3559 3957 3691 4012 ideo
3714 3959 3824 4013 sibi

2132 4043 2549 4114 praeponendos
2583 4060 2702 4097 esse
2733 4044 3042 4108 daemones,
3078 4046 3228 4114 quod
3261 4045 3476 4098 acriore
3499 4061 3668 4099 sensu
3695 4063 3825 4102 cor-

2130 4133 2286 4202 poris
2334 4132 2665 4203 praavalent,
2718 4132 2865 4186 aeris
2912 4133 3144 4198 scilicet,
3194 4134 3304 4188 hoc
3351 4139 3453 4200 est,
3505 4134 3825 4190 subtilioris

2131 4218 2398 4272 clementi
2432 4236 2444 4272 :
2481 4221 2619 4291 quia
2645 4236 2746 4274 nec
2774 4220 2912 4291 ipsis
2941 4221 3185 4275 terrenis
3231 4222 3565 4294 corporibus
3607 4222 3824 4279 bestias

2129 4306 2232 4360 sibi
2264 4308 2682 4378 prazponendas
2712 4313 2936 4379 putant,
2971 4325 3098 4380 quae
3129 4310 3315 4364 acrius
3356 4311 3537 4365 multa
3579 4328 3820 4383 persen-

2121 4395 2270 4449 tiunt
2303 4413 2315 4450 :
2346 4396 2524 4450 veluti
2563 4412 2824 4467 sagacem
2852 4415 3075 4465 canem,
3129 4398 3266 4469 quia
3314 4399 3592 4454 latentem
3632 4403 3815 4457 feram

2121 4483 2329 4538 olfactu
2363 4485 2640 4540 acerrimo
2701 4486 2780 4540 sic
2837 4487 3053 4542 invenit
3083 4493 3148 4541 ut
3191 4488 3263 4542 ad
3306 4505 3430 4542 eam
3469 4489 3815 4559 capiendam

2120 4572 2385 4627 ducatum
2419 4575 2723 4644 quemdam
2747 4577 2967 4630 homini
2997 4577 3270 4647 praebeat,
3301 4594 3415 4631 non
3449 4578 3646 4649 utique
3677 4597 3816 4650 pru-

2120 4661 2378 4716 dentiore
2445 4662 2738 4718 intellectu
2804 4665 3002 4732 animi,
3064 4666 3163 4720 sed
3228 4666 3482 4721 acutiore
3557 4671 3815 4740 corporis

2119 4767 2287 4804 sensu
2325 4767 2338 4806 :
2371 4751 2458 4804 vel
2513 4753 2820 4818 vulturem,
2881 4754 3036 4824 quia,
3093 4754 3346 4825 projecto
3403 4755 3695 4824 cadavere,
3749 4774 3816 4811 ex

2116 4837 2343 4904 provisa
2400 4839 2820 4911 longinquitate
2879 4842 3144 4896 advolat:
3209 4858 3314 4896 nec
3355 4845 3632 4915 aquilam,
3678 4847 3816 4916 quia

2115 4924 2436 4980 sublimiter
2468 4929 2680 4996 volans,
2716 4930 2784 4983 de
2808 4935 2966 4984 tanto
3016 4930 3316 4986 intervallo
3364 4937 3658 4986 natantem
3707 4935 3814 4988 sub

2116 5011 2380 5068 fluctibus
2411 5015 2620 5084 piscem
2649 5017 2856 5071 dicitur
2906 5019 3238 5088 praevidere,
3281 5025 3337 5074 et
3384 5020 3632 5090 graviter
3664 5022 3816 5076 illisa

2117 5103 2322 5156 exertis
2373 5104 2615 5174 pedibus
2663 5111 2835 5178 atque
2879 5107 3172 5177 unguibus
3225 5125 3475 5179 rapere:
3551 5125 3656 5164 nec
3700 5112 3814 5165 alia

2118 5190 2296 5244 multa
2327 5193 2704 5247 animantium
2737 5211 2969 5265 genera,
3006 5212 3136 5266 qua:
3179 5197 3332 5252 inter
3381 5196 3590 5252 herbas
3637 5199 3812 5254 saluti

2113 5294 2230 5331 sua:
2288 5280 2486 5334 noxias
2553 5283 2836 5352 pascendo
2899 5282 3334 5354 circumerrant,
3417 5302 3521 5340 nec
3588 5287 3806 5359 aliquid

2111 5381 2307 5420 earum
2337 5385 2451 5438 quo
2485 5369 2786 5439 lmdantur,
2823 5372 3134 5442 attingunt,
3174 5390 3305 5428 cum
3351 5390 3444 5428 eas
3505 5375 3681 5431 homo
3720 5379 3811 5432 vix

2112 5456 2455 5524 experiendo
2487 5473 2684 5512 cavere
2724 5459 3004 5524 didicerit,
3057 5468 3114 5516 et
3144 5463 3326 5517 multa
3355 5463 3608 5532 innoxia,
3653 5468 3809 5537 quod

2113 5544 2229 5598 sint
2263 5541 2577 5616 inexperta,
2628 5547 2919 5606 formidet.
2973 5551 3131 5606 Unde
3184 5553 3462 5622 conjicere
3509 5553 3676 5610 facile
3721 5561 3810 5610 est
