3944 6306
143 346 245 398 845
1121 342 1588 399 DECRETORUM
1635 345 1694 397 LI

1121 342 1588 399 DECRETORUM
1635 345 1817 399 LIBRI
1858 347 1966 402 XX.
2002 375 2068 388 —
2109 347 2316 402 LIBER
2356 347 2676 403 DECIMUS.

3543 355 3646 408 846

143 473 423 537 quantum
483 466 661 537 possit
707 466 766 519 in
835 464 1003 518 aeriis
1062 465 1396 536 corporibus
1452 481 1652 520 sensus
1719 483 1840 520 esse
1882 471 1925 523 A
1954 484 2082 522 rum
2135 469 2440 523 malefacta
2497 470 2779 524 suadere:
2816 470 2884 524 de
2931 487 3175 541 quorum
3217 473 3469 527 moribus
3507 475 3646 528 certi

142 557 346 625 acrior,
404 572 510 608 nec
561 555 688 608 ideo
745 559 938 608 tamen
999 554 1306 618 daemones,
1365 553 1464 623 qui
1520 570 1586 607 eo
1616 555 1842 624 praediti

142 648 290 709 sunt,
329 643 495 696 bonis
522 641 852 695 hominibus
879 641 1304 711 praeponendos
1324 641 1576 711 prudens
1599 642 1843 712 quisque

143 733 452 785 censuerit.
505 733 619 785 Hoc
663 735 720 783 et
765 731 834 783 de
883 745 1189 800 corporum
1239 730 1526 783 celeritate
1579 730 1840 783 dicimus.

147 822 209 873 Et
260 820 366 873 hac
429 820 584 872 enim
643 817 974 888 praestantia
1033 833 1151 870 non
1212 818 1396 871 solum
1446 834 1477 870 a
1524 818 1843 871 volucribus

142 909 432 975 homines,
479 923 678 961 verum
710 924 740 960 a
774 907 972 960 multis
1028 907 1199 959 etiam
1247 906 1715 975 quadrupedibus
1763 907 1844 959 ita

142 1002 508 1068 superantur,
544 1003 605 1050 ut
635 997 695 1050 in
726 1011 928 1050 eorum
977 998 1408 1064 comparatione
1449 996 1706 1065 plumbei
1738 996 1844 1048 de-

140 1086 385 1156 putandi
410 1087 542 1151 sint,
591 1100 696 1138 nec
725 1089 918 1138 tamen
967 1084 1098 1137 ideo
1131 1084 1240 1137 sibi
1289 1085 1409 1136 base
1463 1083 1840 1137 animantium

143 1189 354 1242 genera
385 1173 714 1227 existimant
755 1172 1165 1242 praeponenda,
1215 1173 1424 1242 quibus
1455 1172 1743 1241 capiendis
1787 1176 1844 1224 et

142 1261 684 1326 mansuefaciendis,
742 1267 914 1331 atque
969 1263 1029 1314 in
1098 1277 1215 1314 suae
1272 1260 1580 1314 voluntatis
1648 1276 1838 1326 usum,

141 1351 624 1420 commodumque
673 1348 1020 1418 redigendis,
1067 1365 1186 1402 non
1226 1349 1280 1401 vi
1311 1348 1583 1418 corporis,
1619 1349 1717 1402 sed
1750 1364 1839 1401 ra-

140 1439 316 1492 tionis
355 1438 712 1508 imperitant.
749 1438 908 1491 Illam
955 1453 1088 1491 vero
1118 1437 1345 1490 tertiam
1377 1436 1705 1491 daemonum
1735 1453 1840 1506 po-

143 1527 406 1588 tentiam,
460 1527 614 1597 quod
666 1526 934 1580 diuturna
981 1542 1171 1579 rerum
1222 1526 1593 1595 experientia,
1644 1541 1842 1596 quem-

142 1615 456 1668 admodum
517 1621 906 1686 prmnoscant,
963 1622 1133 1684 atque
1186 1613 1603 1685 praenunciant,
1661 1615 1841 1666 multa

141 1705 485 1768 didicerunt,
538 1704 617 1757 ita
665 1709 1061 1770 contemnunt,
1097 1704 1196 1774 qui
1247 1705 1368 1757 haec
1397 1703 1700 1772 vigilanter
1745 1719 1837 1754 cu-
1871 1741 1910 1794 Β

139 1798 267 1845 rant
306 1809 335 1844 a
388 1792 697 1845 verissimae
735 1791 874 1844 lucis
932 1793 1166 1845 veritate
1221 1792 1562 1858 discernere,
1626 1795 1689 1844 ut
1737 1807 1842 1844 nec

142 1883 326 1934 malos
360 1897 523 1934 senes
568 1883 733 1952 plura
767 1885 1032 1950 expertos
1075 1885 1130 1934 et
1163 1882 1233 1933 ob
1268 1882 1373 1934 hoc
1405 1880 1568 1950 quasi
1618 1881 1840 1934 doctio-

143 1986 232 2023 res
262 1970 394 2023 ideo
442 1969 608 2038 probi
659 1970 1048 2023 adolescentes
1097 1968 1207 2021 sibi
1259 1969 1595 2022 antecellere
1647 1967 1839 2021 existi-

141 2065 319 2121 ment,
379 2062 444 2110 ut
491 2074 596 2111 nec
657 2058 928 2123 medicos,
981 2073 1086 2110 nec
1136 2062 1357 2123 nautas,
1409 2073 1513 2110 nec
1562 2057 1840 2126 agricolas

147 2163 291 2218 quos
334 2162 528 2216 pravas
575 2145 883 2200 voluntatis
932 2150 989 2199 et
1018 2145 1233 2216 iniquis
1281 2146 1538 2198 moribus
1569 2145 1835 2211 viderint,

147 2235 276 2288 ideo
324 2239 528 2305 putent
557 2235 665 2288 sibi
706 2250 826 2287 esse
870 2234 1279 2303 praeferendos,
1332 2233 1482 2302 quod
1515 2232 1596 2284 illi
1627 2231 1694 2284 de
1742 2247 1836 2283 va-

144 2324 523 2390 letudinibus,
554 2323 638 2376 illi
667 2323 736 2376 de
772 2322 1231 2392 tempestatibus,
1265 2321 1349 2374 illi
1383 2321 1450 2374 de
1475 2320 1836 2373 arbustorum

143 2411 552 2481 fructuumque
601 2411 907 2480 generibus
961 2411 1140 2461 multa
1187 2409 1266 2461 ita
1306 2407 1724 2478 praenunciant,
1776 2411 1840 2460 ut

145 2501 352 2553 barum
401 2515 594 2553 rerum
637 2499 932 2567 inexperto
981 2497 1258 2566 divinare
1293 2497 1612 2549 videantur.
1674 2496 1836 2558 Quod

141 2605 276 2642 vero
301 2605 421 2642 non
452 2589 633 2642 solum
666 2588 929 2658 quaedam
958 2587 1248 2640 daemones
1279 2585 1472 2638 futura
1495 2584 1836 2654 praedicunt,

141 2694 341 2731 verum
365 2678 536 2731 etiam
566 2677 828 2747 quaedam
851 2676 1084 2742 faciunt,
1108 2691 1211 2745 pro
1238 2675 1361 2744 ipsa
1391 2674 1584 2744 utique
1607 2674 1695 2726 sui
1720 2689 1838 2726 cor-

143 2767 300 2836 poris
324 2766 675 2833 excellentia,
700 2781 800 2818 cur
822 2781 936 2818 non
956 2769 1355 2818 contemnatur
1386 2780 1418 2816 a
1438 2762 1832 2833 prudentibus,

147 2871 275 2909 cum
312 2856 572 2926 plerique
603 2854 788 2924 iniqui
816 2870 879 2907 ac
908 2853 1121 2923 perditi
1155 2853 1419 2906 homines
1442 2852 1520 2904 ita
1541 2856 1838 2905 exerceant

143 2960 383 3014 corpora
414 2961 535 3009 sua,
567 2949 900 3013 tantamque
922 2940 1159 2995 diversis
1178 2940 1394 2993 artibus
1421 2940 1662 3009 possint,
1692 2945 1837 2993 utea

1955 563 2107 623 sunt,
2175 558 2324 627 quod
2367 558 2480 612 sint
2529 558 2609 611 eis
2669 559 2804 612 talia
2861 559 3230 614 suadentibus
3295 563 3641 617 consensuri.

1953 643 2204 697 Suadent
2234 649 2424 698 autem
2459 645 2619 698 miris
2649 651 2705 699 et
2735 646 3115 701 invisibilibus
3147 648 3332 702 modis
3362 665 3464 718 per
3487 649 3646 704 illam

1953 732 2322 784 subtilitatem
2380 749 2684 803 corporum
2735 750 2997 801 suorum,
3054 751 3293 804 corpora
3347 737 3646 791 hominum

1953 835 2070 872 non
2122 819 2490 873 sentientium
2545 822 2923 891 penetrando,
2975 827 3032 876 et
3087 839 3145 876 se
3204 825 3646 894 cogitationibus

1953 923 2151 960 eorum
2193 924 2294 977 per
2327 908 2590 978 quaedam
2639 908 2984 980 imaginaria
3012 910 3130 964 visa
3161 912 3476 975 miscendo,
3531 915 3646 967 sive

1950 996 2336 1066 vigilantium,
2366 997 2480 1049 sive
2511 997 2941 1053 dormientium.
2969 998 3291 1069 Aliquando
3314 1006 3508 1055 autem
3531 1018 3648 1056 non

1952 1101 2081 1155 quae
2123 1085 2232 1155 ipsi
2275 1083 2512 1151 faciunt,
2542 1087 2639 1140 sed
2689 1102 2818 1157 quae
2851 1089 3210 1142 naturalibus
3243 1089 3422 1159 signis
3452 1091 3648 1145 futura

1950 1179 2336 1244 praenoscent,
2379 1191 2506 1244 quae
2554 1175 2717 1245 signa
2755 1176 2814 1228 in
2862 1176 3165 1231 hominum
3216 1194 3414 1231 sensus
3455 1181 3646 1234 venire

1951 1279 2065 1316 non
2098 1268 2356 1333 possunt,
2391 1269 2522 1317 ante
2554 1264 2894 1333 praedicunt.
2926 1267 3117 1335 Neque
3151 1267 3306 1320 enim
3336 1267 3473 1337 quia
3503 1285 3646 1339 prm-

1951 1352 2105 1405 videt
2158 1353 2414 1406 medicus
2473 1354 2628 1423 quod
2680 1355 2999 1422 praevidere
3056 1355 3238 1409 nescit
3287 1357 3456 1427 hujus
3507 1359 3645 1411 artis

1948 1439 2203 1510 ignarus,
2253 1441 2386 1494 ideo
2408 1441 2528 1510 jam
2574 1442 2799 1495 divinus
2853 1442 3149 1498 habendus
3196 1449 3298 1497 est.
3343 1445 3492 1508 Quid
3542 1461 3642 1498 au-

1950 1533 2065 1580 tem
2091 1529 2324 1591 mirum,
2356 1529 2403 1582 si
2433 1531 2920 1599 quemadmodum
2955 1531 3050 1585 ille
3077 1531 3136 1585 in
3160 1533 3416 1602 corporis
3446 1533 3644 1587 huma-

1950 1616 2030 1680 ni,
2062 1618 2150 1670 vel
2180 1618 2534 1687 perturbata,
2570 1620 2655 1672 vel
2689 1619 3017 1673 modiﬁcata
3063 1620 3362 1691 temperie,
3397 1637 3498 1675 seu
3539 1622 3645 1675 bo—

1951 1722 2074 1770 nas,
2107 1722 2207 1758 seu
2240 1707 2418 1758 malas
2449 1707 2666 1760 futuras
2699 1707 2974 1777 praevidet
3005 1708 3382 1776 valetudines,
3413 1710 3491 1762 sic
3522 1710 3645 1763 dae-

1951 1809 2086 1846 mon
2114 1794 2172 1846 in
2206 1794 2350 1848 aeris
2398 1794 2720 1862 affectione,
2753 1800 2924 1865 atque
2956 1794 3317 1852 ordinatione
3349 1797 3456 1850 sibi
3487 1803 3641 1864 nota,

1950 1883 2114 1936 nobis
2143 1883 2357 1952 ignota,
2391 1884 2609 1937 futuras
2639 1885 2917 1954 przevidet
2937 1889 3303 1954 tempestates
3322 1888 3349 1939 ?
3376 1886 3645 1956 Aliquan-

1952 1970 2023 2024 do
2054 1975 2108 2024 et
2152 1971 2452 2024 hominum
2483 1972 2908 2042 dispositiones,
2953 1989 3070 2026 non
3100 1973 3283 2026 solum
3333 1989 3469 2027 voce
3500 1991 3641 2044 pro-

1949 2059 2109 2126 latas,
2150 2075 2347 2112 verum
2387 2060 2560 2113 etiam
2593 2060 2942 2130 cogitatione
2965 2067 3286 2130 conceptas,
3312 2079 3439 2116 cum
3481 2065 3643 2133 signa

1949 2147 2213 2217 quaedam
2248 2164 2312 2200 ex
2348 2149 2539 2201 animo
2584 2148 2987 2218 exprimuntur
3017 2150 3077 2201 in
3107 2165 3364 2219 corpore,
3397 2156 3515 2204 tota
3559 2152 3640 2205 fa-

1949 2236 2160 2289 cilitate
2214 2236 2563 2305 perdiscunt,
2608 2243 2779 2307 atque
2827 2238 2960 2290 hinc
2992 2237 3161 2291 etiam
3213 2240 3395 2292 multa
3453 2241 3643 2294 futura

1948 2324 2370 2394 praenunciant,
2418 2325 2544 2378 aliis
2589 2325 2857 2378 videlicet
2887 2325 3052 2393 mira,
3083 2324 3184 2395 qui
3226 2324 3334 2378 ista
3366 2325 3644 2393 disposita

1949 2429 2066 2465 non
2100 2418 2396 2467 noverunt.
2430 2414 2585 2467 Sicut
2631 2413 2783 2466 enim
2823 2419 3063 2483 apparet
3097 2413 3435 2467 concitatior
3464 2416 3643 2468 animi

1949 2506 2139 2553 motus
2168 2502 2228 2553 in
2277 2502 2457 2566 vultu,
2493 2506 2557 2554 ut
2587 2502 2656 2554 ab
2684 2500 3015 2554 hominibus
3045 2519 3274 2572 quoque
3313 2503 3526 2572 aliquid
3557 2503 3641 2556 fo-

1947 2588 2203 2642 rinsecus
2233 2594 2574 2659 agnoscatur
2602 2590 2754 2660 quod
2800 2589 3141 2643 intrinsecus
3172 2591 3381 2660 agitur,
3417 2591 3492 2644 ita
3525 2608 3642 2645 non

1949 2677 2115 2731 debet
2163 2693 2281 2731 esse
2338 2678 2673 2732 incredibile
2722 2677 2768 2730 si
2821 2677 2993 2730 etiam
3039 2678 3288 2732 leniores
3338 2679 3639 2749 cogitatio-

1949 2781 2049 2819 nes
2082 2766 2217 2819 dant
2256 2766 2448 2836 aliqua
2476 2766 2638 2835 signa
2666 2782 2771 2835 per
2798 2783 3021 2836 corpus,
3073 2783 3201 2836 qua:
3234 2767 3437 2820 obtuso
3471 2785 3642 2822 sensu

1946 2853 2248 2907 hominum
2275 2855 2541 2923 cognosci
2571 2871 2689 2907 non
2723 2860 2975 2924 possunt,
3013 2860 3176 2908 acuto
3208 2861 3398 2908 autem
3432 2857 3640 2909 daemo—

1945 2959 2085 2996 num
2118 2947 2376 3011 possunt.
2427 2943 2540 2995 Hac
2571 2945 2740 3012 atque
2772 2943 3105 3011 hujusmodi
3135 2945 3422 3010 facultate,
3461 2946 3641 2998 multa

144 3034 243 3102 qui
275 3033 398 3086 Ι]ωο
428 3033 706 3097 nesciunt,
738 3047 843 3084 nec
864 3030 1173 3100 aliquando
1205 3029 1489 3094 viderunt,
1517 3030 1690 3082 etiam
1715 3045 1840 3082 nar-
1870 3021 1909 3076 C
1948 3031 2236 3085 dmmones
2263 3031 2455 3083 futura
2483 3030 2902 3099 praenunciant,
2935 3047 3064 3084 cum
3093 3036 3286 3085 tamen
3319 3032 3387 3085 ab
3413 3033 3491 3085 eis
3523 3034 3641 3086 lon-

144 3126 270 3175 rata
299 3121 391 3175 vix
437 3121 688 3174 credant.
723 3119 902 3183 Quam
937 3121 1116 3172 multa
1148 3117 1491 3182 funambuli,
1532 3117 1837 3187 caeterique

147 3210 360 3263 theatri
409 3209 648 3263 artifices
683 3225 694 3263 :
734 3225 906 3278 quam
939 3208 1120 3260 multa
1167 3206 1417 3276 opifices,
1477 3206 1837 3276 maximeque

147 3298 465 3352 mechanici
513 3297 775 3351 miranda
829 3295 1132 3350 fecerunt?
1191 3296 1337 3348 Num
1388 3294 1514 3347 ideo
1573 3295 1836 3348 meliores

145 3393 278 3440 sunt
330 3387 514 3451 bonis,
551 3395 607 3440 et
655 3390 846 3439 sancta
894 3385 1108 3455 pietate
1158 3383 1412 3453 praeditis
1457 3383 1838 3435 hominibus?

144 3477 282 3539 Quae
319 3475 449 3530 ideo
483 3474 1080 3540 commemoravimus,
1116 3477 1176 3525 ut
1214 3472 1311 3542 qui
1338 3471 1459 3524 hinc
1502 3470 1623 3524 sine
1655 3471 1838 3539 pervi-

144 3565 320 3629 cacia,
355 3570 411 3618 et
439 3565 558 3618 sine
594 3580 739 3617 vana
770 3562 1066 3616 resistendi
1101 3560 1461 3614 animositate
1494 3559 1835 3624 considerat,

144 3654 316 3707 simul
349 3654 580 3723 cogitet,
615 3653 660 3706 si
691 3652 760 3706 de
793 3650 1110 3721 subjacenti
1155 3649 1428 3703 crassiore
1460 3646 1718 3711 materia,
1749 3647 1836 3699 vel

144 3743 233 3796 sui
281 3742 525 3813 quisque
574 3741 846 3811 corporis,
895 3741 980 3792 vel
1009 3743 1197 3803 terras,
1239 3743 1293 3791 et
1323 3753 1507 3807 aquae,
1558 3735 1834 3806 lapidum,

143 3835 317 3901 atque
349 3831 658 3900 lignorum,
693 3829 1175 3898 metallorumque
1205 3826 1496 3881 variorum
1526 3830 1684 3878 tanta
1717 3823 1840 3894 qui-

145 3919 276 3973 dem
308 3919 573 3972 homines
621 3923 878 3988 possunt,
913 3921 976 3970 ut
1009 3933 1103 3970 eos
1147 3917 1232 3969 illi
1272 3915 1370 3985 qui
1401 3915 1520 3968 haec
1558 3929 1672 3966 non
1705 3929 1837 3984 pos-

147 4015 302 4073 sunt,
336 4007 678 4077 plerumque
710 4007 987 4076 stupendo
1029 4007 1088 4058 in
1118 4005 1203 4058 sui
1235 4003 1658 4073 comparatione
1697 4002 1838 4056 divi-

145 4114 249 4151 nos
295 4101 515 4160 vocent,
547 4112 674 4149 cum
706 4097 937 4167 quidam
971 4096 1200 4148 illorum
1233 4093 1348 4146 sint
1387 4091 1603 4145 artibus
1632 4095 1838 4161 poten-

144 4186 343 4250 tiores,
391 4185 625 4254 quidam
675 4183 916 4237 istorum
961 4183 1219 4236 moribus
1271 4181 1537 4234 meliores
1581 4188 1839 4250 :quanto

145 4274 387 4328 meliora
419 4279 474 4326 et
501 4272 721 4342 majora
759 4289 862 4342 pro
893 4271 1250 4324 subtilissimi
1294 4270 1565 4340 corporis,
1597 4268 1702 4321 hoc
1734 4275 1834 4335 est,
1868 4297 1910 4349 ι)

144 4363 286 4416 aerii
335 4362 623 4422 facultate,
668 4377 732 4414 ac
779 4359 1046 4413 facilitate
1080 4359 1371 4412 dmmones
1420 4356 1658 4428 possint,
1710 4374 1840 4410 cum

141 4457 337 4504 tamen
371 4451 485 4503 sint
529 4466 716 4520 pravae
767 4447 1096 4514 voluntatis,
1152 4448 1514 4516 maximeque
1557 4445 1839 4514 superbire

143 4542 316 4606 fastu,
373 4544 428 4593 et
469 4537 717 4593 evidenti
761 4537 979 4591 malitia
1031 4536 1265 4605 spiritus
1313 4534 1619 4602 immundi,
1670 4539 1838 4605 atque

141 4629 418 4700 perversi.
454 4628 740 4691 Quantum
792 4631 986 4679 autem
1037 4624 1223 4678 valeat
1274 4624 1421 4677 aeris
1467 4623 1833 4689 elementum,

144 4735 258 4788 quo
299 4734 498 4772 eorum
530 4732 767 4787 corpora
797 4715 1111 4785 praevalent
1142 4714 1210 4766 ad
1243 4714 1422 4766 multa
1464 4711 1709 4764 visibilia
1748 4711 1836 4764 vi-

144 4807 386 4861 sibiliter
424 4806 734 4873 molienda,
789 4804 1092 4868 movenda,
1140 4803 1436 4867 mutanda,
1488 4805 1660 4871 atque
1715 4817 1837 4853 ver—

142 4897 340 4963 sanda,
391 4897 626 4965 longum
660 4898 743 4947 est
793 4909 945 4946 nunc
1002 4892 1416 4956 demonstrare,
1469 4894 1524 4943 et
1567 4893 1834 4958 putamus

142 4985 297 5056 quod
327 4985 414 5037 vel
447 4981 810 5036 mediocriter
840 4979 1226 5034 consideranti
1256 4977 1417 5032 facile
1449 4981 1724 5030 occurrat.

355 5072 483 5126 CAP.
518 5071 691 5124 XLVI.
723 5099 790 5107 —
821 5071 894 5122 De
926 5069 1263 5122 divinatione
1304 5066 1620 5119 dmmonum.

215 5162 330 5232 (Ea:
352 5161 515 5214 dictis
540 5157 830 5228 ejusdem.)
861 5157 1040 5228 Igitur
1064 5172 1217 5210 nunc
1246 5154 1498 5226 primum
1543 5152 1836 5207 sciendum

143 5255 245 5313 est,
274 5248 552 5319 quoniam
585 5249 654 5301 de
686 5246 1038 5300 divinatione
1082 5246 1411 5299 demonum
1460 5241 1700 5311 quaestio
1731 5245 1834 5304 est,

141 5339 268 5392 illos
297 5355 361 5391 ea
393 5337 713 5407 plerunque
741 5334 1139 5405 praenunciare
1162 5348 1290 5403 quae
1314 5331 1423 5401 ipsi
1452 5328 1652 5384 facturi
1683 5333 1830 5383 sunt.

141 5425 448 5496 Accipiunt
495 5423 650 5478 enim
695 5439 840 5494 saepe
873 5427 1216 5492 potestatem
1247 5425 1303 5473 et
1333 5418 1567 5472 morbos
1613 5416 1836 5469 immit-

140 5521 282 5583 tere,
315 5519 372 5568 et
402 5513 593 5582 ipsum
628 5527 816 5566 aerem
849 5511 1102 5564 vitiando
1132 5508 1462 5564 morbidum
1494 5506 1749 5569 reddere,
1783 5508 1837 5558 et

142 5604 423 5675 perversis
479 5608 650 5672 atque
699 5600 1050 5655 amatoribus
1096 5604 1457 5654 terrenorum
1505 5594 1833 5650 commodo-

1949 3135 2019 3190 ge
2047 3119 2118 3172 sit
2146 3119 2387 3173 altitudo
2435 3119 2590 3172 illius
2618 3119 2937 3188 prophetia:
2972 3136 3143 3190 quam
3194 3122 3338 3173 Deus
3369 3137 3474 3190 per
3504 3138 3641 3175 san-

1949 3212 2064 3260 ctos
2102 3208 2336 3276 angelos
2382 3212 2438 3260 et
2467 3208 2776 3276 prophetas
2808 3213 3097 3277 operatur.
3138 3210 3278 3261 Nam
3323 3209 3367 3261 si
3399 3211 3534 3279 quid
3569 3211 3639 3264 de

1947 3294 2044 3348 illa
2090 3296 2190 3348 Dei
2237 3295 2608 3365 dispositione
2650 3295 3063 3364 praenunciant,
3121 3297 3362 3350 audiunt
3403 3303 3457 3351 ut
3491 3315 3638 3368 prae-

1947 3383 2244 3451 nunciant,
2292 3389 2348 3436 et
2391 3399 2518 3436 cum
2553 3399 2618 3436 ea
2665 3383 2986 3452 praedicunt
3029 3399 3157 3453 quae
3190 3385 3322 3438 inde
3377 3387 3636 3454 audiunt,

1948 3488 2066 3525 non
2122 3472 2328 3525 fallunt
2379 3489 2390 3525 :
2444 3472 2805 3526 veracissima
2857 3472 3012 3525 enim
3065 3477 3200 3525 sunt
3256 3476 3530 3544 angelica,
3583 3481 3640 3529 et

1949 3561 2281 3631 prophetica
2341 3561 2590 3614 oracula.
2637 3559 2726 3614 Sic
2776 3565 2964 3614 autem
3016 3560 3382 3630 indignanter
3431 3563 3638 3634 accipi-

1950 3654 2062 3715 tur,
2097 3649 2248 3719 quod
2271 3648 2463 3718 aliqua
2487 3648 2661 3702 etiam
2682 3648 2818 3702 talia
2845 3648 3133 3702 daemones
3164 3650 3398 3704 audiant
3423 3655 3477 3704 et
3498 3668 3641 3723 prae-

1949 3736 2158 3802 dicant,
2211 3737 2376 3807 quasi
2424 3736 2642 3807 aliquid
2699 3736 3006 3807 indignum
3055 3737 3143 3804 sit,
3196 3743 3260 3792 ut
3311 3740 3465 3810 quod
3512 3741 3641 3794 ideo

1950 3824 2159 3878 dicitur
2227 3830 2286 3879 ut
2323 3825 2656 3879 hominibus
2723 3825 3062 3893 innotescat,
3124 3827 3230 3880 hoc
3289 3844 3402 3881 non
3457 3829 3642 3883 solum

1946 3914 2107 3980 boni,
2154 3931 2354 3968 verum
2404 3915 2574 3968 etiam
2615 3914 2749 3967 mali
2781 3931 2897 3968 non
2927 3920 3170 3981 taceant,
3231 3932 3360 3970 cum
3411 3917 3470 3970 in
3503 3917 3642 3988 ipsis

1947 4003 2278 4056 hominibus
2310 4003 2481 4057 etiam
2526 4004 2655 4056 vitae
2687 4003 2852 4057 bonae
2886 4009 3168 4074 praecepta
3209 4005 3504 4059 videamus
3535 4024 3643 4077 pa-

1949 4091 2087 4145 riter
2135 4108 2164 4144 a
2215 4091 2384 4160 justis
2432 4092 2827 4161 perversisque
2866 4091 3103 4158 cantari,
3156 4109 3260 4146 nec
3283 4094 3481 4147 obesse
3536 4095 3640 4148 ali-

1951 4179 2109 4249 quid,
2144 4178 2258 4232 imo
2300 4179 2471 4232 etiam
2503 4179 2772 4250 prodesse
2803 4181 2873 4233 ad
2906 4180 3183 4250 majorem
3229 4181 3521 4245 noticiam,
3555 4183 3643 4236 fa-

1953 4283 2218 4337 mamque
2270 4266 2543 4332 veritatis,
2600 4283 2729 4322 cum
2775 4267 2844 4321 de
2895 4268 2992 4322 illa
3031 4269 3202 4322 etiam
3248 4269 3306 4322 bi
3357 4269 3641 4340 quidquid

1955 4359 2252 4420 noverunt,
2309 4354 2524 4421 dicunt,
2561 4354 2659 4425 qui
2704 4355 2756 4408 ei
2784 4356 3066 4425 perversis
3113 4356 3366 4410 moribus
3408 4363 3640 4411 contra-

1950 4443 2163 4497 dicunt.
2214 4444 2275 4496 In
2303 4443 2521 4495 caeteris
2551 4447 2742 4497 autem
2775 4443 2891 4496 suis
2922 4443 3390 4513 praedictionibus
3420 4446 3640 4500 daemo-

1948 4549 2046 4586 nes
2076 4533 2416 4603 plerumque
2458 4535 2514 4583 et
2545 4530 2751 4584 fallunt
2783 4537 2840 4585 et
2869 4532 3148 4585 falluntur
3195 4532 3423 4602 quidem
3461 4549 3473 4586 :
3505 4533 3640 4605 quia

1947 4636 2071 4674 cum
2122 4636 2250 4673 suas
2299 4618 2702 4690 dispositiones
2748 4620 3164 4689 praenunciant,
3211 4638 3276 4674 ex
3329 4621 3638 4692 improviso

1947 4710 2194 4778 desuper
2243 4707 2454 4778 aliquid
2504 4707 2756 4777 jubetur,
2800 4709 2950 4777 quod
2985 4725 3186 4762 eorum
3219 4709 3456 4764 consilia
3499 4727 3638 4764 cun-

1947 4803 2035 4850 cta
2090 4797 2431 4866 perturbat:
2480 4797 2634 4849 velut
2683 4795 2730 4847 si
2779 4796 2996 4865 aliquid
3031 4796 3340 4869 disponant
3397 4800 3640 4869 quilibet

1947 4886 2207 4940 homines
2251 4884 2574 4955 quibusque
2617 4885 2997 4954 potestatibus
3032 4867 3267 4953 subditi,
3319 4867 3468 4957 quod
3521 4905 3637 4942 non

1946 4973 2337 5045 prohibituros
2385 4990 2515 5026 suos
2546 4971 2883 5043 pNBpOSitOS
2926 4972 3297 5042 arbitrentur,
3347 4975 3518 5046 idque
3549 4977 3637 5030 fa-

1946 5069 2136 5116 cturos
2182 5079 2240 5116 se
2297 5078 2417 5116 esse
2448 5061 2761 5132 promittat,
2811 5066 2868 5114 at
2918 5060 2999 5114 illi
3040 5077 3213 5130 penes
3265 5079 3406 5132 quos
3455 5064 3639 5134 major

1946 5153 2194 5220 potestas
2241 5153 2342 5214 est,
2400 5164 2462 5202 ex
2494 5149 2605 5202 alio
2660 5147 2951 5218 superiore
3011 5147 3248 5201 consilio
3304 5150 3412 5203 hoc
3453 5155 3637 5206 totum

1948 5237 2288 5307 dispositum
2339 5242 2507 5307 atque
2559 5242 2946 5307 praeparatum
2991 5241 3227 5306 repente
3273 5238 3634 5308 prohibeant.

1948 5328 2246 5383 Falluntur
2275 5325 2448 5378 etiam
2479 5341 2608 5379 cum
2637 5325 2820 5379 causis
2848 5325 3228 5395 naturalibus,
3261 5326 3408 5381 sicut
3454 5329 3636 5383 medi-

1945 5413 2014 5480 ci,
2050 5418 2105 5468 et
2151 5419 2391 5482 naturae,
2442 5420 2499 5467 et
2540 5414 2828 5484 agricolae,
2865 5415 2962 5469 sed
3012 5415 3179 5484 longe
3211 5415 3455 5486 acutius,
3507 5418 3638 5473 lon-

1946 5519 2129 5574 geque
2186 5501 2548 5573 praastantius
2607 5519 2710 5573 pro
2760 5503 2877 5557 aeri
2935 5503 3188 5575 corporis
3239 5521 3409 5559 sensu
3456 5507 3636 5562 soler-

1947 5593 2093 5646 tiore
2160 5596 2218 5646 et
2281 5590 2626 5647 excitatione
2691 5597 3058 5661 praenoscunt
3118 5610 3129 5647 :
3193 5594 3330 5664 quia
3393 5599 3448 5648 et
3515 5595 3635 5650 haec
