3944 6306
287 339 387 392 847

1349 328 1762 388 BURCHARDI
1800 324 2332 384 WORMACIENSIS
2370 321 2701 380 EPISCOPI.

3686 322 3796 376 848

287 461 356 516 ab
417 458 639 530 angelis
693 458 808 512 Deo
875 471 1104 510 summo
1157 453 1250 525 pie
1314 453 1690 508 servientibus
1752 468 1820 505 ex
1871 449 1982 504 alia
2010 456 2055 509 Α
2093 452 2226 502 tura
2271 445 2584 500 certissime
2614 444 2846 510 scirent,
2895 443 3026 498 ideo
3057 458 3160 514 per
3189 459 3292 497 sua
3336 443 3555 514 templa
3601 447 3802 499 tacue-

287 548 658 620 dispositione
724 545 956 615 ignota,
1018 541 1377 598 daemonibus
1433 557 1502 595 ex
1559 539 1871 610 improviso
1921 555 1986 593 ac

286 640 525 708 repente
585 638 906 701 mutantur,
967 637 1239 702 tanquam
1297 631 1344 684 si
1400 629 1618 700 aliquid
1681 644 1836 699 aegro
1887 643 1984 682 ex-

287 725 572 780 trinsecus
643 723 877 776 accedat
945 737 1057 792 quo
1127 719 1424 785 moriatur,
1493 733 1665 788 quem
1731 715 1986 770 medicus

290 813 438 867 veris
490 811 690 866 salutis
745 808 1202 880 praecedentibus
1269 806 1467 877 signis,
1525 807 1800 859 victarum
1868 819 1986 858 esse

289 901 650 972 promiserat.
688 901 803 953 Aut
832 899 880 951 si
927 897 1073 952 aeris
1125 896 1400 967 qualitate
1453 894 1680 965 provisa
1727 891 1823 948 diu
1873 897 1987 946 sta-

291 994 484 1044 tutum
545 989 710 1042 illum
763 991 999 1041 ventum
1075 989 1386 1039 nautarum
1455 983 1634 1053 aliqui
1693 980 1988 1052 praedixis-

293 1083 437 1146 sent,
489 1093 616 1132 cum
673 1075 948 1130 Dominus
1005 1073 1259 1130 Christus
1306 1089 1435 1127 cum
1481 1071 1773 1142 discipulis
1828 1069 1989 1124 navi-

292 1184 433 1239 gans
485 1171 550 1220 ut
593 1165 980 1236 requiesceret
1027 1163 1351 1233 imperavit,
1403 1166 1460 1216 et
1516 1161 1665 1214 facta
1704 1163 1789 1213 est
1836 1163 1990 1213 tran-

294 1254 546 1327 quillitas
588 1269 816 1324 magna.
865 1253 963 1305 Vel
1005 1252 1052 1305 si
1085 1251 1334 1320 agricola
1362 1249 1460 1303 illo
1491 1265 1644 1302 anno
1676 1246 1989 1302 fructiﬁca-

293 1349 484 1399 turam
529 1343 702 1397 vitem
748 1341 1004 1412 aliquam
1060 1339 1422 1410 polliceatur,
1477 1341 1744 1391 naturam
1792 1336 1988 1406 utique

290 1438 459 1487 terrae
489 1436 545 1486 et
575 1446 846 1485 numeros
876 1429 1166 1483 seminum
1195 1428 1426 1493 callens,
1461 1441 1576 1497 quo
1611 1430 1806 1479 tamen
1838 1440 1988 1478 anno

295 1537 421 1576 eam
478 1520 566 1573 vel
623 1518 937 1588 improvisa
979 1517 1106 1571 coeli
1152 1515 1520 1585 intemperies
1574 1513 1861 1582 arefaciat,
1911 1513 1989 1568 ita

295 1610 478 1663 multa
508 1607 679 1661 etiam
707 1607 776 1660 ad
807 1607 1172 1677 praesentiam
1196 1605 1748 1674 praedictionemque
1780 1603 1989 1657 daemo-

298 1714 434 1752 num
458 1695 825 1767 pertinentia,
855 1710 982 1764 quae
1013 1693 1336 1747 minoribus
1363 1697 1420 1747 et
1447 1691 1839 1746 usitatioribus
1868 1706 1992 1744 cau-

299 1787 374 1840 sis
399 1787 590 1840 futura
613 1783 1024 1854 praevidentur,
1055 1781 1255 1835 eadem
1288 1780 1602 1850 majoribus
1633 1784 1691 1834 et
1719 1779 1989 1833 occultio-

297 1874 456 1928 ribus
485 1873 668 1927 causis
701 1871 981 1941 impedita
1005 1874 1319 1924 mutantur.
1356 1870 1580 1923 Fallunt
1599 1873 1789 1922 autem
1817 1867 1989 1922 etiam

299 1963 486 2016 studio
516 1960 751 2016 fallendi
777 1964 831 2014 et
859 1959 1055 2013 invida
1083 1959 1391 2026 voluntate,
1419 1961 1554 2028 quia
1583 1957 1884 2011 hominum
1910 1972 1993 2010 er-

298 2067 428 2106 rore
460 2053 747 2104 laetantur.
783 2048 892 2103 Sed
927 2065 997 2102 ne
1027 2047 1179 2118 apud
1209 2047 1452 2101 cultores
1481 2062 1613 2100 suos
1641 2045 1866 2116 pondus
1895 2060 1992 2097 au—

298 2138 576 2194 ctoritatis
632 2136 918 2203 amittant,
953 2136 1011 2190 id
1061 2139 1262 2206 agunt,
1295 2139 1360 2188 ut
1413 2133 1825 2205 interpretibus
1873 2131 1990 2186 suis

299 2225 712 2295 signorumque
757 2241 995 2278 suorum
1024 2224 1445 2294 conjectoribus
1482 2223 1650 2292 culpa
1681 2221 1984 2287 tribuatur,

299 2315 526 2384 quando
575 2313 661 2366 vel
721 2313 941 2383 decepti
995 2313 1229 2380 fuerint,
1279 2312 1366 2365 vel
1415 2311 1662 2367 mentiti.
1713 2311 1989 2364 Nonnun-

299 2418 473 2473 quam
515 2417 644 2455 vero
693 2401 802 2472 ipsi
852 2401 1091 2470 maligni
1124 2401 1358 2471 spiritus
1390 2405 1448 2454 et
1498 2399 1760 2453 illusores
1803 2397 1988 2452 homi-

297 2505 438 2543 num
468 2494 637 2560 atque
669 2489 943 2543 invisores
973 2490 1170 2543 salutis
1201 2505 1422 2556 eorum,
1467 2489 1653 2542 solent
1679 2486 1989 2558 praedicere

297 2578 580 2632 defectum
613 2577 848 2632 culturae
879 2594 997 2632 suae
1025 2581 1081 2632 et
1107 2578 1395 2632 idolorum
1423 2577 1674 2644 ruinam,
1707 2580 1990 2647 quatenus

293 2667 502 2737 prescii
553 2667 854 2721 videantur
900 2666 1039 2737 quid
1092 2666 1152 2719 in
1186 2665 1430 2736 singulis
1459 2665 1654 2736 regnis
1707 2670 1806 2718 aut
1851 2665 1990 2718 locis

293 2760 600 2809 venturum
646 2754 739 2820 sit,
787 2759 839 2808 et
875 2754 1008 2825 quid
1061 2754 1285 2809 adversi
1333 2770 1452 2808 suae.
1485 2753 1718 2808 factioni
1764 2753 1988 2807 contin-

295 2859 427 2914 gere
456 2845 656 2914 possit.
712 2843 870 2906 Quod
901 2844 1076 2897 etiam
1125 2843 1210 2896 illi
1241 2843 1340 2913 qui
1371 2843 1674 2913 gentilium
1722 2841 1988 2897 historias

291 2933 492 3002 legunt
533 2948 650 2986 non
684 2933 972 3002 ignorant.
1014 2931 1162 2995 Quid
1201 2947 1338 3001 ergo
1385 2931 1617 2998 mirum,
1651 2930 1699 2984 si
1721 2931 1844 3001 jam
1885 2930 1990 2985 im-

2093 542 2248 602 runt,
2281 552 2354 589 ne
2393 536 2512 604 jam
2544 538 2680 588 tunc
2725 532 3046 602 inciperent
3084 531 3154 586 ab
3199 532 3532 587 hominibus
3575 532 3802 587 intelli-

2095 626 2362 696 gentibus
2385 623 2570 677 deseri
2601 627 2774 692 atque
2795 621 3090 675 contemni
3116 638 3128 675 :
3159 621 3314 692 quod
3341 621 3411 675 de
3443 623 3803 692 templorum

2095 719 2151 768 et
2217 714 2656 767 simulacrorum
2723 726 2960 764 suorum
3025 711 3219 764 futura
3288 710 3580 764 eversione
3643 712 3728 764 eis
3768 729 3803 765 a

2094 801 2393 874 prophetis
2459 804 2845 866 attestaretur,
2909 798 3012 869 qui
3067 814 3167 852 eos
3218 799 3326 852 coli
3391 800 3802 869 prohibebant.

2093 891 2259 946 Nunc
2289 907 2424 945 vero
2459 894 2834 960 posteaquam
2870 892 3101 957 tempus
3131 887 3363 941 advenit
3393 904 3506 958 quo
3540 890 3801 958 comple-

2095 984 2296 1034 rentur
2328 978 2597 1032 vaticinia
2648 977 3062 1046 prophetarum
3106 976 3203 1029 Dei
3240 975 3432 1043 unius,
3479 976 3609 1047 quis
3658 974 3805 1032 istos

2098 1069 2233 1123 deos
2263 1067 2421 1131 dicit,
2461 1072 2518 1120 et
2546 1071 2612 1120 ut
2640 1066 2904 1120 colantur
2941 1063 3440 1119 vehementissime
3488 1065 3805 1136 praecipit?

2097 1157 2284 1221 Quum
2317 1172 2432 1210 non
2461 1155 2567 1209 hoc
2592 1154 2764 1208 etiam
2789 1153 2900 1224 ipsi
2927 1159 3282 1223 compertum
3307 1154 3619 1224 praedicere
3651 1156 3806 1210 sine-

2096 1248 2316 1311 rentur,
2350 1247 2412 1298 ut
2455 1243 2588 1298 inde
2616 1242 2824 1297 clarius
2853 1248 3156 1313 appareret
3208 1259 3306 1296 eos
3355 1243 3477 1297 haec
3509 1249 3683 1298 antea
3710 1245 3804 1299 vel

2099 1333 2338 1388 minime
2396 1332 2719 1394 credidisse,
2775 1331 2861 1387 vel
2922 1331 3041 1386 suis
3104 1331 3421 1386 cultoribus
3485 1333 3804 1389 enunciare

2098 1422 2378 1489 timuisse,
2414 1422 2473 1476 in
2517 1421 2630 1475 fine
2675 1425 2866 1475 autem
2914 1425 3192 1491 tanquam
3225 1420 3369 1475 nihil
3417 1420 3667 1492 amplius
3696 1423 3802 1476 ha-

2099 1512 2298 1567 bentes
2332 1511 2470 1582 quid
2501 1514 2764 1580 agerent,
2813 1509 2986 1564 etiam
3016 1509 3096 1564 ibi
3125 1509 3370 1564 voluisse
3417 1526 3581 1564 suam
3609 1516 3808 1566 osten-

2099 1604 2219 1653 tare
2266 1598 2643 1666 divinitatem,
2695 1596 2792 1650 ubi
2815 1597 2938 1666 jam
2986 1597 3308 1668 produntur
3360 1597 3456 1651 diu
3497 1598 3804 1652 simulasse

2101 1688 2556 1744 divinationem?
2584 1687 2798 1741 Tamen
2843 1701 2948 1738 nec
2979 1685 3086 1738 ista
3128 1685 3253 1755 ipsa
3300 1701 3429 1756 quae,
3459 1687 3528 1740 ab
3577 1686 3660 1740 eis
3709 1687 3803 1742 vix

2103 1794 2230 1832 raro
2272 1781 2327 1830 et
2375 1776 2632 1830 clanculo
2681 1774 3072 1844 proferuntur,
3133 1790 3363 1828 movere
3413 1791 3518 1828 nos
3561 1775 3798 1831 debent.

2101 1867 2156 1921 Si
2188 1866 2455 1936 cuiquam
2497 1864 2826 1918 daemonum
2859 1867 3147 1917 extortum
3179 1867 3281 1927 est,
3313 1862 3370 1918 id
3400 1863 3642 1933 prodere
3674 1865 3800 1920 cul-

2100 1955 2319 2009 toribus
2346 1954 2461 2008 suis
2488 1953 2640 2023 quod
2673 1952 2949 2006 didicerat
2979 1967 3046 2004 ex
3078 1951 3322 2022 eloquiis
3353 1953 3802 2024 prophetarum,

2099 2045 2188 2099 vel
2223 2059 2287 2098 ex
2321 2042 2566 2097 oraculis
2593 2041 2954 2112 angelorum.
2989 2040 3149 2104 Quod
3180 2056 3282 2093 cur
3301 2056 3420 2094 non
3446 2040 3629 2107 ﬁeret,
3663 2057 3802 2096 cum

2101 2137 2157 2188 et
2183 2133 2290 2186 ista
2334 2148 2454 2186 non
2503 2130 2617 2184 sint
2655 2129 3036 2200 oppugnatio,
3093 2129 3192 2183 sed
3235 2129 3463 2184 testatio
3495 2130 3752 2184 veritatis
3777 2131 3805 2184 ‘I

2100 2221 2245 2276 Illud
2268 2221 2422 2275 enim
2453 2220 2608 2291 quod
2625 2221 2809 2273 solum
2828 2219 2898 2272 ab
2918 2217 3056 2288 ipsis
3078 2217 3398 2288 phanaticis
3419 2217 3802 2288 ﬂagitandum

2099 2315 2204 2376 est,
2262 2325 2367 2363 nec
2418 2325 2676 2380 unquam
2727 2312 2896 2361 antea
2943 2307 3327 2377 protulerunt,
3378 2323 3482 2360 nec
3539 2324 3802 2379 unquam

2099 2403 2316 2470 postea,
2384 2397 2493 2452 nisi
2548 2397 2696 2451 forte
2744 2395 3056 2450 conﬁctum
3106 2395 3361 2465 proferre
3413 2396 3800 2464 conabuntur,

2101 2487 2318 2558 aliquid
2364 2486 2500 2540 deos
2544 2502 2678 2540 suos
2727 2500 2832 2556 per
2857 2489 3012 2538 vates
3055 2501 3206 2549 suos,
3253 2489 3449 2538 contra
3492 2486 3673 2539 Deum
3720 2487 3802 2540 Is-

2099 2577 2219 2631 rael
2250 2592 2418 2630 ausos
2463 2574 2636 2629 fuisse
2666 2573 2980 2645 praedicere
3009 2577 3110 2626 aut
3155 2572 3359 2628 dicere.
3407 2574 3485 2627 De
3516 2589 3630 2644 quo
3682 2576 3802 2629 Deo

2099 2663 2411 2720 doctissimi
2440 2679 2640 2717 eorum
2699 2665 2949 2725 autores,
2984 2660 3083 2731 qui
3120 2661 3315 2715 omnia
3345 2661 3441 2715 illa
3497 2664 3683 2732 legere
3733 2680 3800 2718 ac

2099 2770 2266 2809 nosse
2288 2756 2620 2824 potuerunt,
2654 2751 2837 2822 magis
2868 2750 3260 2820 quaesiverunt
3289 2750 3416 2821 quis
3449 2752 3592 2805 Deus
3623 2757 3797 2821 esset,

2101 2859 2272 2915 quam
2309 2843 2488 2896 Deum
2545 2857 2755 2912 negare
2794 2843 3120 2910 potuerunt.
3176 2841 3349 2894 Porro
3401 2845 3595 2893 autem
3643 2840 3799 2894 Deus

2097 2931 2203 2987 iste
2243 2947 2417 3002 quem
2464 2929 2657 2984 nullus
2719 2943 2920 2982 eorum
2983 2943 3192 2998 negare
3232 2943 3400 2980 ausus
3463 2934 3548 2982 est
3593 2944 3798 2982 verum

293 3022 548 3074 minente
610 3022 959 3090 templorum
1026 3025 1080 3074 et
1137 3019 1579 3074 simulacrorum
1647 3019 1940 3074 eversione
1970 3062 1982 3086 ,
2020 3032 2059 3086 ς,
2100 3021 2303 3087 Deum,
2349 3019 2487 3090 quia
2517 3022 2574 3071 et
2605 3017 2651 3070 si
2684 3021 2922 3086 negaret
2953 3032 3071 3070 non
3119 3017 3306 3070 solum
3335 3015 3652 3086 subjaceret
3701 3016 3800 3071 de-

292 3125 466 3179 quam
500 3110 796 3178 prophetae
830 3109 929 3163 Dei
973 3108 1184 3162 summi
1215 3113 1373 3162 tanto
1400 3113 1532 3162 ante
1582 3107 1985 3178 praedixerant,

289 3198 516 3268 Serapis
571 3198 798 3252 daemon
866 3196 1038 3251 alicui
1095 3197 1382 3250 cultorum
1446 3212 1687 3250 suorum
1752 3196 1862 3251 hoc
1915 3197 1985 3251 de

288 3286 544 3356 proximo
590 3285 860 3356 prodidit,
913 3289 976 3339 ut
1021 3301 1181 3339 suam
1223 3285 1388 3355 quasi
1435 3284 1795 3339 divinitatem
1829 3301 1986 3340 rece-

288 3375 427 3428 dens
459 3376 544 3429 vel
576 3374 803 3445 fugiens
843 3374 1291 3428 commendaret.
1341 3375 1635 3444 Fugantur
1665 3373 1820 3428 enim
1867 3374 1981 3439 isti,

288 3465 375 3518 vel
405 3463 577 3518 etiam
614 3463 786 3534 jussis
833 3462 1228 3534 superioribus
1281 3463 1532 3533 colligati
1579 3462 1988 3518 abstrahuntur

290 3557 348 3607 et
408 3553 734 3607 alienantur
765 3563 802 3606 a‘
828 3552 964 3605 locis
1014 3552 1154 3620 suis,
1219 3556 1281 3606 ut
1326 3552 1394 3606 de
1458 3551 1630 3606 rebus
1668 3552 1728 3605 in
1777 3552 1988 3624 quibus

290 3640 624 3696 colebantur
653 3640 754 3694 fiat
782 3642 1043 3694 voluntas
1093 3640 1214 3706 Dei,
1246 3641 1346 3710 qui
1375 3639 1482 3694 hoc
1524 3646 1683 3695 tanto
1723 3647 1855 3695 ante
1884 3656 1988 3712 per

291 3745 490 3782 omnes
519 3733 717 3799 gentes
764 3729 1024 3783 futurum
1071 3745 1194 3784 esse
1225 3729 1509 3798 praedixit,
1545 3733 1600 3784 et
1624 3735 1690 3784 ut
1720 3745 1824 3799 per
1855 3747 1985 3784 suos

287 3816 488 3870 ﬁdeles
512 3817 676 3869 ﬁeret
703 3816 1025 3886 imperavit.
1061 3819 1174 3871 Cur
1194 3822 1388 3871 autem
1417 3819 1523 3872 hoc
1552 3834 1667 3872 non
1699 3819 1986 3873 sineretur

289 3907 519 3962 daemon
553 3907 887 3976 praedicere,
922 3923 1052 3962 cum
1088 3906 1194 3961 sibi
1227 3907 1347 3977 jam
1379 3911 1764 3976 praenosceret
1789 3908 1983 3962 immi-

288 3999 465 4051 nere?
490 3997 632 4051 Cum
681 3996 802 4051 haec
833 3997 1128 4068 praedictio
1175 4002 1232 4051 et
1260 3996 1320 4050 in
1350 3998 1643 4068 prophetis
1684 4001 1986 4053 attestare-

289 4091 385 4139 tur
429 4103 463 4139 a
513 4086 724 4157 quibus
780 4091 916 4140 sunt
962 4086 1070 4140 ista
1104 4085 1444 4157 conscripta,
1501 4093 1558 4140 et
1603 4086 1984 4157 prudentibus

287 4174 448 4229 daret
477 4174 725 4243 intelligi
763 4191 936 4245 quam
986 4174 1290 4244 vigilanter
1337 4178 1484 4229 esset
1527 4175 1858 4229 daemonum
1889 4191 1981 4228 ca-

285 4262 468 4316 venda
514 4261 758 4328 fallacia,
806 4263 1104 4332 cultusque
1154 4262 1483 4334 fugiendus,
1534 4263 1634 4334 qui
1673 4279 1804 4316 cum
1854 4267 1984 4316 ante

286 4366 391 4420 per
433 4355 551 4404 tam
595 4351 838 4420 longum
877 4355 1105 4422 tempus
1136 4351 1194 4405 in
1237 4353 1467 4422 templis
1495 4353 1613 4406 suis
1643 4352 1765 4405 haec
1792 4351 1985 4405 futura

286 4437 615 4507 tacuissent,
678 4455 807 4510 quae
865 4455 970 4509 per
1021 4441 1332 4511 prophetas
1388 4441 1666 4510 praedicta
1716 4440 1983 4510 ignorare

287 4543 404 4582 non
447 4532 695 4598 possent,
742 4532 1113 4599 posteaquam
1164 4529 1626 4600 appropinquare
1665 4531 1979 4599 cceperunt,

286 4617 592 4670 voluerunt
636 4633 702 4670 ea
748 4617 909 4688 quasi
967 4619 1303 4689 prmdicere,
1367 4634 1439 4671 ne
1500 4617 1689 4688 ignari
1733 4618 1981 4689 victique

286 4709 653 4776 putarentur.

693 4795 820 4865 CAP.
853 4797 1055 4850 XLVII.
1089 4825 1157 4837 --
1191 4798 1262 4850 De
1287 4795 1472 4849 eadem
1500 4810 1578 4849 re.

355 4882 467 4951 (Ea:
497 4883 658 4938 dictis
679 4885 960 4954 ejusdem.)
983 4885 1123 4938 Cum
1152 4884 1326 4954 igitur
1349 4889 1465 4938 tam
1494 4883 1665 4954 longe
1685 4886 1817 4938 ante
1840 4900 1980 4955 prae.-

285 4970 499 5026 dictum
545 4978 692 5027 esset
738 4978 909 5044 atque
940 4973 1350 5042 conscriptum,
1385 4979 1449 5027 ut
1501 4972 1612 5026 alia
1643 4972 1851 5027 iterum
1887 4978 1975 5028 ta-

283 5075 535 5127 ceamus,
565 5061 822 5115 dicamus
860 5061 1004 5114 illud
1035 5060 1184 5132 quod
1213 5060 1535 5131 Sophonias
1576 5062 1859 5132 propheta
1889 5062 1976 5116 di-

281 5149 358 5204 cit
391 5166 402 5204 :
434 5150 771 5205 Praevalebit
816 5150 1091 5205 Dominus
1120 5150 1387 5204 adversus
1417 5167 1534 5218 eos,
1579 5150 1981 5206 exterminabit

282 5253 480 5293 omnes
512 5239 650 5293 deos
680 5239 941 5309 gentium
974 5243 1161 5304 terrae,
1196 5241 1252 5292 et
1271 5238 1594 5292 adorabunt
1624 5254 1777 5305 eum,
1806 5254 1980 5293 unus-

281 5325 524 5397 quisque
581 5326 650 5380 de
696 5327 818 5381 loco
873 5344 997 5394 suo,
1049 5342 1248 5380 omnes
1297 5326 1501 5380 insulas
1547 5327 1829 5397 gentium.
1865 5331 1978 5383 Aut

280 5430 396 5468 non
438 5415 749 5468 credebant
797 5415 907 5469 ista
958 5414 1067 5468 sibi
1115 5418 1406 5481 eventura,
1463 5415 1599 5486 quia
1646 5414 1706 5469 in
1747 5417 1976 5486 templis

277 5503 538 5572 gentium
568 5503 918 5571 colebantur,
969 5506 1024 5558 et
1071 5504 1193 5558 haec
1220 5503 1347 5558 ideo
1396 5519 1500 5574 per
1551 5520 1683 5558 suos
1727 5510 1881 5560 vates
1913 5522 1976 5560 ac

271 5591 615 5660 phanaticos
647 5592 1011 5664 frequentare
1053 5593 1365 5649 noluerunt
1395 5607 1408 5648 :
1441 5597 1538 5649 aut
1575 5609 1706 5648 cum
1739 5609 1808 5649 ea
1837 5611 1972 5650 ven-

2096 3108 2229 3163 bitis
2256 3108 2462 3178 pcenis,
2491 3121 2689 3160 verum
2721 3104 2896 3158 etiam
2928 3105 3094 3158 certis
3123 3104 3554 3159 convinceretur
3582 3105 3799 3159 effecti-

2095 3198 2220 3253 bus.
2256 3198 2366 3251 Iste
2394 3212 2531 3266 ergo
2581 3197 2729 3249 Deus
2753 3210 2926 3265 quem
2949 3210 3134 3259 nemo,
3171 3198 3234 3248 ut
3254 3193 3518 3258 diximus,
3550 3193 3788 3248 illorum

2096 3301 2308 3358 negare
2339 3301 2509 3339 ausus
2540 3287 2624 3338 est
2657 3299 2854 3337 verum
2888 3284 3090 3346 Deum,
3123 3283 3251 3336 illos
3282 3283 3450 3337 falsos
3477 3299 3598 3337 esse
3627 3283 3786 3345 deos,

2096 3382 2154 3430 et
2185 3374 2420 3429 omnino
2465 3373 2828 3437 deserendas,
2862 3387 3181 3442 eorumque
3223 3373 3440 3443 templa
3479 3376 3535 3426 et
3563 3371 3799 3426 simula-

2095 3480 2190 3519 cra
2219 3468 2276 3518 et
2299 3479 2457 3517 sacra
2501 3461 2810 3515 evertenda
2838 3476 2944 3530 per
2985 3477 3116 3514 suos
3163 3464 3337 3527 vates,
3369 3459 3477 3514 hoc
3524 3465 3610 3514 est
3657 3475 3798 3529 pro-

2094 3552 2316 3624 phetas,
2351 3555 2553 3622 aperta
2579 3549 2944 3604 denunciatio
2968 3549 3254 3619 praedixit,
3286 3553 3485 3619 aperta
3512 3553 3800 3619 potestate

2093 3641 2383 3712 praecepit,
2418 3643 2615 3711 aperta
2663 3638 2899 3693 veritate
2942 3638 3270 3709 complevit.
3324 3639 3480 3693 Unde
3529 3638 3660 3709 quis
3709 3642 3798 3692 est

2095 3730 2194 3801 qui
2223 3745 2406 3800 usque
2429 3729 2571 3783 adeo
2604 3727 2868 3798 desipiat,
2890 3731 2955 3781 ut
2977 3743 3092 3781 non
3111 3743 3241 3782 eum
3269 3727 3462 3798 potius
3486 3727 3797 3782 colendum

2093 3819 2286 3889 eligat,
2321 3834 2490 3888 quem
2521 3817 2631 3871 coli
2664 3833 2775 3870 non
2808 3816 3116 3886 prohibent
3146 3833 3290 3887 quos
3320 3816 3575 3871 colebat?
3605 3817 3792 3881 Quem

2090 3908 2293 3980 procul
2341 3906 2516 3960 dubio
2567 3921 2696 3960 cum
2744 3906 2930 3958 colere
2963 3905 3392 3976 cmperit,.illos
3425 3905 3620 3976 utique
3665 3922 3788 3961 non

2093 4001 2176 4050 est
2205 3996 2480 4061 culturus,
2529 4011 2671 4066 quos
2724 3993 2994 4064 prohibet
3023 3993 3135 4048 coli
3184 4010 3357 4065 quem
3405 3994 3561 4049 colit.
3623 3995 3789 4060 Quod

2093 4090 2286 4139 autem
2333 4085 2524 4155 ipsum
2581 4087 2772 4136 essent
2826 4083 3066 4136 culturas
3121 4089 3344 4154 gentes,
3393 4084 3792 4139 exterminatis

2093 4173 2203 4228 diis
2244 4174 2396 4227 falsis
2427 4189 2570 4244 quos
2600 4177 2768 4226 antea
2799 4171 3081 4238 colebant,
3111 4189 3145 4226 a
3174 4172 3469 4242 prophetis
3511 4173 3634 4242 ejus
3667 4190 3794 4229 esse

2092 4262 2431 4334 praedictum
2484 4261 2656 4333 paulo
2699 4264 2828 4314 ante
2877 4261 3473 4329 commemoravimus,
3533 4267 3592 4316 et
3632 4278 3792 4317 nunc

2094 4355 2439 4423 repetamus.
2498 4349 2854 4416 Prazvalehit,
2909 4349 3118 4421 inquit,
3182 4349 3452 4404 Dominus
3518 4350 3790 4405 adversus

2092 4457 2209 4510 eos,
2241 4445 2298 4494 et
2341 4440 2750 4495 exterminabit
2788 4455 2989 4493 omnes
3019 4440 3152 4494 deos
3196 4440 3456 4509 gentium
3502 4444 3695 4504 terras,
3731 4447 3791 4496 et

2091 4529 2413 4586 adorabunt
2459 4545 2612 4596 eum,
2668 4529 3061 4600 unusquisque
3106 4529 3176 4583 de
3239 4529 3360 4583 loco
3408 4545 3533 4591 suo,
3584 4545 3789 4584 omnes

2089 4619 2293 4672 insulse
2325 4619 2603 4690 gentium.
2641 4621 2836 4689 Neque
2867 4617 3017 4672 enim
3053 4619 3187 4672 solze
3223 4619 3423 4672 insulae
3457 4617 3549 4670 hic
3579 4617 3790 4672 intelli-

2090 4706 2291 4776 gendae
2337 4710 2489 4773 sunt,
2541 4704 2636 4758 sed
2665 4707 2856 4778 potius
2886 4723 3086 4761 omnes
3116 4711 3316 4777 gentes
3356 4706 3415 4758 in
3460 4704 3549 4758 his
3579 4706 3788 4775 positas

2089 4795 2329 4850 adorant
2356 4796 2557 4848 Deum.
2605 4794 2717 4847 Nec
2747 4809 2970 4847 merum
2997 4792 3470 4863 quandoquidem
3502 4793 3640 4849 alibi
3671 4811 3790 4849 non

2087 4884 2304 4938 insulas
2357 4883 2636 4951 nominat,
2692 4883 2788 4936 sed
2841 4883 3167 4936 universum
3221 4881 3418 4936 orbem
3475 4886 3790 4953 terrarum,

2090 4973 2282 5028 dicens
2315 4989 2328 5026 :
2362 4972 2984 5027 Commemorabuntur
3027 4978 3084 5025 et
3129 4977 3536 5026 convertentur
3571 4973 3640 5026 ad
3677 4974 3787 5028 Do-

2089 5061 2313 5115 minum
2362 5061 2612 5115 universi
2660 5061 2802 5114 lines
2851 5067 3042 5128 terrae,
3086 5065 3143 5113 et
3189 5059 3510 5114 adorabunt
3555 5059 3614 5113 in
3651 5077 3789 5115 con-

2089 5155 2283 5219 spectu
2329 5138 2454 5220 ejus
2485 5151 2766 5204 universae
2811 5150 3013 5221 patriae
3055 5149 3336 5220 gentium,
3370 5148 3648 5220 quoniam
3682 5149 3790 5203 Do-

2087 5237 2231 5291 mini
2261 5243 2343 5292 est
2374 5255 2636 5309 regnum,
2666 5245 2723 5292 et
2751 5239 2871 5309 ipse
2902 5238 3295 5293 dominabitur
3334 5239 3615 5308 gentium.
3653 5237 3789 5292 Haec

2086 5333 2277 5381 autem
2310 5343 2415 5398 per
2447 5328 2734 5382 Christum
2775 5327 2948 5382 fuisse
2993 5326 3356 5398 complenda,
3393 5331 3448 5380 et
3495 5325 3622 5380 aliis
3655 5327 3786 5397 plu-

2084 5417 2244 5472 ribus
2281 5418 2642 5480 testimoniis,
2697 5423 2752 5472 et
2796 5417 2855 5470 in
2907 5417 3108 5471 eodem
3163 5417 3288 5486 ipso
3347 5416 3568 5486 psalmo
3628 5416 3786 5470 unde

2084 5506 2658 5560 commemoravimus
2680 5507 2814 5561 satis
2840 5511 3097 5578 apparet.
3125 5506 3266 5560 Cum
3291 5504 3444 5558 enim
3476 5505 3650 5574 paulo
3685 5521 3783 5558 su-

2083 5595 2278 5666 perius
2305 5595 2558 5650 futuram
2585 5596 2910 5666 passionem
2940 5611 3102 5651 suam
3135 5609 3239 5664 per
3280 5593 3624 5662 Prophetam
3658 5593 3784 5662 ipse
