3944 6312
165 337 278 391 849

1132 337 1606 395 DECRETORUM
1649 341 1834 396 LIBRI
1871 343 1979 397 XX.
2022 373 2091 382 -—-
2129 344 2334 399 LIBER
2381 342 2707 400 DECIMUS.

3575 347 3680 401 850

161 463 528 533 loqueretur,
559 461 750 516 dicens
784 478 797 515 ε
842 461 1127 516 Foderunt
1157 479 1360 517 manus
1411 478 1567 518 meas
1595 468 1651 519 et
1689 465 1861 535 pedes
1888 469 1933 519 A
1968 466 2345 536 superemini,
2388 482 2493 521 nec
2543 467 2694 538 quod
2726 483 2824 520 vos
2856 472 3130 537 spernant
3184 468 3338 537 magi
3399 468 3675 522 duxeritis

163 568 350 620 meos,
382 551 898 605 dinumeraverunt
942 550 1136 605 omnia
1195 568 1324 606 ossa
1374 569 1521 620 mea,
1563 553 1674 624 ipsi
1731 570 1866 608 vero

158 640 677 694 consideraverunt
709 643 765 693 et
796 644 1217 708 conspexerunt
1248 655 1359 707 me,
1405 640 1723 695 diviserunt
1761 641 1869 695 sibi

158 728 505 782 vestimenta
562 744 688 782 mea
721 731 779 781 et
831 743 1004 797 super
1058 733 1274 782 vestem
1343 744 1532 782 meam
1584 730 1869 784 miserunt

161 822 418 883 sortem;
452 817 626 887 paulo
646 821 778 886 post
804 815 977 868 infert
1004 815 1148 868 illud
1168 816 1318 886 quod
1343 815 1642 886 posuimus
1667 834 1678 870 :
1702 817 1868 871 Com-

159 907 651 960 memorabuntur
697 910 753 959 et
806 908 1213 958 convertentur
1261 904 1333 958 ad
1390 903 1698 959 Dominum
1738 905 1868 959 uni-

161 994 319 1049 versi
346 994 491 1074 ﬁnes
522 1002 709 1059 terras,
759 998 893 1057 etc.,
927 1009 1259 1063 quanquam
1316 998 1372 1047 et
1401 993 1543 1047 illud
1612 994 1869 1047 testimo-

162 1084 334 1138 nium
375 1083 524 1153 quod
546 1083 706 1154 prius
735 1082 990 1150 adhibui,
1020 1082 1118 1136 ubi
1150 1082 1365 1136 dictum
1393 1087 1508 1147 est;
1537 1082 1869 1152 praevalebit

166 1172 448 1226 Dominus
474 1172 742 1224 adversus
772 1186 891 1237 eos,
937 1175 993 1224 et
1053 1170 1459 1225 exterminabit
1491 1186 1690 1224 omnes
1731 1171 1867 1224 deos

163 1261 429 1331 gentium
459 1265 647 1325 terrae,
680 1259 740 1312 in
782 1276 847 1314 eo
906 1259 1060 1330 quod
1090 1258 1343 1329 positum
1373 1264 1478 1324 est,
1512 1258 1862 1330 praevalebit,

162 1350 303 1404 satis
335 1349 586 1403 ostendit
616 1349 787 1402 etiam
817 1348 924 1401 huc
948 1348 1427 1418 praenunciatum,
1472 1348 1626 1418 quod
1656 1347 1864 1419 pagani

162 1439 329 1509 prius
409 1436 799 1508 oppugnaturi
868 1442 1059 1490 essent
1119 1436 1444 1502 Ecclesiam,
1536 1452 1865 1507 nomenque

163 1527 551 1582 Christianum
607 1531 888 1596 quantum
945 1526 1201 1579 valerent
1265 1525 1642 1594 persecuturi,
1704 1531 1766 1579 ut
1817 1525 1865 1579 si

160 1617 289 1671 ﬁeri
316 1622 528 1685 posset,
562 1616 630 1668 de
659 1620 811 1668 terra
842 1615 1078 1668 omnino
1126 1615 1430 1669 deleretur.
1465 1617 1526 1669 Et
1581 1615 1714 1686 quia
1769 1631 1865 1669 eos

160 1704 447 1775 patientia
477 1708 817 1773 martyrum,
850 1707 904 1755 et
926 1703 1321 1768 magnitudine
1344 1702 1776 1769 miraculorum,
1809 1708 1867 1757 et

164 1798 558 1863 consequente
591 1792 699 1846 tide
735 1792 1080 1863 populorum
1112 1796 1233 1845 erat
1288 1795 1679 1861 superaturus,
1733 1791 1861 1845 ideo

162 1881 247 1935 sic
280 1881 499 1935 dictum
537 1885 640 1948 est,
699 1880 1037 1950 praevalebit
1096 1879 1372 1933 Dominus
1431 1880 1699 1934 adversus
1741 1895 1858 1933 eos.

166 1970 295 2025 Non
339 1969 494 2023 enim
544 1969 845 2037 diceretur,
896 1968 1227 2039 praevalebit
1281 1968 1551 2023 adversus
1581 1984 1696 2036 eos,
1753 1967 1862 2021 nisi

165 2058 556 2129 oppugnando
589 2058 673 2112 illi
726 2058 1077 2112 resisterent.
1122 2057 1279 2111 Unde
1337 2062 1394 2110 et
1425 2056 1485 2109 in
1528 2057 1754 2110 Psalmo
1785 2056 1863 2110 ita

163 2147 577 2217 prophetatum
635 2150 766 2199 est:
830 2148 898 2201 Ut
953 2145 1091 2216 quid
1140 2145 1500 2199 fremuerunt
1556 2150 1778 2215 gentes,
1810 2149 1865 2199 et

162 2236 367 2307 populi
398 2235 661 2289 meditati
702 2240 833 2288 sunt
864 2234 1100 2288 inania?
1129 2234 1447 2288 Astiterunt
1474 2249 1637 2303 reges
1672 2238 1858 2298 terrae,

166 2329 223 2379 et
249 2324 539 2395 principes
570 2328 961 2377 convenerunt
986 2322 1043 2376 in
1094 2338 1296 2390 unum,
1354 2322 1623 2376 adversus
1667 2323 1863 2375 Domi-

164 2427 309 2465 num
370 2417 428 2465 et
481 2412 751 2465 adversus
807 2411 1097 2466 Christum
1159 2411 1301 2481 ejus.
1362 2412 1425 2464 Et
1494 2411 1667 2481 paulo
1736 2414 1866 2481 post

164 2499 350 2553 dicit:
414 2500 688 2553 Dominus
754 2498 895 2553 dixit
953 2499 1021 2552 ad
1076 2515 1214 2552 me:
1269 2499 1442 2552 Filius
1475 2515 1637 2552 meus
1668 2513 1726 2552 es
1777 2503 1861 2563 tu,

164 2604 273 2660 ego
330 2588 500 2642 hodie
556 2588 731 2659 genui
780 2594 856 2642 te.
917 2588 1145 2641 Postula
1191 2604 1224 2641 a
1278 2602 1390 2652 me,
1444 2591 1499 2640 et
1560 2586 1705 2641 dabo
1760 2586 1865 2639 tibi

166 2680 364 2747 gentes
419 2676 807 2730 hereditatem
878 2682 1057 2741 tuam,
1126 2680 1183 2728 et
1235 2674 1649 2744 possessionem
1705 2678 1865 2728 tuam

165 2767 311 2821 ﬁnes
341 2769 525 2818 terrae.
579 2765 677 2819 His
706 2770 876 2834 atque
917 2763 1252 2833 hujusmodi
1291 2762 1640 2835 propheticis
1694 2762 1865 2816 docu-

170 2854 383 2909 mentis
413 2854 751 2923 prasdictum
782 2852 1121 2918 ostenditur,
1154 2852 1310 2922 quod
1350 2852 1608 2905 videmus
1640 2850 1866 2921 impleri

167 2959 273 3013 per
304 2942 615 3007 Christum,
647 2941 819 2995 fuisse
858 2941 1118 2995 futurum
1149 2945 1215 2994 ut
1262 2941 1408 2994 Deus
1456 2940 1649 3009 Israel,
1692 2955 1865 3011 quem

1977 554 2132 609 Sicut
2164 556 2317 609 enim
2346 556 2779 625 vestimentum,
2821 556 2901 610 ita
2958 572 3063 626 per
3097 562 3323 626 tempus
3380 573 3673 611 assumen-

1977 647 2089 710 tur,
2120 649 2177 698 et
2209 644 2353 698 sicut
2404 645 2534 697 lana
2565 661 2594 697 a
2655 644 2811 698 tinea
2866 646 3237 699 comedentur
3264 661 3277 698 :
3305 645 3524 715 justitia
3571 662 3674 699 au-

1977 735 2094 784 tem
2127 747 2254 786 mea
2283 732 2344 785 in
2400 736 2680 785 aeternum
2712 738 2924 785 manet.
2974 733 3391 788 Attendendum
3424 738 3509 786 est
3538 749 3673 803 ergo

1978 823 2147 889 atque
2215 821 2375 874 omni
2428 821 2615 874 studio
2664 822 3004 888 cavendum,
3059 838 3132 874 ne
3182 822 3394 875 nostris
3452 827 3676 891 tempo-

1976 908 2134 962 ribus
2191 908 2251 962 in
2291 909 2499 979 quibus
2548 910 2804 963 videmus
2860 910 3242 973 Christianam
3337 910 3671 979 religionem

1974 996 2036 1050 in
2067 1000 2185 1051 toto
2216 997 2352 1051 orbe
2380 997 2697 1061 dilatatam,
2721 1003 2954 1068 propter
2985 997 3263 1052 desidiam
3296 998 3674 1066 magistorum

1977 1089 2035 1138 et
2062 1084 2333 1139 inertiam
2354 1086 2668 1152 doctorum,
2701 1085 2870 1156 pauci
2899 1086 2983 1139 illi
3014 1086 3113 1156 qui
3152 1087 3337 1140 adhuc
3366 1091 3675 1157 supersunt

1976 1174 2516 1229 confundantritum
2539 1176 2774 1227 cultura:
2798 1174 2914 1228 veri
2940 1174 3057 1241 Dei,
3073 1180 3147 1242 et,
3166 1175 3534 1229 daemoniacis
3550 1176 3673 1229 illu-

1977 1261 2237 1316 sionibus
2270 1263 2581 1334 depravati,
2629 1262 3013 1316 divinationes
3040 1262 3209 1317 falsas
3236 1262 3297 1316 in
3328 1264 3542 1333 populo
3572 1264 3671 1317 Dei

1976 1356 2169 1421 agant,
2204 1351 2446 1419 rusticos
2473 1356 2528 1404 et
2550 1350 2848 1421 imperitos
2872 1350 3224 1418 seducentes,
3258 1351 3339 1405 ita
3360 1355 3420 1403 ut
3448 1351 3673 1404 deserta

1973 1439 2099 1510 ipsa
2128 1438 2385 1506 veritate,
2418 1455 2546 1510 quae
2567 1440 2665 1493 lux
2690 1444 2773 1493 est
2805 1439 3021 1505 mundi,
3048 1444 3105 1493 et
3128 1439 3419 1493 illuminat
3440 1455 3668 1493 omnem

1975 1528 2268 1582 hominem
2297 1527 2622 1581 venientem
2660 1528 2718 1580 in
2768 1528 2922 1581 hunc
2971 1528 3250 1581 mundum
3298 1528 3670 1581 tenebrarum

1975 1617 2200 1684 harum,
2234 1623 2495 1688 quaerant
2525 1617 2817 1670 scientiam
2852 1616 3198 1681 futurorum,
3232 1622 3290 1671 et
3328 1634 3360 1670 a
3398 1617 3670 1686 decepto-

1974 1706 2133 1761 ribus
2207 1706 2507 1760 hominum
2550 1710 2811 1776 qumrant
2858 1707 3101 1760 salutem
3149 1705 3495 1769 animarum,
3555 1705 3670 1758 sive

1972 1794 2145 1849 etiam
2176 1810 2482 1865 corporum
2515 1810 2770 1848 suorum.
2807 1794 2905 1850 His
2935 1795 3086 1848 enim
3110 1794 3673 1864 praevaricationibus

1972 1882 2219 1937 maxime
2248 1883 2506 1936 irritatur
2540 1884 2704 1946 Deus,
2738 1887 2796 1936 et
2844 1883 2915 1936 ad
2944 1882 3249 1937 vindictam
3304 1887 3666 1953 provocatur.

1972 1971 2129 2025 Unde
2157 1987 2263 2041 per
2288 1970 2641 2024 Ezechielem
2693 1971 3080 2024 comminatur
3117 1971 3309 2024 dicens
3344 1987 3356 2025 :
3412 1972 3506 2024 Vm
3531 1987 3667 2041 pro—

1971 2059 2157 2130 phetis
2205 2058 2610 2129 insipientibus
2641 2059 2741 2129 qui
2791 2063 3113 2129 sequuntur
3167 2059 3433 2129 spiritum
3478 2075 3665 2125 suum,

1972 2153 2029 2202 et
2059 2147 2203 2201 nihil
2251 2148 2464 2201 vident.
2510 2146 2682 2211 Quasi
2732 2148 2930 2218 vulpes
2954 2147 3015 2200 in
3052 2148 3310 2214 desertis,
3370 2149 3667 2218 prophetae

1972 2235 2052 2291 tui
2083 2237 2259 2289 Israel
2298 2240 2478 2289 erant.
2512 2235 2780 2305 Nunquid
2813 2251 2928 2288 non
2954 2234 3232 2289 visionem
3261 2252 3475 2289 cassam
3524 2235 3666 2290 vidi-

1972 2323 2093 2388 stis,
2115 2328 2172 2376 et
2211 2322 2623 2377 divinationem
2656 2322 2991 2376 mendacem
3048 2322 3222 2377 locuti
3269 2322 3421 2390 estis,
3474 2326 3532 2375 et
3576 2322 3668 2376 di-

1974 2411 2098 2465 citis
2132 2426 2144 2464 :
2174 2410 2265 2464 Ait
2299 2410 2596 2472 Dominus,
2630 2426 2761 2464 cum
2801 2426 2907 2480 ego
2944 2426 3056 2464 non
3079 2411 3186 2464 sim
3230 2410 3493 2465 loeutus?
3531 2412 3670 2465 Pro-

1972 2503 2171 2569 pterea
2200 2498 2321 2552 haec
2369 2498 2505 2552 dicit
2560 2498 2840 2551 Dominus
2878 2500 3069 2552 Deus:
3115 2498 3259 2562 Quia
3314 2498 3489 2553 locuti
3537 2497 3669 2552 estis

1971 2602 2139 2653 vana,
2172 2591 2230 2641 et
2253 2586 2472 2641 vidistis
2523 2586 2910 2651 mendacium,
2944 2586 3072 2640 ideo
3116 2602 3243 2640 ecce
3270 2602 3376 2656 ego
3434 2587 3503 2640 ad
3546 2602 3665 2654 vos,

1974 2675 2053 2730 ait
2076 2674 2352 2751 Dominus
2386 2676 2532 2729 Deus
2565 2691 2577 2728 :
2614 2675 2678 2728 Et
2706 2674 2814 2728 erit
2843 2689 3049 2728 manus
3077 2690 3201 2728 mea
3222 2690 3394 2745 super
3419 2675 3667 2745 prophe-

1971 2770 2057 2818 tas
2114 2763 2214 2834 qui
2262 2764 2458 2817 vident
2513 2778 2681 2831 vana,
2733 2767 2787 2816 et
2837 2762 3096 2816 divinant
3150 2763 3561 2817 mendacium:
3605 2763 3667 2817 in

1973 2851 2215 2906 concilio
2246 2851 2446 2922 populi
2478 2853 2593 2906 mei
2622 2868 2737 2905 non
2771 2857 2962 2921 erunt,
2991 2858 3046 2906 et
3066 2852 3125 2906 in
3158 2852 3441 2923 scriptura
3461 2853 3669 2907 domus

1976 2940 2149 2995 Israel
2186 2956 2303 2994 non
2342 2940 2678 3008 scribentur,
2726 2956 2831 2995 nec
2886 2941 2949 2994 in
2988 2948 3194 2994 terram
3254 2942 3422 2995 Israel
3480 2940 3671 3011 ingre-

169 3048 351 3086 unum
378 3047 577 3085 verum
638 3032 818 3085 Deum
875 3030 1272 3100 intelligimus,
1328 3046 1444 3083 non
1483 3030 1544 3083 in
1602 3045 1715 3083 una
1742 3029 1865 3100 ipsa
1897 3020 1936 3074 C
1976 3028 2224 3083 dientur.
2257 3029 2343 3084 Ad
2382 3029 2640 3083 doctores
2666 3035 2855 3084 autem
2895 3045 3000 3099 per
3030 3030 3298 3085 eumdem
3329 3030 3668 3100 prophetam

168 3125 341 3191 gente
377 3136 507 3190 quae
538 3120 822 3189 appellata
851 3123 937 3173 est
965 3119 1156 3183 Israel,
1190 3118 1289 3172 sed
1318 3118 1379 3171 in
1417 3117 1683 3172 omnibus
1718 3134 1865 3188 gen-

168 3208 322 3263 tibus
377 3209 677 3275 coleretur,
746 3212 801 3261 et
846 3223 1043 3264 omnes
1082 3207 1252 3260 falsos
1308 3206 1445 3260 deos
1502 3206 1761 3276 gentium
1809 3210 1866 3260 et

166 3298 405 3367 templis
466 3313 687 3361 eorum,
750 3301 807 3350 et
862 3314 893 3349 a
947 3295 1215 3349 cordibus
1283 3297 1567 3349 cultorum
1626 3312 1864 3349 suorum

165 3387 519 3440 amoliretur.
556 3387 725 3439 Erant
754 3401 908 3438 nunc
932 3384 1025 3437 isti
1054 3388 1111 3438 et
1141 3384 1325 3437 adhuc
1375 3387 1571 3436 contra
1600 3381 1864 3437 Christia-

167 3492 304 3529 nam
335 3473 696 3545 religionem,
731 3478 929 3527 contra
952 3488 1153 3526 verum
1184 3472 1286 3526 Dei
1316 3473 1551 3534 cultum,
1587 3471 1863 3524 vanitates

164 3563 435 3634 pristinas
482 3562 821 3617 defensitare
852 3562 1119 3625 audeant,
1176 3565 1237 3614 ut
1267 3576 1397 3615 cum
1452 3559 1692 3630 strepitu
1736 3575 1865 3629 per-

168 3656 316 3706 eant.
353 3651 496 3705 Nam
526 3654 581 3704 et
620 3651 731 3703 hoc
759 3650 828 3703 de
874 3649 986 3703 illis
1024 3647 1362 3718 praedictum
1395 3651 1480 3700 est
1504 3647 1562 3700 in
1604 3646 1861 3717 psalmis,

166 3740 391 3794 dicente
420 3740 739 3809 Propheta:
784 3738 988 3794 Sedisti
1037 3753 1210 3808 super
1250 3738 1543 3803 thronum,
1580 3734 1862 3807 quijudi-

162 3844 255 3882 cas
282 3828 634 3899 mquitatem.
671 3826 982 3897 Increpasti
1028 3830 1248 3895 gentes,
1297 3830 1354 3879 et
1400 3825 1570 3895 periit
1627 3824 1860 3894 impius,

165 3933 376 3971 nomen
406 3932 607 3970 eorum
664 3915 863 3970 delesti
890 3916 951 3968 in
1006 3920 1309 3982 aeternum,
1368 3919 1426 3968 et
1484 3914 1545 3967 in
1603 3913 1863 3968 seculum

168 4006 364 4059 seculi.
415 4004 634 4059 Inimici
685 4004 1016 4058 defecerunt
1074 4003 1328 4071 frameae,
1361 4006 1417 4056 et
1470 4002 1722 4056 civitates
1765 4018 1862 4055 eo-

167 4110 297 4149 rum
330 4092 676 4148 destruxisti.
714 4092 886 4147 Periit
916 4091 1193 4145 memoria
1214 4108 1412 4145 eorum
1438 4107 1569 4145 cum
1600 4091 1861 4161 strepitu,

90 4190 93 4191 ⁷
166 4187 223 4237 et
253 4181 527 4236 Dominus
556 4181 616 4235 in
649 4186 933 4235 aeternum
962 4184 1282 4252 permanet.
1332 4181 1568 4235 Necesse
1599 4184 1683 4234 est
1729 4195 1863 4250 ergo

1970 3118 2271 3188 increpans
2302 3134 2497 3172 eorum
2527 3118 2816 3186 inertiam,
2850 3118 2930 3172 ita
2971 3119 3226 3189 loquitur
3273 3120 3463 3173 dicens
3497 3135 3511 3173 :
3547 3120 3670 3172 Non

1973 3207 2305 3261 ascendistis
2361 3223 2430 3261 ex
2500 3207 2757 3272 adverso,
2795 3222 2982 3278 neque
3035 3208 3379 3278 opposuistis
3438 3222 3671 3260 murum

1972 3310 2075 3359 pro
2105 3294 2278 3349 domo
2312 3295 2484 3348 Israel
2518 3299 2582 3348 ut
2610 3295 2837 3348 staretis
2866 3295 2926 3348 in
2958 3295 3159 3364 prtelio
3190 3296 3250 3348 in
3300 3296 3390 3349 die
3420 3294 3665 3349 Domini.

1971 3383 2039 3435 Et
2066 3398 2297 3435 rursum
2332 3399 2345 3436 :
2381 3384 2492 3449 Vae,
2525 3382 2737 3453 inquit,
2760 3384 3086 3451 pastoribus
3118 3384 3310 3448 Israel,
3345 3382 3443 3453 qui
3470 3398 3668 3453 pasce-

1972 3471 2110 3525 bant
2134 3471 2492 3541 semetipsos.
2538 3472 2738 3525 Nonne
2778 3488 2981 3541 greges
3012 3478 3327 3542 pascuntur
3362 3489 3391 3524 a
3421 3472 3663 3541 pastori-

1969 3559 2112 3613 bus?
2144 3560 2250 3613 Lac
2277 3559 2678 3627 comedebatis,
2716 3565 2774 3614 et
2794 3561 2940 3613 lanis
2958 3560 3393 3630 operiebamini,
3429 3565 3485 3614 et
3514 3560 3669 3630 quod

1970 3663 2220 3702 crassum
2255 3652 2377 3701 erat
2419 3646 2783 3715 occidebatis,
2812 3664 3049 3719 gregem
3088 3654 3281 3703 autem
3320 3665 3514 3703 meum
3550 3664 3669 3701 non

1970 3736 2310 3809 pascebatis.
2345 3736 2505 3801 Quod
2550 3736 2850 3791 inﬁrmum
2889 3738 2999 3791 fuit
3028 3754 3144 3792 non
3174 3737 3586 3802 consolidastis,
3614 3740 3671 3791 et

1972 3826 2125 3898 quod
2175 3829 2456 3895 aegrotum
2506 3842 2621 3880 non
2674 3827 2935 3891 sanastis,
2996 3832 3051 3881 et
3100 3827 3249 3897 quod
3284 3826 3527 3880 fractum
3586 3830 3671 3878 est

1972 3933 2088 3970 non
2144 3915 2444 3986 alligastis,
2506 3920 2565 3969 et
2615 3917 2766 3987 quod
2825 3917 3109 3987 abjectum
3168 3933 3287 3970 non
3340 3914 3667 3981 reduxistis,

1973 4004 2125 4075 quod
2182 4005 2430 4074 perierat
2475 4020 2590 4057 non
2647 4004 2933 4074 quaesistis
2966 4021 2979 4058 :
3010 4005 3108 4058 sed
3164 4020 3295 4057 cum
3346 4002 3670 4056 austeritate

1973 4092 2344 4161 imperabatis
2393 4091 2473 4145 eis
2523 4096 2739 4145 etcum
2790 4093 3067 4162 potentia,
3132 4097 3188 4146 et
3239 4092 3509 4161 dispersae
3541 4094 3672 4144 sunt

1973 4197 2101 4235 oves
2124 4196 2289 4245 mete,
2312 4196 2379 4233 eo
2410 4180 2562 4250 quod
2589 4196 2707 4233 non
2731 4185 2876 4233 esset
2906 4184 3117 4251 pastor,
3152 4187 3207 4234 et
3230 4180 3501 4249 dispersas
3540 4182 3674 4232 sunt

168 4276 233 4326 ut
260 4271 608 4342 impleantur
639 4269 834 4324 omnia
863 4270 1001 4324 haec.
1039 4270 1151 4322 Nec
1198 4269 1371 4322 etiam
1402 4268 1545 4322 illud
1579 4267 1731 4338 quod
1758 4268 1857 4321 ad-
1894 4290 1936 4344 ι)
1975 4269 2032 4323 in
2056 4267 2483 4323 devorationem
2516 4268 2776 4321 omnium
2804 4268 3116 4322 bestiarum
3148 4268 3290 4338 agri,
3317 4272 3374 4320 et
3401 4267 3673 4337 dispersas

168 4362 279 4415 huc
306 4360 518 4414 audent
565 4358 673 4429 ipsi
722 4358 890 4429 pauci
929 4356 1029 4428 qui
1073 4360 1473 4411 remanserunt
1528 4356 1865 4426 vaniloquas

167 4465 296 4503 suas
353 4451 639 4501 ostentare
701 4446 1006 4513 doctrinas,
1066 4448 1125 4499 et
1189 4444 1536 4499 Christianos
1589 4448 1866 4514 tanquam

167 4536 628 4608 imperitissimos
667 4535 929 4601 irridere,
963 4549 1069 4588 nos
1116 4549 1474 4587 commovere
1502 4532 1689 4599 debet,
1729 4533 1866 4587 dum

170 4626 230 4680 in
256 4625 336 4679 eis
367 4624 599 4695 impleri
660 4640 726 4677 ea
772 4639 901 4694 quas
950 4622 1225 4693 praedicta
1254 4626 1389 4676 sunt
1431 4621 1742 4675 videamus.
1791 4620 1867 4673 Ex

171 4729 284 4785 quo
307 4713 465 4768 enim
487 4713 851 4766 fremuerunt
882 4716 1100 4782 gentes,
1133 4716 1189 4764 et
1218 4708 1421 4782 populi
1452 4708 1714 4764 meditati
1735 4712 1872 4763 sunt

175 4801 371 4857 inania
447 4802 716 4855 adversus
776 4799 1053 4854 Dominus
1107 4804 1165 4853 et
1249 4799 1517 4853 adversus
1580 4797 1870 4852 Christum

177 4891 315 4961 ejus,
349 4890 579 4961 quando
618 4890 688 4944 ab
733 4889 813 4944 eis
842 4889 1189 4944 fundebatur
1244 4888 1474 4958 sanguis
1524 4891 1868 4950 sanctorum,

180 4984 235 5034 et
259 4978 593 5033 vastabatur
649 4978 916 5045 Ecclesia,
975 4993 1157 5048 usque
1222 4976 1296 5030 ad
1349 4978 1455 5030 hoc
1510 4980 1758 5045 tempus,
1819 4978 1876 5027 et

179 5068 445 5137 deinceps
478 5066 734 5138 quotidie
782 5066 1141 5120 minuuntur.
1205 5065 1317 5119 Nos
1347 5068 1560 5131 autem,
1593 5080 1737 5134 quos
1766 5062 1875 5116 ad—

182 5172 373 5210 versus
405 5171 604 5209 eorum
634 5153 946 5225 opprobria
978 5160 1036 5208 et
1084 5153 1356 5223 superbas
1399 5151 1711 5217 irrisiones,
1760 5151 1874 5205 for—

178 5244 429 5298 tissimus
480 5244 729 5298 reddunt
784 5244 1014 5297 oracula
1081 5244 1201 5311 Dei,
1235 5243 1303 5296 de
1366 5242 1471 5295 hac
1522 5256 1755 5311 quoque
1813 5256 1876 5294 re

184 5334 458 5387 audemus
480 5338 537 5387 et
566 5333 885 5403 gaudemus
915 5332 1163 5402 impleri.
1199 5332 1288 5387 Sic
1311 5331 1467 5385 enim
1498 5347 1604 5383 nos
1633 5328 1877 5399 alloqui-

186 5427 277 5477 tur
306 5438 409 5493 per
450 5423 793 5493 Prophetam
829 5439 842 5477 :
885 5422 1092 5476 Audite
1124 5437 1215 5475 me
1261 5421 1359 5492 qui
1389 5420 1539 5473 scitis
1573 5417 1876 5488 judicium,

186 5512 433 5583 populus
461 5528 641 5580 meus,
674 5512 733 5566 in
768 5528 1015 5583 quorum
1058 5511 1226 5565 corde
1256 5511 1345 5564 lex
1388 5524 1535 5575 mea,
1569 5507 1883 5579 opprobria

188 5601 489 5656 hominum
538 5601 717 5656 nolite
760 5605 1033 5663 metuere,
1067 5604 1124 5655 et
1168 5599 1520 5655 detractione
1570 5614 1771 5653 eorum
1810 5613 1883 5652 ne

1974 4361 2124 4412 sunt.
2163 4357 2303 4410 Hinc
2335 4372 2437 4427 per
2472 4356 2819 4410 Hieremiam
2850 4356 3057 4410 dicitur
3089 4373 3101 4410 :
3136 4359 3179 4410 A
3219 4355 3456 4409 minimo
3492 4370 3672 4424 usque

1975 4448 2043 4501 ad
2096 4446 2407 4500 maximum
2467 4461 2660 4498 omnes
2694 4446 2991 4499 avaritiam
3057 4448 3414 4515 sequuntur:
3451 4460 3482 4496 a
3533 4459 3673 4512 pro-

1974 4535 2148 4606 pheta
2190 4548 2370 4604 usque
2412 4533 2480 4586 ad
2511 4533 2882 4598 sacerdotem,
2916 4532 3105 4585 cuncti
3160 4531 3377 4585 faciunt
3430 4530 3674 4583 menda—

1976 4624 2149 4677 cium.
2184 4624 2247 4677 Et
2278 4620 2555 4675 sanabant
2596 4622 2994 4675 contritionem
3027 4621 3161 4675 ﬁlias
3200 4619 3400 4691 populi
3448 4619 3561 4673 mei
3603 4617 3674 4671 ad

1978 4710 2377 4783 ignominiam,
2410 4710 2685 4777 dicentes,
2732 4711 2845 4763 Pax
2873 4726 3005 4779 pax,
3038 4726 3167 4763 cum
3199 4725 3318 4763 non
3359 4712 3507 4762 esset
3534 4721 3672 4777 pax;

1979 4800 2194 4855 confusi
2224 4803 2357 4853 sunt
2385 4815 2398 4853 :
2440 4798 2577 4869 quia
2617 4798 3104 4853 abominationem
3151 4798 3428 4852 fecerunt.
3458 4795 3674 4849 Idcirco

1979 4892 2102 4945 haec
2167 4888 2304 4943 dicit
2335 4887 2607 4942 Dominus
2663 4887 3014 4941 exercituum
3061 4888 3208 4941 Deus
3273 4885 3490 4939 Israel:
3544 4885 3678 4937 Ecce

1981 4994 2087 5048 ego
2117 4977 2317 5031 cibabo
2342 4978 2622 5046 populum
2653 4976 2826 5029 istum
2860 4975 3180 5045 absynthio,
3214 4978 3270 5027 et
3298 4978 3500 5043 potum
3531 4972 3678 5025 dabo

1983 5064 2065 5119 eis
2096 5081 2306 5135 aquam
2344 5064 2510 5133 fellis,
2551 5069 2607 5117 et
2650 5063 2977 5133 dispergam
3009 5079 3105 5116 eos
3154 5064 3213 5116 in
3244 5061 3509 5132 gentibus
3539 5076 3681 5130 quas

1984 5170 2100 5209 non
2133 5157 2435 5221 noverunt,
2468 5153 2579 5224 ipsi
2618 5158 2673 5207 et
2702 5158 2891 5223 patres
2950 5167 3168 5217 eorum,
3205 5156 3260 5205 et
3301 5149 3526 5205 mittam
3556 5152 3683 5219 post

1986 5258 2081 5296 eos
2110 5240 2365 5312 gladium
2394 5241 2572 5296 donec
2603 5245 3032 5295 consumantur.
3070 5238 3324 5304 Qualiter
3376 5253 3511 5307 ergo
3567 5236 3680 5291 dis-

1986 5330 2194 5401 pliceat
2239 5331 2355 5385 Deo
2422 5331 2806 5403 omnipotenti
2852 5335 3150 5401 pastorum
3203 5325 3577 5399 negligentia,
3629 5330 3686 5380 et

1988 5418 2348 5473 subditorum
2379 5436 2560 5487 error,
2619 5437 2735 5474 non
2767 5420 2951 5473 solum
3000 5417 3333 5488 prophetica
3355 5414 3687 5470 testimonia

1988 5508 2317 5573 ostendunt,
2373 5509 2469 5561 sed
2521 5510 2693 5563 etiam
2754 5510 2899 5563 facta
2931 5508 3300 5578 antiquorum
3372 5504 3682 5569 declarant,

1990 5613 2117 5651 cum
2152 5595 2214 5649 in
2252 5595 2397 5651 libro
2427 5597 2649 5667 Regum
2693 5596 2903 5669 legitur
2941 5595 3224 5668 quomodo
3250 5593 3537 5665 malignus
3565 5591 3687 5662 spi-
