3944 6306
280 320 375 375 851
1355 318 1757 375 BURCHARDI
1802 316 2327 374 WORMACIENSIS
2364 314 2697 373 EPISCOPI.

280 442 423 497 ritus
454 440 743 512 deceperit
790 441 985 496 Achab
1041 456 1235 509 regem
1266 441 1435 495 Israel
1483 457 1586 511 per
1611 441 1779 495 falsos
1838 456 1969 510 pro-
2001 443 2047 494 A

280 531 481 601 phetas
541 529 623 583 ita
674 533 740 584 ut
792 529 1031 583 credens
1084 529 1164 584 eis
1230 529 1527 593 interierit,
1580 533 1635 582 et
1686 528 1975 599 quomodo

282 620 553 677 Ochozias
607 618 759 672 filius
817 618 940 687 ejus
993 623 1274 687 mgrotans
1323 616 1542 671 miserit
1610 617 1848 671 nuncios
1901 616 1969 668 ad

281 708 691 761 consulendum
719 707 1033 761 Beelzebud
1066 708 1243 760 Deum
1265 710 1541 772 Accaron,
1563 711 1757 761 utrum
1786 706 1974 760 vivere

282 802 456 866 atque
513 796 900 850 convalescere
946 800 1134 865 posset
1187 795 1255 848 de
1315 795 1648 849 inﬁrmitate
1704 812 1825 849 sua.
1892 795 1973 849 Ob

284 884 435 954 quod
487 884 673 939 Helias
714 884 1010 954 propheta,
1033 900 1065 937 a
1097 885 1211 938 Deo
1244 884 1471 953 missus,
1505 883 1761 955 increpat
1818 900 1972 951 eum,

283 972 369 1027 ita
401 973 639 1027 dicens:
690 972 831 1036 Quia
887 972 1090 1026 misisti
1144 972 1381 1027 nuncios
1436 973 1506 1027 ad
1559 972 1976 1027 consulendum

287 1061 600 1116 Beelzebud
633 1062 810 1116 Deum
838 1062 1113 1129 Accaron,
1174 1061 1336 1131 quasi
1368 1077 1481 1115 non
1526 1066 1677 1116 esset
1733 1062 1880 1115 Deus
1917 1060 1976 1113 in

284 1149 511 1203 Israela
540 1163 653 1219 quo
698 1148 875 1218 possit
931 1148 1288 1219 interrogare
1336 1165 1683 1215 sermonem,
1734 1149 1864 1203 ideo
1907 1150 1976 1203 de

286 1236 493 1291 lectulo
551 1252 723 1306 super
779 1250 953 1307 quem
1008 1237 1310 1291 ascendisti
1350 1253 1466 1290 non
1496 1238 1823 1304 descendas,
1876 1237 1977 1291 sed

283 1330 473 1378 morte
497 1324 776 1378 morieris.
824 1326 1079 1379 Mortuus
1116 1330 1201 1379 est
1248 1330 1437 1379 autem
1484 1326 1605 1396 ipse
1648 1327 1811 1395 juxta
1852 1342 1978 1379 ser—

283 1429 512 1467 monem
537 1413 766 1467 Domini
798 1427 971 1483 quem
1001 1416 1222 1467 locutus
1248 1419 1333 1467 est
1367 1415 1593 1479 Helias,‘
1624 1420 1681 1469 et
1738 1416 1977 1469 salutem

285 1516 458 1571 quam
489 1501 782 1570 quaerebat
811 1514 926 1554 non
967 1501 1204 1555 invenit.
1257 1501 1617 1571 Quapropter
1662 1503 1979 1556 curandum

285 1604 650 1658 summopere
682 1594 766 1642 est
802 1588 1068 1644 omnibus
1098 1588 1297 1654 modis,
1355 1589 1464 1643 hoc
1494 1595 1595 1655 est,
1648 1590 1895 1660 praelatis
1925 1595 1981 1643 et

285 1676 544 1743 subditis,
605 1677 919 1747 majoribus
951 1681 1007 1730 at
1063 1677 1403 1745 minoribus,
1477 1678 1866 1732 sacerdotibus
1922 1682 1981 1731 et

285 1764 458 1834 plebi,
490 1780 561 1819 ne
600 1764 853 1835 aliquem
902 1765 1133 1819 seducat
1164 1782 1267 1836 per
1304 1766 1702 1835 hujuscemodi
1748 1766 1977 1821 illusio-

286 1868 421 1906 nem
453 1852 626 1917 fraus,
672 1852 857 1921 dolus,
886 1858 944 1906 et
991 1853 1253 1923 nequicia
1306 1853 1486 1907 hostis
1513 1854 1756 1925 antiqui,
1798 1854 1877 1909 ita
1916 1860 1979 1907 ut

287 1956 321 1993 a
349 1941 719 1995 mendacibus
750 1942 992 1995 velimus
1046 1942 1263 1996 discere
1315 1942 1630 2007 veritatem,
1658 1948 1714 1996 et
1743 1959 1776 1996 a
1810 1942 1979 2013 pesti-

286 2029 422 2083 feris
451 2028 662 2083 morbis
691 2030 1007 2100 mortisque
1037 2031 1334 2085 autoribus
1375 2048 1702 2102 qumramus
1729 2030 1977 2085 inﬁrmi-

285 2117 417 2171 tatis
448 2124 657 2172 nostree
687 2119 1044 2173 remedium:
1078 2120 1179 2173 sed
1229 2120 1410 2191 magis
1460 2121 1531 2174 ad
1566 2122 1745 2175 Deum
1783 2120 1978 2173 vivum

286 2210 344 2260 et
379 2207 784 2261 viviﬁcatorem
815 2207 1075 2262 omnium
1107 2208 1489 2279 confugiendo
1546 2210 1749 2264 devoto
1809 2210 1978 2265 corde

286 2311 684 2365 properemus,
738 2311 838 2365 per
894 2296 1181 2350 orationes
1231 2314 1436 2363 sacras,
1481 2298 1705 2368 jejunia
1746 2302 1805 2352 et
1833 2299 1979 2352 elee-

289 2398 555 2451 mosynas
586 2383 751 2436 illum
778 2382 1168 2452 deprecantes,
1202 2389 1267 2437 ut
1294 2384 1416 2453 ipse
1444 2391 1679 2455 propter
1716 2385 1979 2455 benigni-

288 2476 465 2524 tatem
493 2486 655 2524 suam
686 2472 944 2525 consulat
967 2471 1144 2526 servis
1175 2472 1311 2539 suis,
1345 2473 1597 2543 eripiens
1627 2491 1732 2527 nos
1760 2474 1828 2528 de
1856 2491 1978 2527 om-

287 2559 455 2613 nibus
485 2558 731 2613 inimicis
780 2560 1009 2623 nostris,
1043 2559 1353 2631 doceatque
1382 2578 1486 2615 nos
1529 2564 1713 2616 facere
1772 2563 1979 2617 volun-

287 2651 463 2701 tatem
505 2663 713 2702 suam:
772 2649 909 2719 quia
936 2648 1056 2719 ipse
1104 2654 1188 2703 est
1247 2650 1519 2704 Dominus
1576 2652 1725 2705 Deus
1765 2658 1977 2718 noster,

289 2736 671 2807 spiritumque
698 2751 866 2790 suum
896 2738 1112 2791 bonum
1148 2738 1310 2792 nobis
1340 2739 1573 2803 tribuat,
1606 2740 1704 2810 qui
1734 2758 1839 2795 nos
1875 2742 1979 2795 du-

288 2829 377 2877 cat
404 2824 461 2877 in
493 2824 641 2878 viam
666 2830 898 2891 rectam,
932 2826 1289 2897 viviticetqne
1324 2844 1429 2881 nos
1459 2828 1519 2881 in
1548 2828 1818 2898 aequitate
1840 2844 1976 2882 sua:

289 2916 569 2982 quatenus
599 2914 721 2983 ejus
761 2914 1090 2982 magisterio
1124 2914 1284 2968 omni
1334 2920 1592 2985 tempore
1624 2919 1750 2969 vita:
1773 2920 1981 2968 nostras

3681 319 3797 369 852

2369 440 2495 493 CAP.
2530 438 2642 491 LII.
2675 467 2744 476 —
2767 439 2842 491 De
2872 436 2983 491 illis
3013 439 3111 504 qui
3137 442 3499 491 murmurant.

2154 527 2274 597 (Ea:
2306 527 2526 582 concilio
2556 528 2817 594 Mogunti,
2849 528 3025 593 capite
3053 528 3130 592 8.)
3170 526 3227 580 Si
3262 525 3389 596 quis
3418 541 3800 580 murmurans

2083 616 2351 682 extiterit,
2384 616 2573 669 videat
2602 632 2673 669 ne
2699 630 2928 685 poenam
2959 615 3447 669 murmurantium
3504 615 3795 680 incurrat,

2082 704 2151 759 de
2177 720 2291 774 qua
2321 705 2624 774 Apostolus
2656 703 2792 757 dicit
2825 720 2837 757 :
2874 704 3069 773 Neque
3095 703 3594 757 murmuraveritis
3640 704 3798 757 sicut

2083 792 2317 863 quidam
2383 809 2583 846 eorum
2639 797 3163 855 murmuraverunt,
3225 798 3280 846 et
3343 792 3644 862 perierunt
3714 792 3793 845 ab

2083 881 2542 934 exterminatore.
2602 881 2767 933 Juxta
2831 892 3163 934 mensuram
3195 894 3453 949 opusque
3511 879 3790 948 peccati:

2083 968 2299 1038 quiain
2327 968 2435 1022 hoc
2490 966 2771 1021 sententia
2798 966 3057 1036 Apostoli
3114 967 3362 1037 pleniter
3429 967 3793 1033 declaratur,

2084 1056 2388 1110 sacerdotis
2403 1055 2619 1126 judicio
2651 1054 2947 1126 poeniteat.
3510 1045 3531 1061 ⁶

2510 1143 2636 1197 CAP.
2683 1143 2819 1197 LIII.
2854 1173 2920 1182 —
2952 1146 3026 1198 De
3054 1142 3239 1196 eadem
3270 1159 3346 1197 re.

2155 1232 2273 1299 (Ea:
2302 1231 2524 1298 eodem.)
2556 1231 2661 1295 Qui
2694 1232 3084 1286 contentiosus
3115 1238 3213 1285 aut
3235 1248 3605 1287 murmurans
3634 1232 3797 1287 exti-

2084 1320 2235 1386 terit,
2258 1320 2569 1374 secundum
2602 1319 2902 1373 arbitrium
2948 1319 3157 1390 prioris
3193 1320 3272 1375 ita
3305 1320 3606 1392 poeniteat,
3640 1338 3798 1393 qua-

2086 1409 2215 1463 liter
2234 1409 2419 1478 culpm
2446 1409 2691 1479 qualitas
2714 1413 2885 1462 extat.

2512 1498 2637 1551 CAP.
2691 1498 2818 1551 LIV.
2856 1527 2918 1536 —
2953 1501 3027 1552 De
3056 1497 3241 1551 eadem
3268 1513 3345 1551 re.

2160 1585 2464 1655 (Apostolus
2508 1586 2686 1654 dicit.)
2744 1588 3050 1656 Apostolus
3104 1587 3283 1641 dicit:
3356 1586 3567 1641 Omnes
3619 1588 3801 1644 facite

2088 1675 2208 1728 sine
2240 1675 2811 1729 murmurationibus.
2844 1674 3081 1729 Alienus
3113 1676 3187 1729 sit
3215 1692 3247 1729 a
3294 1676 3537 1731 fratrum
3564 1678 3799 1732 unitate

2087 1761 2188 1833 qui
2221 1768 2562 1829 murmurat,
2596 1768 2651 1816 et
2681 1780 2825 1833 opus
2853 1764 2975 1833 ejus
2995 1763 3322 1834 abjiciatur.

2494 1852 2631 1905 CAP.
2669 1852 2774 1905 LV.
2807 1882 2875 1892 ——
2904 1855 2977 1907 De
3006 1854 3371 1906 contentiosis.

2157 1941 2265 2005 (Ea:
2287 1938 2429 1993 decr.
2462 1941 2686 2009 Hylarii
2709 1956 2891 2009 papa,
2940 1944 3115 2010 capite
3155 1943 3259 2008 15.)
3294 1940 3350 1995 Si
3390 1940 3518 2012 quis
3561 1940 3798 1996 videtur

2085 2026 2474 2081 contentiosus
2501 2043 2641 2094 esse,
2677 2028 2902 2082 dicente
2933 2029 3206 2099 Apostolo
3234 2045 3247 2083 :
3276 2030 3390 2083 Nos
3414 2029 3583 2083 talem
3648 2046 3791 2084 con-

2086 2116 2452 2170 suetudinem
2510 2132 2626 2170 non
2674 2117 2975 2185 habemus,
3043 2134 3231 2188 neque
3281 2118 3523 2172 Ecclesia
3580 2118 3703 2187 Dei,
3740 2118 3792 2173 si

2087 2204 2214 2276 quis
2235 2205 2343 2259 hoc
2372 2204 2507 2259 facit
2535 2210 2764 2260 notetur
2796 2223 3095 2276 usquequo
3126 2206 3462 2275 corrigatur.

2159 2293 2285 2347 CAP.
2331 2294 2460 2348 LVI.
2492 2323 2560 2335 -
2592 2298 2665 2349 De
2696 2295 2811 2350 illis
2843 2298 3014 2364 quiin
3044 2297 3233 2362 lingua
3262 2297 3455 2350 lascivi
3477 2297 3710 2361 fuerint.

2160 2382 2270 2449 (Ea:
2296 2385 2670 2452 paenitentiali
2714 2386 2967 2455 Theodo.)
3001 2386 3060 2441 Si
3110 2386 3238 2456 quis
3268 2386 3508 2441 lascivus
3559 2385 3619 2439 in
3670 2384 3793 2439 lin-

2088 2486 2203 2542 gua
2229 2471 2422 2539 fuerit,
2463 2472 2727 2526 triduana
2758 2474 3093 2543 poenitentia
3118 2475 3400 2545 expietur.

2089 2578 2215 2632 CAP.
2273 2578 2436 2633 LVII.
2460 2609 2528 2619 —
2573 2582 2646 2634 De
2674 2581 2784 2634 illis
2810 2583 2907 2648 qui
2929 2596 3030 2649 per
3075 2582 3258 2636 odium
3287 2582 3607 2637 dissidentes
3644 2584 3793 2635 exti-

2847 2655 3029 2706 terint.

2162 2737 2266 2802 (Ea:
2294 2738 2455 2793 dictis
2485 2740 2540 2794 S.
2575 2737 2819 2803 Isidori.)
2850 2740 2906 2794 Si
2936 2740 3066 2810 quis
3095 2740 3309 2796 discors
3339 2745 3395 2795 et
3436 2740 3689 2811 litigans,
3735 2744 3797 2794 et

2090 2842 2191 2896 per
2234 2827 2429 2881 odium
2484 2827 2768 2882 dissidens
2818 2828 3091 2895 extiterit,
3124 2845 3379 2900 quosque
3428 2830 3498 2883 ad
3559 2846 3797 2883 concor-

2092 2915 2247 2969 diam
2304 2916 2519 2980 redeat,
2551 2932 2586 2969 a
2638 2921 2918 2970 conventu
2974 2922 3031 2971 et
3084 2918 3351 2973 societate
3409 2918 3689 2986 Ecclesiae,
3733 2925 3796 2973 et

288 3003 517 3067 gratum
574 2998 865 3052 servitium
914 2999 966 3053 ei
1017 3000 1369 3066 exhibentes,
1422 3006 1553 3072 post
1605 3000 1751 3055 hanc
1808 3001 1979 3055 vitam
2013 3003 2053 3057 C
2091 3019 2338 3058 canones
2366 3004 2589 3073 jubent,
2624 3004 2843 3059 alienus
2875 3007 3099 3061 existat.

288 3102 393 3155 per
425 3086 547 3155 ejus
574 3085 816 3155 gratiam
856 3102 1183 3141 mereamur
1237 3088 1652 3142 beatitudinem
1689 3089 1979 3159 possidere

288 3174 718 3244 sempiternam.

290 3281 420 3352 CAP.
448 3280 674 3334 XLVIII.
703 3310 772 3320 —
800 3284 873 3336 De
901 3282 1267 3336 sacerdotibus
1296 3287 1345 3337 et
1364 3285 1981 3352 reliquisecclesiasticis

323 3351 605 3406 ordinibus
633 3354 731 3420 qui
759 3367 962 3420 magos,
1010 3355 1230 3419 ariolos,
1261 3358 1358 3408 aut
1384 3351 1595 3409 divinos
1642 3357 1942 3410 consulunt.

361 3440 471 3508 (Ea:
499 3441 717 3494 concilio
754 3442 1018 3509 Toletan.,
1052 3444 1228 3509 capite
1275 3442 1384 3511 29.)
1417 3442 1472 3496 Si
1504 3442 1631 3513 quis
1660 3443 1982 3514 episcopus,

288 3533 387 3581 aut
412 3527 728 3597 presbyter,
760 3528 875 3582 sive
924 3530 1217 3599 diaconus,
1249 3531 1336 3585 vel
1368 3531 1611 3601 quilibet
1657 3548 1724 3586 ex
1780 3534 1982 3587 ordine

288 3616 647 3682 clericorum,
680 3632 899 3686 magos,
949 3624 1048 3672 aut
1103 3619 1409 3688 aruspices,
1463 3625 1561 3674 aut
1616 3622 1844 3690 ariolos,
1895 3622 1982 3676 vel

290 3704 610 3774 sortilegos,
641 3709 741 3758 aut
796 3721 894 3758 eos
943 3705 1041 3776 qui
1072 3706 1411 3776 proﬁtentur
1465 3713 1643 3762 artem
1704 3710 1977 3781 aliquam,

288 3797 388 3846 aut
418 3793 638 3863 aliquos
670 3808 869 3846 eorum
900 3794 1108 3848 similia
1149 3800 1471 3849 exercentes
1526 3799 1826 3852 consulens
1858 3800 1980 3854 fue-

291 3879 365 3933 rit
396 3879 804 3947 deprehensus,
850 3881 919 3935 ab
950 3882 1166 3935 honore
1195 3883 1486 3954 dignitatis
1515 3902 1631 3940 suae
1667 3887 1978 3957 depositus,

292 3966 705 4021 monasterium
729 3968 1042 4037 ingressus,
1085 3969 1281 4040 ibique
1312 3977 1601 4042 perpetuas
1632 3974 1981 4044 poenitentiae

290 4056 535 4123 deditus,
565 4056 745 4109 scelus
776 4056 1089 4112 admissum
1120 4060 1403 4131 sacrilegii
1429 4062 1564 4115 luat.

363 4162 489 4216 CAP.
515 4162 691 4217 XLIX.
711 4191 775 4204 —
797 4165 870 4217 De
894 4165 1126 4301 illisfqui
1144 4166 1502 4291 adtfascinum
1519 4170 1911 4223 incantationes

1032 4250 1205 4290 ecerin
1235 4279 1248 4293 .

1032 4245 1248 4293 'ecerint.

360 4322 471 4380 (Ea:
518 4322 737 4377 concilio
765 4322 1060 4392 Cabillon.,
1101 4328 1277 4393 capite
1306 4327 1383 4395 5.)
1411 4327 1466 4382 Si
1498 4328 1625 4398 quis
1661 4333 1976 4397 praecanta-

292 4410 435 4465 verit
481 4410 549 4465 ad
606 4410 903 4474 fascinum,
964 4413 1052 4466 vel
1083 4416 1505 4487 qualescunque
1541 4417 1979 4486 praecantiones,

298 4499 545 4571 exceptis
603 4499 875 4570 Symbolo
934 4505 989 4554 et
1051 4503 1306 4557 oratione
1363 4504 1681 4571 Dominica,
1718 4505 1818 4576 qui
1848 4522 1979 4561 can-

291 4592 395 4653 tat,
430 4592 486 4642 et
515 4587 614 4658 qui
659 4593 941 4656 cantatur,
976 4594 1089 4644 tres
1119 4591 1593 4663 Quadragesimas
1618 4593 1678 4646 in
1727 4610 1876 4665 pane
1928 4600 1984 4650 et

299 4692 447 4746 aqua
485 4676 776 4746 paeniteat.

400 4784 527 4839 CAP.
566 4785 623 4838 L.
658 4814 724 4825 —
770 4785 925 4849 Quod
953 4786 1337 4842 dmoniacum
1364 4794 1549 4856 petras
1576 4789 1660 4842 vel
1684 4790 1876 4845 herbas

645 4858 759 4909 sine
794 4858 1160 4911 incantatione
1191 4860 1351 4914 liceat
1387 4865 1621 4927 portare.

364 4943 485 5011 (Ea:
538 4941 698 4997 dictis
751 4944 1024 5013 Ilierony.)
1083 4944 1444 4999 Daemonium
1496 4946 1799 5002 sustinenti
1852 4947 1983 5003 licet

290 5036 481 5101 petras
507 5031 594 5085 vel
624 5030 831 5086 herbas
860 5032 1071 5086 habere
1099 5032 1222 5086 sine
1253 5032 1658 5090 incantatione.

362 5138 488 5193 CAP.
532 5138 613 5192 LI.
662 5168 731 5177 -—
766 5140 832 5193 Ut
860 5138 1113 5192 maledici
1139 5141 1251 5193 nisi
1274 5154 1328 5192 se
1357 5144 1635 5208 corrigunt
1687 5158 1912 5210 regnum

838 5212 936 5263 Dei
960 5225 1067 5262 non
1101 5210 1431 5278 possideant.

2090 3109 2216 3164 CAP.
2252 3111 2435 3164 LVIII.
2469 3140 2538 3150 —
2569 3114 2647 3166 De
2674 3113 2767 3165 illo
2819 3114 2917 3180 qui
2961 3112 3083 3167 odio
3114 3113 3307 3167 habeat
3337 3114 3592 3182 aliquem,
3622 3117 3673 3167 et
3714 3113 3794 3167 ad

2598 3198 2784 3251 pacem
2806 3187 3005 3238 reverti
3021 3186 3272 3239 noluerit.

2177 3268 2285 3337 (Ea:
2315 3269 2541 3337 eodem.)
2562 3269 2617 3325 Si
2646 3270 2775 3341 quis
2823 3271 2955 3325 odio
2986 3271 3157 3325 habet
3205 3272 3476 3343 aliquem,
3509 3272 3591 3327 ita
3621 3276 3685 3326 ut
3715 3273 3789 3327 ad

2086 3373 2287 3428 pacem
2317 3358 2524 3412 reverti
2546 3374 2657 3412 non
2683 3359 2834 3425 velit,
2878 3360 3022 3414 sicut
3080 3360 3259 3414 sancti
3310 3362 3502 3415 Patres
3579 3364 3790 3416 statue-

2088 3451 2246 3513 runt,
2316 3447 2842 3502 excommunicetur
2907 3454 2963 3503 et
3011 3448 3079 3503 ab
3153 3449 3397 3503 Ecclesia
3462 3454 3785 3521 separetur,

2090 3534 2272 3589 donec
2302 3536 2721 3590 reconcilietur.

2525 3625 2651 3679 CAP.
2690 3626 2819 3679 LIX.
2848 3654 2917 3665 —
2955 3629 3029 3680 De
3064 3626 3248 3680 eadem
3272 3641 3347 3680 re.

2161 3714 2269 3777 (Ea:
2326 3711 2469 3766 decr.
2506 3713 2742 3767 Fabiani
2780 3730 2961 3782 papae,
3004 3718 3180 3783 capite
3211 3714 3287 3783 3.)
3327 3714 3385 3769 Si
3423 3714 3550 3785 quis
3580 3716 3793 3770 contri-

2089 3804 2268 3854 status
2294 3800 2544 3855 noluerit
2573 3802 2932 3855 reconciliari
2984 3803 3362 3858 satisfacientc
3393 3820 3460 3857 eo
3501 3804 3602 3874 qui
3653 3821 3791 3859 con-

2088 3888 2355 3957 tristavit,
2404 3889 2693 3943 acerrimis
2752 3896 3070 3945 maceretur
3124 3892 3352 3960 inediis,
3408 3908 3589 3962 usque
3651 3893 3792 3948 dum

2090 3977 2337 4047 gratanti
2366 3977 2557 4032 animo
2588 3979 3029 4033 satisfactionem
3068 3980 3329 4050 recipiat.

2551 4067 2677 4121 CAP.
2707 4068 2807 4123 LX.
2844 4096 2913 4109 —
2940 4072 3015 4123 De
3035 4069 3221 4122 eadem
3246 4085 3320 4123 re.

2162 4150 2267 4220 (Ea:
2293 4152 2517 4223 eodem.)
2549 4154 2606 4208 Si
2636 4155 2763 4226 quis
2794 4172 2906 4210 non
2934 4157 3056 4210 vult
3096 4157 3453 4212 reconciliari
3483 4158 3645 4213 fratri
3686 4176 3793 4215 suo

2012 4282 2053 4337 Β
2092 4256 2264 4312 quem
2297 4240 2427 4295 odio
2465 4242 2654 4309 habet,
2698 4245 2916 4299 tamdiu
2947 4244 3005 4298 in
3038 4261 3187 4316 pane
3223 4251 3279 4300 et
3308 4263 3455 4318 aqua
3485 4248 3791 4318 pasniteat,

2091 4344 2273 4399 usque
2300 4330 2438 4384 dum
2470 4332 2865 4387 reconcilietur
2896 4333 2967 4387 ei.

2531 4419 2658 4474 CAP.
2694 4420 2824 4475 LXI.
2853 4451 2921 4460 —
2955 4423 3033 4475 De
3059 4422 3242 4476 eadem
3261 4438 3338 4475 re.

2159 4504 2268 4575 (Ea:
2320 4508 2539 4563 concilio
2569 4512 2858 4577 Agatensi,
2891 4512 3069 4579 capite
3105 4512 3180 4577 7.)
3213 4512 3431 4565 Placuit
3468 4512 3663 4579 etiam,
3727 4519 3795 4569 ut

2089 4591 2235 4647 sicut
2255 4594 2597 4666 plerumque
2629 4596 2693 4650 ﬁt
2726 4601 2786 4651 ut
2812 4598 3139 4669 quicunque
3168 4604 3265 4653 aut
3288 4600 3608 4671 longinqua
3637 4601 3795 4657 inter

2088 4697 2147 4735 se
2187 4681 2283 4735 lite
2311 4682 2711 4754 discesserunt,
2739 4690 2794 4739 et
2850 4687 2920 4741 ad
2950 4704 3150 4757 pacem
3213 4689 3463 4743 revocari
3514 4690 3795 4745 diuturna

2088 4768 2405 4825 intentione
2432 4774 2815 4843 nequiverint,
2841 4775 2910 4829 de
2953 4776 3212 4831 Ecclesia:
3265 4782 3415 4833 coetu
3471 4779 3795 4849 justissima

2089 4860 2681 4916 excommunicatione
2711 4864 3020 4933 pellantur.

2089 4965 2216 5019 CAP.
2253 4966 2404 5021 LXII.
2438 4998 2505 5007 —
2538 4972 2611 5023 De
2648 4970 2760 5025 illis
2790 4974 2887 5039 qui
2934 4974 3299 5097 cotntentiones
3328 4978 3379 5028 et
3430 4975 3589 5029 rimas
3635 4991 3793 5031 ama-

2828 5058 2983 5097 verm
3014 5085 3024 5095 .

2828 5058 3007 5097 verant
3014 5085 3024 5095 .

2161 5126 2273 5189 (E1:
2305 5125 2502 5195 eodem,
2536 5131 2713 5198 capite
2743 5132 2819 5197 5.)
2849 5130 2905 5185 Si
2935 5131 3063 5201 quis
3090 5131 3487 5187 contentiones
3518 5134 3607 5188 vel
3635 5134 3793 5189 rixas

2089 5214 2383 5283 amaverit,
2417 5218 2503 5270 vel
2547 5218 2916 5274 manifestum
2966 5219 3277 5275 convitium
3315 5221 3450 5276 frati
3501 5221 3789 5295 intulerit,

364 5294 675 5363 (Apostolus
706 5292 885 5364 dicit.)
916 5294 1218 5363 Apostolus
1252 5294 1387 5348 dicit
1413 5313 1430 5349 :
1476 5297 1670 5367 Neque
1716 5297 1978 5353 maledici
2083 5300 2246 5372 juxta
2266 5303 2569 5359 arbitrium
2595 5307 2826 5362 rectoris
2849 5308 3204 5380 modumque
3222 5310 3459 5381 peccati,
3492 5292 3786 5369 diuturna;

290 5396 534 5452 regnum
569 5382 665 5435 Dei
714 5381 1111 5453 possidebunt.
1145 5382 1201 5437 Si
1244 5382 1372 5454 quis
1414 5383 1519 5438 hoc
1549 5390 1843 5455 peccatum
1876 5388 1980 5443 ad-

289 5470 531 5536 miserit,
565 5475 678 5525 tam
710 5472 924 5541 grande
956 5472 1248 5543 paeniteat,
1310 5488 1483 5543 quam
1516 5475 1732 5544 grande
1768 5492 1980 5547 perpe-

290 5558 439 5613 ravit
466 5560 827 5632 scelus,quod
859 5577 891 5614 a
914 5575 1090 5633 regno
1123 5559 1222 5616 Dei
1254 5578 1371 5617 non
1401 5568 1716 5635 separetur.

2089 5393 2349 5462 expietur
2368 5394 2722 5464 poenitentia.

2088 5481 2195 5535 CAP
2255 5483 2431 5537 LXIII.
2455 5512 2528 5525 —
2548 5487 2618 5538 De
2646 5486 2756 5539 illis
2784 5489 2880 5555 qui
2898 5488 3087 5553 faciles
3109 5493 3234 5543 sunt
3254 5488 3328 5542 ad
3371 5488 3785 5547 detrahendum.

2159 5571 2279 5637 (Ea:
2305 5572 2501 5639 eodem,
2539 5575 2716 5641 capite
2757 5576 2865 5645 l0.)
2905 5576 2961 5630 Si
2999 5576 3129 5649 quis
3157 5582 3459 5649 promptus
3488 5578 3785 5652 facilisque
