3944 6322
124 352 233 403 853
1048 347 1525 405 DECRE'I‘ORUM
1571 348 1751 405 LIBRI
1793 351 1896 405 XX.
1942 379 2010 389 —
2053 350 2257 405 LIBER
2302 348 2725 404 UNDECIMUS.
3531 352 3635 405 854

126 476 215 525 est
278 471 349 525 ad
407 469 848 534 detrahendum,
908 469 1218 540 dicensque
1274 471 1427 540 quod
1474 487 1674 524 verum
1722 480 1911 533 nonA
1949 471 2110 542 gium
2157 471 2483 536 committit,
2518 476 2575 525 et
2626 472 2728 543 qui
2774 473 3068 527 ecclesiam
3120 473 3218 527 Dei
3255 474 3528 541 devastat,
3583 480 3644 529 et

127 565 237 627 est,
272 560 341 613 VI
376 559 496 614 dies
524 558 585 611 in
616 574 761 629 pane
804 562 861 612 et
888 574 1061 629 aqua,
1094 565 1481 630 sequestratus
1511 576 1544 613 a
1587 560 1840 614 fraterno
1950 558 2245 613 incendit:
2278 558 2410 630 quia
2451 563 2508 613 et
2537 559 2646 612 hoc
2695 559 3059 629 sacrilegium
3107 565 3210 628 est,
3258 561 3475 631 placuit
3522 579 3649 616 san-

127 647 448 711 consortio,
484 646 775 717 poeniteat.
1951 654 2053 703 ctze
2104 649 2322 719 synodo
2373 653 2437 701 ut
2465 648 2526 702 in
2578 665 2691 702 uno
2746 650 2891 713 loco,
2927 649 2983 703 id
3032 654 3116 703 est
3163 649 3225 703 in
3271 651 3645 718 monasterio,

132 738 269 791 Car.
295 735 485 790 LXIV.
517 765 586 774 —
616 737 688 789 De
716 735 828 789 illis
862 736 959 802 qui
975 738 1163 787 contra
1184 737 1455 803 episcopos
1484 749 1607 789 suos
1638 740 1845 805 conspi—
1950 736 2231 806 poeniteat
2262 735 2526 789 omnibus
2552 736 2752 790 diebus
2782 737 2912 789 vitae
2944 753 3081 790 suae.

866 808 1134 859 raverint.
2261 825 2389 879 CAP.

2261 825 2389 879 CAP.
2427 825 2555 878 LVI.
2594 853 2662 864 —
2690 825 2772 878 De
2802 826 3010 878 clericis
3036 825 3338 878 maledicis.

208 893 337 965 (Eo:
365 896 527 963 epist.
564 895 765 948 Galist.
797 908 955 962 papa
985 893 1058 946 ad
1087 907 1263 947 omnes
1298 894 1495 947 Galliae
1524 896 1765 963 episcopo

2087 916 2133 965 Ia:
2153 914 2375 967 concilio
2399 913 2682 978 Carlhag.,
2697 916 2875 981 capile
2894 915 3008 983 57.)
3038 912 3290 967 Clericus
3312 912 3644 979 maledicus,

138 983 656 1070 Conspirationum
732 997 868 1035 vero
922 980 1165 1034 crimina
1219 980 1416 1033 vestris
1447 980 1530 1070 Ain
1586 982 1846 1052 partibus
1953 1000 2201 1055 maxime
2248 1016 2281 1052 ἃ
2310 999 2696 1053 sacerdotibus
2743 1004 2976 1070 cogatur
3009 1000 3078 1054 ad
3118 1000 3522 1070 postulanda",
3555 1016 3650 1053 γε,

135 1070 339 1140 vigere
380 1069 726 1137 audivimus,
769 1073 823 1123 et
870 1069 1065 1140 plebes
1111 1074 1310 1123 contra
1366 1068 1659 1140 episcopos

2091 1105 2127 1142 ι.
2174 1089 2232 1143 Si
2265 1088 2535 1155 noluerit,
2570 1068 2932 1158 degradetur,
2966 1104 3070 1142 nec
3103 1068 3365 1159 unquam
3412 1089 3485 1142 ad
3514 1089 3648 1143 ofli-

138 1158 481 1228 conspirare
538 1158 704 1211 nobis
760 1157 1097 1211 mandatum
1163 1162 1264 1210 est.
1335 1157 1524 1211 Cuivis
1589 1158 1846 1211 criminis
1953 1179 2126 1243 cium,
2161 1178 2376 1247 absque
2403 1157 2784 1231 δειίδςοριίοηθ
2814 1181 3129 1230 revocetur.

140 1246 359 1300 astutia
411 1262 528 1300 non
596 1246 782 1299 solum
839 1246 991 1299 inter
1038 1245 1387 1301 Christianos
1445 1245 1846 1299 abominabilis
1954 1265 2082 1319 οη,
2119 1245 2321 1317 ιΧνιῘ,
2356 1292 2427 1303 -
2470 1267 2546 1318 De
2583 1265 2691 1317 ίιιίε
2723 1266 2820 1333 qui
2849 1264 3143 1317 detrahunt
3187 1265 3301 1317 suis
3340 1262 3644 1331 prioribus.

140 1338 249 1401 est,
279 1334 381 1388 sed
413 1334 585 1388 etiam
612 1333 758 1387 inter
785 1334 1063 1401 ethnicos,
1096 1334 1240 1389 etab
1267 1334 1474 1387 exteris
1499 1335 1624 1404 lege
1650 1335 1845 1405 prohi-
2027 1352 2133 1422 (Εω
2174 1352 2335 1406 dictis
2377 1352 2578 1405 Basilii
2622 1351 2902 1421 episcopi.)
2951 1351 3008 1405 Si
3038 1350 3166 1421 quis
3211 1350 3519 1404 detraxerit
3548 1349 3649 1420 qui

139 1422 285 1477 bita-
322 1422 389 1475 Et
437 1422 657 1506 ideirco,
688 1422 859 1493 huius
890 1422 1147 1476 Criminis
1185 1438 1333 1488 r905:
1379 1438 1496 1475 non
1525 1422 1710 1476 5010111
1743 1424 1847 1476 Εο-
1955 1440 2008 1493 ei
2057 1446 2281 1509 praeest,
2333 1440 2427 1492 VII
2460 1440 2577 1493 dies
2622 1455 2655 1491 a
2699 1444 2983 1493 conventu
3033 1439 3283 1492 ecclesia:
3332 1443 3643 1508 separatus,

142 1510 503 1579 clesiasticae,
538 1510 636 1565 sed
667 1510 841 1565 etiam
873 1511 1068 1565 saeculi
1106 1511 1383 1564 damnant
1413 1511 1569 1580 leges
1597 1527 1610 1564 :
1646 1516 1702 1564 et
1732 1528 1844 1565 non
1957 1534 2021 1582 ut
2047 1528 2220 1583 Maria
2268 1544 2428 1581 soror
2475 1531 2667 1581 Aaron
2701 1543 2826 1597 qua;
2872 1526 3115 1581 den-axi;
3143 1526 3301 1593 Μοδί,
3350 1525 3645 1595 ρωοίιεειι,

144 1599 339 1653 501nm
397 1598 807 1669 conspirantes:
861 1600 960 1653 Sed
1010 1604 1068 1654 et
1115 1600 1533 1653 consentientes
1583 1599 1683 1653 θίε·
1725 1602 1847 1654 ΑΠ’
1956 1617 2083 1670 CAP.
2124 1616 2357 1671 LXVIII.
2390 1645 2458 1654 —
2487 1618 2559 1669 De
2586 1617 2794 1671 clericis
2820 1617 2904 1669 vel
2928 1615 3202 1669 monachis
3233 1614 3646 1682 conjuranlibus

144 1691 465 1742 tecessores
513 1704 646 1741 vero
695 1688 876 1742 nostri
910 1704 1082 1759 quam
1131 1689 1381 1759 plurima
1421 1687 1592 1741 turba
1631 1687 1847 1757 episco-
2152 1689 2233 1740 vel
2261 1687 2696 1756 conspirantibus
2727 1691 2913 1740 contra
2942 1701 3246 1754 episcopum
3277 1700 3453 1739 suum.

145 1791 385 1845 porum,
414 1775 745 1848 quicunque
775 1792 977 1831 eorum
1007 1776 1067 1830 in
1106 1776 1443 1831 sacerdotali
1472 1775 1672 1829 ordine
1717 1781 1848 1830 sunt
1882 1770 1918 1823 Β
2030 1775 2149 1846 (Ea:
2179 1776 2401 1829 concilio
2435 1774 2717 1841 Chalced.,
2748 1777 2923 1843 capite
2953 1774 3064 1842 19.)
3095 1773 3153 1827 Si
3182 1772 3281 1843 qui
3300 1788 3436 1840 ergo
3459 1770 3652 1825 clerici

148 1864 455 1918 constituti
501 1870 600 1918 aut
628 1865 882 1919 existunt
927 1865 1137 1932 clerici,
1178 1866 1399 1919 honore
1450 1880 1564 1934 quo
1606 1868 1851 1918 utuntur
1960 1863 2044 1916 vel
2079 1861 2341 1917 monachi
2371 1862 2585 1932 reperti
2627 1862 2842 1916 fuerint
2878 1862 3243 1932 conjurantes
3288 1866 3387 1915 aut
3415 1859 3651 1930 conspi-

150 1967 348 2006 carere
410 1958 811 2025 praeceperunt
864 1970 876 2007 :
942 1960 1176 2008 caeteros
1245 1970 1377 2007 vero
1443 1951 1851 2006 communione
1958 1954 2169 2017 rantes,
2213 1956 2314 2004 aut
2342 1950 2579 2003 insidias
2608 1956 2888 2019 ponentes
2939 1948 3240 2019 episcopis,
3271 1952 3369 2002 aut
3405 1946 3646 2014 clericis,

151 2040 390 2109 privari,
445 2045 505 2094 et
546 2042 616 2095 ab
671 2041 906 2096 ecclesia
949 2048 1199 2096 extorres
1247 2042 1374 2096 ﬁeri
1424 2042 1739 2110 jusserunt,
1796 2047 1853 2095 et
1959 2039 2136 2109 gradu
2169 2039 2403 2110 proprio
2435 2038 2685 2108 poenitus
2717 2037 3075 2105 abjiciantur.

150 2144 270 2183 non
302 2129 493 2183 solum
524 2129 814 2196 facientes,
847 2131 945 2185 sed
978 2132 1058 2185 eis
1088 2131 1528 2185 consentientes.
2359 2127 2487 2181 CAP.
2534 2126 2716 2180 LXIX.
2752 2155 2819 2165 —
2850 2129 2922 2180 De
2951 2124 3134 2179 eadem
3164 2141 3240 2178 re.

585 2219 712 2273 CAP.
748 2220 900 2275 LXV.
933 2249 1003 2260 —
1032 2223 1107 2273 De
1137 2220 1321 2274 eadem
1344 2235 1421 2273 re.
2030 2216 2210 2286 Igitur
2252 2215 2301 2269 si
2349 2215 2542 2269 clerici
2588 2220 2686 2268 aut
2714 2214 2981 2268 monachi
3030 2213 3247 2267 inventi
3278 2211 3493 2267 fuerint
3521 2228 3649 2265 con-

229 2307 352 2377 (Ew
377 2306 602 2362 concilio
632 2310 899 2374 Tungren.
933 2311 1109 2377 capite
1138 2308 1213 2378 5.)
1246 2308 1510 2378 Quisquis
1531 2323 1635 2378 per
1658 2306 1849 2361 dolum
1954 2304 2154 2374 jurati,
2208 2308 2305 2358 aut
2350 2320 2455 2374 per
2510 2302 2965 2373 conjurationem
3024 2302 3373 2356 calumniam
3426 2299 3649 2355 machi-

152 2395 333 2448 mittit
364 2411 601 2448 manum
634 2412 796 2450 suam
827 2396 886 2450 in
919 2396 1207 2453 Christum
1250 2396 1478 2450 Domini
1518 2395 1852 2467 episcopum
1960 2397 2158 2447 nantes
2186 2392 2465 2463 episcopis
2513 2393 2597 2446 vel
2632 2392 2866 2459 clericis,
2896 2391 3189 2462 proprium
3223 2390 3489 2445 amittant
3520 2405 3650 2460 gra-

151 2483 438 2550 videlicet,
485 2488 707 2553 patrem
759 2488 816 2538 et
860 2490 1148 2555 pastorem
1194 2499 1404 2537 suum:
1440 2483 1575 2554 quia
1623 2482 1849 2535 sacrile-
1961 2481 2119 2535 dum.

1558 2602 1731 2642 FINIS
1778 2598 1953 2641 LIBRI
2001 2601 2247 2641 DECIMI.

949 2855 1243 2927 INDEX
1301 2855 1987 2928 CAPITULORUM
2045 2855 2299 2927 LIBRI
2360 2853 2855 2927 UNDECIMI.

149 3006 295 3063 CAP.
327 3012 375 3063 1.
411 3009 490 3063 De
521 3008 652 3063 sede
686 3008 1106 3080 episcoporum,
1153 3025 1254 3064 cur
1304 3010 1364 3063 in
1394 3010 1640 3065 Ecclesia
1678 3010 1847 3064 altius
1878 3011 1918 3065 C
1965 3013 2044 3067 19.
2090 3011 2167 3065 De
2198 3010 2400 3065 eadem
2430 3026 2512 3064 re.

221 3096 445 3151 caeteris
475 3097 672 3151 sedere
704 3098 965 3153 debeant.
1955 3101 2041 3152 20.
2088 3100 2167 3154 De
2197 3099 2400 3153 eadem
2428 3116 2507 3153 re.

149 3189 205 3239 2.
250 3186 562 3257 EpiscOpus
593 3203 723 3242 cum
768 3187 1281 3253 excommunicare,
1328 3189 1417 3242 vel
1466 3189 1841 3243 anathemati-
1953 3192 2039 3243 21.
2090 3191 2167 3243 De
2198 3190 2399 3244 eadem
2425 3204 2508 3243 re.

225 3290 354 3328 zare
397 3274 647 3346 aliquem
685 3293 791 3347 pro
848 3276 1017 3331 certis
1069 3282 1125 3330 et
1171 3276 1486 3331 manifestis
1536 3277 1845 3331 sceleribus
1953 3281 2040 3333 22.
2086 3280 2163 3333 De
2194 3279 2395 3332 eadem
2427 3295 2510 3332 re.

227 3363 569 3434 dispositum
599 3365 788 3429 habet,
822 3370 949 3435 post
979 3365 1280 3420 lectionem
1310 3365 1601 3436 Evangelii
1627 3366 1843 3420 clerum
1952 3371 2040 3423 23.
2083 3370 2163 3423 De
2227 3369 2313 3423 his
2368 3368 2466 3439 qui
2522 3367 2758 3421 domum
2830 3364 2931 3419 Dei
2983 3362 3476 3433 contemptibilem
3544 3362 3643 3415 du-

227 3456 281 3503 et
308 3451 538 3521 plebem
569 3451 649 3506 ita
677 3452 848 3507 debet
875 3453 1110 3524 alloqui.
2023 3462 2183 3512 cunt.

154 3541 207 3594 3.
250 3538 441 3593 Prima
466 3540 995 3595 excommunicatio.
1952 3547 2040 3600 24.
2087 3548 2164 3600 De
2195 3546 2391 3600 eadem
2423 3562 2503 3599 re.

152 3628 204 3682 4.
249 3628 390 3682 Item
419 3630 1024 3684 excommunicationis
1054 3630 1344 3685 allocutio.
1952 3639 2040 3691 25.
2086 3638 2155 3691 Ut
2206 3652 2297 3690 res
2354 3636 2556 3690 ablatae
2611 3650 2741 3688 cum
2802 3631 3280 3703 multiplicatione
3334 3628 3641 3683 restituan-

155 3719 207 3769 ὃ.
250 3717 774 3774 Excommunicatio
801 3720 1068 3774 secunda.
2023 3731 2139 3779 tur.

154 3808 204 3860 6.
248 3806 387 3860 Item
415 3807 581 3861 tertia
613 3807 1146 3862 excommunicatio.
1952 3818 2041 3869 26.
2083 3815 2244 3880 Quod
2300 3813 2809 3869 ecclesiasticarum
2860 3825 3053 3864 rerum
3107 3806 3392 3869 incendia,
3453 3809 3509 3859 et
3555 3804 3646 3859 de-

150 3899 205 3948 7.
246 3895 768 3951 Excommunicatio
800 3900 1024 3967 quarta.
2022 3903 2403 3975 praedationes
2428 3919 2531 3973 pro
2559 3901 2873 3957 emunitate
2898 3899 3011 3952 sint
3037 3896 3430 3952 emendandae.

154 3986 205 4037 8.
246 3983 654 4039 Reconciliatio
688 3985 1187 4041 excommunicati.
1954 3994 2042 4047 27.
2084 3994 2165 4047 De
2227 3992 2398 4047 rebus
2448 3988 2861 4055 ecclesiasticis,
2922 3987 3213 4059 quomodo
3272 3982 3498 4038 restitui
3554 3982 3646 4036 de-

155 4088 186 4139 9
251 4073 329 4126 Ne
375 4073 633 4145 episcopi
678 4075 1003 4146 praecipites
1051 4074 1165 4129 sint
1212 4073 1463 4146 aliquem
1512 4091 1841 4130 excommu-
2023 4082 2217 4135 beant.

230 4160 436 4215 Dicareo
1953 4173 2041 4225 28.
2083 4170 2242 4234 Quod
2268 4168 2529 4240 sacrilegi
2559 4168 2679 4223 sint
2708 4167 3076 4223 ecclesiarum
3106 4162 3425 4235 praedones.

163 4250 245 4304 10.
292 4251 369 4304 De
397 4250 598 4306 eadem
628 4267 709 4305 re.

1874 4293 1917 4347 Β
1954 4260 2042 4312 29.
2088 4257 2165 4310 De
2194 4256 2506 4347 eademire.

161 4342 245 4392 11.
290 4339 366 4394 De
395 4340 595 4395 eadem
627 4357 709 4398 re.
1876 4336 1912 4347 ”
1956 4348 2041 4401 30.
2086 4348 2164 4401 De
2192 4345 2283 4400 his
2325 4346 2424 4418 qui
2468 4343 2856 4400 truncationes
2883 4344 3303 4406 membrorum,
3347 4336 3642 4408 depraada—

160 4430 244 4482 12.
289 4430 356 4483 Ut
386 4430 578 4483 nullus
629 4430 877 4502 graviter
920 4431 1083 4498 ferat,
1133 4431 1295 4502 cujus
1342 4428 1723 4500 parochianus
1771 4430 1843 4485 ab
2022 4436 2223 4503 tiones,
2258 4440 2313 4490 et
2343 4436 2645 4489 domorum
2674 4432 2941 4487 incendia
2962 4430 3218 4487 fecerint.

227 4516 335 4571 alio
382 4518 649 4591 episcopo
709 4536 813 4592 pro
879 4525 1033 4575 certa
1091 4521 1258 4591 culpa
1316 4519 1844 4574 excommunicatus
1952 4528 2040 4579 3t.
2081 4525 2243 4589 Quod
2272 4539 2401 4578 cum
2431 4521 2923 4578 excommunicato
2952 4536 3114 4575 orare
3144 4534 3263 4573 non
3286 4515 3469 4571 liceat.

227 4605 415 4662 fuerit.
1952 4616 2038 4668 32.
2086 4615 2162 4668 De
2194 4613 2392 4667 eadem
2414 4629 2493 4667 re.

162 4697 245 4751 l3.
286 4697 362 4750 De
392 4697 506 4752 illis
536 4697 634 4769 qui
665 4698 724 4752 in
754 4699 1024 4768 parochia
1050 4668 1422 4754 consistentes
1452 4698 1671 4770 aliquid
1701 4714 1844 4751 con—
1951 4705 2038 4759 33.
2085 4704 2163 4757 De
2192 4702 2391 4757 eadem
2423 4717 2506 4755 re.

230 4789 314 4838 tra
346 4786 526 4840 Deum
563 4786 822 4853 fecerint,
870 4788 1096 4859 quoties
1136 4788 1206 4842 ab
1238 4788 1505 4859 episcopo
1550 4788 1619 4842 ad
1646 4804 1841 4844 emen-
1952 4792 2039 4847 34.
2086 4792 2160 4845 De
2187 4791 2383 4845 eadem
2414 4805 2497 4843 re.

229 4874 517 4929 dationem
546 4877 734 4931 vocari
765 4877 1026 4932 debeant.
1954 4882 2040 4935 35.
2084 4882 2162 4934 De
2193 4880 2393 4934 eadem
2425 4894 2505 4931 re.

165 4963 245 5017 14.
287 4965 364 5018 De
395 4965 593 5019 eadem
620 4982 701 5021 re.
1954 4973 2041 5025 36.
2086 4971 2164 5024 De
2193 4970 2389 5024 eadem
2422 4984 2502 5021 re.

165 5055 245 5106 l5.
288 5053 447 5118 Quod
484 5055 641 5110 aliud
672 5056 744 5111 sit
786 5072 1020 5127 peccare
1047 5056 1106 5111 in
1138 5058 1337 5123 Deum,
1379 5056 1535 5111 aliud
1564 5057 1624 5110 in
1654 5057 1841 5111 homi-
1952 5062 2038 5114 37.
2082 5061 2161 5114 De
2188 5059 2389 5113 eadem
2419 5072 2498 5111 re.

231 5159 381 5197 nem.
1953 5152 2041 5205 38.
2084 5150 2163 5203 De
2191 5147 2391 5202 eadem
2416 5163 2498 5200 re.

166 5234 247 5285 16.
288 5233 366 5286 De
393 5233 594 5288 eadem
622 5249 703 5289 re.
1956 5240 2043 5292 39.
2088 5237 2165 5289 De
2192 5235 2391 5289 eadem
2423 5251 2503 5288 re.

166 5322 248 5375 17.
287 5322 447 5385 Quod
490 5327 749 5378 sanctum
797 5328 1122 5379 sanctorum
1155 5325 1228 5379 sit
1266 5324 1545 5397 quidquid
1600 5323 1844 5379 Domino
1954 5326 2042 5379 40.
2086 5324 2163 5378 De
2193 5323 2391 5378 eadem
2421 5338 2505 5377 re.

232 5410 519 5468 offeratur.
1953 5414 2042 5467 41.
2088 5414 2166 5467 De
2192 5411 2390 5465 eadem
2417 5427 2498 5465 re.

170 5503 248 5556 18.
295 5503 372 5556 De
422 5502 536 5557 illis
574 5502 674 5574 qui
721 5502 928 5559 Christi
976 5504 1250 5574 pecunias
1303 5504 1570 5559 auferunt
1619 5503 1706 5558 vel
1752 5518 1845 5558 ra-
1954 5503 2044 5555 42.
2086 5503 2164 5555 De
2194 5500 2394 5555 eadem
2427 5516 2503 5553 re.

234 5591 418 5662 piunt.
1954 5592 2043 5646 43.
2088 5592 2165 5643 De
2191 5588 2391 5644 eadem
2424 5603 2504 5642 re.
