3944 6334
242 342 344 395 855
1324 329 1725 387 BUBCHARDI
1765 326 2294 385 WORMACIENSIS
2336 321 2669 380 EPISCOPI.
2760 346 2762 354 π
3673 311 3805 369 856

240 463 330 516 44.
375 431 452 516 De
481 460 684 515 eadem
713 474 798 514 re.
1962 456 2008 506 Α
2047 453 2134 506 65.
2181 452 2258 505 De
2288 448 2402 504 illis
2433 447 2532 519 qui
2562 446 2632 501 de
2665 441 2986 499 ministerio
3018 439 3279 496 Ecclesiae
3325 438 3542 510 aliquid
3576 437 3651 492 fu
3665 431 3805 489 rati

240 552 329 605 45.
375 551 448 606 De
475 548 586 602 illis
612 547 712 618 qui
743 562 813 600 ex
845 544 956 599 alia
986 543 1260 616 parochia
1289 546 1444 612 sunt,
1476 546 1530 597 et
1561 539 1939 613 depraedatio-
2120 531 2354 594 fuerint.

318 655 417 693 nes
443 615 678 691 faciunt.
998 615 1003 616 ί
2051 631 2139 684 66.
2185 630 2261 682 De
2295 623 2612 690 monachis,
2646 621 2693 676 si
2721 621 2791 676 de
2839 619 2991 674 furto
3023 616 3285 672 infamati
3328 615 3566 684 fuerint,
3597 629 3799 686 quo-

244 729 332 781 46.
383 728 454 779 De
485 725 599 778 illis
632 721 731 794 qui
762 722 1078 776 dcfendunt
1101 720 1514 790 delinquentes.
2120 716 2292 770 modo
2319 730 2377 768 se
2409 725 2725 782 expurgare
2757 708 3018 762 debeant.

247 820 333 869 47.
381 816 459 868 De
488 813 602 867 illis
647 791 747 882 qui
789 810 942 865 intra
982 825 1198 864 annum
1229 824 1458 862 causam
1505 824 1668 862 suam
1700 811 1943 862 tractare
2051 809 2136 859 67.
2182 805 2259 858 De
2291 801 2403 856 illis
2434 799 2534 871 qui
2564 800 2900 852 colonorum
2933 795 3162 866 ﬂagella
3187 791 3523 847 defendunt.

327 881 705 972 neglexerint.
2051 896 2138 948 68.
2182 893 2260 946 De
2306 888 2591 961 episcopis
2621 887 2722 957 qui
2768 885 2920 955 apud
2971 886 3292 939 Romanam
3341 881 3530 935 sedem
3587 893 3796 933 accu-

247 992 336 1046 48.
383 992 458 1044 De
489 989 686 1042 eadem
717 1003 798 1042 re.
2123 981 2230 1036 sati
2275 978 2490 1034 fuerint
2529 975 2682 1048 quod
2711 990 2843 1030 cum
2886 969 3394 1028 excommunicatis
3424 965 3796 1022 communi-

248 1081 338 1134 49.
383 1079 454 1132 Ut
503 1082 775 1131 notentur
813 1073 1442 1130 excommunicatorum
1492 1073 1746 1141 nomina,
1789 1077 1845 1128 et
1884 1073 1945 1128 in
2121 1073 2336 1124 carent.

317 1167 534 1221 foribus
568 1163 830 1219 Ecclesiae
858 1163 1258 1234 praeﬁgantur.
2052 1161 2138 1214 69.
2182 1159 2261 1212 De
2293 1153 2574 1226 episcopis
2623 1150 2724 1222 qui
2769 1149 2879 1205 sibi
2925 1147 3207 1219 subjectos
3253 1145 3557 1211 seducunt,
3592 1158 3792 1198 com-

251 1257 339 1311 50.
383 1257 457 1309 De
488 1254 756 1326 episcopo
787 1253 887 1324 qui
918 1257 1051 1307 ante
1098 1253 1348 1308 damnati
1384 1252 1802 1308 absolutionem
1845 1251 1942 1305 ob-
2121 1245 2482 1301 municantes
2511 1257 2641 1297 cum
2667 1236 3200 1295 excommunicatis.

321 1343 472 1398 ierit.
2050 1338 2138 1390 70.
2186 1336 2262 1389 De
2293 1332 2495 1388 eadem
2526 1347 2608 1385 re.

250 1435 337 1486 5t.
380 1432 459 1485 De
491 1430 605 1484 illis
639 1429 741 1502 qui
772 1428 1247 1484 excommunicati
1276 1429 1622 1485 moriuntur.
2053 1430 2139 1480 7t.
2184 1425 2262 1478 De
2293 1419 2594 1494 episcopis,
2642 1423 2708 1472 ut
2735 1433 2852 1472 non
2885 1416 3000 1470 sint
3030 1414 3247 1469 malum
3277 1409 3608 1482 exemplum
3643 1425 3790 1480 po-

252 1523 338 1576 52.
384 1522 460 1574 De
491 1494 691 1574 eadem
726 1535 808 1574 re.

2125 1511 2280 1582 pulo.
3273 1494 3275 1498 ’

253 1613 341 1664 53.
385 1610 463 1663 De
493 1608 716 1662 furibus
743 1612 799 1662 et
826 1607 1012 1662 furtis.
2051 1601 2142 1652 72.
2187 1600 2264 1652 De
2291 1594 2640 1651 correctione
2689 1592 3091 1664 episcoporum
3122 1589 3221 1660 qui
3261 1603 3392 1643 cum
3425 1601 3792 1642 excommu-

254 1701 344 1752 54.
387 1699 464 1752 De
495 1697 698 1751 eadem
727 1711 810 1751 re.
1981 1736 2019 1788 Β
2124 1685 2324 1741 nicatis
2355 1681 2947 1738 communicaverunt.

391 1787 466 1839 De
501 1784 699 1839 eadem
730 1799 812 1839 re.
1982 1761 2019 1788 ⁰
2054 1777 2144 1829 73.
2187 1774 2265 1827 De
2314 1771 2400 1826 his
2453 1771 2554 1841 qui
2612 1772 2991 1825 contemnunt
3037 1766 3294 1820 bannum
3353 1763 3422 1818 ab
3469 1761 3788 1834 episcopis

257 1876 344 1928 56.
388 1875 468 1927 De
502 1873 700 1927 eadem
739 1888 820 1927 re.
2131 1859 2490 1930 impositum.

257 1964 343 2015 57.
388 1961 467 2014 De
497 1959 698 2013 eadem
729 1973 810 2012 re.
2062 1951 2148 2004 74.
2191 1950 2270 2003 De
2318 1964 2386 2003 eo
2441 1963 2543 2018 pro
2597 1945 2806 2017 quibus
2855 1942 3040 1999 causis
3094 1941 3409 2014 quemlibet
3460 1938 3789 1995 hominem

259 2051 347 2103 58.
390 2048 470 2100 De
499 2041 701 2100 eadem
733 2061 813 2100 re.
2134 2035 2520 2090 anathematis
2547 2033 2772 2087 vinculo
2798 2031 2968 2103 ligari
2992 2035 3276 2102 oporteat.

259 2137 345 2189 59.
389 2135 468 2188 De
499 2134 696 2188 eadem
727 2149 806 2188 re.
2062 2127 2154 2179 75.
2199 2125 2278 2178 De
2308 2123 2422 2177 illis
2451 2122 2551 2193 qui
2579 2123 2796 2177 furtum
2828 2126 2884 2175 et
2909 2120 3175 2191 rapinam
3201 2115 3581 2173 exercuerint.

257 2227 346 2277 60.
391 2224 470 2277 De
501 2222 698 2276 eadem
731 2237 806 2275 re.
2064 2217 2149 2266 76.
2195 2214 2274 2267 De
2307 2211 2422 2265 illis
2447 2213 2547 2282 qui
2577 2211 2637 2264 in
2668 2209 2942 2280 patibulis
2972 2207 3422 2279 suspenduntur.

260 2317 346 2367 6|.
392 2314 470 2366 De
501 2310 701 2364 eadem
734 2325 815 2364 re.
2064 2305 2150 2356 77.
2193 2301 2273 2354 De
2302 2299 2583 2370 episcopis
2627 2298 2730 2370 qui
2767 2313 2898 2352 cum
2943 2293 3450 2351 excommunicatis
3497 2307 3789 2348 commu-

260 2400 347 2452 62.
394 2397 469 2450 De
491 2410 652 2449 servo
679 2393 782 2465 qui
808 2392 1020 2464 fugerit
1045 2391 1348 2446 dominum
1380 2406 1569 2446 suum.
2137 2387 2470 2442 nicaverint.

262 2487 348 2541 63.
393 2485 471 2538 De
523 2482 764 2549 clericis,
814 2481 862 2535 si
916 2481 979 2535 in
1035 2479 1415 2535 demoliendis
1467 2477 1742 2550 sepulcris
1797 2493 1953 2534 com-
2066 2480 2152 2533 78.
2197 2478 2274 2530 De
2327 2475 2546 2530 clericis
2595 2474 2696 2546 qui
2746 2473 3004 2545 fugerint
3062 2472 3335 2526 Ecclesias
3377 2487 3527 2539 suas,
3583 2474 3643 2526 et
3691 2471 3776 2526 de

331 2571 604 2645 prehensi
628 2571 858 2626 fuerint.
2136 2564 2311 2619 servis
2337 2563 2438 2636 qui
2462 2563 2726 2619 dominos
2755 2561 3022 2634 proprios
3051 2561 3324 2632 fugerint.

264 2664 350 2718 64.
395 2663 473 2716 De
502 2660 720 2716 clericis
751 2664 848 2714 aut
881 2657 1196 2719 monachis,
1229 2656 1274 2710 si
1300 2657 1518 2712 furtum
1547 2655 1808 2710 fecerint.
2507 2652 2722 2706 Indicis
2755 2652 3140 2722 Capitulorum
3168 2651 3317 2720 ﬁnis.

1596 2954 2439 3060 BURCHABDI

1211 3148 1618 3205 ECCLESLE
1655 3147 2282 3205 WORMATIENSIS
2321 3146 2691 3203 EPISCOPI

381 3353 1730 3504 DECRETORUM
1829 3352 2420 3499 LIBER
2521 3352 3660 3501 UNDECIMUS

1518 3609 1620 3674 DE
1669 3608 2117 3676 EXCOMMUN
2128 3607 2529 3675 [CATIONE.

756 3910 1239 3965 ARGUMENTUM
1281 3909 1486 3965 LIBRI.
2004 3915 2043 3969 C
2079 3913 2300 3980 nicetis,
2332 3917 2390 3970 et
2424 3930 2566 3985 quos
2608 3913 2881 3986 ejecerint
2908 3929 3027 3970 non
3058 3914 3362 3987 recipiatis.
3418 3913 3587 3970 Valde
3619 3915 3781 3970 enim

350 4000 518 4055 Libro
546 4001 654 4054 hoc
698 3999 768 4054 de
797 3999 1403 4065 excommunicatione,
1440 4001 1679 4072 ejusque
1709 4002 1973 4072 neglectu
2084 4003 2340 4057 timenda
2389 4007 2473 4057 est
2522 4003 2806 4058 sententia
2854 4003 3127 4075 episcopi,
3191 4004 3322 4058 licet
3354 4003 3563 4074 injuste
3613 4003 3781 4074 liget,

277 4095 335 4144 et
378 4094 732 4160 contemptu,
781 4088 850 4143 de
879 4088 1102 4142 furibus
1149 4092 1206 4142 et
1234 4089 1626 4159 praedonibus,
1677 4090 1862 4162 deque
1892 4107 1977 4145 sa-
2086 4091 2238 4162 quod
2272 4096 2463 4146 tamen
2493 4109 2856 4163 summopere
2885 4093 3203 4164 praevidere
3235 4093 3420 4148 debet.

278 4195 504 4233 crarum
563 4177 777 4232 aedium
849 4177 1278 4246 insensoribus,
1351 4193 1416 4232 ac
1484 4177 1975 4250 deprsedatoribus
2086 4199 2212 4254 οη,
2254 4199 2319 4252 Π,
2373 4227 2434 4239 __
2489 4201 2788 4269 Episcopus
2837 4215 2956 4254 cum
3010 4202 3470 4255 excommunicare
3514 4201 3598 4253 vel
3643 4215 3785 4253 αηα-

278 4270 486 4340 agitur.
2161 4271 2515 4325 thematizare
2560 4273 2797 4340 aliquem
2821 4287 2922 4340 pro
2962 4275 3121 4326 ceitis
3154 4277 3204 4325 et
3231 4273 3538 4338 manifestis
3568 4272 3788 4325 sceleri-

279 4360 407 4412 CAP.
443 4360 483 4412 I.
517 4387 583 4397 —
627 4359 698 4411 De
726 4356 850 4410 sede
880 4359 1268 4425 episcoporum,
1303 4369 1397 4409 cur
1436 4353 1496 4409 in
1535 4357 1759 4411 ecclesia
1809 4371 1836 4410 a

2228 4357 2262 4396 's
2290 4341 2822 4425 dispositumfiabel,
2851 4347 2986 4425 post
3011 4345 3282 4423 lectionem
3324 4343 3644 4410 Evangelii,
3677 4343 3785 4396 cle-

786 4412 988 4482 caetc'ris
1013 4412 1192 4481 sedere
1221 4412 1468 4481 debeant,
2154 4429 2276 4467 rum
2302 4418 2355 4468 et
2383 4413 2588 4482 plebem
2610 4415 2689 4466 ita
2711 4412 2863 4467 debet
2892 4412 3120 4482 alloqui.

354 4520 462 4588 (Ea:
491 4519 646 4586 epist.
704 4517 910 4572 Urbani
951 4518 1157 4586 papa.)
1204 4515 1364 4580 Quod
1409 4518 1602 4569 autem
1649 4515 1811 4569 sedes
1856 4514 1975 4586 epi-
2157 4519 2265 4589 (Ea:
2315 4519 2537 4573 concilio
2585 4519 2927 4588 Rhotomag.,
2983 4521 3161 4588 capite
3209 4519 3284 4590 3.)
3318 4518 3547 4574 Noverit
3592 4519 3783 4573 chari-

282 4622 584 4676 scoporum
628 4605 687 4658 in
717 4605 951 4660 ecclesia
1003 4606 1235 4659 excelsae
1280 4603 1621 4670 constitutaz,
1655 4607 1711 4657 et
1752 4619 1976 4675 praepa-
2086 4609 2172 4660 tas
2224 4612 2428 4674 vestra,
2488 4607 2689 4661 fratres
2743 4607 2879 4674 mei,
2934 4608 3088 4678 quod
3143 4608 3378 4679 quidam
3420 4607 3507 4662 vir
3545 4607 3784 4662 nomine

282 4700 420 4749 ratae
464 4693 838 4748 inveniuntur
882 4694 944 4748 in
989 4694 1221 4762 throno,
1266 4691 1736 4776 speculationem,
1786 4698 1843 4746 et
1873 4709 1976 4762 po-
2091 4696 2154 4749 N.
2189 4695 2416 4750 diabolo
2448 4696 2720 4750 suadente
2750 4700 3102 4767 postponens
3127 4697 3506 4752 Christianam
3537 4697 3783 4768 promis-

283 4789 546 4839 testatem
584 4782 898 4854 judicandi,
947 4787 1001 4836 et
1043 4781 1322 4846 solvendi,
1356 4785 1526 4851 atque
1557 4780 1774 4851 ligandi
1805 4797 1836 4834 a
1868 4782 1976 4836 Do-
2088 4783 2310 4838 sionem
2343 4799 2516 4855 quam
2547 4784 2607 4838 in
2637 4785 2920 4855 baptismo
2954 4785 3242 4855 professus
3280 4790 3382 4853 est,
3419 4801 3524 4856 per
3554 4789 3783 4856 aposta-

284 4875 440 4927 mino
471 4872 578 4926 sibi
606 4872 794 4926 datam
827 4871 1084 4926 materiae
1119 4871 1344 4926 docent.
1379 4869 1538 4923 Unde
1567 4869 1690 4939 ipse
1723 4869 1980 4924 Salvator
2088 4873 2231 4926 siam
2275 4888 2580 4927 conversus
2611 4877 2740 4942 post
2787 4873 3076 4939 Satanam,
3111 4874 3202 4927 cui
3243 4873 3691 4939 abrenunciavit,
3727 4880 3786 4928 et

284 4963 343 5016 in
391 4962 698 5033 Evangelio
744 4962 865 5016 ait:
899 4961 1266 5030 Quaecunque
1298 4958 1612 5029 ligaveritis
1643 4974 1816 5029 super
1862 4963 1976 5013 ter-
2090 4961 2358 5015 omnibus
2405 4961 2677 5031 operibus
2725 4962 2870 5032 ejus,
2923 4962 3146 5016 vineam
3199 4963 3429 5032 Christi,
3473 4963 3532 5016 id
3565 4967 3650 5017 est
3679 4963 3784 5016 Ec-

284 5068 428 5118 ram,
488 5055 656 5105 erunt
708 5051 883 5121 ligata
940 5055 997 5104 et
1049 5048 1108 5101 in
1152 5048 1312 5102 coelo.
1367 5049 1431 5101 Et
1489 5047 1624 5102 alibi
1671 5063 1682 5100 :
1727 5046 1976 5116 Accipite
2087 5049 2319 5103 clesiam
2350 5049 2493 5120 ejus.
2523 5050 2816 5105 devastare
2843 5055 2898 5105 et
2923 5050 3241 5122 depraedari
3261 5069 3377 5106 non
3401 5051 3782 5123 pertimescit:

284 5139 560 5210 Spiritum
608 5143 890 5203 sanctum,
941 5152 1189 5207 quorum
1220 5133 1557 5189 remiseritis
1601 5140 1850 5207 peccata,
1884 5151 1975 5188 re-
2008 5196 2046 5211 ἢ
2087 5153 2368 5208 pauperes
2389 5138 2617 5206 Christi,
2643 5155 2787 5209 quos
2810 5139 3060 5210 pretioso
3084 5141 3364 5211 sanguine
3385 5156 3488 5194 suo
3517 5141 3780 5209 redemit,

287 5229 594 5282 mittuntur
651 5229 731 5280 eis
784 5245 800 5281 :
864 5231 920 5280 et
988 5240 1235 5296 quorum
1311 5224 1691 5293 retinueritis,
1756 5228 1976 5278 retenta
2008 5196 2048 5248 Ο
2087 5225 2368 5280 violenter
2395 5227 2730 5296 opprimens
2751 5196 3222 5295 et‘interﬁciens,’
3224 5233 3281 5282 et
3302 5228 3450 5282 bona
3472 5243 3674 5281 eorum
3697 5196 3781 5282 di:

287 5323 475 5372 erunt.
507 5317 635 5371 Ideo
684 5317 790 5369 ista
822 5314 1195 5386 praetulimus,
1229 5312 1565 5380 charissimi,
1599 5325 1660 5368 ut
1690 5312 1976 5382 intelliga-
2090 5313 2324 5384 ripiens.
2377 5315 2555 5381 Unde,
2590 5315 2726 5385 quia
2754 5315 2905 5370 filius
2933 5315 3105 5386 hujus
3136 5321 3347 5371 nostra).
3382 5316 3640 5371 Ecclesia:
3669 5317 3784 5387 (cui

285 5407 359 5460 tis
410 5408 756 5477 potestatem
809 5404 1210 5474 episcoporum
1263 5405 1604 5468 vestrorum,
1663 5401 1723 5455 in
1782 5401 1980 5471 eisque
2092 5405 2204 5458 Deo
2235 5408 2468 5459 auctore
2509 5404 2906 5476 praesidemus)
2941 5405 3212 5460 debuerat
3253 5423 3415 5460 esse:
3447 5405 3583 5476 quia
3627 5405 3689 5459 in
3717 5423 3783 5461 ea

290 5495 601 5551 Dominum
622 5492 996 5560 veneremini,
1039 5497 1095 5546 et
1126 5507 1223 5546 eos
1245 5495 1309 5544 ut
1338 5489 1556 5544 animas
1585 5495 1799 5544 vestras
1847 5490 1980 5544 dili-
2087 5507 2192 5562 per
2217 5507 2423 5562 aquam
2456 5497 2510 5545 et
2532 5492 2809 5562 Spiritum
2833 5497 3095 5546 sanctum
3131 5498 3363 5548 renatus
3405 5498 3507 5556 est,
3543 5497 3600 5546 et
3634 5492 3786 5555 inter,

289 5584 454 5656 gatis,
489 5589 546 5639 et
587 5581 795 5654 quibus
823 5581 909 5635 illi
938 5597 1054 5634 non
1101 5577 1528 5634 communicant
1564 5595 1683 5634 non
1721 5595 1978 5634 commu-
2088 5580 2385 5652 adoptivos
2442 5580 2592 5634 filios
2635 5581 2736 5635 Dei
2784 5581 3214 5649 adnumeratus,
3266 5581 3527 5654 quamvis
3581 5581 3781 5636 modo-
