3944 6306
159 338 257 389 857

1080 332 1551 390 DECRETORUII
1594 335 1779 389 LIBRI
1815 335 1921 390 XX.
1962 364 2030 372 —
2074 332 2283 388 LIBER
2326 331 2737 387 UNDECIMUS.

3557 338 3659 391 858

160 457 311 513 ﬁlius
366 456 584 511 diaboli
646 455 720 510 sit
764 454 1046 510 imitando
1109 455 1428 525 diabolum,
1496 455 1723 510 solliciti
1779 472 1852 511 ne
1882 460 1926 511 A
1963 456 2193 526 culpam
2229 470 2393 509 suam
2431 455 2675 509 necdum
2720 454 3007 524 cognovit,
3067 470 3170 509 nec
3211 456 3497 510 confessus
3554 461 3658 523 est,

158 562 260 618 per
288 544 702 617 negligentiam
726 545 1074 615 pastoralem
1104 544 1297 615 aliqua
1337 545 1407 598 de
1449 545 1657 599 ovibus
1688 545 1854 599 nobis

155 635 385 690 creditis
442 634 746 704 deperiret,
806 650 908 704 pro
969 650 1082 705 qua
1157 634 1216 687 in
1276 635 1575 689 tremendo
1633 634 1851 705 judicio

156 728 286 777 ante
334 722 653 794 principem
718 726 1015 793 pastorum
1074 722 1385 777 Dominum
1440 727 1701 776 nostrum
1756 724 1851 776 Je-

156 828 282 866 sum
335 811 960 877 Christum_rationem
1030 811 1267 865 reddere
1352 812 1848 881 compelleremur,

150 901 313 971 juxta
351 899 506 970 quod
536 899 656 969 ipse
686 900 1021 953 terribiliter
1079 898 1245 953 nobis
1306 899 1708 966 comminatur,
1766 900 1853 953 di-

154 1007 336 1045 cens:
394 991 453 1046 Si
531 1007 649 1045 non
725 991 1167 1046 annunciaveris
1216 991 1418 1063 iniquo
1490 992 1855 1064 iniquitatem

154 1097 337 1149 suam,
363 1081 699 1152 sanguinem
727 1082 848 1150 ejus
887 1082 956 1135 de
987 1097 1162 1136 manu
1209 1085 1309 1136 tua
1362 1081 1674 1152 requiram.
1715 1081 1857 1136 Misi-

154 1186 282 1224 mus
303 1169 373 1223 ad
416 1185 548 1223 eum
571 1153 966 1240 presbyterum
1018 1174 1297 1235 nostrum,
1331 1175 1388 1223 et
1442 1170 1658 1223 litteras
1701 1186 1851 1223 com-

152 1259 493 1313 monitorias
518 1261 717 1325 semel,
748 1263 804 1313 et
833 1258 1063 1325 iterum,
1106 1265 1279 1331 atque
1323 1260 1515 1326 tertio,
1550 1258 1855 1313 invitantes

155 1364 288 1402 eum
315 1347 585 1403 canonice
633 1349 703 1402 ad
751 1349 1234 1416 emendationem,
1282 1354 1338 1403 et
1377 1347 1847 1414 satisfactionem,

153 1437 645 1508 etpanitentiam,
678 1438 1053 1508 corripientes
1074 1454 1207 1492 eum
1230 1443 1469 1509 paterno
1492 1438 1716 1493 alfectu.
1741 1438 1851 1493 Sed

151 1526 296 1596 ipse,
331 1526 479 1597 proh
500 1526 700 1580 dolor!
729 1526 961 1581 diabolo
993 1542 1091 1580 cor
1122 1527 1245 1596 ejus
1274 1526 1601 1595 indurante,
1625 1527 1855 1601 monita

153 1615 430 1669 salutaria
476 1616 708 1686 sprevit,
737 1620 796 1669 et
827 1616 888 1669 in
943 1615 1193 1686 incoepta
1225 1615 1442 1669 malitia
1487 1632 1854 1687 perseverans

1960 560 2065 598 nec
2141 544 2314 598 missa
2384 543 2551 597 nobis
2629 542 2933 613 legatione,
3012 544 3111 613 qui
3161 559 3390 597 causam
3472 544 3656 614 ipsius

1962 633 2357 703 exquirimus:
2415 632 2551 702 quia
2582 636 2779 685 noster
2834 632 3213 702 parochianus
3265 637 3368 699 est,
3427 633 3651 686 veniam

1962 722 2305 793 postulavit:
2346 720 2479 792 quia
2530 721 2589 774 in
2619 726 2806 790 coepta
2855 720 3095 787 malitia,
3130 721 3355 775 diabolo
3405 737 3503 774 cor
3532 722 3654 790 ejus

1961 810 2285 875 indurante,
2359 814 2702 879 perseverat,
2782 815 2839 863 et
2890 811 3055 880 juxta
3120 810 3274 881 quod
3348 810 3649 880 Apostolus

1963 898 2149 953 dicit:
2183 898 2508 952 Secundum
2565 898 2839 952 duritiam
2892 914 3075 967 suam,
3134 915 3232 951 cor
3285 897 3657 969 impoenitens

1962 987 2311 1042 thesaurizat
2334 987 2442 1041 sibi
2466 987 2611 1040 iram
2649 986 2709 1040 in
2740 986 2833 1041 die
2885 986 3036 1040 ira:
3092 987 3305 1041 idcirco
3363 1003 3469 1040 nos
3526 1002 3660 1040 eum

1963 1092 2093 1130 cum
2152 1076 2433 1130 universis
2498 1074 2870 1146 complicibus
2928 1080 2983 1130 et
3051 1075 3658 1140 communicatoribus,

1961 1164 2394 1235 fautoribusque
2485 1163 2625 1232 suis,
2711 1164 2927 1234 judicio
3025 1164 3122 1217 Dei
3223 1164 3660 1233 omnipotentis,

1963 1252 2164 1320 Patris,
2219 1258 2277 1307 et
2326 1251 2471 1319 Filii,
2527 1256 2583 1305 ct
2635 1251 2878 1322 Spiritus
2933 1251 3133 1320 sancti,
3192 1255 3249 1306 et
3296 1251 3445 1305 beati
3505 1250 3659 1305 Petri

1961 1341 2240 1412 principis
2328 1341 2741 1412 apostolorum,
2829 1344 2887 1395 et
2967 1341 3228 1395 omnium
3308 1343 3656 1406 sanctorum,

1962 1446 2186 1486 necnon
2252 1434 2309 1484 et
2392 1434 2603 1484 nostra
2685 1429 3093 1485 mediocritatis
3178 1429 3536 1496 auctoritate,
3606 1431 3663 1482 et

1960 1523 2242 1589 potestate
2272 1518 2439 1573 nobis
2469 1518 2742 1572 divinitus
2772 1518 2981 1572 collata
3024 1518 3242 1589 ligandi
3293 1523 3350 1571 et
3402 1515 3660 1571 solvendi

1960 1607 2021 1661 in
2050 1608 2191 1662 calo
2223 1611 2278 1660 et
2310 1606 2370 1660 in
2399 1611 2571 1672 terra,
2612 1623 2646 1660 a
2677 1606 2912 1677 pretiosi
2953 1606 3210 1676 corporis
3254 1612 3312 1659 et
3367 1604 3661 1675 sanguinis

154 1705 417 1797 Ecclesia
442 1705 543 1797 Dei
591 1721 765 1797 quam
795 1706 962 1775 laesit,
1001 1706 1284 1777 superbia
1341 1706 1541 1776 spiritu
1600 1706 1848 1771 inﬂatus,
1884 1742 1925 1797 Β
1966 1695 2195 1797 Domini
2233 1694 2626 1765 perceptione,
2659 1700 2799 1797 et-a
2846 1693 3110 1797 societate
3170 1692 3431 1797 omnium
3498 1691 3661 1797 Chri-

154 1794 479 1849 satisfacere
511 1795 871 1865 dedignatur.
912 1796 987 1849 De
1022 1795 1229 1849 talibus
1287 1794 1483 1866 itaque
1535 1800 1853 1865 transgres-

154 1882 403 1950 soribus,
435 1886 492 1936 et
521 1888 728 1936 sancta
781 1882 1078 1953 religionis
1125 1883 1414 1953 pacisque,
1467 1898 1641 1954 quam
1693 1884 1852 1937 Chri-

154 1976 275 2025 stus
295 1970 415 2024 suis
446 1970 740 2042 discipulis
768 1971 947 2035 dedit,
980 1976 1151 2043 atquc
1182 1970 1435 2042 reliquit,
1462 1970 1852 2033 violatoribus,

154 2065 447 2130 pracepta
504 2060 791 2115 dominica
819 2065 875 2115 et
930 2060 1241 2131 apostolica
1302 2060 1599 2122 habemus,
1644 2060 1853 2131 quibus

156 2148 564 2213 informamur,
597 2148 736 2219 quid
778 2148 847 2201 de
891 2148 1289 2219 hujuscemodi
1320 2147 1853 2219 pravaricatoribus

157 2253 324 2307 agere
358 2252 465 2290 nos
495 2241 773 2307 oporteat.
808 2237 900 2292 Ait
929 2236 1085 2291 enim
1116 2236 1390 2291 Dominus
1418 2235 1477 2289 in
1509 2236 1813 2307 Evangelio
1839 2252 1853 2290 :

159 2326 216 2382 Si
236 2325 561 2398 peccaverit
586 2325 646 2380 in
675 2330 729 2380 te
769 2326 945 2380 frater
975 2330 1125 2395 tuus,
1159 2325 1383 2395 corripe
1415 2341 1567 2379 eum.
1617 2326 1857 2391 Fratres,

161 2415 222 2468 in
250 2430 730 2486 unumquemque
782 2420 1042 2469 nostrum
1098 2418 1315 2484 peccat,
1363 2413 1461 2484 qui
1492 2413 1553 2466 in
1609 2418 1861 2467 sanctam

164 2503 475 2559 Ecclesiam
521 2507 733 2575 peccat.
813 2504 871 2557 Si
926 2503 1081 2557 enim
1142 2508 1334 2557 sancta
1386 2502 1628 2556 Ecclesia
1681 2517 1861 2556 unum

164 2610 372 2665 corpus
402 2597 505 2659 est,
539 2593 698 2663 cujus
724 2593 977 2662 corporis
1008 2597 1177 2662 caput
1209 2591 1463 2649 Christus
1504 2596 1609 2656 est,
1654 2590 1865 2661 singuli

168 2688 361 2739 autem
412 2698 611 2736 sumus
659 2682 800 2736 alter
831 2682 1064 2736 alterius
1094 2681 1353 2735 membra
1383 2699 1399 2737 :
1434 2685 1490 2734 et
1519 2680 1566 2734 si
1595 2696 1721 2734 cum
1756 2696 1865 2751 pa-

166 2772 309 2827 titur
326 2787 509 2825 nnum
542 2770 887 2833 membrum,
911 2770 1343 2840 compatiuntur
1363 2770 1557 2823 omnia
1586 2768 1865 2836 membra,

166 2861 371 2932 procul
398 2859 572 2914 dubio
599 2860 659 2913 in
689 2875 791 2913 nos
811 2864 1025 2929 peccat,
1050 2859 1147 2929 qui
1180 2859 1443 2913 membra
1465 2863 1663 2912 nostra
1689 2857 1864 2912 ladit.

166 2949 192 3001 J
202 2947 336 3001 ubet
352 2962 492 3017 ergo
510 2945 803 3012 Dominus,
828 2949 892 2999 ut
910 2946 1104 3009 frater,
1121 2944 1177 2998 id
1199 2948 1301 3012 est,
1319 2943 1673 2999 Christianus
1695 2944 1754 2999 in
1767 2960 1870 2997 nos

1963 1783 2281 1837 stianorum
2312 1797 2665 1853 separamus,
2694 1787 2752 1836 et
2783 1797 2817 1835 a
2864 1781 3161 1837 liminibus
3210 1786 3421 1836 sancta
3463 1780 3661 1834 matris

1964 1870 2226 1927 Ecclesia
2283 1871 2343 1925 in
2408 1872 2551 1925 coelo
2608 1875 2666 1924 et
2712 1871 2774 1924 in
2821 1874 2974 1925 terra
3030 1870 3400 1937 excludimus,
3460 1874 3518 1923 et
3574 1884 3664 1922 ex-

1963 1960 2474 2029 communicatum,
2543 1962 2600 2013 et
2671 1958 3213 2013 anathematizatum
3277 1974 3397 2012 esse
3473 1957 3664 2011 decer-

1966 2049 2173 2117 nimus,
2216 2053 2273 2103 et
2298 2049 2631 2103 damnatum
2687 2063 2817 2101 cum
2869 2047 3098 2100 diabolo
3131 2051 3188 2099 et
3240 2046 3458 2115 angelis
3516 2045 3661 2114 ejus,

1966 2143 2023 2192 et
2052 2137 2318 2192 omnibus
2349 2135 2625 2207 reprobis,
2656 2134 2717 2189 in
2748 2135 2880 2206 igne
2912 2140 3128 2189 aterno
3154 2135 3500 2205 judicamus.
3552 2133 3664 2186 nisi

1968 2227 2115 2280 forte
2172 2242 2204 2279 a
2259 2225 2472 2280 diaboli
2528 2224 2746 2295 laqueis
2798 2223 3112 2295 resipiscat,
3147 2228 3203 2278 et
3248 2224 3319 2277 ad
3387 2222 3664 2276 emenda-

1968 2314 2184 2368 tionem
2252 2318 2309 2367 et
2378 2312 2773 2384 paenitentiam
2835 2312 3050 2378 redeat,
3118 2316 3174 2364 et
3222 2311 3484 2365 Ecclesia
3542 2308 3662 2371 Dei,

1971 2416 2143 2474 quam
2174 2402 2335 2469 lasit,
2390 2401 2718 2456 satisfaciat.
2764 2402 2827 2454 Et
2858 2400 3245 2470 respondeant
3298 2415 3497 2453 omnes
3550 2402 3666 2450 ter-

1970 2494 2072 2559 tio,
2121 2492 2356 2547 Amen:
2404 2496 2524 2558 aut,
2579 2490 2719 2558 Fiat,
2776 2489 2905 2555 ﬁat;
2933 2493 3053 2557 aut,
3083 2490 3400 2542 Anathema
3446 2487 3533 2541 sit.
3562 2488 3666 2540 De-

1972 2582 2109 2636 bent
2163 2579 2317 2634 enim
2368 2579 2686 2633 sacerdotes
2752 2578 3086 2647 episcopum
3162 2577 3549 2639 circumstare,
3614 2579 3672 2628 et

1973 2670 2234 2725 lucernas
2263 2668 2523 2721 ardentes
2574 2667 2635 2720 in
2696 2667 2962 2720 manibus
3010 2669 3227 2734 tenere,
3265 2682 3406 2736 quas
3459 2665 3517 2718 in
3538 2678 3672 2717 con-

1976 2757 2228 2813 clusione
2347 2755 2748 2817 anathematis,
2864 2756 2953 2808 vel
3061 2750 3671 2808 excommunicationis

1979 2846 2258 2918 projicere
2293 2844 2502 2900 debent
2529 2844 2589 2897 in
2639 2848 2870 2908 terram,
2912 2848 2969 2897 et
3025 2843 3361 2896 conculcare
3410 2841 3668 2912 pedibus.

1980 2938 2112 2990 Post
2174 2936 2296 2989 hac
2380 2933 2679 3004 episcopus
2742 2930 2896 3002 plebi
2972 2926 3156 3001 ipsam
3220 2928 3671 2985 excommunica-

167 3051 429 3108 peccans,
455 3034 641 3105 primo
683 3037 897 3088 secrete
927 3033 1289 3104 corripiatur,
1323 3032 1529 3086 deinde
1551 3048 1681 3086 cum
1711 3032 1869 3087 testi-
1904 3031 1943 3085 C
1981 3025 2200 3080 tionem
2259 3021 2662 3077 communibus
2736 3019 2922 3074 verbis
2987 3020 3156 3074 debet
3226 3019 3552 3089 explanare,
3614 3021 3677 3069 ιη

167 3126 273 3180 bus
312 3123 692 3194 redarguetur
723 3138 737 3176 ε
768 3123 1076 3177 novissime
1108 3123 1168 3176 in
1190 3126 1471 3175 conventu
1497 3121 1747 3175 ecclesiae
1770 3137 1869 3191 pu-

166 3213 312 3268 blice
341 3211 733 3266 conveniatur.
767 3212 930 3275 Quod
948 3211 994 3264 si
1020 3212 1119 3265 has
1151 3216 1266 3265 tres
1295 3210 1791 3278 commonitiones,
1817 3214 1876 3264 et

168 3301 293 3372 pias
327 3301 717 3371 correptiones
757 3300 1089 3367 contemnit,
1140 3305 1196 3354 et
1242 3298 1564 3353 satisfacere
1609 3298 1869 3369 despicit,

170 3394 297 3462 post
314 3388 641 3456 hacsittibi,
664 3388 1309 3460 inquit,sicutethnicus
1347 3387 1776 3457 etpublicanus,
1814 3386 1873 3440 id

172 3484 277 3545 est,
292 3478 521 3550 gentilis
537 3482 705 3549 atque
729 3494 1006 3548 paganus,
1029 3482 1091 3532 ut
1104 3494 1215 3530 non
1224 3478 1347 3547 jam
1373 3492 1476 3547 pro
1529 3475 1870 3542 Christiano,

174 3568 273 3623 sed
312 3584 421 3637 pro
452 3583 675 3638 pagano
701 3566 993 3622 habeatur.
1034 3567 1098 3621 Et
1128 3567 1188 3619 in
1219 3565 1329 3620 alio
1361 3566 1506 3630 loco,
1550 3565 1874 3618 membrum

176 3657 331 3728 quod
361 3672 395 3710 a
424 3672 525 3710 sua
554 3672 830 3726 compage
870 3655 1192 3721 resolvitur,
1240 3658 1294 3708 et
1344 3671 1373 3708 a
1415 3655 1688 3725 junctura
1750 3653 1879 3706 cha-

175 3746 358 3800 ritatis
438 3745 799 3810 dissociatur,
859 3749 915 3798 et
989 3760 1159 3798 omne
1225 3759 1433 3813 corpus
1509 3741 1873 3807 scandalizat,

179 3834 477 3899 Dominus,
522 3840 577 3888 et
633 3832 909 3899 abscindi,
962 3838 1019 3887 et
1067 3831 1268 3902 projici
1317 3832 1501 3902 jubet,
1547 3830 1786 3885 dicens:
1820 3829 1877 3884 Si

177 3925 398 3990 oculus,
466 3938 690 3989 manus,
750 3922 841 3989 vel
889 3938 989 3992 pes
1040 3926 1175 3975 tuus
1231 3920 1576 3975 scandalizat
1623 3924 1698 3982 te,
1740 3934 1876 3973 erue

178 4028 332 4079 eum,
369 4016 427 4066 et
471 4011 682 4082 projice
716 4011 812 4065 abs
840 4014 915 4064 te.
976 4012 1037 4065 Et
1082 4010 1435 4079 Apostolus:
1490 4009 1743 4075 Auferte,
1788 4008 1879 4062 in-

179 4100 325 4172 quit,
379 4101 597 4154 malum
653 4117 683 4153 a
723 4098 900 4153 vobis.
965 4100 1031 4152 Et
1082 4098 1335 4151 iterum:
1402 4097 1461 4152 Si
1517 4097 1645 4168 quis
1701 4098 1880 4150 frater

178 4188 536 4257 nominatur,
576 4191 632 4242 et
670 4192 755 4241 est
784 4187 1110 4254 fornicator,
1151 4190 1249 4240 aut
1280 4186 1524 4252 adulter,
1559 4190 1658 4239 aut
1691 4185 1878 4239 homi-

178 4277 327 4345 cida,
359 4281 456 4331 aut
481 4293 678 4347 rapax,
711 4291 841 4330 cum
890 4274 1242 4345 hujusmodi,
1275 4267 1379 4328 nec
1420 4275 1614 4328 cibum
1654 4290 1878 4328 sumere

183 4367 337 4422 licet.
373 4367 440 4421 Et
496 4367 741 4419 Joannes
785 4364 1022 4419 dilectus
1071 4380 1192 4434 pra
1226 4363 1446 4418 cateris
1476 4362 1679 4417 Christi
1711 4363 1878 4417 disci-

184 4458 379 4528 pulus,
440 4456 615 4509 talem
667 4454 948 4510 nefarium
996 4454 1289 4507 hominem
1367 4454 1615 4507 salutare
1681 4453 1882 4522 prohi-

183 4546 375 4609 bebat,
408 4544 640 4599 dicens:
707 4546 817 4598 Nec
848 4543 901 4596 ei
958 4545 1071 4597 Ave
1120 4542 1350 4606 dixeris,
1406 4559 1593 4614 neque
1635 4558 1767 4597 eum
1826 4542 1887 4595 in

183 4635 426 4690 domum
474 4633 775 4703 receperis.
825 4632 933 4696 Qui
983 4632 1137 4686 enim
1186 4631 1237 4685 ei
1286 4634 1398 4685 Ave
1432 4630 1589 4699 dicit,
1620 4647 1885 4684 commu-

182 4725 337 4780 nicat
365 4724 635 4794 operibus
681 4723 806 4794 ejus
834 4722 1121 4791 malignis.
1157 4720 1453 4775 Dominica
1475 4721 1666 4791 itaque
1715 4725 1887 4791 atque

182 4812 499 4885 apostolica
527 4816 814 4883 pracepta
843 4812 1222 4881 adimplentes
1245 4810 1568 4863 membrum
1594 4808 1889 4879 putridum

184 4906 243 4958 et
269 4900 606 4967 insanabile,
640 4899 795 4970 quod
827 4898 1171 4953 medicinam
1199 4913 1316 4951 non
1349 4896 1571 4967 recipit,
1593 4896 1741 4950 ferro
1790 4912 1890 4949 ex-

184 4988 726 5046 communicationis
792 5005 825 5041 a
863 5002 1102 5058 corpore
1164 4985 1422 5040 Ecclesia
1468 4984 1886 5047 abscindamus,

185 5096 259 5135 ne
301 5087 421 5133 tam
472 5077 744 5149 pestifero
794 5077 995 5131 morbo
1053 5075 1277 5146 reliqua
1325 5074 1581 5128 membra
1637 5072 1892 5145 corporis

185 5168 365 5223 veluti
397 5182 618 5221 veneno
651 5164 1000 5219 inﬁciantur.

492 5257 616 5310 CAP.
652 5256 751 5310 Ill.
784 5284 851 5294 —-
873 5256 1058 5309 Prima
1090 5254 1588 5308 excommunicatio.

260 5347 373 5415 (Ea:
438 5345 635 5407 eodem,
700 5345 877 5413 capite
940 5342 1018 5414 4.)
1087 5343 1269 5413 Igitur
1329 5341 1465 5412 quia
1534 5339 1749 5394 monita
1795 5356 1895 5393 no-

189 5440 328 5501 stra,
384 5433 613 5487 crebras
670 5431 1095 5486 exhortationes
1139 5429 1490 5498 contemnit,
1552 5428 1688 5500 quia
1726 5429 1890 5482 tertio

189 5522 503 5578 secundum
539 5521 899 5576 Dominicum
933 5524 1282 5591 praceptum
1327 5523 1559 5573 vocatus
1591 5518 1661 5571 ad
1692 5533 1893 5571 emen-

192 5610 486 5666 dationem
569 5614 628 5665 et
673 5608 1073 5680 paenitentiam
1132 5609 1328 5665 venire
1397 5608 1695 5680 despexit:
1759 5605 1897 5677 quia

1979 3130 2178 3169 omnes
2233 3111 2555 3182 intelligant
2610 3125 2786 3181 quam
2838 3108 3174 3163 terribiliter
3221 3108 3522 3161 damnatus
3572 3106 3672 3173 sit,

1981 3209 2037 3259 et
2096 3208 2161 3257 ut
2226 3200 2492 3255 noverint
2552 3198 2703 3269 quod
2756 3198 2828 3252 ab
2893 3197 2993 3252 illa
3058 3198 3203 3251 hora
3263 3196 3324 3249 in
3389 3196 3677 3265 reliquum

1982 3309 2094 3347 non
2124 3306 2229 3361 pro
2262 3289 2603 3355 Christiano,
2662 3287 2760 3339 sed
2816 3302 2919 3356 pro
2975 3300 3199 3356 pagano
3233 3284 3527 3337 habendus
3558 3283 3630 3336 sit
3661 3300 3673 3336 :

1981 3385 2038 3437 et
2095 3379 2194 3451 qui
2248 3376 2333 3431 illi
2391 3375 2551 3447 quasi
2617 3373 2935 3429 Christiano
3018 3372 3519 3427 communicaverit
3581 3375 3681 3425 aut

1980 3482 2111 3522 cum
2139 3463 2586 3529 manducaverit,
2647 3467 2744 3517 aut
2788 3461 3018 3527 biberit,
3053 3466 3152 3515 aut
3204 3476 3334 3514 cum
3389 3460 3679 3513 osculatus

1982 3556 2170 3619 fuerit,
2232 3554 2321 3608 vel
2368 3569 2500 3607 cum
2552 3568 2619 3606 eo
2669 3550 3024 3621 colloquium
3055 3549 3335 3603 familiare
3390 3548 3677 3614 habuerit,

1981 3644 2095 3700 nisi
2151 3644 2296 3698 forte
2346 3643 2416 3697 ad
2483 3640 2924 3696 satisfactionem
2972 3643 3027 3693 et
3076 3638 3474 3709 paenitentiam
3547 3652 3680 3691 eum

1981 3748 2296 3806 provocare
2353 3731 2655 3796 studuerit,
2691 3734 2790 3784 aut
2820 3729 2878 3783 in
2910 3730 3082 3784 domo
3115 3744 3217 3782 sua
3262 3743 3396 3782 eum
3452 3742 3681 3797 recepe-

1985 3824 2079 3891 rit,
2156 3827 2255 3877 aut
2322 3821 2493 3876 simul
2558 3836 2690 3874 cum
2756 3836 2823 3873 eo
2901 3817 3166 3887 oraverit,
3230 3818 3430 3887 procul
3510 3815 3684 3870 dubio

1985 3912 2250 3967 similiter
2279 3911 2354 3966 sit
2381 3909 2927 3966 excommunicatus.
2970 3907 3188 3962 Deinde
3230 3906 3484 3977 epistola
3528 3922 3679 3976 pres-

1985 4002 2200 4073 byteris
2231 4017 2334 4071 per
2362 3999 2663 4071 parochias
2692 3998 3015 4059 mittantur,
3050 3996 3407 4050 continentes
3451 3994 3687 4047 modum

1988 4087 2611 4146 excommunicationis.
2657 4087 2719 4139 In
2771 4086 2978 4156 quibus
3033 4085 3323 4154 jubeatur,
3379 4088 3442 4137 ut
3492 4082 3687 4136 Domi-

1988 4180 2130 4234 nicis
2168 4178 2370 4233 diebus
2415 4181 2541 4248 post
2571 4174 2871 4228 lectionem
2921 4172 3215 4242 Evangelii
3262 4171 3525 4242 plebibus
3582 4170 3690 4225 sibi

1992 4266 2306 4324 commissis
2352 4265 2579 4336 publice
2633 4262 2983 4316 annuncient
3031 4261 3215 4330 ipsam
3299 4258 3690 4314 excommuni-

1995 4357 2301 4420 cationem,
2351 4358 2415 4407 ut
2447 4368 2517 4406 ne
2552 4351 2677 4424 quis
2708 4366 2809 4421 per
2855 4348 3239 4420 ignorantiam
3304 4348 3696 4404 communicet

1996 4442 2506 4501 excommunicato.
2577 4442 2817 4510 Oportet
2874 4439 3046 4492 etiam
3103 4444 3169 4492 ut
3251 4436 3377 4491 aliis
3411 4437 3692 4509 episcopis

1998 4539 2118 4608 ipsa
2174 4529 2685 4588 excommunicatio
2729 4528 3158 4583 'manifestetur.
3219 4527 3483 4599 Pracipit
3539 4529 3692 4582 enim

1998 4628 2335 4682 Toletannm
2428 4618 2757 4684 concilium,
2820 4623 2884 4671 ut
2945 4616 3193 4670 invicem
3276 4631 3404 4669 mox
3487 4613 3696 4683 scripta

1997 4718 2335 4788 percurrant
2392 4727 2495 4781 per
2550 4723 2749 4763 omnes
2801 4704 3115 4777 provincia
3172 4704 3465 4775 episcopos
3530 4718 3697 4773 quos-

1999 4820 2225 4875 cunque
2256 4802 2412 4856 adire
2459 4796 2773 4869 potuerint,
2808 4800 2872 4849 ut
2928 4794 3453 4848 excommunicatus
3506 4791 3697 4845 audia-

2000 4899 2113 4948 tur.
2146 4890 2368 4948 Seniori
2401 4888 2573 4943 etiam
2620 4888 2744 4956 ejus
2792 4884 2917 4954 ipsa
2947 4882 3462 4937 excommunicatio
3529 4880 3697 4934 debet

2002 4986 2136 5036 nota
2166 4980 2313 5034 lieri.

2135 5071 2263 5125 CAP.
2298 5070 2385 5123 IV.
2419 5097 2491 5109 —
2518 5068 2649 5121 Item
2686 5062 3250 5119 emcommum’cationis
3288 5060 3557 5113 allocutio.

2075 5159 2182 5231 (Ea:
2249 5158 2436 5213 concil.
2510 5156 2784 5220 Aurelia.,
2849 5168 2968 5221 cap.
3042 5149 3118 5220 l.)
3201 5147 3476 5213 Audistis,
3555 5146 3696 5201 dile-

2004 5247 2257 5314 ctissimi,
2327 5250 2544 5318 quanta
2607 5248 2663 5298 et
2727 5257 2900 5313 quam
2984 5238 3218 5293 horrida
3280 5236 3575 5308 pravitatis
3635 5252 3699 5289 ac

2005 5335 2329 5407 iniquitatis
2359 5351 2552 5405 opera.
2594 5334 2659 5387 N.
2694 5348 2723 5385 a
2754 5330 2978 5385 diabolo
3007 5328 3313 5397 instigatus
3364 5330 3699 5395 perpetrare

2005 5442 2122 5479 non
2162 5424 2439 5488 timuerit,
2493 5426 2549 5476 et
2598 5419 2889 5493 quomodo
2944 5433 3049 5488 per
3088 5414 3430 5487 apostasiam
3463 5429 3496 5467 a
3524 5414 3697 5466 totius

2006 5514 2343 5571 Christiana
2392 5511 2685 5583 religionis
2759 5509 2915 5563 cultu
2963 5507 3204 5578 profana
3264 5509 3455 5558 mente
3513 5518 3697 5556 reces-

2007 5603 2161 5659 serit.
2216 5601 2467 5657 Audistis
2515 5598 3004 5672 quemadmodum
3060 5594 3331 5651 canonice
3386 5592 3458 5648 ad
3524 5590 3698 5646 satis-
