3944 6310
252 332 354 385 859

1330 325 1737 383 BURCHABDI
1778 325 2306 381 WORMACIENSIS
2351 322 2691 380 EPISCOPI.

3656 324 3768 376 860

249 450 572 507 faciendum
661 453 924 505 evocatus
1005 449 1096 516 sit,
1180 448 1279 502 sed
1358 449 1552 504 venire
1635 448 1937 515 distulerit,
1970 451 2008 502 Α
2052 448 2340 518 episcopis
2368 463 2470 518 per
2498 448 2733 501 Petrum
2766 445 3089 517 principem
3127 447 3522 516 apostolorum
3553 446 3768 501 divini-

252 540 542 613 quomodo
598 540 932 609 frequenter
1012 536 1339 591 admonitus
1395 543 1455 590 ut
1512 536 1868 607 resipisceret
1918 553 1952 590 a

253 630 469 685 diaboli
499 627 738 699 laqueis,
785 627 993 697 quibus
1023 631 1252 680 tenetur
1302 626 1623 691 adstrictus,
1694 626 1949 680 saluber-

249 719 426 772 rimas
458 716 879 771 admonitiones
918 714 1208 769 obduratis
1241 715 1475 768 auribus
1505 714 1690 768 cordis
1755 714 1951 769 audire

251 805 679 875 contempserit.
745 804 1017 858 Dominus
1071 803 1207 857 dicit
1262 803 1323 856 in
1366 804 1689 872 Evangelio,
1753 804 1827 857 de
1852 805 1953 858 tali

252 893 579 950 contumaci
641 893 833 958 fratre,
892 891 991 962 qui
1052 891 1491 946 ecclesiasticam
1546 893 1738 947 renuit
1785 894 1953 951 susci-

253 999 388 1054 pere
437 980 909 1050 correptionem:
969 980 1027 1034 Si
1105 980 1412 1034 Ecclesiam
1488 998 1603 1035 non
1684 982 1948 1036 audierit.

254 1072 327 1125 sit
345 1071 470 1138 tibi,
530 1069 736 1140 inquit,
771 1070 914 1122 sicut
974 1069 1235 1122 ethnicus
1282 1075 1340 1123 et
1384 1070 1742 1139 publicanus,
1777 1070 1832 1125 id
1871 1077 1955 1126 est

250 1156 371 1227 jam
401 1173 516 1210 non
540 1161 621 1210 est
674 1156 1094 1224 computandas
1128 1156 1279 1210 inter
1334 1157 1709 1225 Christianos,
1745 1158 1839 1212 sed
1867 1159 1953 1211 in-

261 1246 342 1298 ter
365 1261 637 1315 paganos.
667 1244 808 1301 Hinc
841 1244 1051 1297 Paulus
1089 1244 1317 1298 Domini
1349 1248 1405 1298 et
1433 1244 1695 1315 magistri
1740 1246 1954 1300 doctri-

258 1350 388 1388 nam
444 1349 711 1404 sequens,
790 1332 1114 1386 Corinthios
1180 1333 1494 1404 redarguit,
1581 1350 1758 1404 quare
1827 1352 1957 1389 cum

266 1421 588 1475 criminosis
644 1438 707 1474 ac
743 1421 1028 1475 sceleratis
1074 1422 1542 1476 communionem
1574 1424 1850 1478 haberent
1881 1424 1962 1478 di-

259 1525 425 1563 cens:
456 1511 564 1563 Vos
597 1509 782 1563 inflati
813 1511 967 1577 estis,
1016 1517 1073 1565 et
1102 1528 1220 1566 non
1251 1512 1435 1581 magis
1488 1513 1709 1566 luctum
1756 1513 1960 1568 habui-

264 1598 386 1665 stis,
418 1603 484 1651 ut
512 1599 746 1652 tollatur
770 1598 855 1652 vir
894 1600 962 1653 de
995 1600 1184 1653 medio
1224 1607 1497 1667 vestrum,
1543 1600 1602 1655 id
1650 1606 1754 1667 est,
1805 1619 1965 1672 sepa-

2060 542 2151 591 tus
2179 537 2407 605 collata,
2438 552 2472 589 a
2501 541 2709 590 sancta.
2756 535 2954 589 matris
3004 536 3262 589 Ecclesia
3318 535 3538 606 gremio
3565 551 3767 606 segre-

2060 642 2285 698 gamus,
2315 642 2377 679 ac
2416 630 2705 695 perpetua
2754 623 3172 678 maledictionis
3215 624 3578 679 anathemate
3625 641 3767 678 con-

2061 715 2417 769 demnamus.
2462 713 2702 783 Sintque
2757 712 3042 766 maledicti
3089 713 3150 765 in
3191 712 3440 775 civitate,
3473 712 3771 766 maledicti

2059 802 2120 858 in
2141 820 2300 873 agro,
2327 796 2715 857 maledicitum
2730 803 3022 868 horreum,
3046 805 3101 855 et
3122 818 3343 867 eorum,
3371 807 3427 857 et
3442 802 3768 856 maledicta.

2062 892 2317 962 reliquia
2361 893 2614 957 illorum,
2657 891 2991 944 maledictus
3039 891 3255 944 fructus
3280 890 3494 944 ventris
3536 907 3768 955 eorum,

2063 986 2120 1035 et
2148 981 2363 1035 fructus
2391 987 2557 1033 terra
2600 980 2851 1045 illorum,
2890 978 3178 1033 maledicti
3217 979 3331 1033 sint
3375 979 3772 1049 ingredientes

2064 1074 2121 1125 et
2151 1068 2440 1122 maledicti
2484 1068 2598 1121 sint
2620 1069 2995 1137 egredientes.
3029 1067 3267 1137 Sintque
3292 1068 3354 1120 in
3401 1067 3575 1120 domo
3635 1082 3774 1119 ma-

2069 1158 2286 1222 ledicti,
2318 1157 2379 1210 in
2408 1173 2545 1227 agro
2574 1157 2825 1227 profugi,
2855 1156 3201 1226 veniantque
3236 1172 3409 1225 super
3438 1172 3534 1209 eos
3563 1170 3776 1208 omnes

2064 1247 2177 1301 illa
2204 1244 2633 1301 maledictiones
2664 1261 2806 1316 quas
2840 1244 3120 1298 Dominus
3149 1260 3253 1314 per
3284 1245 3474 1298 Mosen
3502 1244 3562 1297 in
3585 1259 3777 1313 popu-

2066 1336 2187 1391 lum
2217 1335 2421 1389 divina
2454 1334 2593 1405 legis
2663 1334 3155 1404 pravaricatorem
3186 1350 3244 1386 se
3290 1348 3410 1386 esse
3455 1331 3776 1385 missurum

2068 1424 2387 1487 intentavit,
2460 1423 2686 1494 sintque
2759 1423 3063 1476 anathema
3121 1421 3476 1486 maranatha,
3535 1420 3593 1473 id
3659 1424 3775 1483 est,

2072 1516 2309 1583 pereant
2368 1511 2427 1565 in
2479 1511 2728 1564 secundo
2787 1511 3035 1563 adventu
3086 1508 3330 1563 Domini.
3401 1509 3605 1562 Nullus
3688 1507 3779 1560 eis

2072 1600 2423 1656 Christianus
2450 1603 2565 1654 Ave
2618 1599 2784 1653 dicat.
2818 1599 3019 1653 Nullus
3040 1598 3337 1668 presbyter
3383 1597 3605 1652 Missam
3638 1611 3778 1650 cum

258 1690 420 1738 retur
476 1701 508 1738 a
562 1690 748 1738 vestro
798 1686 1109 1751 consortio,
1169 1686 1267 1756 qui
1317 1687 1429 1740 tale
1467 1688 1647 1741 scelus
1690 1697 1958 1759 operatus
1996 1721 2034 1774 Β
2073 1690 2155 1743 eis
2186 1689 2470 1742 celebrare
2516 1693 2841 1758 praesumat,
2875 1688 2959 1741 vel
3019 1692 3271 1741 sanctam
3293 1685 3773 1739 communionem

265 1776 366 1826 est.
398 1774 461 1826 Et
488 1772 747 1843 adjungit
778 1789 790 1826 :
828 1775 939 1843 Ego
970 1773 1205 1844 quidem
1234 1775 1437 1829 absens
1486 1791 1743 1847 corpore,
1810 1796 1961 1849 pra-

259 1876 388 1914 sens
420 1866 610 1915 autem
650 1861 876 1932 spiritu,
930 1863 1049 1931 jam
1101 1862 1351 1931 judicavi
1404 1869 1465 1918 ut
1520 1882 1769 1935 prasens
1831 1885 1963 1924 eum

259 1949 359 2019 qui
399 1950 478 2002 sic
524 1954 792 2019 operatus
837 1953 940 2016 est,
965 1950 1025 2004 in
1075 1952 1306 2005 nomine
1355 1953 1586 2006 Domini
1615 1956 1793 2009 nostri
1830 1958 1964 2012 Jesu

260 2036 463 2091 Christi
495 2037 853 2107 congregatis
914 2038 1073 2093 vobis
1112 2038 1171 2093 in
1220 2056 1423 2109 unum,
1456 2046 1513 2095 et
1564 2058 1695 2098 meo
1757 2045 1963 2114 spiritu

260 2142 388 2179 cum
452 2125 657 2180 virtute
718 2126 953 2181 Domini
1000 2128 1116 2181 mei
1162 2130 1316 2193 Jesu,
1359 2130 1582 2184 tradere
1631 2121 1962 2205 hujusmodi

259 2215 483 2269 Satanas
518 2215 579 2269 in
612 2215 910 2270 interitum
940 2218 1146 2275 carnis.
1188 2219 1254 2271 Et
1296 2224 1424 2287 post
1475 2235 1657 2288 pauca
1688 2237 1700 2275 :
1751 2212 1962 2293 Scripsl

264 2303 444 2369 vobis,
487 2319 559 2356 ne
603 2304 1089 2367 commisceamini
1142 2306 1481 2361 fornicariis.
1537 2309 1599 2361 Et
1632 2310 1822 2363 statim
1871 2311 1960 2365 in-

259 2391 370 2445 fert
402 2406 414 2444 :
448 2391 504 2444 Si
528 2391 576 2444 is
602 2391 701 2461 qui
753 2392 926 2445 frater
959 2392 1303 2465 appellatur,
1334 2394 1389 2448 id
1447 2401 1531 2448 est
1586 2398 1956 2461 Christianus,

257 2479 568 2533 fornicator
614 2484 717 2546 est,
772 2492 871 2534 aut
912 2497 1109 2550 rapax,
1167 2498 1298 2536 cum
1347 2485 1678 2554 hujusmodi
1732 2503 1837 2541 nec
1881 2491 1957 2543 ci-

260 2567 396 2620 bum
426 2583 672 2622 sumere.
708 2569 772 2622 Et
817 2569 994 2623 alibi:
1030 2570 1261 2624 Auferte
1294 2573 1510 2625 malum
1533 2589 1599 2626 ex
1656 2575 1835 2628 vobis.
1873 2577 1957 2639 Et,

256 2654 503 2710 inﬁdelis
525 2656 573 2710 si
612 2656 869 2723 discedit,
912 2656 1181 2714 discedat.
1221 2661 1341 2713 Una
1392 2661 1546 2714 enim
1578 2662 1697 2715 ovis
1743 2664 1955 2717 morbi-

259 2743 330 2797 da
360 2760 591 2798 omnem
646 2760 883 2815 gregem
938 2746 1320 2814 contaminat;
1385 2754 1441 2802 et
1497 2750 1785 2804 modicum
1836 2752 1953 2806 fer-

260 2837 517 2887 mentum
589 2837 766 2887 totam
825 2851 1067 2889 massam
1125 2836 1430 2907 corumpit,
1491 2844 1546 2891 et
1612 2840 1954 2912 plerumque

257 2936 437 2974 unum
465 2921 789 2975 membrum
823 2923 1119 2992 putridum
1166 2928 1352 2979 totum
1402 2941 1606 2996 corpus
1648 2927 1847 2983 inﬁcit.
1890 2931 1955 2983 Et

254 3009 382 3063 ideo
412 3014 529 3064 tam
559 3011 880 3081 perniciosa
905 3012 1083 3082 pestis
1111 3029 1143 3066 a
1179 3028 1417 3084 corpore
1478 3017 1737 3072 Ecclesia
1796 3019 1950 3073 radi-

260 3097 406 3152 citus
434 3099 727 3154 evellatur.

543 3187 665 3241 CAP.
699 3188 759 3241 V.
786 3218 853 3227 —
890 3190 1384 3245 Excommunicatio
1415 3193 1666 3248 secunda.

328 3273 449 3345 (Em
469 3276 649 3330 eodem
680 3278 949 3346 concilio.)
972 3277 1281 3333 Dominicis
1310 3279 1489 3350 igitur
1514 3286 1684 3352 atque
1724 3288 1951 3353 aposto-

254 3360 379 3416 licis
408 3363 700 3418 informati
741 3366 1058 3435 praceptis,
1084 3366 1303 3436 judicio
1350 3368 1547 3436 Patris,
1580 3374 1635 3423 et
1676 3372 1799 3425 Filii
1828 3374 1951 3445 ejus

256 3451 485 3505 Domini
526 3453 709 3506 nostri
765 3452 896 3507 Jesu
949 3454 1173 3521 Christi,
1228 3460 1283 3510 et
1328 3457 1568 3527 Spiritus
1636 3462 1832 3530 sancti,
1897 3468 1954 3517 et

261 3540 592 3595 auctoritate
647 3547 703 3597 et
762 3546 1040 3611 potestate
1121 3546 1389 3614 apostolis
1450 3550 1951 3622 apostolorumque

257 3630 640 3684 sucessoribus
700 3648 731 3684 a
790 3632 902 3685 Deo
948 3647 1233 3697 concessa,
1284 3652 1398 3689 una
1453 3637 1740 3693 vobiscum
1807 3657 1952 3711 pra.-

259 3716 473 3772 dictum
502 3719 816 3788 pessimum
848 3720 1052 3781 ~virum
1084 3739 1116 3776 a
1164 3724 1458 3779 liminibus
1491 3734 1697 3782 sancta
1753 3731 1952 3786 matris

258 3806 518 3861 Ecclesia
561 3808 936 3877 excludimus,
989 3815 1045 3864 et
1088 3811 1157 3865 ab
1212 3813 1366 3866 omni
1415 3813 1678 3870 societate
1709 3821 1765 3871 et
1796 3835 1950 3874 com-

258 3894 535 3949 munione
587 3896 905 3951 Cbristiana
963 3914 1313 3968 separamus,
1356 3909 1798 3977 separatumque
1827 3924 1951 3963 esse

256 3982 319 4036 in
349 3989 629 4038 aternum
682 3986 1062 4054 decernimus,
1093 3988 1151 4041 id
1177 3994 1279 4055 est,
1313 3996 1370 4044 et
1398 3993 1663 4061 praseuti
1716 3997 1947 4064 saculo,

260 4072 401 4126 etin
450 4072 660 4126 futuro.
708 4074 912 4129 Nullus
972 4075 1023 4129 ei
1080 4076 1435 4133 Christianus
1489 4084 1604 4137 Ave
1658 4083 1807 4138 dicat
1854 4090 1952 4140 aut

260 4176 395 4214 eum
443 4161 687 4216 osculari
714 4169 1045 4233 praesumat.
1108 4166 1307 4221 Nullus
1363 4169 1659 4241 presbyter
1726 4172 1948 4228 Missam

260 4264 391 4303 cum
429 4265 495 4303 eo
532 4250 819 4305 celebrare
873 4253 1097 4321 audeat,
1150 4257 1237 4309 vel
1269 4264 1693 4314 sacrosanctum
1743 4277 1947 4333 corpus
1980 4288 2022 4341 Β

260 4342 315 4390 et
343 4338 683 4407 sanguinem
712 4339 940 4394 Domini
969 4342 1210 4398 tradere.
1250 4346 1427 4399 Nemo
1461 4346 1514 4400 ei
1555 4347 1834 4417 jungatur
1890 4351 1949 4405 in

260 4424 565 4493 consortio,
594 4441 782 4497 neque
810 4426 870 4481 in
901 4428 1094 4499 aliquo
1134 4432 1391 4500 negocio.
1428 4434 1493 4487 Et
1519 4433 1565 4486 si
1626 4435 1755 4505 quis
1808 4437 1860 4490 ei
1892 4455 1951 4492 se

261 4513 558 4568 sociaverit
577 4519 631 4567 et
659 4517 1163 4573 communicaverit
1190 4521 1311 4590 ejus
1343 4522 1612 4592 operibus
1659 4525 1950 4597 malignis,

261 4602 482 4654 noverit
511 4619 569 4656 se
600 4603 774 4657 simili
795 4620 1128 4674 percussum
1164 4610 1552 4677 anathemate,
1586 4610 1674 4664 his
1704 4615 1950 4683 exceptis

261 4690 362 4761 qui
391 4691 460 4745 ob
492 4692 639 4747 hanc
680 4710 911 4749 causam
947 4695 998 4749 ei
1022 4697 1349 4767 junguntur
1397 4703 1462 4752 ut
1490 4716 1624 4753 eum
1682 4710 1952 4759 revocent

259 4780 331 4834 ab
362 4796 552 4835 errore
582 4786 636 4835 et
668 4790 979 4854 provocent
1024 4786 1093 4839 ad
1156 4787 1619 4858 satisfactionem,
1660 4790 1770 4845 nisi
1806 4794 1951 4848 forte

259 4868 578 4939 resipuerit,
622 4876 680 4925 et
730 4872 831 4927 Dei
862 4874 1047 4943 gratia
1092 4874 1411 4944 inspirante
1473 4877 1544 4930 ad
1597 4879 1949 4949 pauitantia

258 4957 577 5012 remedium
610 4975 919 5014 conversus
973 4961 1167 5027 fuerit,
1210 4967 1266 5017 et
1324 4963 1499 5033 digna
1551 4967 1949 5023 emendatione

259 5046 515 5101 Ecclesia
548 5047 651 5103 Dei
680 5062 853 5118 quam
883 5048 1030 5104 lasit
1056 5050 1351 5106 humiliter
1380 5053 1731 5111 satisfecerit.

485 5136 610 5191 CAP.
646 5136 731 5191 VI.
759 5167 819 5176 —
855 5139 995 5193 Item
1026 5141 1186 5193 tertia
1212 5144 1704 5197 emcommunicatio.

330 5222 447 5293 (Ea:
492 5227 714 5280 concilio
779 5229 1042 5281 Turonen.
1104 5231 1280 5297 capite
1318 5230 1390 5298 2.)
1441 5231 1722 5286 Canonica
1786 5232 1947 5288 insti-

255 5316 398 5380 tuta,
452 5318 508 5368 et
566 5319 897 5369 sanctorum
972 5317 1206 5370 Patrum
1290 5320 1551 5390 exempla
1624 5326 1945 5391 sequentes,

259 5401 627 5456 ecclesiarum
664 5402 766 5456 Dei
814 5402 1139 5471 violatores,
1194 5405 1475 5473 videlicet,
1534 5413 1813 5478 raptores,
1848 5410 1945 5464 de-

257 5490 624 5558 pradatores,
663 5496 717 5545 et
755 5490 1090 5547 homicidas.
1141 5495 1211 5549 N.
1269 5495 1329 5548 in
1364 5498 1598 5552 nomine
1658 5498 1857 5567 Patris,
1891 5505 1948 5555 et

259 5577 385 5632 Filii
430 5584 485 5633 et
543 5579 748 5635 virtute
809 5579 1051 5651 Spiritus
1108 5584 1308 5651 sancti,
1359 5600 1583 5641 necnon
1608 5588 1945 5645 auctoritate

2072 1780 2227 1833 dare.
2258 1778 2561 1847 Sepultura
2587 1776 2731 1830 asini
2762 1776 3131 1847 sepeliantur,
3164 1781 3216 1829 et
3251 1776 3311 1829 in
3332 1773 3769 1844 sterquilinium

2071 1868 2185 1921 sint
2224 1882 2397 1937 super
2450 1866 2652 1920 faciem
2700 1870 2887 1920 terra.
2944 1867 3008 1919 Et
3059 1863 3204 1918 sicut
3258 1864 3349 1917 ha
3408 1864 3661 1917 lucerna
3700 1861 3777 1915 de

2071 1955 2336 2010 manibus
2365 1953 2574 2008 nostris
2628 1953 2900 2024 projecta
2955 1953 3125 2007 hodie
3184 1953 3619 2022 extinguuntur,
3690 1951 3777 2003 sic

2070 2060 2268 2099 eorum
2316 2044 2546 2097 lucerna
2590 2043 2648 2095 in
2696 2047 2976 2097 aternum
3006 2041 3416 2111 extinguatur:
3459 2039 3570 2093 nisi
3621 2040 3777 2093 foret

2067 2132 2434 2202 resipuerint,
2492 2136 2548 2186 et
2586 2130 2846 2185 Ecclesia
2899 2130 2997 2185 Dei
3058 2146 3230 2200 quam
3315 2130 3580 2183 laserunt
3666 2143 3774 2196 per

2069 2222 2526 2276 emendationem
2573 2225 2629 2274 et
2666 2220 3009 2289 condignam
3042 2219 3434 2291 pcenitentiam
3475 2216 3772 2271 satisfece—

2068 2311 2202 2365 rint.

2326 2417 2454 2471 CAP.
2484 2417 2605 2470 VII.
2636 2445 2706 2455 —
2744 2416 3250 2470 Emcommunicatio
3281 2417 3503 2484 quarta.

2138 2525 2242 2592 (Ea:
2282 2523 2500 2576 concilio
2538 2523 2818 2589 Arausic.,
2852 2523 3027 2589 capite
3058 2521 3129 2589 5.)
3159 2518 3441 2575 Canonica
3479 2515 3768 2582 instituta,

2066 2616 2123 2666 et
2152 2618 2475 2666 sanctorum
2532 2613 2764 2665 Patrum
2798 2611 3054 2681 exempla
3114 2613 3438 2679 sequentes,
3508 2605 3771 2661 ecclesia.

2066 2717 2194 2755 rum
2233 2702 2330 2755 Dei
2386 2701 2710 2755 violatores.
2771 2701 2835 2754 N.
2892 2699 3226 2753 auctoritate
3266 2698 3386 2764 Dei,
3448 2701 3501 2750 ct
3551 2694 3776 2765 judicio

2065 2792 2244 2845 sancti
2266 2790 2511 2861 Spiritus
2557 2807 2588 2842 a
2618 2789 2837 2859 gremio
2873 2794 3079 2843 sancta
3122 2787 3318 2841 matris
3386 2784 3664 2851 Ecclesia,
3718 2788 3777 2836 et

2063 2896 2096 2934 a
2124 2879 2411 2933 consortio
2443 2879 2614 2932 totius
2648 2877 3091 2932 Christianitatis
3126 2876 3511 2940 eliminamus,
3546 2886 3774 2942 quous-

1985 2998 2025 3052 Ο
2064 2986 2175 3041 que
2200 2968 2555 3038 resipiscant,
2589 2971 2645 3019 et
2668 2967 2924 3020 Ecclesia
2948 2966 3047 3019 Dei
3074 2964 3440 3018 satisfaciant.

2273 3074 2398 3129 CAP.
2426 3074 2569 3127 VIII.
2593 3104 2659 3112 —-
2688 3073 3064 3128 Reconciliatio
3085 3070 3547 3126 cacommunicati.

2135 3182 2255 3254 (Ea:
2310 3180 2538 3249 eodem.)
2593 3180 2733 3236 Cum
2784 3178 2991 3251 aliquis
3053 3176 3602 3243 excommunicatus,
3668 3177 3764 3229 vel

2069 3269 2600 3333 anathematizatus,
2624 3267 2958 3338 pauitantia
2989 3267 3191 3320 ductus
3229 3264 3455 3319 veniam
3484 3263 3760 3333 postulat,

2063 3365 2121 3415 et
2160 3357 2617 3412 emendationem
2676 3356 2981 3427 promittit,
3013 3355 3313 3425 episcopus
3361 3353 3459 3424 qui
3502 3368 3631 3405 eum
3670 3368 3767 3405 ex-

2062 3447 2539 3523 communicavit,‘
2576 3450 2707 3499 ante
2757 3446 2973 3515 januas
3020 3444 3279 3498 Ecclesia
3310 3442 3504 3496 venire
3564 3441 3762 3507 debet,

2063 3544 2119 3593 et
2147 3536 2451 3592 duodecim
2485 3533 2803 3605 presbyteri
2836 3550 2965 3588 cum
3010 3550 3096 3599 eo,
3130 3533 3229 3603 qui
3290 3547 3420 3585 eum
3450 3530 3584 3583 hinc
3625 3529 3766 3583 inde

2061 3628 2430 3683 circumstare
2472 3624 2700 3678 debent.
2754 3623 2857 3678 Ubi
2917 3621 3090 3676 etiam
3138 3624 3333 3675 adesse
3391 3620 3601 3675 debent
3653 3619 3767 3672 illli

2062 3716 2268 3788 quibus
2324 3712 2537 3784 injuria
2566 3714 2653 3767 vel
2704 3713 2979 3767 damnum
3013 3711 3238 3765 illatum
3270 3714 3372 3765 est.
3408 3711 3475 3763 Et
3535 3707 3614 3762 ibi
3666 3724 3766 3761 se-

2060 3806 2312 3860 cundum
2345 3805 2497 3873 leges
2524 3802 2744 3856 divinas
2773 3805 3001 3871 oportet
3056 3800 3331 3855 damnum
3390 3797 3767 3852 commissum

2062 3893 2376 3958 emendari,
2411 3896 2509 3946 aut
2538 3890 2584 3945 si
2611 3891 2731 3963 jam
2778 3891 3147 3945 emendatum
3202 3894 3304 3957 est,
3340 3903 3542 3943 eorum
3589 3886 3767 3942 testi~

2061 3982 2255 4037 monio
2280 3980 2661 4050 comprobari.
2696 3979 2910 4034 Deinde
2964 3979 3283 4049 interroget
3339 3977 3660 4048 episcopus,
3713 3974 3765 4029 si

2059 4070 2455 4144 paenitentiam
2499 4069 2664 4139 juxta
2722 4068 2875 4138 quod
2930 4083 3179 4121 canones
3232 4065 3572 4137 pracipiunt
3653 4080 3764 4134 pro

2059 4150 2398 4232 perpetratis
2445 4156 2719 4212 seleribus
2767 4155 3052 4225 suscipere
3097 4154 3251 4210 velit.
3316 4156 3382 4210 Et
3425 4153 3474 4208 si
3502 4153 3598 4208 ille
3639 4156 3763 4207 ter-

2060 4266 2140 4303 ra
2173 4252 2495 4318 prostratus
2552 4245 2779 4299 veniam
2816 4246 3085 4315 postulat,
3145 4243 3373 4315 culpam
3425 4241 3759 4303 conﬁtetur,

2059 4336 2459 4410 paenitentiam
2496 4335 2783 4405 implorat,
2818 4334 2887 4387 de
2916 4332 3122 4388 futuris
3159 4332 3440 4387 cautelam
3491 4329 3757 4402 spondet,

2060 4431 2197 4482 tunc
2226 4425 2527 4495 episcopus
2574 4426 2791 4494 septem
2832 4422 3082 4479 Psalmos
3140 4421 3420 4488 decantet,
3441 4436 3575 4474 cum
3634 4418 3761 4473 istis

2059 4514 2346 4586 precibus.
2379 4512 2535 4566 Kirie
2561 4511 2798 4566 eleison.
2845 4512 3011 4566 Pater
3043 4514 3254 4565 noster.

2200 4621 2431 4677 Salvum
2461 4619 2547 4673 fac
2575 4635 2802 4673 servum
2833 4623 3020 4683 tuum,

2343 4710 2489 4761 Deus
2518 4723 2699 4771 meus,
2726 4712 3054 4776 sperantem
3088 4706 3147 4759 in
3180 4710 3254 4760 te.

2196 4796 2349 4851 Mitte
2375 4796 2447 4861 ei,
2478 4795 2736 4862 Domine,
2772 4794 3050 4849 auxilium
3082 4795 3151 4848 de
3179 4797 3399 4859 sancto,

2349 4884 2412 4936 Et
2441 4883 2510 4936 de
2538 4882 2674 4937 Sion
2697 4888 2858 4937 tuere
2889 4899 3042 4937 eum.

2203 4971 2353 5025 Nihil
2386 4970 2649 5041 proficiet
2676 4971 2944 5025 inimicus
2965 4971 3026 5025 in
3056 4988 3146 5038 eo,

2340 5062 2409 5115 Et
2429 5060 2603 5116 Filius
2632 5060 2957 5131 iniquitatis
2983 5078 3101 5114 non
3137 5078 3230 5132 ap.
3264 5064 3370 5115 etc.

2198 5150 2328 5203 Esto
2362 5149 2434 5215 ei,
2469 5149 2730 5212 Domine,
2762 5150 2936 5204 turris
2965 5148 3339 5216 fortitudinis,

2340 5240 2387 5293 A
2416 5238 2556 5293 facie
2584 5239 2819 5293 inimici.

2200 5328 2457 5394 Domine,
2491 5328 2696 5381 exaudi
2737 5328 3055 5382 orationem
3088 5343 3297 5394 meam,

2340 5418 2407 5469 Et
2426 5417 2641 5470 clamor
2670 5433 2830 5470 meus
2852 5418 2919 5472 ad
2959 5421 3013 5471 te
3041 5415 3249 5471 veniat.

2200 5504 2475 5558 Dominus
2504 5504 2819 5570 vobiscum,

2264 5646 2267 5649 ,
2342 5593 2408 5647 Et
2425 5607 2555 5647 cum
2576 5592 2782 5663 spiritu
2812 5596 2933 5648 tuo.
