3944 6306
142 331 237 385 861
1066 333 1540 390 DECRETOBUM
1582 334 1767 391 LIBRI
1798 336 1909 391 XX.
1939 365 2009 375 —
2050 337 2262 392 LIBER
2303 337 2720 394 UNDECIMUS.

888 456 1094 512 Oratio.

213 561 473 616 Oremus.
510 562 723 615 Prasta
750 576 1102 632 quasumus,
1157 563 1417 632 Domine,
1461 563 1595 619 huic
1624 564 1839 619 famulo

142 654 240 703 tuo
282 649 527 720 dignum
580 650 933 720 pauitantia
991 651 1261 718 fructum,
1305 657 1369 707 ut
1416 652 1674 707 Ecclesia
1728 661 1841 709 tua

143 742 413 791 sanctaa
461 738 623 807 cujus
677 739 1005 809 integritate
1064 740 1321 795 deviaret
1376 742 1683 811 peccando,
1743 743 1841 796 ad-

143 828 453 881 missorum
494 828 718 882 veniam
778 831 1179 900 consequendo
1228 831 1505 886 reddatur
1550 831 1839 887 innoxius.

146 919 253 971 Per
281 916 617 971 Dominum.

850 1009 981 1061 Item
1003 1009 1135 1061 alia.

218 1112 570 1183 Majestatem
595 1115 753 1166 tuam
785 1128 1134 1183 quaesumus,
1169 1113 1429 1182 Domine,
1464 1120 1653 1170 sancte
1679 1106 1845 1170 Pater

144 1201 510 1271 omnipotens
537 1206 748 1255 aterne
784 1203 951 1268 Dens,
1003 1202 1103 1272 qui
1134 1218 1252 1256 non
1280 1208 1523 1257 mortem
1555 1204 1648 1258 sed
1712 1220 1845 1273 pec-

144 1294 403 1343 catorum
468 1289 643 1343 vitam
700 1306 925 1360 semper
991 1290 1250 1360 inquiris,
1314 1292 1528 1363 respice
1612 1293 1844 1347 ﬂentem

146 1378 431 1431 famulum
461 1383 650 1443 tuum,
700 1378 927 1432 attende
976 1385 1350 1449 prostratum,
1396 1381 1519 1451 ejus
1551 1382 1844 1450 planctum

147 1466 207 1519 in
248 1465 529 1536 gaudium
572 1470 687 1519 tua
745 1466 1135 1520 miserationis
1169 1475 1452 1533 converte,
1508 1469 1701 1523 scinde
1746 1471 1844 1524 de-

146 1553 417 1608 lictorum
455 1570 703 1622 saccum,
736 1560 793 1609 et
822 1555 993 1608 indue
1026 1572 1157 1610 eum
1210 1556 1469 1611 laetitiam
1515 1560 1843 1624 salutarem,

148 1647 212 1696 ut
241 1647 369 1712 post
409 1642 641 1712 longam
671 1643 1152 1713 peregrinationis
1181 1645 1392 1699 famem
1437 1646 1504 1699 de
1536 1646 1743 1700 sanctis
1772 1647 1848 1700 al-

147 1731 367 1785 taribus
419 1730 680 1798 satietur,
736 1730 1142 1803 ingressusque
1211 1733 1536 1788 cubiculum
1583 1735 1751 1806 regis,
1788 1735 1847 1789 in
1880 1745 1919 1797 Β

149 1820 329 1890 ipsius
360 1819 493 1873 aula
524 1818 823 1874 benedicat
846 1837 1061 1875 nomen
1092 1822 1290 1892 gloria
1321 1826 1434 1876 tua
1464 1838 1708 1894 semper.
1746 1825 1850 1877 Per

151 1907 480 1962 Dominum.

155 2018 303 2069 Tunc
349 2016 651 2083 episcopus,
711 2014 1050 2082 apprehensa
1105 2031 1271 2069 manu
1311 2016 1427 2085 ejus
1485 2018 1732 2086 dea-tera,
1795 2021 1853 2073 in

223 2086 503 2138 ecclesiam
557 2100 676 2137 eum
735 2086 1065 2152 introducat,
1117 2091 1165 2139 et
1212 2089 1262 2140 ei
1337 2092 1753 2143 communionem
1804 2094 1855 2143 et

222 2158 531 2281 accie‘tatem
590 2154 940 2211 Christianan
995 2157 1211 2223 reddat,
1268 2164 1317 2213 et
1366 2160 1503 2213 hanc
1560 2162 1855 2214 orationem

260 2242 349 2280 ica
411 2242 428 2280 :

260 2242 375 2280 ποατ
411 2242 428 2280 ζ

227 2315 375 2368 Deus
433 2313 773 2381 misericors,
840 2315 987 2367 Deus
1033 2315 1304 2382 clemens,
1382 2316 1481 2387 qui
1543 2318 1857 2372 secundum

152 2402 592 2457 multitudinem
642 2401 1076 2456 miserationum
1131 2410 1363 2458 tuarum
1416 2410 1644 2475 peccata
1672 2406 1856 2477 poeni-

152 2491 404 2545 tentium
442 2491 618 2556 deles,
678 2495 734 2545 et
786 2492 1213 2562 prateritorum
1271 2494 1578 2548 criminum
1641 2498 1856 2566 culpas,

153 2579 382 2633 veniam
410 2578 759 2633 remissionis
808 2596 1064 2647 evacuas,
1124 2581 1342 2651 respice
1376 2599 1548 2653 super
1578 2583 1732 2636 hunc
1785 2584 1861 2637 fa-

152 2669 381 2722 mulum
414 2669 477 2722 N.
517 2673 573 2722 et
597 2667 994 2722 remissionem
1032 2669 1141 2722 sibi
1180 2670 1441 2725 omnium
1498 2678 1860 2740 peccatorum

153 2760 272 2809 toto
302 2756 490 2810 cordis
511 2756 867 2811 confessione
897 2763 1229 2827 poscentem
1263 2759 1597 2828 deprecatus
1637 2761 1861 2827 exaudi,

152 2844 363 2899 innova
378 2844 438 2897 in
461 2861 549 2911 eo,
578 2844 834 2916 piissime
849 2847 1035 2914 Pater,
1056 2847 1335 2917 quidquid
1355 2848 1636 2902 diabolica
1663 2848 1864 2903 fraude

156 2933 436 2987 violatum
465 2937 568 3000 est,
604 2932 664 2986 in
704 2933 923 2987 unitate
963 2935 1218 3004 corporis
1252 2936 1511 2990 Ecclesia
1542 2942 1674 3005 tua,
1701 2937 1867 2990 mise-

3546 342 3648 394 862

1866 462 1914 515 A
1949 460 2225 514 canonica
2282 460 2445 515 docet
2502 461 2811 515 auctoritas
2845 460 3020 532 :quia
3069 462 3375 517 anathema
3432 468 3649 520 aeterna

1950 554 2035 604 est
2064 548 2261 603 mortis
2291 549 2608 616 damnatio,
2640 556 2698 604 et
2746 566 2862 603 non
2899 549 3011 604 nisi
3056 567 3161 621 pro
3190 552 3417 605 mortali
3477 554 3648 607 debet

1950 637 2175 707 imponi
2203 636 2465 702 crimine,
2498 643 2555 692 et
2597 637 2682 693 illi
2712 638 2810 709 qui
2841 637 3010 693 aliter
3063 655 3178 693 non
3222 640 3474 709 potuerit
3523 656 3647 695 cor-

1953 727 2079 796 rigi.

2412 814 2539 869 CAP.
2566 814 2654 868 XI.
2685 843 2754 853 -
2785 817 2859 868 De
2888 815 3074 869 eadem
3100 830 3178 869 re.

2023 901 2142 973 (Ecc
2171 904 2393 957 concilio
2437 905 2734 971 Agathen.,
2776 906 2951 972 capite
2979 904 3052 974 4.)
3088 904 3348 974 Episcopi
3401 920 3535 958 vero
3584 903 3650 969 si,

1954 991 2289 1045 sacerdotali
2339 991 2731 1046 moderatione
2763 992 3106 1062 posthabita,
3169 993 3503 1047 innocentes
3554 996 3654 1046 aut

1952 1080 2013 1134 in
2067 1080 2320 1135 minimis
2377 1081 2559 1135 causis
2605 1080 2915 1151 culpabiles
2964 1081 3461 1135 excommunicare
3500 1099 3652 1152 pra-

1954 1170 2323 1239 sumpserint,
2356 1174 2411 1223 et
2438 1170 2505 1223 ad
2543 1168 2785 1240 gratiam
2828 1170 3161 1224 festinantes
3213 1170 3464 1240 recipere
3529 1173 3652 1224 for-

1953 1263 2100 1312 tasse
2137 1258 2449 1326 noluerint,
2484 1275 2516 1311 a
2561 1258 2761 1311 vicinis
2817 1258 3096 1328 episcopis
3161 1258 3468 1329 cujuslibet
3522 1274 3653 1327 pro-

1955 1346 2154 1400 vincia
2185 1346 2386 1400 litteris
2429 1351 2790 1411 moneantur,
2825 1352 2880 1400 et
2908 1346 2953 1400 si
2984 1362 3216 1416 parcere
3263 1347 3572 1412 noluerint,
3619 1363 3653 1400 a

1955 1435 2358 1489 communione
2389 1436 2737 1489 confratrum
2771 1451 2952 1506 usque
2996 1436 3067 1489 ad
3098 1435 3421 1505 proximam
3489 1451 3653 1505 syno-

1956 1525 2094 1579 dum
2131 1525 2574 1595 suspendantur,
2623 1529 2679 1577 et
2726 1524 2807 1577 ibi
2856 1524 3142 1578 rationem
3200 1524 3456 1594 profecto
3490 1524 3647 1592 dent,

1956 1629 2027 1667 ne
2057 1614 2292 1667 fortasse
2324 1613 2384 1666 in
2413 1613 3017 1680 excommunicatores,
3068 1617 3368 1683 peccatum
3416 1628 3650 1667 excom-

1960 1703 2232 1756 municati
2265 1703 2435 1773 longo
2472 1707 2732 1772 tempore
2762 1708 2949 1756 morte
2979 1701 3382 1773 praveniatur.

1960 1793 2088 1848 Car.
2122 1793 2232 1847 XlI.
2273 1821 2342 1831 —
2380 1793 2445 1846 Ut
2495 1792 2677 1845 nullus
2712 1795 2954 1857 graviter
3002 1794 3149 1857 ferat
3175 1792 3331 1859 cujus
3366 1791 3657 1859 parochia-

2029 1878 2131 1917 nus
2189 1863 2256 1915 ab
2310 1864 2416 1917 alio
2482 1865 2725 1931 episcopo
2775 1878 2880 1932 pro
2938 1868 3085 1916 certa
3142 1863 3303 1931 culpa
3353 1877 3655 1917 ewcommu-

2030 1937 2243 1988 nicatus
2271 1935 2458 1999 fuerit.

2033 2022 2153 2092 (Ea:
2191 2022 2414 2076 concilio
2455 2020 2605 2090 apud
2631 2020 3033 2089 Compendium,
3068 2023 3245 2090 capite
3289 2023 3364 2091 5.)
3431 2020 3649 2074 Placuit

1962 2110 2133 2164 etiam
2164 2126 2265 2180 pro
2296 2109 2587 2163 communi
2625 2110 2891 2176 utilitate,
2928 2115 2984 2163 et
3010 2109 3247 2163 instanti
3292 2109 3648 2176 necessitate,

1961 2199 2025 2249 ut
2062 2195 2253 2248 nullus
2287 2193 2690 2264 episcoporum
2742 2194 2988 2264 graviter
3016 2194 3182 2263 ferat,
3214 2194 3262 2247 si
3301 2194 3424 2264 ejus
3484 2210 3651 2263 paro-

1962 2285 2254 2349 chianum,
2286 2299 2390 2353 pro
2438 2282 2878 2354 depraedationis
2925 2299 3112 2349 causa,
3167 2283 3311 2337 alter
3358 2281 3656 2352 episcopus

1965 2369 2561 2425 excommunicaverit.

1965 2460 2094 2514 CAP.
2128 2459 2269 2513 Xlll.
2301 2486 2373 2498 —
2404 2460 2475 2511 De
2520 2459 2630 2510 illis
2655 2459 2751 2526 qui
2794 2459 2853 2511 in
2876 2459 3140 2527 parochia
3170 2459 3513 2511 consistentes
3539 2457 3651 2527 alii

2038 2530 2175 2598 quid
2238 2532 2425 2582 contra
2471 2531 2644 2583 Deum
2690 2530 2935 2594 fecerint,
2972 2532 3176 2596 quoties
3211 2528 3279 2582 ab
3308 2530 3549 2596 episcopo
3581 2526 3655 2580 ad

2037 2599 2456 2654 emendationem
2486 2600 2670 2653 vocari
2689 2598 2896 2652 debent.

2038 2689 2156 2757 (Eo:
2186 2688 2407 2741 concilio
2438 2687 2722 2748 Meldensi,
2763 2689 2938 2756 capite
2969 2688 3047 2755 3.)
3076 2687 3386 2756 Episcopus
3408 2684 3468 2738 in
3497 2685 3660 2754 cujus

1968 2775 2242 2846 parochia
2273 2773 2478 2845 aliquis
2535 2774 2869 2843 consistens,
2929 2775 3147 2846 aliquid
3181 2774 3393 2844 injuste
3440 2771 3659 2840 fecerit,

1970 2865 2145 2917 semel
2178 2867 2235 2916 et
2280 2861 2388 2927 bis,
2418 2866 2589 2933 atque
2622 2862 2809 2927 tertio,
2866 2863 2914 2915 si
2958 2879 3185 2917 necesse
3214 2862 3407 2929 fuerit,
3438 2860 3663 2916 vocabit

1971 2951 2133 3006 illum
2167 2966 2267 3005 sua
2299 2951 2687 3006 admonitione
2719 2968 2823 3022 per
2874 2968 3043 3006 suum
3081 2952 3356 3006 nuncium
3388 2950 3661 3005 canonice

154 3037 304 3087 rere,
349 3022 608 3088 Domine,
645 3021 966 3090 gemituum
1005 3021 1144 3092 ejus,
1171 3022 1441 3078 miserere
1472 3026 1852 3095 lacrymarum

2071 3039 2532 3094 emendationem
2562 3040 2678 3094 sive
2734 3041 3231 3111 compositionem,
3275 3044 3331 3094 et
3374 3040 3444 3093 ad
3471 3038 3663 3109 pani-

156 3109 300 3180 ejus,
336 3114 388 3163 et
416 3126 532 3163 non
560 3109 869 3165 habentem
928 3110 1200 3165 ﬁduciam
1235 3112 1345 3166 nisi
1374 3112 1434 3166 in
1475 3118 1574 3167 tua
1629 3114 1851 3168 miseri-

157 3198 367 3265 cordia,
424 3198 493 3252 ad
552 3203 975 3253 sacramentum
1050 3199 1531 3255 reconciliationis
1589 3202 1847 3256 admitte.

160 3288 267 3340 Per
300 3286 611 3340 Dominum
637 3292 915 3341 nostrum.

232 3377 364 3429 Post
398 3375 520 3429 hac
572 3376 888 3430 secundum
940 3376 1175 3432 modum
1224 3377 1408 3447 culpa
1454 3378 1853 3448 paenitentiam

160 3463 214 3517 ei
268 3464 553 3534 injungat,
615 3470 671 3517 et
711 3464 928 3518 litteras
975 3481 1078 3536 per
1132 3466 1462 3537 parochiam
1508 3466 1739 3536 dirigat,
1794 3472 1856 3521 ut

161 3568 360 3606 omnes
418 3553 683 3607 noverint
734 3567 868 3607 eum
941 3554 1005 3607 in
1060 3554 1325 3609 societate
1383 3554 1704 3610 Christiana
1766 3573 1854 3609 re-

159 3648 411 3711 ceptum.
457 3641 597 3695 Aliis
650 3641 824 3696 etiam
888 3642 1169 3713 episcopis
1230 3644 1339 3697 hoc
1394 3648 1596 3698 notum
1665 3644 1853 3698 faciat.

163 3730 363 3783 Nullus
421 3734 610 3784 autem
664 3730 963 3801 episcopus
1006 3731 1243 3786 alterius
1296 3732 1705 3803 parochianum
1760 3749 1856 3786 ex-

160 3818 587 3873 communicare
635 3819 724 3873 vel
779 3820 1144 3874 reconciliare
1193 3826 1503 3890 prasumat
1552 3822 1673 3874 sine
1731 3838 1859 3876 con-

160 3907 398 3961 scientia
418 3906 504 3960 vel
533 3922 812 3961 consensu
838 3908 1057 3979 proprii
1090 3908 1357 3979 episcopi.

160 4016 288 4070 Car.
343 4013 411 4068 IX
464 4044 531 4054 —
592 4015 670 4072 Ne
740 4015 976 4082 episcopi
1053 4016 1359 4097 pracipites
1432 4017 1544 4069 sint
1622 4017 1860 4085 aliquem

764 4100 1243 4139 emcommumcare.

237 4173 348 4242 (Ex
385 4174 543 4242 epist.
593 4174 833 4227 Evarist.
862 4188 1043 4242 papa,
1104 4176 1282 4243 capite
1312 4175 1387 4245 3.)
1417 4176 1565 4229 Deus
1598 4176 1858 4246 omnipo-

163 4265 312 4328 tens,
368 4266 431 4314 ut
482 4277 588 4314 nos
627 4277 660 4314 a
710 4261 1123 4331 pracipitantis
1180 4262 1503 4333 prolatione
1561 4264 1858 4318 sententia

164 4352 571 4416 compesceret,
600 4364 730 4403 cum
763 4349 958 4403 omnia
995 4350 1149 4405 nuda
1200 4356 1256 4404 et
1313 4355 1510 4421 aperta
1540 4351 1653 4405 sint
1681 4354 1860 4406 oculis

167 4438 289 4507 ejus
327 4436 480 4490 mala
532 4441 725 4492 tamen
765 4438 1028 4493 Sodoma
1084 4439 1267 4495 noluit
1325 4439 1521 4495 audita
1579 4440 1858 4510 judicare,

166 4525 505 4597 priusquam
563 4527 867 4581 manifesta
918 4533 1271 4598 agnosceret,
1326 4545 1455 4600 qua
1503 4528 1858 4585 dicebantur.

171 4615 331 4670 Unde
374 4616 499 4670 ait:
548 4616 895 4671 Descendam
949 4622 1006 4671 et
1051 4618 1255 4671 videbo
1300 4625 1494 4673 utrum
1550 4620 1861 4673 clamorem

168 4703 268 4775 qui
292 4704 448 4758 venit
476 4705 545 4759 ad
575 4718 667 4760 me
708 4718 881 4776 opere
928 4705 1361 4776 compleverint,
1404 4723 1477 4761 an
1503 4724 1617 4762 non
1648 4713 1733 4762 est
1759 4708 1858 4771 ita.

166 4795 233 4846 ut
268 4792 464 4847 sciam.
508 4793 679 4864 Cujus
706 4795 970 4865 exemplo
996 4807 1320 4864 monemur,
1352 4811 1426 4851 ne
1456 4797 1528 4852 ad
1556 4798 1863 4868 proferen-

167 4880 296 4936 dam
317 4882 659 4936 sententiam
685 4896 938 4955 unquam
959 4884 1285 4955 pracipites
1306 4885 1504 4953 simus,
1526 4892 1626 4940 aut
1647 4891 1862 4941 temere

168 4968 653 5041 indiligenterque
711 4970 1028 5026 indiscussa
1093 4988 1338 5043 quaque
1404 4989 1640 5045 quoquo
1690 4976 1860 5030 modo

167 5058 508 5129 judicemas.

666 5147 791 5201 Car.
816 5148 875 5201 X.
899 5178 967 5188 —
990 5152 1063 5204 De
1082 5149 1265 5205 eadem
1286 5166 1361 5205 re.

244 5235 353 5306 (Ea:
407 5236 609 5304 synodo
664 5237 943 5305 Mcldensi,
985 5241 1162 5308 capite
1210 5239 1289 5308 3.)
1322 5240 1391 5294 Ut
1422 5255 1589 5293 nemo
1641 5240 1862 5310 episco-

171 5340 380 5395 porum
424 5325 743 5395 quemlibet
787 5326 911 5379 sine
966 5330 1121 5382 certa
1171 5333 1228 5382 et
1283 5328 1587 5383 manifesta
1648 5328 1865 5398 peccati

172 5429 358 5480 causa,
411 5416 818 5469 communione
870 5414 1057 5487 privet
1114 5416 1507 5471 ecclesiastica.
1562 5416 1679 5471 Sub
1732 5434 1866 5471 ana-

172 5502 364 5557 thema
422 5508 617 5558 autem
671 5504 793 5559 sine
868 5504 1211 5559 conscientia
1275 5504 1709 5575 archiepiscopi,
1768 5511 1867 5560 aut

172 5591 663 5663 coepiscoporum,
705 5593 1005 5665 episcopus
1035 5593 1259 5649 nullum
1306 5599 1501 5665 ponat,
1554 5594 1663 5648 nisi
1710 5594 1865 5649 unde

1959 3131 2219 3198 tentiam,
2244 3135 2307 3184 ut
2350 3131 2465 3184 Deo
2514 3140 2570 3183 et
2602 3129 2861 3184 Ecclesia
2891 3129 3198 3184 satisfaciat
3251 3145 3424 3200 quam
3493 3128 3658 3181 lasit.
3738 3152 3741 3153 ν

1961 3220 2018 3274 Si
2042 3225 2228 3274 autem
2262 3218 2581 3289 despexerit
2600 3223 2772 3288 atque
2797 3217 3209 3289 contempserit
3239 3219 3362 3288 ejus
3400 3216 3661 3271 admoni-

1960 3308 2179 3364 tionem
2209 3314 2266 3361 et
2308 3306 2745 3361 saluberrimam
2792 3306 3207 3370 invitationem,
3277 3305 3444 3360 feriat
3496 3305 3662 3358 illum

1963 3396 2233 3468 pastorali
2288 3396 2466 3465 virga,
2525 3396 2631 3448 hoc
2688 3398 2793 3462 est,
2851 3395 3133 3448 sententia
3205 3393 3661 3448 excommunica-

1961 3486 2152 3552 tionis,
2178 3489 2303 3538 uta
2356 3483 2754 3537 communione
2783 3487 2989 3536 sancta
3047 3481 3303 3537 Ecclesia
3366 3481 3663 3535 omnium-

1964 3590 2073 3645 que
2105 3573 2556 3629 Christianorum
2607 3571 2678 3625 sit
2742 3576 3053 3641 separatus,
3118 3587 3295 3642 usque
3361 3570 3434 3623 ad
3525 3585 3662 3622 con-

1964 3678 2167 3732 gruam
2238 3660 2681 3715 satisfactionem
2749 3666 2806 3714 et
2879 3660 3113 3729 dignam
3177 3657 3662 3725 emendationem,

1965 3752 2147 3815 Quam
2204 3748 2855 3805 excommunicationem
2923 3749 3089 3803 debet
3154 3748 3307 3803 idem
3363 3747 3663 3816 episcopus

1964 3838 2175 3893 seniori
2200 3838 2355 3892 illius
2390 3843 2583 3891 notam
2633 3838 2837 3903 facere,
2888 3840 2945 3891 et
2992 3836 3261 3890 omnibus
3317 3834 3434 3888 suis
3467 3833 3663 3903 coepi-

1966 3927 2169 3997 scopis,
2221 3931 2278 3981 et
2330 3926 2594 3980 omnibus
2647 3926 2763 3980 suis
2816 3925 3177 3994 parochianis
3233 3940 3305 3978 ne
3356 3940 3489 3978 eum
3523 3922 3663 3978 reci-

1965 4016 2130 4088 piant
2157 4031 2335 4085 usque
2366 4016 2435 4068 ad
2472 4014 2706 4084 dignam
2741 4013 3209 4068 satisfactionem.

2394 4104 2520 4157 Cap.
2564 4104 2695 4157 XIV.
2740 4133 2797 4141 --
2836 4104 2914 4156 De
2936 4102 3121 4157 eadem
3158 4118 3235 4155 re.

2042 4193 2149 4263 (Εω
2188 4192 2367 4247 eodem
2419 4194 2595 4261 capite
2651 4192 2726 4260 6.)
2768 4191 3072 4261 Episcopus
3110 4190 3207 4261 qui
3256 4205 3355 4243 eos
3404 4188 3665 4260 quolibet

1886 4311 1929 4364 Β
1971 4297 2207 4335 munere
2234 4281 2320 4333 vel
2353 4280 2542 4335 favore
2572 4285 2670 4334 aut
2726 4279 3077 4350 negligentia
3126 4295 3363 4333 monere
3415 4283 3514 4332 aut
3568 4293 3665 4331 ex-

1972 4369 2395 4424 communicare
2446 4368 2753 4435 distulerit,
2815 4368 2914 4439 qui
2961 4374 3160 4422 contro
3216 4370 3393 4422 Deum
3462 4371 3520 4421 et
3568 4367 3667 4420 Ec-

1972 4459 2158 4512 clesia
2214 4471 2413 4527 pacem
2483 4456 2720 4523 faciunt,
2782 4462 2883 4510 aut
2962 4462 3310 4511 revertentes
3376 4454 3664 4525 suscipiat,

1975 4552 2073 4601 aut
2116 4551 2550 4600 contemnentes
2590 4546 2659 4600 de
2699 4545 2943 4600 Ecclesia
2991 4545 3198 4616 ejiciat,
3276 4543 3664 4598 excommuni-

1974 4639 2133 4689 catus
2162 4634 2440 4688 habeatur
2468 4651 2501 4688 a
2530 4630 2767 4704 collegio
2796 4640 3162 4699 caterorum,
3231 4649 3532 4704 quousque
3583 4632 3671 4685 vel

1976 4722 2411 4789 emendationis,
2445 4724 2532 4777 vel
2565 4722 2951 4777 damnationis
2983 4738 3181 4778 eorum
3204 4722 3275 4776 ab
3297 4738 3363 4776 eo
3387 4720 3672 4775 sententia

1974 4812 2392 4883 promulgetur.

1978 4901 2105 4955 CAP.
2136 4901 2240 4955 XV.
2268 4929 2337 4938 —
2368 4899 2537 4965 Quod
2566 4900 2723 4954 aliud
2763 4902 2837 4954 sit
2886 4916 3109 4969 peccare
3157 4899 3219 4954 in
3270 4900 3462 4965 Deum,
3516 4896 3672 4952 aliud

2629 4973 2689 5024 in
2732 4972 3015 5025 hominem.

2049 5062 2159 5131 (Ea:
2197 5057 2360 5115 dictis
2393 5060 2676 5131 Augusti.)
2705 5060 3134 5114 Attendendum
3162 5063 3248 5115 est
3279 5059 3435 5131 quod
3474 5057 3671 5113 Domi-

1977 5165 2086 5204 nus
2114 5148 2288 5203 dicit:
2318 5148 2376 5203 Si
2422 5147 2739 5216 peccaverit
2768 5146 2830 5201 in
2860 5151 2914 5201 te
2960 5149 3136 5202 frater
3168 5152 3319 5203 tuus.
3370 5147 3542 5202 Aliud
3590 5150 3675 5200 est

1977 5254 2211 5310 peccare
2240 5238 2303 5292 in
2330 5254 2454 5300 nos,
2496 5235 2652 5290 aliud
2704 5252 2940 5307 peccare
2972 5237 3033 5290 in
3081 5238 3283 5292 Deum.
3342 5236 3397 5293 Si
3452 5237 3511 5290 in
3568 5252 3675 5290 nos

1980 5328 2187 5398 aliquis
2225 5325 2560 5398 peccaverit,
2612 5341 2727 5379 non
2757 5330 2842 5378 est
2865 5325 3047 5379 nostri
3104 5325 3344 5381 arbitrii.
3388 5326 3674 5395 Scriptum

1978 5416 2191 5488 quippe
2212 5421 2295 5471 est
2328 5432 2341 5470 :
2370 5415 2425 5470 Si
2456 5413 2773 5486 peccaverit
2801 5413 2886 5467 vir
2915 5413 2976 5467 in
3005 5413 3215 5480 virum,
3244 5416 3457 5486 placari
3487 5419 3673 5483 potest

1979 5505 2032 5559 ei
2065 5506 2232 5559 Deus.
2266 5504 2323 5559 Si
2354 5508 2547 5558 autem
2601 5503 2664 5558 in
2695 5504 2874 5559 Deum
2929 5502 3262 5574 peccaverit,
3298 5502 3429 5573 quis
3490 5502 3677 5558 orabit

1978 5610 2083 5665 pro
2113 5595 2218 5648 eo?
2267 5594 2377 5648 Nos
2427 5593 2746 5649 econtrario
2796 5592 2858 5647 in
2914 5591 3013 5648 Dei
3068 5590 3281 5661 injuria
3340 5590 3578 5662 benigni
3621 5597 3678 5647 et
