3944 6310
301 335 404 388 863

1391 326 1796 384 BURCHARDI
1836 326 1990 381 WOR
2003 323 2366 381 MACIENSIS
2404 322 2721 380 EPISCOPI

3699 325 3814 378 864

302 455 696 511 misericordes
723 469 943 520 sumus,
967 457 1024 508 et
1069 453 1170 508 Dei
1199 453 1495 518 offensam,
1530 451 1692 523 quasi
1720 451 1780 505 in
1810 457 2003 506 nostra
2032 454 2079 506 A
2119 451 2385 522 pellimus
2412 455 2468 504 et
2517 451 2874 518 damnamus,
2933 454 3107 521 atque
3166 452 3470 523 sacrilegos
3497 468 3621 507 esse
3666 452 3817 525 judi-

299 549 578 616 potestate
610 544 682 597 sit
707 544 830 613 ejus
858 543 1003 597 velle
1033 547 1089 597 et
1115 542 1237 614 ejus
1273 542 1444 607 nolle,
1493 541 1728 611 impune
1787 540 1999 611 absque

298 632 636 703 congruenti
657 631 1012 703 poenitentia
1033 631 1280 685 vindicta
1302 631 1584 684 donamus
1612 645 1623 684 :
1648 646 1774 683 cum
1804 635 1998 683 tamen

299 721 449 792 quod
483 720 545 774 in
575 720 742 775 nobis
772 720 1141 773 commissum
1199 723 1304 784 est,
1372 734 1476 772 nec
1530 719 1732 772 saltem
1760 718 1996 772 verbum

297 807 780 862 contumeliosum
845 807 1161 876 leviterque
1219 806 1502 875 prolatum
1561 804 1684 857 sine
1751 804 1999 858 vindicta

298 896 648 967 pertransire
672 895 940 966 patimur.
990 894 1356 948 Dimittamus
1383 909 1519 963 ergo
1549 897 1786 963 propter
1816 895 1997 948 Deum

299 985 455 1055 quod
487 985 546 1038 in
575 983 736 1037 nobis
768 987 1159 1054 perpetratum
1193 987 1296 1049 est,
1328 986 1385 1036 et
1413 981 1566 1052 quod
1593 981 1653 1035 in
1683 983 1794 1036 Deo
1842 997 1997 1036 com-

299 1073 536 1126 missum
585 1077 687 1139 est,
749 1073 884 1142 quia
940 1070 1230 1126 dimittere
1278 1087 1396 1124 non
1455 1085 1784 1140 possumus,
1835 1069 2000 1141 juxta

295 1161 761 1215 constitutionem
794 1164 1124 1214 sanctorum
1155 1161 1411 1227 Patrum,
1464 1159 1778 1212 secundum
1819 1173 1996 1212 cano-

296 1250 485 1304 nicam
508 1250 874 1304 autoritatem
909 1248 1286 1303 vindicemus.

719 1339 846 1393 CAP.
888 1339 1020 1392 XVI.
1069 1368 1137 1376 —
1169 1338 1251 1390 De
1278 1336 1462 1390 eadem
1489 1350 1567 1390 re.

363 1429 469 1496 (Ea:
507 1427 728 1481 concilio
752 1425 1033 1491 Meldensi,
1093 1427 1270 1492 capite
1314 1423 1389 1493 5.)
1425 1424 1494 1477 Ut
1523 1438 1856 1493 pervaseres
1895 1439 1992 1478 re-

297 1530 424 1568 rum
483 1513 1010 1580 ecclesiasticarum,
1059 1511 1159 1582 qui
1189 1512 1419 1566 easdem
1451 1527 1539 1564 res
1573 1516 1769 1565 contra
1805 1515 1996 1566 aucto-

297 1603 524 1656 ritatem
558 1617 672 1654 non
702 1602 885 1654 solum
919 1601 1188 1666 retinere,
1233 1615 1430 1653 verum
1474 1606 1530 1653 et
1558 1600 1865 1654 crudeliter
1902 1600 1994 1654 de-

296 1691 560 1760 populari
588 1695 924 1755 noscuntur,
980 1688 1216 1760 quidam
1271 1689 1427 1743 enim
1472 1688 1764 1742 facultates
1822 1688 1993 1743 etiam

298 1775 558 1830 Ecclesia
589 1775 649 1829 in
689 1775 910 1829 diversa
957 1775 1404 1830 collaboratione
1447 1780 1504 1830 et
1538 1775 1854 1829 redditibus
1902 1792 1996 1830 eas

298 1862 606 1933 expoliant,
663 1863 762 1916 sed
793 1867 850 1917 et
891 1879 1173 1935 pauperes
1231 1867 1285 1918 et
1313 1863 1527 1918 vicinos
1557 1867 1614 1916 et
1663 1862 1997 1917 circumma—

298 1955 501 2005 nentes
533 1951 1064 2006 immisericorditer
1086 1951 1370 2023 afﬂigunt,
1404 1951 1701 2006 devastant
1722 1957 1778 2006 et
1799 1951 1994 2022 oppri-

300 2043 485 2098 munt.
516 2044 580 2093 ut
625 2057 858 2111 rapaces
888 2041 986 2111 qui
1029 2041 1341 2095 secundum
1391 2041 1728 2111 Apostolum
1756 2056 1787 2093 a
1818 2054 1996 2109 regno

300 2127 400 2182 Dei
457 2128 858 2195 excluduntur,
918 2145 984 2183 ex
1036 2128 1323 2183 criminali
1383 2133 1438 2182 et
1481 2128 1712 2199 publico
1765 2131 1995 2199 peccato

300 2215 528 2288 publica
582 2217 920 2286 panitentia
954 2218 1306 2274 multentur.
1349 2217 1514 2282 Quod
1568 2217 1615 2270 si
1669 2217 1779 2271 hoc
1827 2231 1997 2286 agere

302 2305 612 2369 noluerint,
659 2305 980 2376 proferatur
1017 2310 1216 2360 contra
1267 2323 1361 2360 eos
1411 2305 1732 2374 apostolica
1773 2304 1995 2360 terribi-

301 2393 486 2464 lisque
537 2394 820 2447 sententia
866 2410 979 2465 qua
1002 2395 1245 2449 dicitur:
1298 2394 1357 2449 Si
1404 2394 1531 2466 quis
1583 2395 1759 2448 frater
1809 2392 1998 2447 nomi-

302 2487 491 2549 natur,
529 2487 587 2536 et
618 2487 701 2537 est
729 2499 924 2554 rapax,
984 2499 1113 2538 cum
1142 2483 1471 2554 hujusmodi
1492 2499 1598 2538 nec
1626 2483 1817 2538 cibum
1848 2482 1995 2554 quis-

301 2585 476 2641 quam
505 2586 731 2624 sumere
752 2571 1268 2643 prasumatzquia
1322 2571 1590 2642 iniquum
1651 2576 1709 2626 et
1772 2571 1998 2625 sacrile-

302 2675 438 2729 gum
465 2664 570 2725 est,
627 2664 689 2713 ut
735 2659 1108 2730 Symmachus
1148 2675 1320 2730 papa,
1351 2665 1406 2713 et
1438 2665 1564 2730 post
1628 2675 1762 2714 eum
1799 2660 2000 2713 beatus

303 2748 631 2818 Gregorius,
690 2747 900 2803 Sabino
930 2748 1278 2803 subdiacono
1310 2749 1503 2803 scribit
1534 2765 1548 2803 :
1582 2748 1641 2803 Si
1668 2749 1798 2820 quis
1847 2748 1998 2820 quod

303 2835 881 2907 venerabilibusjlocis
909 2837 1280 2908 relinquitur,
1309 2853 1499 2908 prava
1532 2837 1846 2892 voluntatis
1877 2843 1998 2891 stu-

303 2923 430 2991 diis,
477 2924 592 2979 suis
622 2925 980 2995 compendiis
1018 2926 1321 2981 tentaverit
1357 2926 1626 2994 retinere,
1681 2926 1995 2981 secundum

2111 556 2326 607 camus,
2358 543 2414 594 et
2441 555 2560 593 non
2604 540 2790 593 solum
2821 555 2934 600 eos,
2985 539 3086 594 sed
3116 539 3291 594 etiam
3340 557 3539 595 omnes
3567 557 3816 596 consen-

2111 629 2314 683 tientes
2342 629 2424 683 eis
2465 644 2479 682 :
2512 628 2648 699 quia
2679 644 2794 681 non
2851 629 3038 682 solum
3093 629 3190 699 qui
3224 629 3460 694 faciunt,
3507 631 3605 685 sed
3638 630 3816 684 etiam

2110 717 2211 788 qui
2269 717 2636 772 consentiunt
2689 715 2773 770 rei
2837 716 3143 786 judicatur.
3211 718 3566 787 Augustinus
3621 718 3814 771 dicit:

2109 807 2219 871 Qui
2248 806 2465 876 aliquid
2491 805 2558 860 de
2584 804 2828 860 Ecclesia
2870 805 3095 859 furatur
3134 810 3190 860 et
3219 807 3389 876 rapit,
3419 806 3578 861 Iuda
3617 807 3818 876 prodi-

2108 894 2222 949 tori
2255 899 2634 964 comparatur.

2553 983 2680 1037 CAP.
2713 982 2816 1036 XX.
2853 1010 2926 1024 —
2959 982 3040 1036 De
3068 982 3254 1036 eadem
3284 999 3358 1036 re.

2179 1071 2287 1142 (Em
2329 1073 2552 1126 concilio
2603 1071 2874 1138 Gangren.
2935 1073 3113 1140 capite
3166 1071 3243 1142 8.)
3295 1071 3396 1126 llic
3437 1071 3538 1143 qui
3589 1072 3820 1127 dederit

2105 1161 2194 1215 vel
2238 1161 2518 1231 acceperit
2572 1160 2890 1214 oblationes
2936 1160 3152 1227 altaris,
3205 1166 3416 1231 prater
3475 1161 3815 1231 episcopum

2105 1249 2193 1303 vel
2250 1249 2374 1319 ejus
2431 1247 2689 1314 missum,
2750 1256 2806 1302 et
2837 1247 2934 1320 qui
2993 1249 3090 1303 dat
3121 1255 3179 1303 et
3210 1249 3310 1320 qui
3369 1250 3603 1321 accepit,
3676 1266 3820 1304 ana-

2105 1337 2301 1392 thema
2330 1336 2425 1390 sit.

2539 1407 2667 1462 CAP.
2702 1407 2833 1462 XXI.
2869 1437 2934 1448 -ο
2967 1411 3042 1463 De
3070 1407 3255 1462 eadem
3292 1424 3370 1462 re.

2177 1496 2288 1566 (Ea:
2319 1497 2539 1551 concilio
2570 1497 2720 1565 apud
2764 1497 2819 1553 S.
2863 1496 3203 1563 Medardum,
3254 1499 3432 1566 capite
3480 1497 3551 1568 t.)
3575 1497 3633 1553 Si
3679 1497 3817 1569 quis

2104 1585 2420 1640 oblationes
2470 1584 2728 1638 Ecclesia
2777 1590 2931 1638 extra
2966 1585 3270 1639 Ecclesiam
3311 1602 3510 1656 rapere
3543 1587 3629 1640 vel
3671 1588 3818 1641 dare

2103 1674 2351 1728 voluerit
2404 1678 2614 1744 prater
2645 1673 3050 1728 conscientiam
3092 1675 3363 1746 episcopi,
3399 1676 3484 1730 vel
3543 1677 3668 1746 ejus
3715 1677 3816 1731 cui

2105 1762 2436 1834 hujusmodi
2462 1761 2649 1815 officia
2677 1762 2980 1816 commissa
3009 1768 3159 1830 sunt,
3193 1764 3499 1818 anathema
3529 1765 3623 1818 sit.

2526 1851 2655 1906 CAP.
2690 1852 2853 1906 XXII.
2891 1882 2959 1891 —
2985 1855 3064 1906 De
3093 1853 3277 1906 eadem
3296 1868 3373 1906 re.

2175 1943 2283 2005 (Ea:
2314 1939 2455 1994 decr.
2489 1942 2712 1994 Joannis
2739 1955 2919 2010 papae,
2945 1943 3122 2009 capite
3157 1941 3262 2010 10.)
3319 1942 3387 1996 Ut
3446 1940 3504 1994 hi
3547 1941 3649 2011 qui
3681 1958 3812 1997 mo-

2105 2028 2355 2082 nasteria
2386 2033 2444 2082 et
2473 2028 2596 2082 loca
2645 2030 2757 2082 Deo
2815 2033 3030 2082 sacrata
3062 2034 3118 2082 et
3147 2029 3411 2083 ecclesias
3453 2029 3807 2101 infringunt,

2105 2121 2163 2172 et
2189 2117 2449 2187 deposita
2504 2118 2590 2171 vel
2647 2117 2758 2171 alia
2813 2117 3132 2189 quemlibet
3183 2119 3387 2173 exinde
3439 2119 3806 2187 abstrahunt,

2104 2208 2379 2262 damnum
2437 2207 2631 2260 novies
2660 2211 3034 2276 componant,
3067 2211 3125 2260 et
3156 2207 3532 2261 emunitatem
3559 2207 3810 2278 triplici-

2103 2299 2211 2361 ter,
2269 2300 2326 2350 et
2381 2295 2537 2349 velut
2596 2294 2858 2364 sacrilegi
2918 2293 3204 2348 canonica
3285 2295 3584 2350 sententia
3641 2296 3811 2350 subi-

2105 2389 2341 2454 gantur.

2107 2475 2234 2530 CAP.
2264 2473 2448 2528 XXIII.
2479 2503 2547 2512 -
2592 2475 2666 2527 De
2704 2473 2787 2526 his
2835 2472 3175 2598 qiulicf‘lzzrmm
3214 2476 3312 2528 Dei
3351 2474 3813 2543 contemptibilem

2180 2633 2282 2701 (Ea:
2313 2633 2536 2687 concilio
2579 2634 2868 2700 Mogunti.,
2901 2634 3078 2702 capite
3104 2631 3184 2704 7.)
3222 2632 3490 2704 Quisquis
3529 2633 3677 2687 fastu
3712 2651 3808 2688 su-

2108 2721 2321 2792 perbia
2352 2722 2533 2775 elatus
2564 2721 2801 2775 domum
2846 2721 2946 2776 Dei
2979 2720 3138 2776 ducit
3186 2721 3707 2792 contemptibilem,
3750 2727 3811 2777 et

2108 2809 2494 2880 possessiones
2525 2811 2640 2864 Deo
2670 2815 2936 2876 sacratas,
2955 2816 3127 2882 atque
3159 2811 3229 2866 ad
3261 2811 3533 2864 honorem
3577 2811 3675 2866 Dei
3699 2811 3808 2866 sub

2107 2897 2284 2968 regia
2340 2898 2673 2952 emunitatis
2727 2899 3058 2953 defensione
3091 2899 3445 2968 constitutas,
3501 2899 3809 2955 inhoneste

304 2986 513 3066 statuta
541 2986 824 3067 canonum
863 3014 931 3067 ab
971 3014 1130 3068 omni
1163 3014 1538 3068 ecclesiastica
1593 2986 1995 3070 communione
2028 3017 2068 3072 C
2108 2986 2455 3054 tractaverit’
2508 2988 2597 3041 vel
2643 2987 2954 3058 infringere
2981 2988 3429 3060 pl‘msumpserit’
3472 2993 3568 3042 aut
3598 2989 3810 3043 incen-

303 3104 369 3154 ut
423 3100 733 3171 sacrilegus
789 3102 960 3156 debet
1003 3102 1204 3169 arceri,
1230 3103 1412 3157 donec
1442 3103 1666 3158 studeat
1692 3103 1866 3174 digna
1913 3120 1997 3158 sa-

304 3188 623 3243 tisfactione
654 3190 810 3260 quod
837 3191 1068 3245 admisit
1105 3191 1410 3261 corrigere.

307 3296 434 3350 CAP.
466 3296 621 3351 XVII.
654 3326 723 3337 —
755 3297 911 3362 Quod
959 3302 1208 3352 sanctum
1245 3302 1554 3353 sanctorum
1583 3300 1674 3367 sit,
1726 3299 1996 3369 quidquid

881 3371 1106 3423 Domino
1135 3369 1301 3438 o/fera
1309 3375 1416 3424 tur.

377 3455 484 3527 (Ea:
508 3456 649 3512 decr.
701 3459 978 3524 Boni/acii
1009 3473 1188 3526 papa,
1238 3461 1414 3528 capite
1465 3459 1542 3528 5.)
1588 3458 1787 3513 Nullus
1829 3458 1998 3514 liceat

303 3542 589 3615 ignorare,
625 3561 794 3600 omne
821 3547 974 3615 quod
1026 3546 1268 3600 Domino
1313 3551 1695 3613 consecratur,
1727 3548 1841 3601 sive
1872 3546 1995 3602 Iue-

303 3633 382 3686 rit
408 3632 600 3701 homo,
629 3633 746 3687 sive
774 3634 1010 3700 animal,
1042 3634 1158 3688 sive
1197 3651 1354 3704 ager,
1387 3636 1476 3690 vel
1508 3635 1788 3706 quidquid
1820 3638 1997 3692 semel

303 3721 476 3776 fuerit
504 3726 912 3783 consecratum,
941 3727 1199 3776 sanctum
1226 3727 1551 3778 sanctorum
1591 3725 1699 3778 erit
1731 3726 1994 3793 Domino,

305 3814 364 3864 et
393 3810 463 3864 ad
497 3810 592 3880 jus
633 3810 882 3881 pertinet
911 3811 1289 3866 sacerdotum.
1328 3813 1568 3883 PrOpter
1623 3814 1816 3884 quod:
1861 3815 1998 3886 quia

304 3898 707 3953 inexcusabilis
753 3899 862 3953 erit
887 3899 1074 3953 omnis
1117 3900 1218 3971 qui
1264 3916 1298 3953 a
1331 3901 1570 3955 Domino
1618 3906 1674 3956 et
1729 3903 1991 3972 Ecclesia,

305 3987 398 4042 cui
456 3992 806 4058 competunt,
861 3989 1063 4055 aufert,
1119 3993 1317 4053 vastat,
1382 3989 1620 4059 invadit,
1673 3993 1760 4046 vel
1807 3993 1994 4064 eripit,

305 4091 486 4146 usque
519 4076 589 4130 ad
613 4076 1076 4131 emendationem
1125 4078 1503 4150 Ecclesiaque
1532 4079 1994 4150 satisfactionem,

307 4170 369 4219 ut
414 4165 722 4237 sacrilegus
767 4166 1133 4236 dijudicetur,
1181 4172 1236 4221 et
1282 4167 1329 4221 si
1367 4169 1673 4224 emendare
1724 4172 1994 4238 noluerit,

305 4255 846 4309 excommunicetur.

307 4360 434 4415 CAP.
466 4361 646 4416 XVIII.
671 4391 739 4401 —
771 4363 843 4415 De
860 4363 972 4416 illis
993 4364 1090 4432 qui
1111 4363 1316 4490 Claritsti
1342 4367 1598 4434 pecunias
1623 4368 1881 4434 auferunt
1917 4369 2000 4422 vel

1026 4449 1229 4490 ramun
1259 4475 1272 4488 .

1026 4449 1272 4502 rapiunt.

377 4521 484 4589 (Em
514 4522 670 4588 epist.
741 4521 993 4576 Anacleti
1044 4539 1205 4592 papa
1245 4527 1450 4580 cunctis
1488 4526 1737 4594 ﬁdelibus
1781 4529 1994 4597 missa.)

304 4607 411 4670 Qui
433 4607 686 4671 abstulit,
720 4609 927 4680 inquit,
957 4610 1171 4682 aliquid
1193 4613 1362 4682 patri,
1388 4614 1686 4668 homicida
1716 4615 1998 4686 particeps

305 4701 408 4750 est.
467 4699 634 4751 Pater
684 4704 898 4765 noster,
963 4699 1086 4754 sine
1117 4701 1316 4770 dubio,
1379 4704 1527 4756 Deus
1583 4707 1686 4768 est,
1743 4701 1842 4772 qui
1893 4718 1998 4756 nos

305 4785 535 4839 creavit.
569 4786 744 4840 Mater
771 4803 906 4841 vero
961 4789 1221 4857 Ecclesia,
1270 4807 1399 4862 qua
1444 4807 1548 4845 nos
1599 4791 1660 4844 in
1713 4790 1998 4860 baptismo

305 4873 635 4944 spiritaliter
693 4877 1067 4946 regeneravit.
1118 4879 1262 4949 Ergo
1304 4880 1404 4951 qui
1461 4878 1668 4934 Christi
1729 4879 1998 4949 pecunias

305 4967 361 5016 et
383 4963 646 5018 Ecclesia
672 4965 897 5032 suffert,
952 4966 1122 5037 rapit,
1171 4974 1268 5023 aut
1305 4969 1548 5034 fraudat,
1580 4968 1865 5024 homicida
1892 4973 1997 5038 est,

307 5057 478 5123 atque
507 5059 638 5107 ante
673 5055 849 5110 Deum
890 5055 1177 5111 homicida
1225 5058 1552 5128 deputatur.
1587 5057 1697 5121 Qui
1726 5059 1881 5112 enim
1913 5074 2000 5112 res

307 5142 568 5196 Ecclesia
619 5143 938 5213 abstulerit,
986 5146 1350 5218 sacrilegium
1399 5146 1551 5206 facit.
1590 5150 1646 5200 et
1690 5151 1753 5201 ut
1773 5148 1998 5202 sacrile-

307 5246 412 5302 gus
437 5231 786 5301 judicandus
813 5239 914 5287 est.

732 5323 858 5376 CAP.
893 5324 1020 5378 XIX.
1061 5355 1130 5364 ——
1170 5327 1236 5379 De
1280 5323 1465 5378 eadem
1500 5339 1576 5378 re.

377 5409 489 5480 (Ea:
527 5410 668 5464 decr.
724 5411 880 5467 Lucii
907 5429 1088 5482 papae,
1130 5415 1308 5482 capite
1352 5412 1460 5480 10.)
1494 5413 1706 5467 Rerum
1739 5413 2002 5469 ecclesia-

310 5495 576 5550 sticarum
607 5501 663 5552 et
710 5498 1045 5554 facultatum
1079 5506 1334 5569 raptores
1376 5515 1410 5552 a
1449 5499 1743 5554 liminibus
1797 5508 2002 5557 sancta

308 5583 568 5639 Ecclesia
653 5589 1202 5644 anathematizantes
1276 5588 1584 5659 apostolica
1665 5593 1999 5648 auctoritate

2107 3075 2202 3130 dia
2246 3077 2335 3131 vel
2385 3077 2729 3132 vastationes
2805 3093 2946 3131 ausu
3001 3078 3306 3132 temerario
3362 3079 3806 3149 perpetraverit,

2105 3165 2269 3236 quasi
2298 3165 2526 3220 invasor
2553 3171 2611 3220 et
2646 3165 2889 3220 violator
2943 3166 3207 3220 Ecclesia
3257 3167 3376 3235 Dei,
3407 3183 3535 3237 qua
3568 3172 3654 3221 est
3700 3169 3807 3222 do-

2107 3269 2233 3306 mus
2261 3254 2362 3307 Dei
2387 3254 2518 3318 vivi,
2547 3271 2581 3307 a
2631 3253 3036 3309 communione
3087 3254 3348 3309 omnium
3403 3255 3664 3309 fidelium
3697 3256 3809 3310 ab-

2104 3341 2410 3396 scindatur.

2517 3413 2645 3467 CAP.
2674 3415 2849 3469 XXIV.
2883 3444 2949 3452 --
2979 3417 3051 3469 De
3082 3414 3266 3469 eadem
3303 3430 3378 3468 re.

2179 3499 2286 3570 (Ea:
2306 3501 2504 3569 eodem,
2539 3518 2658 3571 cap.
2686 3502 2765 3574 6.)
2797 3503 2855 3557 Si
2882 3503 3009 3573 quis
3036 3503 3429 3574 cujuscunque
3463 3504 3813 3558 munuscula

2107 3589 2367 3644 Ecclesia
2397 3591 2603 3644 sanctis
2645 3591 3058 3661 scripturarum
3104 3592 3286 3646 titulis
3340 3593 3594 3658 collecta,
3651 3594 3813 3647 nefa-

2106 3679 2191 3732 ria
2219 3679 2530 3734 calliditate
2578 3680 2898 3745 abstulerit,
2954 3679 3322 3746 fraudaverit,
3377 3681 3668 3747 invaserit,
3706 3699 3809 3737 re-

2105 3767 2431 3836 tentaverit,
2469 3773 2638 3839 atque
2683 3769 3050 3840 subripuerit,
3103 3775 3160 3823 et
3190 3786 3308 3823 non
3340 3769 3530 3824 statim
3554 3787 3586 3823 a
3616 3787 3809 3824 sacer-

2109 3857 2240 3911 dote
2271 3857 2654 3911 commonitus
2683 3859 2795 3911 Deo
2823 3859 3026 3912 collata
3073 3857 3408 3925 reddiderit,
3440 3857 3509 3912 ab
3544 3859 3809 3914 Ecclesia

2106 3944 2398 3998 catholica
2431 3946 2835 3999 communione
2869 3947 3132 4016 pellatur.

2107 4032 2237 4087 CAP.
2270 4034 2417 4088 XXV.
2447 4062 2518 4074 —
2552 4036 2618 4089 Ut
2646 4050 2730 4088 res
2762 4035 3105 4159 abtlatatcum
3143 4035 3595 4105 multiplicatione
3647 4037 3808 4090 resti-

2850 4122 2958 4158 uun
2988 4122 3072 4159 ur.

2850 4122 3072 4160 uuntur.

2178 4192 2297 4262 (Ean
2329 4192 2470 4246 decr.
2505 4193 2737 4248 Eusebii
2765 4209 2945 4263 papae,
2971 4197 3147 4264 capite
3174 4195 3254 4266 4.)
3297 4195 3389 4248 Est
3409 4194 3581 4249 etiam
3607 4195 3667 4249 in
3699 4211 3806 4249 an-

2031 4300 2070 4353 D
2112 4281 2287 4352 tiquis
2319 4282 2578 4336 Ecclesia
2625 4283 2849 4336 statutis
2897 4283 3210 4351 decretum,
3260 4289 3323 4338 ut
3351 4283 3446 4355 qui
3485 4283 3670 4337 aliena
3713 4284 3809 4338 in-

2107 4371 2282 4437 vadit,
2311 4387 2424 4424 non
2458 4375 2620 4425 exeat
2654 4371 2993 4443 impunitus,
3030 4373 3128 4426 sed
3158 4388 3286 4426 cum
3321 4373 3808 4443 multiplicatione

2107 4459 2302 4513 omnia
2333 4459 2613 4513 restituat.
2650 4461 2811 4515 Unde
2842 4466 2897 4514 et
2939 4461 2998 4514 in
3030 4461 3338 4530 Evangelio
3368 4461 3646 4532 scriptum
3691 4466 3804 4523 est,

2106 4548 2258 4619 quod
2282 4546 2330 4601 si
2359 4546 2578 4619 aliquid
2609 4547 2864 4620 aliquem
2907 4549 3255 4617 defraudavi,
3315 4549 3497 4608 reddo
3551 4551 3812 4620 quadru-

2108 4637 2290 4708 plum.

2108 4726 2234 4780 CAP.
2268 4725 2449 4781 XXVI.
2480 4755 2551 4765 —-
2581 4726 2732 4793 Quod
2756 4727 3236 4781 ecclesiasticarum
3275 4742 3454 4781 rerum
3472 4727 3726 4782 incendia
3756 4734 3812 4784 et

2213 4796 2638 4865 depradationes
2686 4813 2786 4866 pro
2834 4800 3128 4852 emunitate
3164 4801 3276 4852 sint
3332 4799 3693 4854 emendanda.

2179 4885 2299 4953 (Ea:
2327 4889 2484 4954 epist.
2521 4886 2741 4954 Gregor.
2773 4901 2932 4956 papa
2975 4887 3049 4941 ad
3077 4888 3482 4942 Constantinam
3512 4903 3624 4954 reg.
3669 4889 3808 4942 Gal-

2108 4971 2238 5043 lia.)
2271 4973 2408 5027 Cum
2443 4974 2874 5028 devotissimam
2919 4975 3212 5029 dominam
3263 4976 3435 5029 sciam
3484 4977 3554 5030 de
3591 4977 3809 5031 calesti

2109 5062 2222 5115 vita
2251 5066 2425 5132 atque
2447 5063 2701 5117 remedio
2741 5063 2946 5118 anima
2975 5081 3094 5119 sua
3126 5065 3323 5119 sedulo
3380 5065 3646 5134 cogitare,
3691 5067 3810 5120 cul-

2109 5165 2243 5220 pam
2273 5166 2364 5204 me
2393 5152 2754 5207 committere
2785 5153 3158 5207 vehementer
3183 5153 3465 5220 existimo,
3502 5153 3549 5207 si
3581 5170 3647 5208 ea
3677 5171 3809 5225 qua

2108 5255 2213 5310 pro
2234 5239 2440 5294 timore
2462 5241 2872 5312 omnipotentis
2902 5243 3004 5296 Dei
3026 5246 3157 5296 sunt
3182 5242 3542 5313 suggerenda
3570 5242 3803 5313 siluero,

2111 5332 2167 5383 et
2194 5333 2249 5381 te
2305 5329 2722 5385 sanctissimam
2769 5332 2836 5386 de
2865 5331 3253 5386 Ecclesiastica
3283 5347 3421 5402 pace
3471 5331 3666 5385 sedule
3692 5348 3810 5387 non

2109 5433 2536 5472 commonuero.
2584 5420 2763 5473 Nimis
2798 5437 2888 5474 me
2925 5420 3134 5475 Iuliani
3175 5420 3368 5474 fratris
3397 5425 3455 5474 et
3484 5420 3811 5492 coepiscopi

2110 5507 2290 5561 nostri
2314 5508 2688 5577 proclamatio
2738 5525 2924 5579 nuper
2970 5509 3345 5576 contristavit,
3377 5508 3646 5576 {maxime
3678 5526 3809 5566 cum

2109 5595 2260 5649 villa
2306 5611 2425 5649 sua
2454 5595 2718 5651 videlicet
2749 5597 3011 5652 Ecclesia
3037 5614 3069 5652 a
3115 5596 3484 5670 nequissimis
3514 5599 3808 5668 pradoni-
