3944 6308
146 331 248 383 865

1060 327 1548 386 ‘DECRETORUM
1591 329 1780 387 LIBRI
1818 334 1924 389 XX.
1959 365 2027 372 —
2060 336 2268 392 LIBER
2306 337 2723 395 UNDECIMUS.

3543 350 3645 403 866

143 449 250 503 bus
280 449 399 502 sint
435 448 799 519 depradata,
832 452 1003 539 atque
1031 451 1323 539 nocturnis
1370 452 1649 506 incendiis
1686 470 1844 508 more
1872 457 1920 510 A
1956 455 2062 510 bus
2093 461 2149 510 et
2180 459 2421 514 Domino
2468 462 2583 515 Deo
2615 462 2706 516 cui
2755 463 2965 518 tradita
3006 470 3140 520 sunt
3190 484 3254 522 ea
3292 472 3650 539 subtrahant,

143 538 336 591 furum
370 538 683 591 combusta
714 554 727 590 :
761 542 816 591 et
839 538 977 592 dum
1008 538 1158 592 idem
1190 540 1449 610 maligni,
1472 542 1633 611 juxta
1663 542 1848 596 nostri

140 627 584 697 pradecessoris
632 626 901 681 Bonifacii
939 627 1183 695 decreta,
1220 644 1325 698 pro
1354 629 1670 684 emunitate
1702 631 1845 685 illud

140 717 455 771 emendare
489 716 800 781 noluerint,
834 717 973 771 dum
1006 722 1064 771 et
1093 718 1284 771 saculi
1309 719 1464 788 leges
1496 720 1617 773 hac
1646 721 1845 773 eadem

138 805 219 858 ita
266 805 487 859 habere
536 804 843 871 voluerint,
896 805 1021 876 lege
1052 806 1273 877 vulgari
1323 810 1490 875 teste,
1522 807 1582 860 in
1609 824 1722 878 qua
1766 808 1846 861 sic

139 893 414 947 scribitur
448 893 546 947 :Si
596 893 724 964 quis
768 909 945 947 manu
994 899 1215 947 armata
1263 910 1445 965 usque
1487 896 1555 948 ad
1598 901 1847 966 quatuor

138 982 408 1036 homines
438 982 499 1035 in
526 982 710 1036 vicum
738 982 972 1037 alterius
994 983 1063 1037 ad
1095 983 1567 1037 malefaciendum
1601 985 1841 1053 venerit,

134 1071 233 1124 ille
261 1071 365 1141 qui
395 1072 558 1141 prior
583 1076 663 1125 est
687 1071 888 1126 illicita
914 1071 1366 1142 praesumptione
1386 1078 1694 1143 componat
1714 1074 1845 1127 soli-

135 1158 237 1212 dos
268 1159 514 1227 DCCCC,
558 1174 828 1229 sequaces
869 1175 1004 1213 vero
1050 1158 1173 1229 ejus
1204 1158 1601 1230 unusquisque
1634 1160 1843 1214 solidos

136 1247 346 1314 LXXX;
395 1247 442 1300 si
494 1263 623 1301 vero
655 1247 735 1301 ibi
791 1246 1122 1302 incendium
1172 1246 1432 1314 fecerint,
1490 1247 1599 1301 sibi
1627 1264 1842 1303 nonam

133 1342 510 1407 componant,
533 1337 786 1407 praedam
818 1352 951 1391 vero
984 1336 1043 1390 in
1077 1337 1468 1408 quadruplum
1517 1338 1838 1391 restituant.

135 1425 194 1480 Si
218 1418 423 1480 saculi
453 1427 607 1497 leges
637 1426 809 1481 talem
851 1426 1136 1496 justitiam
1167 1426 1379 1480 habere
1414 1426 1722 1494 voluerint,
1752 1428 1840 1482 lex

135 1515 335 1569 divina
365 1532 468 1569 cur
495 1515 736 1569 inferior
775 1532 897 1570 esse
926 1515 1174 1582 debebit,
1210 1532 1339 1570 cum
1372 1515 1429 1569 in
1461 1515 1643 1586 ipsius
1686 1516 1841 1570 veri—

132 1602 262 1656 tatis
320 1604 633 1673 prasentia
677 1620 710 1657 a
757 1603 986 1657 Zachao
1040 1604 1432 1657 collaudatum
1486 1604 1577 1671 sit,
1636 1604 1683 1657 si
1736 1603 1839 1657 ali-

133 1706 309 1761 quem
358 1691 749 1761 defraudaret,
797 1698 860 1747 ut
917 1692 978 1746 in
1034 1693 1424 1763 quadruplum
1466 1693 1839 1747 restitueret?

135 1781 200 1834 Et
251 1780 392 1851 quia
441 1796 733 1835 summum
781 1781 842 1834 in
892 1781 1123 1851 regibus
1168 1781 1385 1835 bonum
1430 1786 1515 1835 est
1556 1782 1840 1851 justitiam

136 1869 342 1933 colere,
401 1884 465 1923 ac
526 1886 628 1923 sua
684 1866 901 1940 quique
946 1871 1076 1939 jura
1126 1886 1372 1938 scrvare,
1428 1874 1482 1924 et
1534 1871 1593 1923 in
1651 1870 1840 1939 subje-

137 1962 254 2011 ctos
283 1974 405 2011 non
461 1958 645 2012 sinere
695 1959 846 2028 quod
899 1960 1191 2029 potestatis
1232 1963 1317 2012 est
1370 1958 1518 2028 fieri,
1563 1959 1658 2013 sed
1687 1960 1840 2030 quod

136 2063 369 2117 aquum
402 2053 489 2101 est
518 2047 814 2115 custodiri,
846 2064 989 2118 quos
1024 2065 1119 2101 vos
1145 2054 1202 2102 et
1228 2048 1483 2118 diligere,
1518 2052 1575 2101 et
1603 2048 1839 2102 omnino

136 2135 487 2189 confidimus
544 2136 772 2190 studere
833 2152 847 2190 :
910 2142 1258 2207 quapropter
1314 2137 1663 2191 excellentia
1724 2141 1838 2190 tua

138 2240 335 2279 mense
368 2225 665 2280 novembri
702 2225 1004 2295 praesentis
1033 2226 1190 2292 anni,
1232 2226 1480 2279 secunda
1506 2226 1838 2291 indictione,

135 2315 370 2367 Petrum
395 2322 451 2367 et
477 2314 878 2385 coepiscopum
903 2331 935 2368 a
963 2315 1184 2385 gremio
1212 2320 1421 2368 sancta
1454 2315 1727 2369 Romana
1745 2315 1840 2368 Ec-

135 2402 322 2456 clesia
355 2403 816 2471 transmittimus,
850 2409 914 2457 ut
938 2404 1211 2458 fratribus
1242 2404 1497 2475 ejusdem
1532 2403 1839 2471 provincia

135 2491 193 2545 in
242 2508 427 2545 unum
481 2494 863 2563 congregatis,
911 2494 1193 2547 emunitas
1249 2500 1306 2546 et
1358 2493 1731 2564 praesumptio
1782 2497 1840 2547 et

135 2580 504 2651 sacrilegium
568 2581 842 2635 canonica
907 2582 1230 2649 autoritate,
1309 2587 1363 2635 et
1430 2586 1616 2635 vestra
1680 2581 1839 2651 regia

134 2669 417 2739 dignitate
474 2670 645 2723 talem
710 2670 1026 2724 terminum
1090 2670 1395 2741 accipiant,
1473 2686 1544 2723 ne
1600 2671 1839 2740 posthac

137 2758 400 2813 membra
442 2758 674 2825 diaboli,
724 2759 827 2812 ﬁlii
860 2776 1131 2829 nequam,
1177 2759 1236 2813 in
1281 2763 1474 2813 sancta
1503 2759 1752 2813 Ecclesia
1780 2763 1836 2814 te

136 2850 311 2903 etiam
344 2848 425 2901 ibi
452 2852 726 2918 regnante
755 2848 891 2902 talia
919 2853 1288 2918 prasumant.

138 2955 264 3010 CAP.
298 2955 503 3009 XXVII.
538 2983 605 2992 —
632 2956 707 3008 De
727 2954 883 3008 rebus
913 2955 1284 3008 ecclesiasticis
1329 2953 1589 3024 quomodo
1618 2956 1838 3008 restitui

865 3025 1111 3079 debeant.

208 3112 328 3183 (Ea:
383 3113 528 3168 decr.
561 3114 802 3181 Eusebii,
835 3116 1010 3183 capite
1055 3114 1132 3185 8.)
1183 3116 1245 3168 Et
1274 3114 1335 3168 in
1379 3114 1601 3185 legibus
1645 3115 1838 3169 saculi

136 3208 373 3256 cautum
418 3202 679 3257 habetur.
726 3203 834 3267 Qui
870 3219 990 3257 rem
1023 3203 1260 3273 surripit
1308 3203 1573 3264 alienam,
1624 3202 1709 3256 illi
1737 3219 1835 3257 cu-

129 3291 224 3361 jus
258 3307 348 3345 res
403 3291 690 3362 dirempta
737 3296 839 3357 est,
900 3292 957 3345 in
990 3291 1381 3362 undecuplum
1434 3308 1562 3362 qua
1614 3291 1838 3345 sublata

134 3385 268 3435 sunt
316 3381 597 3435 restituat.
636 3382 701 3435 Et
731 3381 791 3435 in
822 3382 948 3451 lege
991 3381 1184 3435 divina
1222 3380 1453 3450 legitur.
1506 3379 1835 3435 Maledictus

134 3470 322 3523 omnis
354 3468 453 3540 qui
506 3469 775 3523 transfert
824 3469 1099 3523 terminos
1139 3468 1391 3539 proximi
1436 3468 1525 3523 sui
1558 3485 1571 3523 :
1605 3472 1661 3522 et
1698 3468 1836 3523 dicit

134 3558 323 3614 omnis
356 3559 623 3629 p0pulus,
667 3560 869 3613 Amen.
903 3557 1059 3613 Talia
1094 3574 1231 3628 ergo
1262 3574 1381 3612 non
1408 3562 1836 3627 prasumantur

134 3648 351 3719 absque
395 3647 634 3715 ultione,
689 3664 795 3702 nec
821 3653 1193 3702 exerceantur
1239 3647 1454 3717 absque
1504 3645 1832 3701 damnatio-

136 3753 225 3791 ne.
263 3738 491 3802 Pacem,
524 3741 582 3790 et
611 3752 724 3790 non
769 3737 1043 3791 damnum
1090 3740 1189 3790 aut
1220 3735 1561 3806 injustitiam
1593 3734 1834 3805 alicujus

133 3825 433 3879 sectamini
484 3824 546 3878 in
575 3825 844 3895 invicem,
893 3830 949 3879 et
987 3825 1045 3879 in
1079 3840 1299 3879 omnes.
1351 3824 1596 3877 Proinde
1627 3823 1674 3876 si
1705 3823 1834 3894 quis

134 3913 540 3968 ecclesiasticas
587 3914 922 3980 oblationes,
976 3919 1033 3969 et
1081 3914 1232 3985 quod
1279 3914 1392 3967 Deo
1440 3917 1833 3967 consecratum

132 4002 328 4069 fuerit,
415 4002 710 4072 rapuerit,
780 4003 869 4056 vel
936 4001 1287 4057 consenserit
1345 4000 1707 4069 facientibus,
1769 4006 1835 4055 ut

137 4092 449 4163 sacrilegus
500 4092 866 4163 dijudicetur,
910 4098 968 4147 et
1011 4092 1287 4147 damnum
1331 4092 1393 4145 in
1441 4091 1831 4162 quadruplum

137 4183 417 4247 restituat,
452 4186 508 4235 et
537 4180 803 4235 canonice
833 4181 1125 4251 paniteat.

137 4290 264 4344 CAP.
300 4289 530 4344 XXVIII.
551 4318 621 4328 —
653 4288 808 4354 Quod
831 4288 1085 4354 sacrilegi
1106 4289 1217 4341 sint
1238 4286 1598 4341 Ecclesiarum
1621 4285 1831 4353 praedo-
1860 4302 1903 4355 Ῑ)

924 4373 1017 4413 nes
1026 4401 1036 4411 .

208 4451 316 4520 (Ea:
342 4451 566 4504 concilio
613 4451 880 4517 Mogunti,
926 4451 1103 4517 capite
1133 4447 1205 4516 3.)
1238 4446 1510 4517 Sacrilegi
1554 4450 1685 4499 sunt
1732 4447 1829 4499 Ec-

136 4538 440 4594 clesiarum
480 4539 802 4609 pradones.
855 4538 1012 4593 Unde
1044 4542 1100 4592 et
1137 4538 1196 4591 in
1234 4536 1471 4591 concilio
1519 4535 1831 4606 Agatbensi

136 4628 241 4681 sub
288 4631 493 4697 quarto
541 4627 792 4697 capitulo
843 4626 1135 4681 decretum
1180 4626 1424 4679 habetur
1470 4623 1548 4677 ita
1583 4639 1596 4677 :
1631 4623 1830 4677 Amico

135 4715 429 4786 quippiam
460 4732 661 4787 rapere
698 4717 918 4771 furtum
948 4720 1035 4770 est
1064 4732 1077 4770 :
1117 4714 1375 4769 Ecclesia
1409 4728 1540 4767 vero
1574 4711 1829 4766 fraudari

132 4805 220 4858 vel
276 4804 527 4858 abstrahi
584 4805 911 4876 surripique
966 4804 1348 4874 sacrilegium.
1409 4803 1618 4857 Omnes
1673 4800 1828 4855 enim

134 4897 329 4947 contra
384 4893 567 4963 legem
600 4893 891 4962 facientes,
940 4909 1147 4965 resque
1182 4891 1439 4945 Ecclesiae
1469 4890 1823 4961 diripientes,

131 4982 217 5035 vel
266 4982 541 5036 Ecclesias
591 4983 1028 5054 sacerdotesque
1077 4986 1275 5036 contra
1322 4979 1541 5034 divinas
1579 4977 1825 5032 sanctio-

134 5087 233 5125 nes
278 5076 548 5125 vexantes
596 5072 858 5142 sacrilegi
887 5077 1185 5137 vocantur,
1231 5075 1404 5141 atque
1434 5067 1828 5123 indubitanter

131 5160 392 5228 infames,
426 5161 801 5233 sacrilegique
830 5161 1077 5216 habendi
1106 5164 1257 5214 sunt.

557 5251 685 5304 CAP.
712 5250 885 5305 XXIX.
921 5278 989 5291 —
1012 5252 1085 5304 De
1110 5248 1293 5303 eadem
1320 5263 1396 5301 re.

201 5339 311 5405 (Ea:
336 5341 494 5407 epist.
526 5339 626 5393 Pii
654 5354 811 5408 papae
839 5340 1057 5393 Italicis
1085 5336 1358 5405 fratribus
1388 5333 1601 5405 missa.)
1635 5333 1714 5388 Ad
1740 5348 1826 5386 se-

132 5427 256 5482 dem
289 5432 483 5482 autem
533 5430 906 5499 apostolicam
938 5429 1224 5499 perlatum
1256 5431 1360 5493 est,
1407 5424 1559 5495 quod
1593 5423 1704 5477 sint
1736 5423 1823 5477 in-

132 5520 218 5570 ter
248 5532 345 5569 vos
388 5516 783 5571 contentiones
836 5522 895 5570 et
946 5516 1345 5582 emulationes,
1388 5518 1444 5568 et
1487 5511 1707 5584 pradia
1736 5510 1822 5565 di-

132 5604 277 5659 vinis
311 5605 506 5659 usibus
540 5606 764 5672 tradila,
809 5605 1042 5676 quidam
1092 5604 1360 5659 humanis
1389 5603 1677 5675 applicent
1706 5600 1823 5654 usi-

1958 551 2014 598 et
2042 546 2159 600 suis
2190 548 2388 602 usibus
2425 549 2760 605 inserviant.
2794 552 3151 623 Quapropter
3186 557 3256 611 ab
3288 560 3551 615 omnibus
3577 561 3652 614 il-

1956 634 2008 686 la
2057 636 2448 705 usurpationis
2497 640 2847 693 contumelia
2897 641 3231 710 depellenda
3271 651 3375 712 est,
3407 664 3479 702 ne
3510 665 3653 719 pra-

1955 722 2049 776 dia
2094 723 2198 777 sub
2230 725 2462 779 secretis
2512 727 2833 780 calestibus
2859 728 3113 797 judicata
3146 748 3177 784 a
3204 733 3545 803 quibusdam
3577 737 3651 789 ir-

1954 810 2257 865 ruentibus
2305 818 2596 870 vexentur.
2633 814 2791 879 Quod
2825 816 2871 869 si
2911 817 3041 887 quis
3070 823 3524 891 prasumpserit,
3563 841 3651 877 sa-

1955 899 2201 969 crilegus
2245 900 2545 968 habeatur,
2592 908 2649 957 et
2694 904 2840 957 sicut
2868 905 3181 977 sacrilegus
3224 908 3533 978 judicetur.
3568 911 3654 980 Ip-

1954 1003 2046 1040 sos
2086 993 2280 1042 autem
2336 990 2435 1059 qui
2484 990 2589 1044 hoc
2620 997 2841 1061 agunt:
2874 994 3109 1047 clericos
3157 1011 3221 1048 ac
3280 997 3507 1051 Domini
3555 1015 3649 1053 sa-

1953 1076 2210 1131 cerdotes
2262 1078 2532 1149 persequi
2587 1096 2798 1150 eosque
2850 1080 3127 1136 infamare
3180 1085 3526 1153 audivimus,
3586 1092 3650 1141 ut

1953 1164 2169 1219 malum
2203 1182 2373 1236 super
2402 1169 2614 1222 malum
2663 1168 2934 1224 addentes
2972 1171 3285 1227 deteriores
3335 1174 3498 1243 fiant,
3529 1191 3650 1229 non

1952 1250 2344 1322 intelligentes
2388 1255 2542 1324 quod
2572 1255 2818 1309 Ecclesia
2854 1257 2951 1310 Dei
2980 1257 3041 1312 in
3081 1261 3471 1316 sacerdotibus
3504 1279 3647 1317 con-

1952 1340 2135 1409 sistat,
2193 1347 2250 1395 et
2291 1348 2508 1397 crescat
2551 1343 2611 1397 in
2656 1345 2935 1415 templum
2970 1347 3069 1401 Dei
3102 1365 3114 1401 :
3144 1354 3201 1402 et
3246 1350 3392 1404 sicut
3419 1351 3511 1404 cui
3544 1352 3647 1405 Ec-

1950 1429 2181 1484 clesiam
2218 1430 2314 1484 Dei
2364 1436 2543 1485 vastat
2572 1432 2809 1504 ejusque
2859 1435 3074 1504 pradia
3104 1441 3162 1490 et
3199 1437 3439 1493 donaria
3470 1456 3648 1510 expo-

1950 1516 2053 1572 liat
2081 1523 2135 1572 et
2167 1518 2404 1588 invadit,
2450 1520 2513 1574 ﬁt
2544 1522 2873 1592 sacrilegus,
2908 1522 2988 1577 sic
3030 1529 3087 1578 et
3130 1525 3227 1579 ille
3259 1527 3360 1598 qui
3402 1528 3527 1599 ejus
3559 1545 3647 1583 sa-

1952 1607 2206 1661 cerdotes
2256 1607 2600 1679 insequitur,
2635 1610 2917 1682 sacrilegii
2961 1628 3091 1667 reus
3135 1614 3326 1669 existit
3370 1621 3425 1670 et
3472 1617 3647 1671 sacri-

1952 1693 2114 1764 legus
2139 1695 2446 1765 judicatur.

1954 1800 2081 1855 CAP.
2115 1802 2258 1855 XXX.
2286 1805 2463 1877 _—7De
2502 1804 2584 1857 his
2618 1807 2715 1877 qui
2745 1808 3108 1862 truncationes
3138 1809 3515 1877 membrorum,
3559 1811 3647 1867 de-

2144 1874 2509 1940 praedationes
2538 1880 2588 1929 et
2617 1876 2891 1931 domorum
2922 1879 3174 1932 incendia
3200 1882 3447 1944 fecerint.

2024 1960 2135 2030 (Ea
2176 1961 2318 2015 decr.
2352 1962 2691 2032 Eutychian.
2721 1969 2927 2033 papa.)
2977 1966 3033 2020 Si
3080 1967 3209 2037 quis
3250 1970 3646 2024 membrorum

1950 2049 2360 2117 truncationes,
2406 2051 2709 2105 domorum
2740 2052 3006 2107 incendia
3038 2054 3256 2125 fecerit,
3312 2057 3429 2111 sive
3458 2059 3644 2113 facere

1943 2137 2199 2207 jusserit,
2242 2144 2341 2193 aut
2385 2139 2610 2194 facienti
2654 2142 3028 2211 consenserit,
3081 2160 3382 2216 quousque
3437 2147 3506 2201 de
3556 2148 3645 2201 his

1951 2226 2261 2296 unicuique
2306 2227 2568 2297 legaliter
2610 2230 2699 2283 vel
2728 2230 3105 2286 amicabiliter
3146 2249 3337 2287 coram
3377 2233 3643 2305 episcopo

1949 2314 2193 2369 civitatis
2237 2314 2478 2384 aliisque
2508 2315 2723 2370 civibus
2767 2332 2881 2370 non
2913 2319 3322 2387 emendaverit,
3356 2321 3427 2374 ab
3460 2323 3645 2377 Eccle-

1950 2403 2031 2456 sia
2085 2419 2143 2456 se
2175 2402 2459 2472 privatum
2517 2412 2833 2474 cognoscat.
2877 2405 2935 2459 Si
2984 2422 3118 2460 vero
3168 2413 3297 2477 post
3337 2408 3645 2463 secundam

1950 2496 2008 2545 et
2058 2491 2283 2546 tertiam
2314 2493 2774 2558 conventionem,
2824 2500 3025 2548 cuncta
3058 2495 3116 2548 in
3148 2496 3357 2566 quibus
3385 2498 3647 2567 arguitur

1950 2596 2065 2634 non
2114 2580 2522 2647 emendaverit,
2577 2586 2850 2652 tanquam
2898 2582 3156 2637 ethnicus
3199 2588 3255 2638 et
3304 2585 3646 2655 publicanus

1951 2668 2018 2723 ab
2047 2668 2204 2722 omni
2226 2668 2678 2725 Christianorum
2700 2672 2941 2741 collegio
2967 2677 3283 2743 separetur.

1949 2775 2077 2829 CAP.
2112 2775 2291 2829 XXXI.
2324 2805 2391 2815 —
2423 2775 2579 2840 Quod
2622 2792 2740 2829 cum
2766 2780 3219 2833 emcommunicato
3252 2794 3407 2833 orare
3438 2796 3543 2835 non
3573 2783 3641 2835 Ii-

2727 2852 2860 2901 ceat.

2021 2934 2125 3002 (Ea:
2151 2934 2312 2989 dictis
2351 2936 2405 2991 S.
2443 2934 2683 3004 Isidori.)
2718 2936 2859 2989 Cum
2891 2938 3402 3005 excommunicato,
3453 2956 3641 3010 neque

1873 3020 1913 3075 C
1952 3038 2134 3090 orare,
2168 3038 2353 3093 neque
2385 3022 2565 3093 loqui,
2618 3023 2727 3076 nisi
2756 3039 2824 3077 ea
2852 3040 2981 3094 qua
3011 3025 3081 3079 ad
3118 3027 3380 3081 eamdem
3411 3043 3639 3082 excom—

1950 3111 2402 3167 municationem
2460 3112 2773 3183 pertinent,
2847 3128 3035 3184 neque
3100 3114 3251 3169 vesci
3312 3117 3516 3187 cuique
3573 3117 3642 3171 li-

1948 3206 2087 3255 ceat.

2351 3289 2478 3343 CAP.
2506 3288 2714 3343 XXXII.
2748 3317 2815 3330 —-
2848 3291 2929 3343 De
2949 3290 3133 3344 eadem
3160 3307 3237 3345 re.

2017 3378 2135 3445 (Ea:
2166 3377 2326 3431 dictis
2369 3377 2649 3446 ejusdem.)
2680 3377 2736 3431 Si
2780 3378 2908 3447 quis
2937 3378 3130 3445 frater,
3184 3383 3282 3432 aut
3320 3379 3508 3449 palam
3541 3384 3643 3435 aut

1947 3467 2214 3521 absconse
2260 3482 2390 3519 cum
2430 3465 2919 3520 excommunicato
2968 3466 3142 3521 fuerit
3183 3468 3426 3533 locutus,
3478 3485 3639 3523 com-

1946 3572 2180 3610 munem
2208 3555 2397 3609 statim
2442 3570 2572 3609 cum
2614 3570 2682 3611 eo
2710 3555 3312 3611 excommunicationis
3339 3558 3642 3614 contrahet

1943 3660 2192 3716 panam.

2341 3732 2469 3787 CAP.
2502 3733 2727 3788 XXXIII.
2761 3763 2828 3772 —
2859 3735 2932 3787 De
2954 3732 3137 3788 eadem
3162 3749 3239 3789 re.
3300 3736 3305 3741 ⁴

2015 3821 2123 3892 (Ea:
2152 3821 2313 3877 dictis
2360 3824 2642 3877 Fructuosi
2672 3823 2951 3892 episcopi.)
3000 3822 3142 3877 Cum
3172 3823 3638 3879 excommunica—

1943 3913 2003 3964 to
2056 3911 2248 3963 nullus
2299 3910 2587 3981 loquatur,
2648 3926 2835 3981 neque
2888 3911 3143 3982 qualibet
3194 3928 3325 3966 eum
3380 3929 3635 3984 compas-

1944 4000 2104 4055 sione
2151 4000 2237 4053 vel
2284 3998 2650 4053 miseratione
2700 4000 2968 4067 refoveat,
3009 4016 3197 4071 neque
3245 4001 3313 4054 ad
3346 4003 3637 4057 contradi-

1943 4090 2211 4155 ctionem,
2246 4087 2335 4141 vel
2364 4088 2693 4157 superbiam
2726 4090 3049 4142 confortare
3082 4094 3410 4157 prasumat.

2333 4176 2461 4231 CAP.
2495 4177 2710 4229 XXXIV.
2742 4207 2810 4215 —-
2844 4178 2923 4230 De
2950 4178 3133 4230 eadem
3161 4193 3239 4231 re.

2016 4267 2123 4337 (Ea:
2150 4266 2367 4320 concilio
2413 4264 2690 4330 Antioch.,
2724 4266 2900 4332 capite
2940 4266 3020 4333 2.)
3064 4264 3207 4318 Cum
3243 4267 3635 4321 excommuni-

1942 4357 2083 4412 catis
2129 4371 2247 4409 non
2278 4353 2409 4407 licet
2458 4352 2907 4421 communicare,
2955 4369 3056 4407 nec
3086 4370 3216 4407 cum
3264 4353 3354 4407 his
3399 4354 3498 4424 qui
3532 4372 3635 4425 per

1941 4444 2142 4498 domos
2199 4441 2563 4503 conveniunt,
2633 4438 2946 4493 devitantes
3014 4441 3301 4494 orationes
3358 4442 3635 4509 ecclesia,

1940 4531 2037 4585 ubi
2072 4532 2245 4585 simul
2290 4529 2569 4583 orandum
2615 4533 2716 4582 est.
2764 4528 2821 4582 Si
2867 4527 3113 4598 quilibet
3162 4533 3353 4583 autem
3384 4546 3451 4584 ex
3481 4530 3632 4586 clero

1939 4622 2331 4691 deprehensus
2377 4619 2552 4676 fuerit
2588 4634 2717 4672 cum
2760 4618 3267 4673 excommunicatis
3316 4621 3633 4675 communi-

1937 4726 2084 4777 care,
2118 4710 2290 4764 etiam
2320 4709 2425 4762 iste
2457 4707 2710 4778 privetur
2738 4707 3165 4762 communione.

2344 4798 2471 4852 CAP.
2504 4796 2699 4852 XXXV.
2730 4825 2798 4835 --
2829 4798 2901 4850 De
2932 4795 3116 4850 eadem
3143 4812 3221 4851 re.

2009 4887 2119 4955 (Ea:
2149 4902 2347 4941 canone
2394 4887 2799 4955 apostolorum.)
2855 4884 2912 4939 Si
2942 4884 3071 4955 quis
3121 4900 3252 4939 cum
3301 4900 3628 4940 excommu-

1935 4975 2143 5039 nicato,
2197 4977 2399 5028 saltem
2431 4975 2490 5028 in
2519 4974 2711 5039 domo,
2770 4974 2940 5027 simul
2992 4973 3257 5041 oraverit,
3310 4974 3415 5028 iste
3464 4989 3625 5027 com-

1935 5064 2209 5119 munione
2241 5063 2516 5135 privetur.

2323 5153 2450 5207 CAP.
2481 5153 2697 5207 XXXVI.
2730 5183 2799 5191 ——
2840 5153 2921 5205 De
2949 5149 3131 5205 eadem
3159 5166 3233 5204 re.

2002 5243 2113 5311 (Ea:
2151 5241 2372 5295 concilio
2402 5243 2636 5309 Nicano,
2670 5243 2847 5309 capite
2876 5239 2952 5311 5.)
2985 5240 3060 5293 De
3103 5238 3190 5292 his
3220 5236 3319 5309 qui
3365 5253 3624 5292 commu-

1931 5330 2103 5385 nione
2149 5329 2467 5400 privantur,
2519 5344 2617 5381 seu
2651 5344 2719 5381 ex
2746 5329 2917 5394 clero,
2962 5342 3063 5380 seu
3093 5342 3161 5379 ex
3182 5325 3367 5379 laicali
3399 5325 3621 5392 ordine,

1933 5421 2004 5475 ab
2038 5418 2318 5489 episcOpis
2367 5432 2469 5487 per
2498 5432 2969 5487 unamquamque
3010 5413 3365 5487 provinciam
3396 5418 3624 5469 senten-

1932 5510 2013 5564 tia
2060 5507 2339 5580 regularis
2385 5504 2731 5570 obtineatur,
2778 5509 2843 5559 ut
2890 5505 2951 5559 hi
3004 5504 3106 5576 qui
3138 5504 3505 5575 abjiciuntur,
3553 5503 3623 5558 ab

1935 5597 2060 5653 aliis
2091 5612 2207 5653 non
2259 5594 2628 5667 recipiantur.
2688 5594 3038 5664 Requiratur
3079 5598 3268 5649 autem
3319 5608 3390 5648 ne
3435 5591 3624 5663 pusil-
