3944 6304
293 348 398 400 867

1363 332 1769 391 BURCHARDI
1808 327 2338 387 WORMACIENSIS
2376 323 2710 381 EPISCOPI.

3687 325 3793 376 868

294 468 616 523 lanimitate
663 468 763 519 aut
812 460 1200 525 contentione,
1244 459 1332 512 vel
1385 457 1495 512 alio
1534 455 1792 528 quolibet
1843 452 1981 508 vitio
2012 454 2055 508 Α
2095 450 2329 505 dicium.
2363 449 2447 504 Ab
2474 446 2752 502 universis
2786 444 3071 516 episcopis
3102 445 3317 500 dictum
3349 447 3434 498 est
3467 459 3479 500 :
3513 444 3795 499 Omnibus

297 554 555 626 episcopi
586 551 846 606 videatur
875 565 909 602 a
932 545 1332 602 communione
1355 544 1622 598 seclusus.

656 677 662 684 ι
690 639 816 693 CAP.
848 635 1091 692 XXXVII.
1125 665 1193 673 —
1216 637 1287 687 De
1311 633 1493 685 eadem
1519 646 1597 684 re.

371 731 478 800 (Ea:
519 730 738 784 concilio
766 725 1045 789 Antioche,
1104 723 1281 790 capite
1310 720 1388 789 6.)
1433 719 1489 774 Si
1521 719 1649 789 quis
1691 734 1723 771 a
1751 716 1988 788 proprio

301 821 572 890 episcopo
613 815 1017 872 communione
1069 811 1322 882 privatus
1362 814 1465 873 est,
1524 823 1642 862 non
1696 810 1825 860 ante
1873 821 1988 858 sus-

297 908 542 977 cipiatur
595 907 664 960 ab
697 903 821 958 aliis
865 899 1166 972 episcopis,
1213 914 1386 969 quam
1439 913 1541 950 suo
1591 893 1990 950 reconcilietur

296 997 580 1066 episcopo.
1071 1019 1086 1029 ο

651 1080 775 1133 CAP.
809 1076 1086 1132 XXXVIII.
1123 1104 1192 1114 —-
1229 1075 1310 1127 De
1339 1072 1523 1126 eadem
1553 1086 1630 1124 re.

366 1172 473 1241 (Ea:
501 1170 642 1224 decr.
688 1168 875 1223 Calist.
909 1181 1088 1235 papa,
1134 1165 1312 1232 capite
1342 1163 1416 1231 3.)
1465 1158 1988 1215 Excommunicatos

296 1274 525 1332 quoque
552 1274 584 1310 a
617 1254 1004 1309 sacerdotibus
1036 1252 1226 1306 nullus
1258 1249 1496 1320 recipiat
1529 1254 1660 1302 ante
1692 1247 1987 1317 utriusque

291 1347 470 1420 partis
511 1343 991 1400 examinationem
1035 1342 1273 1410 justam,
1329 1354 1431 1392 nec
1461 1353 1591 1390 cum
1633 1335 1803 1388 eisin
1852 1351 1987 1388 ora-

291 1436 470 1503 tione,
516 1439 617 1487 aut
654 1431 802 1497 cibo,
860 1430 946 1482 vel
995 1433 1153 1498 potu,
1207 1429 1307 1479 aut
1358 1426 1552 1479 osculo
1582 1423 1984 1491 communicet,

291 1540 397 1577 nec
427 1526 540 1577 Ave
589 1523 671 1575 eis
715 1522 862 1574 dicat
896 1536 909 1572 :
943 1518 1078 1589 quia
1127 1516 1455 1587 quicunque
1502 1514 1559 1568 in
1593 1515 1700 1579 his,
1732 1513 1816 1566 vel
1864 1511 1987 1565 aliis

293 1611 602 1681 prohibitis
650 1609 894 1662 scienter
923 1605 1431 1660 excommunicatis
1457 1601 1983 1666 communicaverit,

289 1701 452 1770 juxta
500 1699 890 1768 apostolorum
935 1693 1377 1757 institutionem,
1411 1696 1468 1744 et
1513 1691 1636 1760 ipse
1684 1689 1860 1743 simili
1890 1705 1985 1743 ex-

293 1786 802 1843 communicationi
831 1784 1136 1852 subjaceat.

696 1876 822 1930 CAP.
853 1873 1066 1927 XXXIX.
1100 1901 1168 1909 —
1201 1872 1270 1924 De
1296 1869 1480 1923 eadem
1504 1883 1580 1922 re.

367 1965 478 2033 (Em
508 1965 729 2018 concilio
777 1959 1085 2029 Antioche.)
1136 1961 1258 2013 Non
1295 1962 1484 2011 autem
1520 1956 1686 2009 liceat
1724 1969 1985 2008 commu-

293 2054 484 2108 nicare
531 2049 1049 2113 incommunicatis,
1105 2063 1292 2117 neque
1337 2061 1441 2116 per
1483 2045 1686 2099 domos
1740 2042 1982 2113 ingredi,
2021 2047 2031 2060 '

295 2147 352 2195 et
381 2157 508 2194 cum
542 2140 623 2193 eis
671 2155 854 2204 orare,
890 2137 989 2207 qui
1021 2135 1282 2189 Ecclesiae
1312 2133 1370 2187 in
1419 2133 1676 2186 oratione
1705 2147 1821 2185 non
1854 2146 1986 2201 par-

296 2229 556 2298 ticipant,
604 2243 706 2280 nec
753 2226 812 2278 in
861 2225 1100 2278 alteram
1160 2222 1462 2277 Ecclesiam
1517 2219 1714 2290 recipi,
1767 2219 1868 2289 qui
1915 2219 1986 2271 ab

297 2317 410 2370 alia
458 2314 1041 2368 excommunicantur.
1076 2311 1233 2372 Quod
1269 2311 1313 2362 si
1342 2309 1495 2362 visus
1545 2308 1719 2361 fuerit
1746 2307 1990 2378 quilibet

298 2405 722 2474 episcoporum,
774 2400 859 2454 vel
910 2399 1398 2470 presbyterorum,
1451 2400 1547 2449 aut
1595 2395 1985 2459 diaconorum,

297 2492 385 2545 vel
420 2491 589 2543 etiam
628 2489 730 2560 qui
768 2488 826 2541 in
857 2503 1074 2541 canone
1107 2486 1457 2545 detinentur,
1491 2483 1988 2537 incommunicatis

298 2577 743 2641 communicare,
777 2581 835 2629 et
877 2575 1030 2628 hunc
1064 2578 1290 2644 oportet
1317 2572 1720 2626 communione
1749 2569 1984 2641 privari,

296 2672 569 2738 tanquam
601 2663 859 2719 Ecclesiae
894 2663 1120 2732 regulas
1152 2661 1616 2714 confundentem.

749 2752 876 2807 CAP.
911 2751 1013 2806 XL.
1049 2781 1114 2789 —
1150 2753 1222 2804 De
1250 2750 1434 2802 eadem
1457 2764 1534 2802 re.

371 2844 487 2912 (Ea:
525 2842 668 2896 decr.
723 2841 963 2894 Fabiani
1005 2854 1166 2908 papa
1211 2840 1474 2906 episcopis
1522 2835 1720 2889 Gallia
1761 2837 1984 2901 missis.)

301 2931 357 2985 Si
419 2930 546 3000 quis
628 2935 830 2998 sponte
907 2926 1414 2981 communicaverit
1479 2923 1987 2992 excommunicato,

300 3017 495 3083 verbo,
546 3016 823 3080 oratione,
881 3016 941 3068 in
985 3014 1132 3080 cibo,
1180 3013 1268 3066 vel
1324 3017 1484 3082 potu,
1526 3013 1609 3065 XL
1639 3012 1759 3064 dies
1801 3011 1988 3080 pmni-
2024 3010 2064 3064 C

301 3109 420 3158 teat
457 3105 517 3157 in
547 3119 718 3173 pane,
761 3103 897 3167 sale,
933 3106 989 3155 et
1033 3117 1199 3171 aqua.
1229 3100 1333 3163 Qui
1371 3114 1504 3152 vero
1553 3097 1636 3152 eis
1665 3097 1992 3151 communi-

301 3193 514 3246 caverit
556 3191 615 3245 in
645 3188 989 3253 homicidiis,
1036 3188 1122 3241 vel
1154 3186 1409 3256 ﬂagitiis,
1459 3201 1590 3239 reus
1619 3185 1725 3239 erit
1771 3185 1894 3252 irae,
1939 3190 1995 3238 et

299 3280 563 3334 vindictae
596 3279 696 3333 Dei
744 3276 1154 3347 omnipotentis
1185 3291 1356 3346 quem
1401 3275 1624 3344 spernit
1657 3289 1670 3327 :
1706 3273 1841 3344 quia
1871 3274 1994 3328 haec

299 3369 494 3424 omnia
522 3367 712 3422 divina
743 3367 796 3420 ei
843 3381 980 3420 voce
1029 3364 1330 3419 interdicta
1367 3366 1524 3431 sunt,
1559 3368 1635 3431 et,
1677 3362 1992 3417 secundum

297 3457 653 3527 Apostolum,
683 3454 912 3509 obedire
948 3454 1061 3508 Deo
1103 3457 1332 3522 oportet
1373 3451 1555 3522 magis
1607 3467 1780 3522 quam
1811 3451 1995 3506 homi-

295 3546 466 3600 nibus
492 3565 507 3613 ;
537 3549 594 3599 et
637 3543 955 3598 secundum
1003 3542 1155 3613 quod
1186 3541 1448 3612 deliquit,
1481 3540 1653 3611 digne
1691 3541 1850 3610 juxta
1894 3540 1992 3595 de-

296 3638 448 3688 creta
489 3648 777 3686 canonum
829 3631 1146 3701 pceniteat:
1183 3638 1239 3686 et
1285 3629 1333 3683 si
1387 3629 1666 3699 poenitere
1717 3629 1990 3696 noluerit,

297 3719 843 3775 excommunicetnr.

741 3808 871 3862 CAP.
901 3805 1033 3861 XLI.
1062 3835 1131 3845 —-
1161 3808 1234 3859 De
1262 3805 1446 3858 eadem
1473 3819 1550 3858 re.

369 3896 491 3965 (Ea:
541 3895 764 3950 concilio
815 3895 1097 3959 Meldensi,
1129 3896 1306 3962 capite
1359 3893 1464 3962 t0.)
1521 3894 1598 3947 De
1636 3892 1725 3946 his
1757 3891 1856 3964 qui
1885 3908 1990 3963 pro

296 3984 501 4038 delicto
548 3999 652 4037 suo
705 4000 734 4037 a
765 3981 1168 4037 communione
1216 3985 1574 4051 separantur,
1629 3981 1710 4035 ita
1755 3981 1989 4052 placuit,

295 4081 360 4130 ut
387 4075 444 4129 in
474 4074 910 4146 quibuscunque
940 4073 1080 4127 locis
1109 4073 1325 4126 fuerint
1371 4072 1600 4140 exclusi,
1635 4071 1839 4127 eodem
1868 4071 1992 4126 loco

295 4170 720 4236 consequantur
744 4162 1234 4216 communionem.

721 4253 848 4307 CAP.
880 4252 1041 4307 XLII.
1075 4282 1143 4290 —
1171 4254 1243 4305 De
1274 4250 1456 4304 eadem
1481 4267 1558 4306 re.

365 4341 484 4412 (Ea:
531 4342 753 4396 concilio
812 4343 1076 4404 Rotoma.,
1111 4342 1288 4408 capite
1337 4339 1412 4410 3.)
1466 4339 1611 4394 Sunt
1658 4337 1837 4409 aliqui
1887 4337 1988 4408 qui

293 4431 476 4501 culpis
531 4429 889 4500 exigentibus
936 4429 1008 4483 ab
1054 4429 1325 4500 episcopo
1373 4428 1611 4499 proprio
1659 4442 1988 4480 excommu-

293 4519 580 4584 nicantur,
633 4523 690 4572 et
729 4519 798 4572 ab
852 4517 978 4571 aliis
1032 4516 1444 4582 ecclesiasticis,
1496 4514 1584 4568 vel
1641 4513 1796 4568 laicis
1839 4529 1987 4584 prai-

294 4607 636 4678 sumptione,
705 4605 764 4659 in
830 4607 1300 4660 communionem
1375 4603 1755 4674 accipiuntur,
1833 4603 1988 4674 quod

295 4695 530 4751 omnino
558 4698 816 4748 sanctum
849 4695 1144 4748 Nicaenum
1177 4692 1505 4758 concilium,
1533 4691 1704 4745 simul
1736 4695 1791 4746 et
1819 4691 1987 4747 Chal-

293 4785 632 4848 cedoueuse,
695 4797 917 4835 necnon
975 4786 1032 4836 et
1089 4780 1512 4836 Antiochenam
1572 4785 1743 4850 atque
1800 4779 1988 4834 Sardi-

293 4887 459 4925 cense
489 4871 612 4923 fieri
643 4870 972 4940 prohibent.

708 4959 839 5013 CAP.
874 4957 1056 5012 XLIII.
1086 4987 1155 4996 —
1187 4959 1261 5010 De
1286 4955 1470 5009 eadem
1497 4971 1575 5010 re.

365 5050 473 5115 (Ea:
519 5048 740 5101 concilio
789 5047 1077 5113 Carthag.,
1127 5046 1305 5112 capite
1343 5042 1419 5112 9.)
1477 5042 1827 5113 Augustinus
1871 5042 1987 5113 epi-

293 5151 496 5206 scopus
547 5136 765 5204 legatus
817 5131 1102 5188 Numidiae
1147 5130 1452 5201 provinciae
1483 5130 1666 5184 dixit:
1702 5131 1822 5185 Hoc
1873 5137 1985 5186 sta-

291 5230 452 5278 tuere
497 5221 838 5294 dignemini,
886 5219 1024 5275 utsi
1082 5219 1182 5289 qui
1216 5219 1360 5273 forte
1412 5219 1620 5273 merito
1667 5219 1984 5274 facinorum

291 5327 526 5367 suorum
557 5311 627 5365 ab
674 5309 916 5364 Ecclesia
949 5308 1096 5378 pulsi
1148 5311 1300 5374 sunt,
1342 5312 1398 5361 et
1448 5307 1564 5361 sive
1617 5308 1688 5362 ab
1719 5308 1986 5380 episcopo

290 5401 484 5471 aliquo
517 5401 605 5453 vel
651 5400 986 5469 presbytero
1030 5397 1246 5452 fuerint
1273 5396 1334 5450 in
1364 5395 1829 5452 communionem
1860 5414 1982 5452 sus-

291 5488 459 5558 cepti,
522 5487 697 5542 etiam
753 5487 875 5557 ipse
932 5484 1058 5556 pari
1111 5501 1243 5540 cum
1297 5484 1376 5539 eis
1432 5484 1671 5538 crimine
1723 5489 1985 5540 teneatur

294 5574 595 5641 obnoxius,
653 5573 1069 5645 refugientibus
1128 5572 1216 5626 sui
1271 5573 1526 5644 episcopi
1576 5572 1841 5644 regulare
1885 5574 1984 5644 ju-

2096 539 2296 610 placet.

2465 633 2468 636 ’
2505 625 2634 679 CAP.
2667 623 2844 677 XLIV.
2877 651 2947 660 —
2981 624 3052 676 De
3079 621 3265 675 eadem
3296 636 3370 674 re.

2168 715 2286 784 (Ea:
2332 712 2530 778 eodem,
2588 714 2766 780 capite
2800 712 2913 779 73.)
2969 711 3075 774 Qui
3118 708 3647 776 communicaverit,
3705 710 3796 762 vel

2097 803 2345 856 oraverit
2373 817 2502 855 cum
2548 799 3041 854 excommunicato
3069 817 3085 852 :
3117 799 3164 851 si
3205 798 3383 852 laicus
3425 802 3529 861 est,
3562 812 3795 851 excom-

2101 890 2442 954 municetur,
2474 890 2520 943 si
2543 888 2805 952 clericus,
2833 887 3174 957 deponatur.

2097 996 2225 1050 CAP.
2256 996 2410 1052 XLV.
2460 1025 2529 1036 —
2582 995 2661 1048 De
2687 993 2801 1048 illis
2843 995 2940 1063 qui
2985 1010 3052 1047 ea:
3099 993 3214 1046 alia
3251 995 3518 1062 parochia
3564 998 3715 1062 sunt,
3749 997 3801 1046 et

2600 1065 3026 1134 deprwdationes
3052 1067 3285 1132 faciunt.

2168 1155 2290 1223 (Ea:
2323 1155 2544 1209 concilio
2600 1154 2890 1213 Meldensi,
2948 1155 3124 1222 capite
3152 1155 3231 1220 2.)
3279 1153 3354 1206 De
3405 1153 3518 1206 illis
3575 1156 3796 1214 autem,

2096 1243 2196 1314 qui
2247 1243 2395 1296 infra
2453 1241 2780 1313 parochiam
2839 1241 3182 1296 beneficium
3238 1246 3337 1294 aut
3397 1240 3799 1294 hereditatem

2095 1332 2326 1398 habent,
2376 1335 2433 1385 et
2481 1330 2716 1385 alterius
2763 1330 3017 1401 episcopi
3068 1329 3405 1401 parochiani
3438 1333 3588 1396 sunt,
3636 1335 3695 1384 et
3724 1331 3798 1384 de

2097 1431 2217 1474 ioco
2249 1420 2315 1474 ad
2355 1420 2544 1473 locum
2586 1419 2695 1473 iter
2723 1419 2959 1486 faciunt,
2989 1419 3220 1488 rapinas
3250 1425 3307 1472 et
3335 1405 3798 1488 deprmdationes

2094 1513 2397 1579 peragunt,
2435 1508 2650 1578 placuit
2679 1512 2744 1561 ut
2786 1507 3370 1572 excommunicentur,
3418 1523 3524 1561 nec
3566 1513 3698 1562 ante
3730 1523 3798 1561 ex

2095 1598 2368 1668 parochia
2429 1603 2654 1663 exeant,
2723 1613 2897 1667 quam
2965 1613 3090 1668 quae
3157 1601 3562 1667 perpetrarunt
3617 1596 3800 1666 digne

2097 1687 2422 1740 emendent.
2471 1685 2725 1749 Quorum
2777 1685 3295 1740 excommunicatio
3323 1685 3533 1738 seniori
3565 1701 3797 1750 eorum,

2096 1780 2154 1828 et
2207 1774 2444 1844 proprio
2489 1774 2754 1844 episcopo
2819 1773 3194 1843 signiﬁcanda
3240 1779 3345 1838 est,
3405 1789 3475 1828 ne
3522 1789 3617 1827 eos
3662 1775 3803 1828 reci-

2096 1863 2259 1934 piant
2291 1869 2600 1932 antequam
2635 1862 2769 1915 illuc
2799 1862 3054 1929 redeant,
3100 1862 3198 1916 ubi
3226 1862 3487 1932 rapinam
3514 1861 3797 1928 fecerunt,

2095 1956 2152 2006 et
2182 1951 2376 2004 omnia
2403 1951 2654 2020 pleniter
2677 1951 3004 2004 emendent.

2167 2040 2296 2093 CAP.
2323 2040 2499 2094 XLVI.
2532 2068 2594 2079 —
2631 2041 2704 2093 De
2728 2040 2840 2093 illis
2871 2041 2970 2108 qui
2997 2038 3298 2104 defendunt
3331 2038 3719 2106 delinquentes.

2168 2128 2280 2194 (Ea:
2307 2128 2468 2181 dictis
2513 2129 2709 2181 Basilii
2754 2126 3034 2197 episcopi.)
3082 2127 3189 2190 Qui
3237 2127 3515 2181 consentit
3545 2143 3797 2198 peccan-

2095 2215 2268 2281 tibus,
2316 2221 2370 2268 et
2420 2215 2676 2269 defendit
2729 2216 2906 2268 alium
2939 2215 3395 2286 delinquentem,
3453 2216 3799 2270 maledictus

2095 2304 2203 2358 erit
2231 2305 2380 2374 apud
2437 2305 2614 2358 Deum
2644 2308 2700 2357 et
2732 2303 3014 2369 homines,
3065 2307 3120 2357 et
3163 2303 3502 2374 corripietur
3529 2304 3798 2375 increpa-

2096 2393 2251 2446 tione
2295 2391 2674 2447 severissima.
2712 2393 2854 2447 Hinc
2896 2398 2953 2445 et
2994 2393 3228 2462 quidam
3270 2392 3664 2446 sanctissimus
3694 2395 3801 2448 Pa-

2096 2485 2183 2535 ter
2210 2481 2336 2534 ait:
2377 2481 2436 2535 Si
2484 2480 2612 2551 quis
2641 2480 2824 2534 errori
2869 2480 3101 2534 alterius
3149 2481 3522 2550 consenserit,
3564 2481 3706 2535 sciat
3737 2499 3800 2535 se

2097 2585 2227 2624 cum
2288 2569 2388 2623 illo
2443 2568 2616 2623 simili
2665 2569 2839 2622 modo
2901 2568 3246 2640 culpabilem
3291 2569 3693 2639 judicandum,
3743 2575 3805 2624 et

2097 2657 2733 2712 excommunicandum.

2098 2765 2225 2820 CAP.
2259 2764 2462 2818 XLVII.
2499 2795 2565 2804 —
2594 2766 2669 2818 De
2706 2764 2818 2817 illis
2849 2765 2944 2831 qui
2983 2765 3132 2817 intra
3159 2779 3359 2818 annum
3391 2779 3610 2819 causam
3640 2781 3802 2822 suam

2631 2840 2868 2888 tractare
2905 2836 3260 2902 neglearerint.

2169 2922 2277 2993 (Ea:
2307 2922 2450 2979 decr.
2498 2923 2720 2988 Gelasii,
2763 2939 2897 2992 pap.
2933 2925 3108 2992 capite
3132 2922 3209 2992 2.)
3242 2923 3578 2994 Quicunque
3618 2925 3806 2996 igitur

2103 3011 2252 3064 intra
2308 3011 2446 3064 anni
2491 3012 2744 3082 spacium
2794 3011 3055 3077 civiliter,
3105 3012 3222 3066 sive
3285 3013 3512 3083 publice
3566 3028 3802 3066 causam

2105 3115 2265 3154 suam
2299 3115 2487 3154 coram
2538 3099 2656 3154 suis
2701 3100 3352 3154 excommunicatoribus
3397 3117 3512 3154 non
3551 3117 3804 3172 perege-

2103 3189 2240 3256 rint,
2285 3188 2395 3259 ipsi
2433 3188 2540 3242 sibi
2572 3187 2880 3242 audientiae
2909 3189 3176 3242 clausisse
3206 3189 3425 3243 aditum
3468 3189 3800 3244 videantur.

2103 3276 2264 3341 Quod
2315 3278 2360 3330 si
2393 3276 2679 3332 obstinato
2713 3277 2908 3330 animo
2957 3277 3077 3332 sine
3107 3279 3513 3332 communione
3543 3278 3805 3333 defuncti

2105 3365 2333 3432 fuerint,
2382 3382 2485 3419 nos
2525 3365 2678 3419 illius
2707 3382 2958 3430 causam,
3001 3368 3163 3438 juxta
3197 3367 3346 3421 beati
3397 3367 3597 3422 Leonis
3647 3383 3803 3438 prie-

2104 3455 2414 3509 decessoris
2467 3455 2646 3509 nostri
2696 3455 3061 3525 sententiam,
3108 3456 3299 3511 divino
3353 3456 3567 3526 judicio
3620 3473 3806 3510 reser-

2104 3549 2316 3611 vantes,
2367 3543 2576 3614 quibus
2605 3543 2744 3596 vivis
2774 3559 2892 3597 non
2937 3544 3510 3615 communicavimus,
3551 3546 3806 3600 mortuis

2103 3645 2219 3684 non
2249 3630 2674 3684 communicare
2704 3646 2872 3701 ροεευ
2882 3647 3027 3686 mus.

2491 3719 2620 3774 CAP.
2652 3720 2884 3774 XLVIII.
2917 3750 2986 3759 -—
3022 3723 3090 3774 De
3112 3721 3295 3776 eadem
3326 3738 3403 3776 re.

2173 3807 2282 3878 (Ea:
2311 3807 2455 3862 decr.
2516 3808 2777 3876 ejusdem,
2830 3813 3007 3879 capite
3055 3812 3156 3877 l3.)
3214 3811 3280 3864 Ili
3329 3826 3481 3872 sane,
3516 3810 3616 3882 qui
3663 3816 3804 3866 ante

2103 3896 2452 3950 audientiam
2523 3897 2950 3952 communicare
3014 3899 3376 3966 tentaverint,
3452 3900 3634 3954 donec
3697 3917 3808 3972 per

2102 3985 2497 4056 paenitentiam
2545 3991 2769 4040 reatum
2815 4003 2982 4040 suum
3034 3987 3299 4050 deﬂeant,
3333 3988 3399 4042 ad
3448 3989 3807 4044 communio-

2103 4089 2232 4128 nem
2269 4075 2428 4128 nullo
2462 4074 2630 4129 modo
2663 4075 3029 4142 reducantur,
3063 4081 3300 4146 excepto
3332 4077 3531 4131 mortis
3558 4077 3804 4132 interitu

2101 4167 2362 4233 urgente.
2415 4162 2524 4227 Qui
2565 4179 2700 4217 vero
2731 4163 3224 4219 excommunicato
3265 4164 3508 4219 scienter
3537 4181 3799 4220 commu-

2103 4250 2394 4316 nicaverit,
2428 4255 2482 4304 et
2511 4251 2717 4306 amodo
2761 4251 2960 4306 saltem
3009 4251 3069 4306 in
3099 4252 3269 4306 domo
3302 4252 3471 4306 simul
3529 4253 3800 4321 oraverit,

2101 4343 2271 4410 atque
2316 4338 2562 4392 latebras
2613 4339 2978 4401 defensionis,
3033 4355 3106 4394 ne
3151 4340 3411 4394 cominus
3457 4341 3525 4395 ad
3575 4341 3802 4396 satisfa-

2097 4427 2346 4482 ctionem
2377 4428 2743 4498 perducatur,
2779 4427 3112 4498 praebuerit,
3154 4430 3333 4483 donec
3361 4429 3430 4483 ab
3465 4446 3802 4485 excommu-

2097 4517 2347 4570 nicatore
2401 4517 2799 4586 paenitentiam
2866 4517 3157 4588 suscipiat,
3223 4519 3479 4589 corporis
3545 4523 3602 4573 et
3659 4536 3803 4573 san-

2097 4605 2289 4676 guinis
2319 4605 2547 4659 Domini
2589 4605 2997 4660 communione
3029 4607 3316 4677 privatum
3349 4624 3407 4662 se
3437 4624 3560 4662 esse
3589 4624 3804 4678 cogno-

2097 4698 2233 4760 scat,
2267 4698 2324 4748 et
2348 4692 2620 4748 delictum
2649 4695 2963 4749 secundum
2991 4711 3238 4750 canones
3268 4696 3562 4766 pceniteat.

2097 4800 2223 4854 CAr.
2253 4799 2427 4855 XLIX.
2465 4830 2533 4840 —
2564 4801 2630 4854 Ut
2659 4805 2912 4873 notentur
2941 4803 3521 4855 emcommunicatorum
3554 4804 3801 4873 nomina,

2421 4875 2472 4924 et
2501 4875 2560 4924 in
2588 4872 2800 4937 foribus
2830 4873 3061 4926 ecclesiae
3085 4878 3461 4942 praeﬁgantur.

2169 4959 2281 5026 (Ea:
2304 4958 2448 5012 decr.
2483 4959 2728 5013 Honorii
2757 4975 2932 5029 papae,
2966 4964 3144 5030 capite
3172 4962 3283 5032 Η.)
3319 4962 3479 5016 ϐαίνω
3508 4961 3582 5016 sit
3613 4961 3805 5017 omni-

2094 5045 2202 5100 bus
2251 5047 2556 5118 episcopis,
2603 5049 3228 5104 excommunicatorum
3278 5051 3513 5104 nomina
3557 5051 3800 5106 omnino

2095 5137 2214 5187 tam
2270 5133 2472 5188 vicinis
2521 5135 2804 5206 episcopis
2853 5151 3026 5205 quam
3067 5137 3185 5190 suis
3232 5137 3594 5208 parochianis
3640 5139 3797 5207 pari-

2095 5225 2182 5276 ter
2229 5221 2502 5290 indicare,
2555 5240 2736 5295 eaque
2766 5223 2826 5278 in
2873 5225 3083 5280 celebri
3127 5227 3250 5280 loco
3307 5226 3492 5297 posita
3525 5242 3647 5296 prae
3707 5225 3798 5282 fo-

2094 5309 2254 5365 ribus
2313 5311 2585 5380 ecclesiae,
2651 5312 2868 5368 cunctis
2933 5315 3426 5382 convenientibus,
3483 5315 3795 5384 inculcare,

2095 5404 2378 5472 quatenus
2428 5401 2488 5455 in
2525 5408 2770 5474 utraque
2809 5402 3132 5473 diligentia,
3183 5410 3240 5459 et
3285 5405 3796 5461 excommunicatis

2095 5488 2309 5560 ubique
2369 5489 2778 5544 ecclesiasticus
2840 5491 3067 5546 auditus
3111 5493 3465 5560 excludatur,
3524 5497 3581 5547 et
3627 5510 3798 5550 excu-

2094 5577 2329 5632 sationis
2357 5594 2528 5632 causa
2557 5578 2824 5634 omnibus
2851 5580 3160 5635 auferatur.
