  <div class='ocr_page' id='page_1' title='image "/cluster/home/n/w/nwhite01/storage/ocr_20150623/140/umn.31951002477433x/478.png"; bbox 0 0 3944 6320; ppageno 0'>
   <div class='ocr_carea' id='block_1_1' title="bbox 179 345 280 399">
    <p class='ocr_par' dir='ltr' id='par_1_1' title="bbox 179 345 280 399">
     <span class='ocr_line' id='line_1_1' title="bbox 179 345 280 399; baseline -0.01 0"><span class='ocrx_word' id='word_1_1' title='bbox 179 345 280 399; x_wconf 81' lang='grc'><strong><em>869</em></strong></span> 
     </span>
    </p>
   </div>
   <div class='ocr_carea' id='block_1_2' title="bbox 1092 342 2766 405">
    <p class='ocr_par' dir='ltr' id='par_1_2' title="bbox 1092 342 2766 405">
     <span class='ocr_line' id='line_1_2' title="bbox 1092 342 2766 405; baseline 0.004 -8"><span class='ocrx_word' id='word_1_2' title='bbox 1092 342 1569 399; x_wconf 82' lang='lat' dir='ltr'><strong><em>DECRETORUM</em></strong></span> <span class='ocrx_word' id='word_1_3' title='bbox 1612 345 1796 401; x_wconf 83' lang='lat' dir='ltr'><strong>LIBRI</strong></span> <span class='ocrx_word' id='word_1_4' title='bbox 1835 347 1942 402; x_wconf 82' lang='lat' dir='ltr'><strong><em>XX.</em></strong></span> <span class='ocrx_word' id='word_1_5' title='bbox 1984 377 2053 386; x_wconf 88' lang='lat'><strong><em>—</em></strong></span> <span class='ocrx_word' id='word_1_6' title='bbox 2096 348 2307 403; x_wconf 85' lang='lat' dir='ltr'><strong>LIBER</strong></span> <span class='ocrx_word' id='word_1_7' title='bbox 2344 347 2766 405; x_wconf 80' lang='lat' dir='ltr'><strong><em>UNDECIMUS.</em></strong></span> 
     </span>
    </p>
   </div>
   <div class='ocr_carea' id='block_1_3' title="bbox 3570 357 3679 410">
    <p class='ocr_par' dir='ltr' id='par_1_3' title="bbox 3570 357 3679 410">
     <span class='ocr_line' id='line_1_3' title="bbox 3570 357 3679 410; baseline -0.009 0"><span class='ocrx_word' id='word_1_8' title='bbox 3570 357 3679 410; x_wconf 88' lang='lat'><strong><em>870</em></strong></span> 
     </span>
    </p>
   </div>
   <div class='ocr_carea' id='block_1_4' title="bbox 174 467 3675 545">
    <p class='ocr_par' dir='ltr' id='par_1_4' title="bbox 174 467 3675 545">
     <span class='ocr_line' id='line_1_4' title="bbox 174 467 3675 545; baseline 0.003 -23"><span class='ocrx_word' id='word_1_9' title='bbox 174 468 302 523; x_wconf 78' lang='lat' dir='ltr'><strong><em>CAP.</em></strong></span> <span class='ocrx_word' id='word_1_10' title='bbox 340 468 398 522; x_wconf 92' lang='lat' dir='ltr'><strong>L.</strong></span> <span class='ocrx_word' id='word_1_11' title='bbox 441 498 508 507; x_wconf 90' lang='lat'><strong>-</strong></span> <span class='ocrx_word' id='word_1_12' title='bbox 543 470 619 522; x_wconf 91' lang='lat' dir='ltr'><strong><em>De</em></strong></span> <span class='ocrx_word' id='word_1_13' title='bbox 659 468 922 537; x_wconf 87' lang='lat' dir='ltr'><strong><em>episcopo,</em></strong></span> <span class='ocrx_word' id='word_1_14' title='bbox 980 468 1077 536; x_wconf 89' lang='lat' dir='ltr'><strong><em>qui</em></strong></span> <span class='ocrx_word' id='word_1_15' title='bbox 1131 471 1254 522; x_wconf 84' lang='lat' dir='ltr'><strong><em>ante</em></strong></span> <span class='ocrx_word' id='word_1_16' title='bbox 1299 467 1550 522; x_wconf 82' lang='lat' dir='ltr'><strong><em>damnati</em></strong></span> <span class='ocrx_word' id='word_1_17' title='bbox 1597 467 1883 523; x_wconf 85' lang='lat' dir='ltr'><strong><em>absolutio-</em></strong></span> <span class='ocrx_word' id='word_1_18' title='bbox 1911 470 1954 523; x_wconf 85' lang='lat' dir='ltr'><strong>A</strong></span> <span class='ocrx_word' id='word_1_19' title='bbox 1996 470 2220 540; x_wconf 81' lang='lat' dir='ltr'><strong><em>egerint</em></strong></span> <span class='ocrx_word' id='word_1_20' title='bbox 2267 469 2689 543; x_wconf 87' lang='lat' dir='ltr'><strong><em>paenitentiam,</em></strong></span> <span class='ocrx_word' id='word_1_21' title='bbox 2727 485 2970 540; x_wconf 80' lang='lat' dir='ltr'><strong><em>regnum</em></strong></span> <span class='ocrx_word' id='word_1_22' title='bbox 3006 472 3102 526; x_wconf 85' lang='lat' dir='ltr'><strong><em>Dei</em></strong></span> <span class='ocrx_word' id='word_1_23' title='bbox 3132 488 3245 527; x_wconf 91' lang='lat' dir='ltr'><strong><em>non</em></strong></span> <span class='ocrx_word' id='word_1_24' title='bbox 3285 476 3675 545; x_wconf 89' lang='lat' dir='ltr'><strong><em>possidebunt.</em></strong></span> 
     </span>
    </p>
   </div>
   <div class='ocr_carea' id='block_1_5' title="bbox 848 556 1208 609">
    <p class='ocr_par' dir='ltr' id='par_1_5' title="bbox 848 556 1208 609">
     <span class='ocr_line' id='line_1_5' title="bbox 848 556 1208 609; baseline 0.003 -1"><span class='ocrx_word' id='word_1_25' title='bbox 848 570 967 608; x_wconf 88' lang='lat' dir='ltr'><strong><em>nem</em></strong></span> <span class='ocrx_word' id='word_1_26' title='bbox 996 556 1208 609; x_wconf 83' lang='lat' dir='ltr'><strong><em>abierit.</em></strong></span> 
     </span>
    </p>
   </div>
   <div class='ocr_carea' id='block_1_6' title="bbox 242 642 1872 715">
    <p class='ocr_par' dir='ltr' id='par_1_6' title="bbox 242 642 1872 715">
     <span class='ocr_line' id='line_1_6' title="bbox 242 642 1872 715; baseline 0 -17"><span class='ocrx_word' id='word_1_27' title='bbox 242 644 353 714; x_wconf 76' lang='lat' dir='ltr'><strong><em>(Ea:</em></strong></span> <span class='ocrx_word' id='word_1_28' title='bbox 379 646 603 698; x_wconf 78' lang='lat' dir='ltr'><strong><em>concilio</em></strong></span> <span class='ocrx_word' id='word_1_29' title='bbox 657 643 993 714; x_wconf 84' lang='lat' dir='ltr'><strong><em>Epaonensi,</em></strong></span> <span class='ocrx_word' id='word_1_30' title='bbox 1058 647 1234 712; x_wconf 78' lang='lat' dir='ltr'><strong><em>capite</em></strong></span> <span class='ocrx_word' id='word_1_31' title='bbox 1293 643 1401 714; x_wconf 86' lang='lat' dir='ltr'><strong><em>lO.)</em></strong></span> <span class='ocrx_word' id='word_1_32' title='bbox 1455 642 1514 697; x_wconf 89' lang='lat' dir='ltr'><strong><em>Si</em></strong></span> <span class='ocrx_word' id='word_1_33' title='bbox 1573 642 1872 715; x_wconf 89' lang='lat' dir='ltr'><strong><em>episcopus</em></strong></span> 
     </span>
    </p>
   </div>
   <div class='ocr_carea' id='block_1_7' title="bbox 171 731 1871 802">
    <p class='ocr_par' dir='ltr' id='par_1_7' title="bbox 171 731 1871 802">
     <span class='ocr_line' id='line_1_7' title="bbox 171 731 1871 802; baseline 0.001 -17"><span class='ocrx_word' id='word_1_34' title='bbox 171 738 304 786; x_wconf 97' lang='lat' dir='ltr'><strong><em>ante</em></strong></span> <span class='ocrx_word' id='word_1_35' title='bbox 350 731 606 786; x_wconf 76' lang='lat' dir='ltr'><strong><em>damnati</em></strong></span> <span class='ocrx_word' id='word_1_36' title='bbox 665 732 1108 797; x_wconf 81' lang='lat' dir='ltr'><strong><em>absolutionem,</em></strong></span> <span class='ocrx_word' id='word_1_37' title='bbox 1165 732 1323 786; x_wconf 90' lang='lat' dir='ltr'><strong><em>obitu</em></strong></span> <span class='ocrx_word' id='word_1_38' title='bbox 1378 732 1679 802; x_wconf 76' lang='lat' dir='ltr'><strong><em>rapiatur:</em></strong></span> <span class='ocrx_word' id='word_1_39' title='bbox 1744 748 1871 787; x_wconf 85' lang='lat' dir='ltr'><strong><em>cor-</em></strong></span> 
     </span>
    </p>
   </div>
   <div class='ocr_carea' id='block_1_8' title="bbox 169 820 1873 892">
    <p class='ocr_par' dir='ltr' id='par_1_8' title="bbox 169 820 1873 892">
     <span class='ocr_line' id='line_1_8' title="bbox 169 820 1873 892; baseline 0 -17"><span class='ocrx_word' id='word_1_40' title='bbox 169 826 421 892; x_wconf 88' lang='lat' dir='ltr'><strong><em>reptum,</em></strong></span> <span class='ocrx_word' id='word_1_41' title='bbox 463 825 563 875; x_wconf 89' lang='lat' dir='ltr'><strong><em>aut</em></strong></span> <span class='ocrx_word' id='word_1_42' title='bbox 592 820 965 890; x_wconf 84' lang='lat' dir='ltr'><strong><em>poenitentem</em></strong></span> <span class='ocrx_word' id='word_1_43' title='bbox 999 836 1375 874; x_wconf 85' lang='lat' dir='ltr'><strong><em>successorem</em></strong></span> <span class='ocrx_word' id='word_1_44' title='bbox 1434 821 1628 875; x_wconf 87' lang='lat' dir='ltr'><strong><em>licebit</em></strong></span> <span class='ocrx_word' id='word_1_45' title='bbox 1687 821 1873 875; x_wconf 89' lang='lat' dir='ltr'><strong><em>absol-</em></strong></span> 
     </span>
    </p>
   </div>
   <div class='ocr_carea' id='block_1_9' title="bbox 170 925 323 962">
    <p class='ocr_par' dir='ltr' id='par_1_9' title="bbox 170 925 323 962">
     <span class='ocr_line' id='line_1_9' title="bbox 170 925 323 962; baseline 0.02 -3"><span class='ocrx_word' id='word_1_46' title='bbox 170 925 301 962; x_wconf 89' lang='lat' dir='ltr'><strong><em>vere</em></strong></span> <span class='ocrx_word' id='word_1_47' title='bbox 310 949 323 962; x_wconf 89' lang='lat'><strong><em>.</em></strong></span> 
     </span>
    </p>
   </div>
   <div class='ocr_carea' id='block_1_10' title="bbox 170 997 1866 1065">
    <p class='ocr_par' dir='ltr' id='par_1_10' title="bbox 170 997 1866 1065">
     <span class='ocr_line' id='line_1_10' title="bbox 170 997 1866 1065; baseline -0.001 -13"><span class='ocrx_word' id='word_1_48' title='bbox 170 999 294 1052; x_wconf 75' lang='lat' dir='ltr'><strong><em>CAP.</em></strong></span> <span class='ocrx_word' id='word_1_49' title='bbox 353 997 439 1051; x_wconf 91' lang='lat' dir='ltr'><strong>LI.</strong></span> <span class='ocrx_word' id='word_1_50' title='bbox 498 1026 568 1037; x_wconf 92' lang='lat'><strong><em>-—</em></strong></span> <span class='ocrx_word' id='word_1_51' title='bbox 614 1001 688 1052; x_wconf 91' lang='lat' dir='ltr'><strong><em>De</em></strong></span> <span class='ocrx_word' id='word_1_52' title='bbox 732 999 847 1054; x_wconf 87' lang='lat' dir='ltr'><strong><em>illis</em></strong></span> <span class='ocrx_word' id='word_1_53' title='bbox 899 1000 997 1065; x_wconf 88' lang='lat' dir='ltr'><strong><em>qui</em></strong></span> <span class='ocrx_word' id='word_1_54' title='bbox 1037 1000 1497 1052; x_wconf 73' lang='lat' dir='ltr'><strong><em>Temcommunicati</em></strong></span> <span class='ocrx_word' id='word_1_55' title='bbox 1541 1001 1866 1053; x_wconf 82' lang='lat' dir='ltr'><strong><em>moriuntur.</em></strong></span> 
     </span>
    </p>
   </div>
   <div class='ocr_carea' id='block_1_11' title="bbox 237 1084 1870 1154">
    <p class='ocr_par' dir='ltr' id='par_1_11' title="bbox 237 1084 1870 1154">
     <span class='ocr_line' id='line_1_11' title="bbox 237 1084 1870 1154; baseline 0.001 -15"><span class='ocrx_word' id='word_1_56' title='bbox 237 1086 356 1153; x_wconf 79' lang='lat' dir='ltr'><strong><em>(Ea:</em></strong></span> <span class='ocrx_word' id='word_1_57' title='bbox 385 1085 586 1153; x_wconf 86' lang='lat' dir='ltr'><strong><em>eodem,</em></strong></span> <span class='ocrx_word' id='word_1_58' title='bbox 618 1089 795 1154; x_wconf 86' lang='lat' dir='ltr'><strong><em>capite</em></strong></span> <span class='ocrx_word' id='word_1_59' title='bbox 848 1084 956 1152; x_wconf 79' lang='lat' dir='ltr'><strong><em>tl.)</em></strong></span> <span class='ocrx_word' id='word_1_60' title='bbox 988 1085 1047 1139; x_wconf 91' lang='lat' dir='ltr'><strong><em>Si</em></strong></span> <span class='ocrx_word' id='word_1_61' title='bbox 1087 1085 1291 1154; x_wconf 86' lang='lat' dir='ltr'><strong><em>aliquis</em></strong></span> <span class='ocrx_word' id='word_1_62' title='bbox 1351 1086 1870 1140; x_wconf 86' lang='lat' dir='ltr'><strong><em>excommunicatus</em></strong></span> 
     </span>
    </p>
   </div>
   <div class='ocr_carea' id='block_1_12' title="bbox 168 1171 1867 1243">
    <p class='ocr_par' dir='ltr' id='par_1_12' title="bbox 168 1171 1867 1243">
     <span class='ocr_line' id='line_1_12' title="bbox 168 1171 1867 1243; baseline 0.002 -18"><span class='ocrx_word' id='word_1_63' title='bbox 168 1171 345 1227; x_wconf 87' lang='lat' dir='ltr'><strong><em>fuerit</em></strong></span> <span class='ocrx_word' id='word_1_64' title='bbox 392 1178 670 1241; x_wconf 90' lang='lat' dir='ltr'><strong><em>mortuus,</em></strong></span> <span class='ocrx_word' id='word_1_65' title='bbox 731 1172 829 1243; x_wconf 89' lang='lat' dir='ltr'><strong><em>qui</em></strong></span> <span class='ocrx_word' id='word_1_66' title='bbox 869 1174 991 1242; x_wconf 88' lang='lat' dir='ltr'><strong><em>jam</em></strong></span> <span class='ocrx_word' id='word_1_67' title='bbox 1047 1173 1120 1227; x_wconf 87' lang='lat' dir='ltr'><strong><em>sit</em></strong></span> <span class='ocrx_word' id='word_1_68' title='bbox 1145 1173 1455 1238; x_wconf 89' lang='lat' dir='ltr'><strong><em>confessus,</em></strong></span> <span class='ocrx_word' id='word_1_69' title='bbox 1512 1180 1569 1228; x_wconf 93' lang='lat' dir='ltr'><strong><em>et</em></strong></span> <span class='ocrx_word' id='word_1_70' title='bbox 1608 1175 1867 1228; x_wconf 88' lang='lat' dir='ltr'><strong><em>testimo-</em></strong></span> 
     </span>
    </p>
   </div>
   <div class='ocr_carea' id='block_1_13' title="bbox 169 1260 1864 1331">
    <p class='ocr_par' dir='ltr' id='par_1_13' title="bbox 169 1260 1864 1331">
     <span class='ocr_line' id='line_1_13' title="bbox 169 1260 1864 1331; baseline 0.002 -18"><span class='ocrx_word' id='word_1_71' title='bbox 169 1260 333 1314; x_wconf 88' lang='lat' dir='ltr'><strong><em>nium</em></strong></span> <span class='ocrx_word' id='word_1_72' title='bbox 367 1260 539 1314; x_wconf 84' lang='lat' dir='ltr'><strong><em>habet</em></strong></span> <span class='ocrx_word' id='word_1_73' title='bbox 564 1261 803 1327; x_wconf 91' lang='lat' dir='ltr'><strong><em>bonum,</em></strong></span> <span class='ocrx_word' id='word_1_74' title='bbox 836 1266 892 1313; x_wconf 90' lang='lat' dir='ltr'><strong><em>et</em></strong></span> <span class='ocrx_word' id='word_1_75' title='bbox 922 1276 1038 1314; x_wconf 94' lang='lat' dir='ltr'><strong><em>non</em></strong></span> <span class='ocrx_word' id='word_1_76' title='bbox 1082 1266 1308 1331; x_wconf 83' lang='lat' dir='ltr'><strong><em>poterat</em></strong></span> <span class='ocrx_word' id='word_1_77' title='bbox 1337 1261 1530 1315; x_wconf 92' lang='lat' dir='ltr'><strong><em>venire</em></strong></span> <span class='ocrx_word' id='word_1_78' title='bbox 1571 1262 1639 1315; x_wconf 92' lang='lat' dir='ltr'><strong><em>ad</em></strong></span> <span class='ocrx_word' id='word_1_79' title='bbox 1678 1278 1864 1316; x_wconf 85' lang='lat' dir='ltr'><strong><em>sacer-</em></strong></span> 
     </span>
    </p>
   </div>
   <div class='ocr_carea' id='block_1_14' title="bbox 167 1348 1865 1419">
    <p class='ocr_par' dir='ltr' id='par_1_14' title="bbox 167 1348 1865 1419">
     <span class='ocr_line' id='line_1_14' title="bbox 167 1348 1865 1419; baseline 0.001 -16"><span class='ocrx_word' id='word_1_80' title='bbox 167 1348 385 1414; x_wconf 84' lang='lat' dir='ltr'><strong><em>dotem,</em></strong></span> <span class='ocrx_word' id='word_1_81' title='bbox 418 1348 518 1403; x_wconf 89' lang='lat' dir='ltr'><strong><em>sed</em></strong></span> <span class='ocrx_word' id='word_1_82' title='bbox 565 1349 984 1419; x_wconf 65' lang='lat' dir='ltr'><strong><em>praeoccupavit</em></strong></span> <span class='ocrx_word' id='word_1_83' title='bbox 1012 1365 1142 1403; x_wconf 85' lang='lat' dir='ltr'><strong><em>eum</em></strong></span> <span class='ocrx_word' id='word_1_84' title='bbox 1175 1365 1329 1403; x_wconf 91' lang='lat' dir='ltr'><strong><em>mors</em></strong></span> <span class='ocrx_word' id='word_1_85' title='bbox 1362 1349 1420 1403; x_wconf 93' lang='lat' dir='ltr'><strong><em>in</em></strong></span> <span class='ocrx_word' id='word_1_86' title='bbox 1451 1350 1643 1417; x_wconf 93' lang='lat' dir='ltr'><strong><em>domo,</em></strong></span> <span class='ocrx_word' id='word_1_87' title='bbox 1680 1356 1780 1404; x_wconf 88' lang='lat' dir='ltr'><strong><em>aut</em></strong></span> <span class='ocrx_word' id='word_1_88' title='bbox 1806 1350 1865 1404; x_wconf 91' lang='lat' dir='ltr'><strong><em>in</em></strong></span> 
     </span>
    </p>
   </div>
   <div class='ocr_carea' id='block_1_15' title="bbox 166 1436 1865 1508">
    <p class='ocr_par' dir='ltr' id='par_1_15' title="bbox 166 1436 1865 1508">
     <span class='ocr_line' id='line_1_15' title="bbox 166 1436 1865 1508; baseline 0.002 -18"><span class='ocrx_word' id='word_1_89' title='bbox 166 1437 275 1505; x_wconf 94' lang='lat' dir='ltr'><strong><em>via,</em></strong></span> <span class='ocrx_word' id='word_1_90' title='bbox 335 1436 547 1491; x_wconf 86' lang='lat' dir='ltr'><strong><em>faciant</em></strong></span> <span class='ocrx_word' id='word_1_91' title='bbox 615 1453 722 1508; x_wconf 90' lang='lat' dir='ltr'><strong><em>pro</em></strong></span> <span class='ocrx_word' id='word_1_92' title='bbox 782 1454 849 1491; x_wconf 87' lang='lat' dir='ltr'><strong><em>eo</em></strong></span> <span class='ocrx_word' id='word_1_93' title='bbox 904 1440 1186 1507; x_wconf 67' lang='lat' dir='ltr'><strong><em>parentes:</em></strong></span> <span class='ocrx_word' id='word_1_94' title='bbox 1224 1439 1347 1508; x_wconf 88' lang='lat' dir='ltr'><strong><em>ejus</em></strong></span> <span class='ocrx_word' id='word_1_95' title='bbox 1395 1439 1742 1493; x_wconf 83' lang='lat' dir='ltr'><strong><em>oblationem</em></strong></span> <span class='ocrx_word' id='word_1_96' title='bbox 1798 1440 1865 1494; x_wconf 93' lang='lat' dir='ltr'><strong><em>ad</em></strong></span> 
     </span>
    </p>
   </div>
   <div class='ocr_carea' id='block_1_16' title="bbox 166 1526 1526 1597">
    <p class='ocr_par' dir='ltr' id='par_1_16' title="bbox 166 1526 1526 1597">
     <span class='ocr_line' id='line_1_16' title="bbox 166 1526 1526 1597; baseline 0.001 -18"><span class='ocrx_word' id='word_1_97' title='bbox 166 1527 364 1593; x_wconf 85' lang='lat' dir='ltr'><strong><em>altare,</em></strong></span> <span class='ocrx_word' id='word_1_98' title='bbox 396 1532 455 1581; x_wconf 90' lang='lat' dir='ltr'><strong><em>et</em></strong></span> <span class='ocrx_word' id='word_1_99' title='bbox 491 1527 629 1581; x_wconf 90' lang='lat' dir='ltr'><strong><em>dent</em></strong></span> <span class='ocrx_word' id='word_1_100' title='bbox 654 1526 1111 1596; x_wconf 89' lang='lat' dir='ltr'><strong><em>redemptionem</em></strong></span> <span class='ocrx_word' id='word_1_101' title='bbox 1144 1543 1247 1597; x_wconf 84' lang='lat' dir='ltr'><strong><em>pro</em></strong></span> <span class='ocrx_word' id='word_1_102' title='bbox 1272 1527 1526 1596; x_wconf 85' lang='lat' dir='ltr'><strong><em>captivis.</em></strong></span> 
     </span>
    </p>
   </div>
   <div class='ocr_carea' id='block_1_17' title="bbox 615 1615 1411 1669">
    <p class='ocr_par' dir='ltr' id='par_1_17' title="bbox 615 1615 1411 1669">
     <span class='ocr_line' id='line_1_17' title="bbox 615 1615 1411 1669; baseline 0 0"><span class='ocrx_word' id='word_1_103' title='bbox 615 1616 743 1669; x_wconf 79' lang='lat' dir='ltr'><strong><em>CAP.</em></strong></span> <span class='ocrx_word' id='word_1_104' title='bbox 782 1616 893 1668; x_wconf 88' lang='lat' dir='ltr'><strong>LII.</strong></span> <span class='ocrx_word' id='word_1_105' title='bbox 924 1644 992 1654; x_wconf 93' lang='lat'><strong>—</strong></span> <span class='ocrx_word' id='word_1_106' title='bbox 1022 1618 1093 1669; x_wconf 91' lang='lat' dir='ltr'><strong><em>De</em></strong></span> <span class='ocrx_word' id='word_1_107' title='bbox 1122 1615 1308 1669; x_wconf 88' lang='lat' dir='ltr'><strong><em>eadem</em></strong></span> <span class='ocrx_word' id='word_1_108' title='bbox 1335 1631 1411 1669; x_wconf 88' lang='lat' dir='ltr'><strong><em>re.</em></strong></span> 
     </span>
    </p>
   </div>
   <div class='ocr_carea' id='block_1_18' title="bbox 235 1702 1863 1773">
    <p class='ocr_par' dir='ltr' id='par_1_18' title="bbox 235 1702 1863 1773">
     <span class='ocr_line' id='line_1_18' title="bbox 235 1702 1863 1773; baseline 0.001 -16"><span class='ocrx_word' id='word_1_109' title='bbox 235 1702 349 1771; x_wconf 77' lang='lat' dir='ltr'><strong><em>(Ea:</em></strong></span> <span class='ocrx_word' id='word_1_110' title='bbox 375 1705 533 1772; x_wconf 84' lang='lat' dir='ltr'><strong><em>epist.</em></strong></span> <span class='ocrx_word' id='word_1_111' title='bbox 584 1705 774 1758; x_wconf 86' lang='lat' dir='ltr'><strong><em>Leonis</em></strong></span> <span class='ocrx_word' id='word_1_112' title='bbox 802 1719 978 1772; x_wconf 65' lang='lat' dir='ltr'><strong><em>papae,</em></strong></span> <span class='ocrx_word' id='word_1_113' title='bbox 1029 1706 1205 1773; x_wconf 86' lang='lat' dir='ltr'><strong><em>capite</em></strong></span> <span class='ocrx_word' id='word_1_114' title='bbox 1259 1703 1412 1772; x_wconf 73' lang='lat' dir='ltr'><strong><em>2t.)[</em></strong></span> <span class='ocrx_word' id='word_1_115' title='bbox 1422 1705 1634 1757; x_wconf 85' lang='lat' dir='ltr'><strong><em>Horum</em></strong></span> <span class='ocrx_word' id='word_1_116' title='bbox 1698 1721 1863 1759; x_wconf 87' lang='lat' dir='ltr'><strong><em>causa</em></strong></span> 
     </span>
    </p>
   </div>
   <div class='ocr_carea' id='block_1_19' title="bbox 165 1792 1869 1861">
    <p class='ocr_par' dir='ltr' id='par_1_19' title="bbox 165 1792 1869 1861">
     <span class='ocr_line' id='line_1_19' title="bbox 165 1792 1869 1861; baseline 0.002 -16"><span class='ocrx_word' id='word_1_117' title='bbox 165 1792 265 1845; x_wconf 90' lang='lat' dir='ltr'><strong><em>Dei</em></strong></span> <span class='ocrx_word' id='word_1_118' title='bbox 288 1792 505 1861; x_wconf 89' lang='lat' dir='ltr'><strong><em>judicio</em></strong></span> <span class='ocrx_word' id='word_1_119' title='bbox 562 1792 898 1845; x_wconf 71' lang='lat' dir='ltr'><strong><em>reservanda</em></strong></span> <span class='ocrx_word' id='word_1_120' title='bbox 930 1797 1031 1859; x_wconf 89' lang='lat' dir='ltr'><strong><em>est,</em></strong></span> <span class='ocrx_word' id='word_1_121' title='bbox 1083 1793 1141 1845; x_wconf 91' lang='lat' dir='ltr'><strong><em>in</em></strong></span> <span class='ocrx_word' id='word_1_122' title='bbox 1186 1792 1348 1861; x_wconf 87' lang='lat' dir='ltr'><strong><em>cujus</em></strong></span> <span class='ocrx_word' id='word_1_123' title='bbox 1402 1809 1575 1846; x_wconf 89' lang='lat' dir='ltr'><strong><em>manu</em></strong></span> <span class='ocrx_word' id='word_1_124' title='bbox 1625 1793 1751 1860; x_wconf 88' lang='lat' dir='ltr'><strong><em>fuit,</em></strong></span> <span class='ocrx_word' id='word_1_125' title='bbox 1809 1799 1869 1848; x_wconf 88' lang='lat' dir='ltr'><strong><em>ut</em></strong></span> 
     </span>
    </p>
   </div>
   <div class='ocr_carea' id='block_1_20' title="bbox 162 1880 1867 1949">
    <p class='ocr_par' dir='ltr' id='par_1_20' title="bbox 162 1880 1867 1949">
     <span class='ocr_line' id='line_1_20' title="bbox 162 1880 1867 1949; baseline 0.002 -16"><span class='ocrx_word' id='word_1_126' title='bbox 162 1880 364 1933; x_wconf 90' lang='lat' dir='ltr'><strong><em>talium</em></strong></span> <span class='ocrx_word' id='word_1_127' title='bbox 425 1881 614 1933; x_wconf 90' lang='lat' dir='ltr'><strong><em>obitus</em></strong></span> <span class='ocrx_word' id='word_1_128' title='bbox 668 1896 849 1949; x_wconf 89' lang='lat' dir='ltr'><strong><em>usque</em></strong></span> <span class='ocrx_word' id='word_1_129' title='bbox 923 1880 994 1934; x_wconf 91' lang='lat' dir='ltr'><strong><em>ad</em></strong></span> <span class='ocrx_word' id='word_1_130' title='bbox 1052 1880 1472 1934; x_wconf 89' lang='lat' dir='ltr'><strong><em>communionis</em></strong></span> <span class='ocrx_word' id='word_1_131' title='bbox 1545 1882 1867 1936; x_wconf 86' lang='lat' dir='ltr'><strong><em>remedium</em></strong></span> 
     </span>
    </p>
   </div>
   <div class='ocr_carea' id='block_1_21' title="bbox 162 1968 1865 2040">
    <p class='ocr_par' dir='ltr' id='par_1_21' title="bbox 162 1968 1865 2040">
     <span class='ocr_line' id='line_1_21' title="bbox 162 1968 1865 2040; baseline 0.002 -18"><span class='ocrx_word' id='word_1_132' title='bbox 162 1984 280 2022; x_wconf 91' lang='lat' dir='ltr'><strong><em>non</em></strong></span> <span class='ocrx_word' id='word_1_133' title='bbox 332 1968 678 2023; x_wconf 78' lang='lat' dir='ltr'><strong><em>differretur.</em></strong></span> <span class='ocrx_word' id='word_1_134' title='bbox 724 1970 834 2023; x_wconf 88' lang='lat' dir='ltr'><strong><em>Nos</em></strong></span> <span class='ocrx_word' id='word_1_135' title='bbox 883 1974 1074 2022; x_wconf 86' lang='lat' dir='ltr'><strong><em>autem</em></strong></span> <span class='ocrx_word' id='word_1_136' title='bbox 1106 1971 1316 2040; x_wconf 86' lang='lat' dir='ltr'><strong><em>quibus</em></strong></span> <span class='ocrx_word' id='word_1_137' title='bbox 1361 1970 1685 2025; x_wconf 88' lang='lat' dir='ltr'><strong><em>viventibus</em></strong></span> <span class='ocrx_word' id='word_1_138' title='bbox 1751 1988 1865 2026; x_wconf 92' lang='lat' dir='ltr'><strong><em>non</em></strong></span> 
     </span>
    </p>
   </div>
   <div class='ocr_carea' id='block_1_22' title="bbox 162 2057 1864 2130">
    <p class='ocr_par' dir='ltr' id='par_1_22' title="bbox 162 2057 1864 2130">
     <span class='ocr_line' id='line_1_22' title="bbox 162 2057 1864 2130; baseline 0.002 -20"><span class='ocrx_word' id='word_1_139' title='bbox 162 2057 733 2123; x_wconf 90' lang='lat' dir='ltr'><strong><em>communicavimus,</em></strong></span> <span class='ocrx_word' id='word_1_140' title='bbox 791 2059 1032 2111; x_wconf 83' lang='lat' dir='ltr'><strong><em>mortuis</em></strong></span> <span class='ocrx_word' id='word_1_141' title='bbox 1086 2057 1513 2112; x_wconf 82' lang='lat' dir='ltr'><strong><em>communicare</em></strong></span> <span class='ocrx_word' id='word_1_142' title='bbox 1562 2074 1675 2113; x_wconf 90' lang='lat' dir='ltr'><strong><em>non</em></strong></span> <span class='ocrx_word' id='word_1_143' title='bbox 1731 2075 1864 2130; x_wconf 90' lang='lat' dir='ltr'><strong><em>pos-</em></strong></span> 
     </span>
    </p>
   </div>
   <div class='ocr_carea' id='block_1_23' title="bbox 162 2160 383 2199">
    <p class='ocr_par' dir='ltr' id='par_1_23' title="bbox 162 2160 383 2199">
     <span class='ocr_line' id='line_1_23' title="bbox 162 2160 383 2199; baseline 0.005 -2"><span class='ocrx_word' id='word_1_144' title='bbox 162 2160 383 2199; x_wconf 91' lang='lat' dir='ltr'><strong><em>sumus.</em></strong></span> 
     </span>
    </p>
   </div>
   <div class='ocr_carea' id='block_1_24' title="bbox 484 2234 1541 2300">
    <p class='ocr_par' dir='ltr' id='par_1_24' title="bbox 484 2234 1541 2300">
     <span class='ocr_line' id='line_1_24' title="bbox 484 2234 1541 2300; baseline -0.001 -12"><span class='ocrx_word' id='word_1_145' title='bbox 484 2234 611 2289; x_wconf 80' lang='lat' dir='ltr'><strong><em>CAP.</em></strong></span> <span class='ocrx_word' id='word_1_146' title='bbox 647 2234 785 2288; x_wconf 89' lang='lat' dir='ltr'><strong>LIII.</strong></span> <span class='ocrx_word' id='word_1_147' title='bbox 810 2264 879 2272; x_wconf 94' lang='lat'><strong>—</strong></span> <span class='ocrx_word' id='word_1_148' title='bbox 922 2237 993 2287; x_wconf 86' lang='lat' dir='ltr'><strong><em>De</em></strong></span> <span class='ocrx_word' id='word_1_149' title='bbox 1025 2235 1242 2299; x_wconf 81' lang='lat' dir='ltr'><strong><em>furibus</em></strong></span> <span class='ocrx_word' id='word_1_150' title='bbox 1273 2238 1322 2288; x_wconf 86' lang='lat' dir='ltr'><strong><em>et</em></strong></span> <span class='ocrx_word' id='word_1_151' title='bbox 1350 2235 1541 2300; x_wconf 85' lang='lat' dir='ltr'><strong><em>furtis.</em></strong></span> 
     </span>
    </p>
   </div>
   <div class='ocr_carea' id='block_1_25' title="bbox 234 2322 1858 2394">
    <p class='ocr_par' dir='ltr' id='par_1_25' title="bbox 234 2322 1858 2394">
     <span class='ocr_line' id='line_1_25' title="bbox 234 2322 1858 2394; baseline 0.001 -18"><span class='ocrx_word' id='word_1_152' title='bbox 234 2323 343 2392; x_wconf 69' lang='lat' dir='ltr'><strong><em>(Ea:</em></strong></span> <span class='ocrx_word' id='word_1_153' title='bbox 392 2323 557 2377; x_wconf 86' lang='lat' dir='ltr'><strong><em>dictis</em></strong></span> <span class='ocrx_word' id='word_1_154' title='bbox 618 2323 877 2392; x_wconf 84' lang='lat' dir='ltr'><strong><em>August.)</em></strong></span> <span class='ocrx_word' id='word_1_155' title='bbox 938 2324 1089 2377; x_wconf 83' lang='lat' dir='ltr'><strong><em>Dixit</em></strong></span> <span class='ocrx_word' id='word_1_156' title='bbox 1148 2322 1424 2377; x_wconf 90' lang='lat' dir='ltr'><strong><em>Dominus</em></strong></span> <span class='ocrx_word' id='word_1_157' title='bbox 1478 2324 1546 2377; x_wconf 90' lang='lat' dir='ltr'><strong><em>ad</em></strong></span> <span class='ocrx_word' id='word_1_158' title='bbox 1589 2324 1858 2394; x_wconf 82' lang='lat' dir='ltr'><strong><em>Moysen:</em></strong></span> 
     </span>
    </p>
   </div>
   <div class='ocr_carea' id='block_1_26' title="bbox 162 2411 1915 2482">
    <p class='ocr_par' dir='ltr' id='par_1_26' title="bbox 162 2411 1915 2482">
     <span class='ocr_line' id='line_1_26' title="bbox 162 2411 1915 2482; baseline 0.001 -17"><span class='ocrx_word' id='word_1_159' title='bbox 162 2411 418 2482; x_wconf 83' lang='lat' dir='ltr'><strong><em>Accipiat</em></strong></span> <span class='ocrx_word' id='word_1_160' title='bbox 449 2411 842 2482; x_wconf 87' lang='lat' dir='ltr'><strong><em>unusquisque</em></strong></span> <span class='ocrx_word' id='word_1_161' title='bbox 893 2427 926 2463; x_wconf 93' lang='lat' dir='ltr'><strong><em>a</em></strong></span> <span class='ocrx_word' id='word_1_162' title='bbox 971 2412 1252 2480; x_wconf 83' lang='lat' dir='ltr'><strong><em>proximo,</em></strong></span> <span class='ocrx_word' id='word_1_163' title='bbox 1303 2415 1360 2464; x_wconf 91' lang='lat' dir='ltr'><strong><em>et</em></strong></span> <span class='ocrx_word' id='word_1_164' title='bbox 1418 2415 1682 2481; x_wconf 84' lang='lat' dir='ltr'><strong><em>proxima</em></strong></span> <span class='ocrx_word' id='word_1_165' title='bbox 1733 2429 1865 2467; x_wconf 90' lang='lat' dir='ltr'><strong><em>vasa</em></strong></span> <span class='ocrx_word' id='word_1_166' title='bbox 1912 2476 1915 2479; x_wconf 7' lang='grc' dir='ltr'>ὗ</span> 
     </span>
    </p>
   </div>
   <div class='ocr_carea' id='block_1_27' title="bbox 163 2500 1863 2571">
    <p class='ocr_par' dir='ltr' id='par_1_27' title="bbox 163 2500 1863 2571">
     <span class='ocr_line' id='line_1_27' title="bbox 163 2500 1863 2571; baseline 0.001 -18"><span class='ocrx_word' id='word_1_167' title='bbox 163 2504 457 2570; x_wconf 87' lang='lat' dir='ltr'><strong><em>argentea,</em></strong></span> <span class='ocrx_word' id='word_1_168' title='bbox 492 2505 547 2553; x_wconf 87' lang='lat' dir='ltr'><strong><em>et</em></strong></span> <span class='ocrx_word' id='word_1_169' title='bbox 586 2516 779 2565; x_wconf 89' lang='lat' dir='ltr'><strong><em>aurea,</em></strong></span> <span class='ocrx_word' id='word_1_170' title='bbox 813 2503 869 2553; x_wconf 91' lang='lat' dir='ltr'><strong><em>et</em></strong></span> <span class='ocrx_word' id='word_1_171' title='bbox 911 2504 1111 2567; x_wconf 86' lang='lat' dir='ltr'><strong><em>vestes,</em></strong></span> <span class='ocrx_word' id='word_1_172' title='bbox 1145 2504 1251 2553; x_wconf 89' lang='lat' dir='ltr'><strong><em>etc.</em></strong></span> <span class='ocrx_word' id='word_1_173' title='bbox 1304 2500 1427 2553; x_wconf 90' lang='lat' dir='ltr'><strong><em>Non</em></strong></span> <span class='ocrx_word' id='word_1_174' title='bbox 1458 2500 1591 2554; x_wconf 90' lang='lat' dir='ltr'><strong><em>hinc</em></strong></span> <span class='ocrx_word' id='word_1_175' title='bbox 1622 2501 1863 2571; x_wconf 87' lang='lat' dir='ltr'><strong><em>quisque</em></strong></span> 
     </span>
    </p>
   </div>
   <div class='ocr_carea' id='block_1_28' title="bbox 160 2587 1862 2659">
    <p class='ocr_par' dir='ltr' id='par_1_28' title="bbox 160 2587 1862 2659">
     <span class='ocr_line' id='line_1_28' title="bbox 160 2587 1862 2659; baseline 0 -17"><span class='ocrx_word' id='word_1_176' title='bbox 160 2590 495 2659; x_wconf 83' lang='lat' dir='ltr'><strong><em>exemplum</em></strong></span> <span class='ocrx_word' id='word_1_177' title='bbox 526 2588 869 2641; x_wconf 89' lang='lat' dir='ltr'><strong><em>sumendum</em></strong></span> <span class='ocrx_word' id='word_1_178' title='bbox 901 2593 1102 2656; x_wconf 87' lang='lat' dir='ltr'><strong><em>putare</em></strong></span> <span class='ocrx_word' id='word_1_179' title='bbox 1150 2587 1319 2641; x_wconf 85' lang='lat' dir='ltr'><strong><em>debet</em></strong></span> <span class='ocrx_word' id='word_1_180' title='bbox 1346 2588 1415 2641; x_wconf 91' lang='lat' dir='ltr'><strong><em>ad</em></strong></span> <span class='ocrx_word' id='word_1_181' title='bbox 1458 2588 1862 2658; x_wconf 79' lang='lat' dir='ltr'><strong><em>expoliendum</em></strong></span> 
     </span>
    </p>
   </div>
   <div class='ocr_carea' id='block_1_29' title="bbox 158 2675 1861 2748">
    <p class='ocr_par' dir='ltr' id='par_1_29' title="bbox 158 2675 1861 2748">
     <span class='ocr_line' id='line_1_29' title="bbox 158 2675 1861 2748; baseline 0.001 -18"><span class='ocrx_word' id='word_1_182' title='bbox 158 2677 510 2747; x_wconf 80' lang='lat' dir='ltr'><strong><em>proximum,</em></strong></span> <span class='ocrx_word' id='word_1_183' title='bbox 556 2676 660 2730; x_wconf 86' lang='lat' dir='ltr'><strong><em>hoc</em></strong></span> <span class='ocrx_word' id='word_1_184' title='bbox 704 2676 854 2729; x_wconf 91' lang='lat' dir='ltr'><strong><em>enim</em></strong></span> <span class='ocrx_word' id='word_1_185' title='bbox 905 2677 1053 2729; x_wconf 86' lang='lat' dir='ltr'><strong><em>Deus</em></strong></span> <span class='ocrx_word' id='word_1_186' title='bbox 1076 2675 1266 2746; x_wconf 91' lang='lat' dir='ltr'><strong><em>jussit,</em></strong></span> <span class='ocrx_word' id='word_1_187' title='bbox 1319 2676 1418 2746; x_wconf 90' lang='lat' dir='ltr'><strong><em>qui</em></strong></span> <span class='ocrx_word' id='word_1_188' title='bbox 1464 2682 1696 2730; x_wconf 86' lang='lat' dir='ltr'><strong><em>noverat</em></strong></span> <span class='ocrx_word' id='word_1_189' title='bbox 1724 2678 1861 2748; x_wconf 90' lang='lat' dir='ltr'><strong><em>quid</em></strong></span> 
     </span>
    </p>
   </div>
   <div class='ocr_carea' id='block_1_30' title="bbox 156 2764 1859 2835">
    <p class='ocr_par' dir='ltr' id='par_1_30' title="bbox 156 2764 1859 2835">
     <span class='ocr_line' id='line_1_30' title="bbox 156 2764 1859 2835; baseline 0.001 -17"><span class='ocrx_word' id='word_1_190' title='bbox 156 2781 450 2835; x_wconf 88' lang='lat' dir='ltr'><strong><em>quemque</em></strong></span> <span class='ocrx_word' id='word_1_191' title='bbox 534 2764 657 2834; x_wconf 89' lang='lat' dir='ltr'><strong><em>pati</em></strong></span> <span class='ocrx_word' id='word_1_192' title='bbox 722 2769 1033 2834; x_wconf 89' lang='lat' dir='ltr'><strong><em>oporteret.</em></strong></span> <span class='ocrx_word' id='word_1_193' title='bbox 1114 2765 1226 2818; x_wconf 89' lang='lat' dir='ltr'><strong><em>Nec</em></strong></span> <span class='ocrx_word' id='word_1_194' title='bbox 1272 2765 1543 2819; x_wconf 54' lang='lat' dir='ltr'><strong><em>Israelita).</em></strong></span> <span class='ocrx_word' id='word_1_195' title='bbox 1582 2766 1859 2831; x_wconf 90' lang='lat' dir='ltr'><strong><em>fecerunt,</em></strong></span> 
     </span>
    </p>
   </div>
   <div class='ocr_carea' id='block_1_31' title="bbox 156 2852 1861 2924">
    <p class='ocr_par' dir='ltr' id='par_1_31' title="bbox 156 2852 1861 2924">
     <span class='ocr_line' id='line_1_31' title="bbox 156 2852 1861 2924; baseline 0.002 -19"><span class='ocrx_word' id='word_1_196' title='bbox 156 2854 249 2907; x_wconf 90' lang='lat' dir='ltr'><strong><em>sed</em></strong></span> <span class='ocrx_word' id='word_1_197' title='bbox 304 2855 421 2906; x_wconf 90' lang='lat' dir='ltr'><strong><em>Deo</em></strong></span> <span class='ocrx_word' id='word_1_198' title='bbox 463 2853 692 2922; x_wconf 89' lang='lat' dir='ltr'><strong><em>jubenti</em></strong></span> <span class='ocrx_word' id='word_1_199' title='bbox 722 2853 1106 2906; x_wconf 87' lang='lat' dir='ltr'><strong><em>ministerium</em></strong></span> <span class='ocrx_word' id='word_1_200' title='bbox 1154 2852 1546 2922; x_wconf 72' lang='lat' dir='ltr'><strong><em>praebuerunt,</em></strong></span> <span class='ocrx_word' id='word_1_201' title='bbox 1584 2854 1861 2924; x_wconf 88' lang='lat' dir='ltr'><strong><em>quemad-</em></strong></span> 
     </span>
    </p>
   </div>
   <div class='ocr_carea' id='block_1_32' title="bbox 156 2941 1861 3013">
    <p class='ocr_par' dir='ltr' id='par_1_32' title="bbox 156 2941 1861 3013">
     <span class='ocr_line' id='line_1_32' title="bbox 156 2941 1861 3013; baseline 0.001 -18"><span class='ocrx_word' id='word_1_202' title='bbox 156 2942 397 2995; x_wconf 84' lang='lat' dir='ltr'><strong><em>modum</em></strong></span> <span class='ocrx_word' id='word_1_203' title='bbox 455 2957 584 2995; x_wconf 93' lang='lat' dir='ltr'><strong><em>cum</em></strong></span> <span class='ocrx_word' id='word_1_204' title='bbox 658 2941 923 2995; x_wconf 88' lang='lat' dir='ltr'><strong><em>minister</em></strong></span> <span class='ocrx_word' id='word_1_205' title='bbox 994 2941 1197 2996; x_wconf 89' lang='lat' dir='ltr'><strong><em>occidit</em></strong></span> <span class='ocrx_word' id='word_1_206' title='bbox 1268 2957 1400 2995; x_wconf 92' lang='lat' dir='ltr'><strong><em>eum</em></strong></span> <span class='ocrx_word' id='word_1_207' title='bbox 1448 2958 1620 3012; x_wconf 89' lang='lat' dir='ltr'><strong><em>quem</em></strong></span> <span class='ocrx_word' id='word_1_208' title='bbox 1685 2942 1861 3013; x_wconf 84' lang='lat' dir='ltr'><strong><em>judex</em></strong></span> 
     </span>
    </p>
   </div>
   <div class='ocr_carea' id='block_1_33' title="bbox 149 3029 553 3100">
    <p class='ocr_par' dir='ltr' id='par_1_33' title="bbox 149 3029 553 3100">
     <span class='ocr_line' id='line_1_33' title="bbox 149 3029 553 3100; baseline 0 -17"><span class='ocrx_word' id='word_1_209' title='bbox 149 3030 323 3100; x_wconf 89' lang='lat' dir='ltr'><strong><em>jussit</em></strong></span> <span class='ocrx_word' id='word_1_210' title='bbox 353 3029 553 3083; x_wconf 91' lang='lat' dir='ltr'><strong><em>occidi.</em></strong></span> 
     </span>
    </p>
   </div>
   <div class='ocr_carea' id='block_1_34' title="bbox 585 3117 1420 3173">
    <p class='ocr_par' dir='ltr' id='par_1_34' title="bbox 585 3117 1420 3173">
     <span class='ocr_line' id='line_1_34' title="bbox 585 3117 1420 3173; baseline 0 -1"><span class='ocrx_word' id='word_1_211' title='bbox 585 3117 713 3172; x_wconf 82' lang='lat' dir='ltr'><strong><em>CAP.</em></strong></span> <span class='ocrx_word' id='word_1_212' title='bbox 748 3119 875 3172; x_wconf 87' lang='lat' dir='ltr'><strong>LIV.</strong></span> <span class='ocrx_word' id='word_1_213' title='bbox 915 3148 985 3157; x_wconf 91' lang='lat'>—</span> <span class='ocrx_word' id='word_1_214' title='bbox 1019 3121 1093 3172; x_wconf 90' lang='lat' dir='ltr'><strong><em>De</em></strong></span> <span class='ocrx_word' id='word_1_215' title='bbox 1123 3118 1307 3172; x_wconf 86' lang='lat' dir='ltr'><strong><em>eadem</em></strong></span> <span class='ocrx_word' id='word_1_216' title='bbox 1345 3135 1420 3173; x_wconf 88' lang='lat' dir='ltr'><strong><em>re.</em></strong></span> 
     </span>
    </p>
   </div>
   <div class='ocr_carea' id='block_1_35' title="bbox 226 3207 1856 3278">
    <p class='ocr_par' dir='ltr' id='par_1_35' title="bbox 226 3207 1856 3278">
     <span class='ocr_line' id='line_1_35' title="bbox 226 3207 1856 3278; baseline -0.001 -15"><span class='ocrx_word' id='word_1_217' title='bbox 226 3207 346 3278; x_wconf 79' lang='lat' dir='ltr'><strong><em>(Ea:</em></strong></span> <span class='ocrx_word' id='word_1_218' title='bbox 394 3207 555 3261; x_wconf 83' lang='lat' dir='ltr'><strong><em>dictis</em></strong></span> <span class='ocrx_word' id='word_1_219' title='bbox 610 3207 897 3276; x_wconf 86' lang='lat' dir='ltr'><strong><em>ejusdem.)</em></strong></span> <span class='ocrx_word' id='word_1_220' title='bbox 949 3207 1175 3260; x_wconf 69' lang='lat' dir='ltr'><strong><em>Prenale</em></strong></span> <span class='ocrx_word' id='word_1_221' title='bbox 1227 3212 1311 3260; x_wconf 90' lang='lat' dir='ltr'><strong><em>est</em></strong></span> <span class='ocrx_word' id='word_1_222' title='bbox 1356 3207 1572 3261; x_wconf 92' lang='lat' dir='ltr'><strong><em>occulte</em></strong></span> <span class='ocrx_word' id='word_1_223' title='bbox 1612 3208 1856 3275; x_wconf 87' lang='lat' dir='ltr'><strong><em>auferre,</em></strong></span> 
     </span>
    </p>
   </div>
   <div class='ocr_carea' id='block_1_36' title="bbox 154 3294 1858 3366">
    <p class='ocr_par' dir='ltr' id='par_1_36' title="bbox 154 3294 1858 3366">
     <span class='ocr_line' id='line_1_36' title="bbox 154 3294 1858 3366; baseline 0 -17"><span class='ocrx_word' id='word_1_224' title='bbox 154 3297 340 3349; x_wconf 91' lang='lat' dir='ltr'><strong><em>multo</em></strong></span> <span class='ocrx_word' id='word_1_225' title='bbox 375 3294 605 3365; x_wconf 87' lang='lat' dir='ltr'><strong><em>majoris</em></strong></span> <span class='ocrx_word' id='word_1_226' title='bbox 636 3311 819 3365; x_wconf 72' lang='lat' dir='ltr'><strong><em>preme</em></strong></span> <span class='ocrx_word' id='word_1_227' title='bbox 865 3301 947 3349; x_wconf 90' lang='lat' dir='ltr'><strong><em>est</em></strong></span> <span class='ocrx_word' id='word_1_228' title='bbox 985 3295 1289 3349; x_wconf 89' lang='lat' dir='ltr'><strong><em>visibiliter</em></strong></span> <span class='ocrx_word' id='word_1_229' title='bbox 1328 3295 1568 3366; x_wconf 87' lang='lat' dir='ltr'><strong><em>eripere.</em></strong></span> <span class='ocrx_word' id='word_1_230' title='bbox 1620 3296 1858 3350; x_wconf 83' lang='lat' dir='ltr'><strong><em>Auferre</em></strong></span> 
     </span>
    </p>
   </div>
   <div class='ocr_carea' id='block_1_37' title="bbox 154 3382 1859 3454">
    <p class='ocr_par' dir='ltr' id='par_1_37' title="bbox 154 3382 1859 3454">
     <span class='ocr_line' id='line_1_37' title="bbox 154 3382 1859 3454; baseline 0.001 -18"><span class='ocrx_word' id='word_1_231' title='bbox 154 3399 292 3453; x_wconf 89' lang='lat' dir='ltr'><strong><em>ergo</em></strong></span> <span class='ocrx_word' id='word_1_232' title='bbox 341 3382 582 3448; x_wconf 88' lang='lat' dir='ltr'><strong><em>nolenti,</em></strong></span> <span class='ocrx_word' id='word_1_233' title='bbox 633 3382 746 3437; x_wconf 88' lang='lat' dir='ltr'><strong><em>sive</em></strong></span> <span class='ocrx_word' id='word_1_234' title='bbox 794 3383 1035 3451; x_wconf 89' lang='lat' dir='ltr'><strong><em>occulte,</em></strong></span> <span class='ocrx_word' id='word_1_235' title='bbox 1087 3399 1186 3436; x_wconf 92' lang='lat' dir='ltr'><strong><em>seu</em></strong></span> <span class='ocrx_word' id='word_1_236' title='bbox 1244 3384 1451 3453; x_wconf 84' lang='lat' dir='ltr'><strong><em>palam,</em></strong></span> <span class='ocrx_word' id='word_1_237' title='bbox 1502 3384 1674 3437; x_wconf 88' lang='lat' dir='ltr'><strong><em>habet</em></strong></span> <span class='ocrx_word' id='word_1_238' title='bbox 1708 3400 1859 3454; x_wconf 68' lang='lat' dir='ltr'><strong><em>prte-</em></strong></span> 
     </span>
    </p>
   </div>
   <div class='ocr_carea' id='block_1_38' title="bbox 154 3471 1860 3543">
    <p class='ocr_par' dir='ltr' id='par_1_38' title="bbox 154 3471 1860 3543">
     <span class='ocr_line' id='line_1_38' title="bbox 154 3471 1860 3543; baseline 0.001 -18"><span class='ocrx_word' id='word_1_239' title='bbox 154 3480 385 3543; x_wconf 87' lang='lat' dir='ltr'><strong><em>ceptum</em></strong></span> <span class='ocrx_word' id='word_1_240' title='bbox 417 3487 603 3526; x_wconf 91' lang='lat' dir='ltr'><strong><em>suum.</em></strong></span> <span class='ocrx_word' id='word_1_241' title='bbox 657 3471 810 3525; x_wconf 87' lang='lat' dir='ltr'><strong><em>Furti</em></strong></span> <span class='ocrx_word' id='word_1_242' title='bbox 853 3471 1006 3525; x_wconf 91' lang='lat' dir='ltr'><strong><em>enim</em></strong></span> <span class='ocrx_word' id='word_1_243' title='bbox 1048 3471 1281 3525; x_wconf 87' lang='lat' dir='ltr'><strong><em>nomine</em></strong></span> <span class='ocrx_word' id='word_1_244' title='bbox 1341 3488 1487 3541; x_wconf 88' lang='lat' dir='ltr'><strong><em>pene</em></strong></span> <span class='ocrx_word' id='word_1_245' title='bbox 1516 3471 1860 3542; x_wconf 80' lang='lat' dir='ltr'><strong><em>intelligitur</em></strong></span> 
     </span>
    </p>
   </div>
   <div class='ocr_carea' id='block_1_39' title="bbox 156 3560 1858 3632">
    <p class='ocr_par' dir='ltr' id='par_1_39' title="bbox 156 3560 1858 3632">
     <span class='ocr_line' id='line_1_39' title="bbox 156 3560 1858 3632; baseline 0 -17"><span class='ocrx_word' id='word_1_246' title='bbox 156 3562 346 3615; x_wconf 91' lang='lat' dir='ltr'><strong><em>omnis</em></strong></span> <span class='ocrx_word' id='word_1_247' title='bbox 378 3560 574 3614; x_wconf 90' lang='lat' dir='ltr'><strong><em>illicita</em></strong></span> <span class='ocrx_word' id='word_1_248' title='bbox 603 3561 899 3631; x_wconf 86' lang='lat' dir='ltr'><strong><em>usurpatio</em></strong></span> <span class='ocrx_word' id='word_1_249' title='bbox 921 3560 1003 3614; x_wconf 91' lang='lat' dir='ltr'><strong><em>rei</em></strong></span> <span class='ocrx_word' id='word_1_250' title='bbox 1031 3560 1250 3615; x_wconf 69' lang='lat' dir='ltr'><strong><em>alienas.</em></strong></span> <span class='ocrx_word' id='word_1_251' title='bbox 1305 3562 1427 3615; x_wconf 91' lang='lat' dir='ltr'><strong><em>Non</em></strong></span> <span class='ocrx_word' id='word_1_252' title='bbox 1489 3560 1644 3615; x_wconf 89' lang='lat' dir='ltr'><strong><em>enim</em></strong></span> <span class='ocrx_word' id='word_1_253' title='bbox 1704 3561 1858 3632; x_wconf 89' lang='lat' dir='ltr'><strong><em>rapi-</em></strong></span> 
     </span>
    </p>
   </div>
   <div class='ocr_carea' id='block_1_40' title="bbox 156 3647 1860 3719">
    <p class='ocr_par' dir='ltr' id='par_1_40' title="bbox 156 3647 1860 3719">
     <span class='ocr_line' id='line_1_40' title="bbox 156 3647 1860 3719; baseline 0.001 -17"><span class='ocrx_word' id='word_1_254' title='bbox 156 3665 289 3703; x_wconf 89' lang='lat' dir='ltr'><strong><em>nam</em></strong></span> <span class='ocrx_word' id='word_1_255' title='bbox 322 3647 601 3718; x_wconf 89' lang='lat' dir='ltr'><strong><em>permisit,</em></strong></span> <span class='ocrx_word' id='word_1_256' title='bbox 645 3648 746 3719; x_wconf 92' lang='lat' dir='ltr'><strong><em>qui</em></strong></span> <span class='ocrx_word' id='word_1_257' title='bbox 779 3648 996 3702; x_wconf 89' lang='lat' dir='ltr'><strong><em>furtum</em></strong></span> <span class='ocrx_word' id='word_1_258' title='bbox 1051 3648 1365 3718; x_wconf 85' lang='lat' dir='ltr'><strong><em>prohibuit,</em></strong></span> <span class='ocrx_word' id='word_1_259' title='bbox 1419 3650 1513 3703; x_wconf 89' lang='lat' dir='ltr'><strong><em>sed</em></strong></span> <span class='ocrx_word' id='word_1_260' title='bbox 1547 3649 1652 3703; x_wconf 90' lang='lat' dir='ltr'><strong><em>sub</em></strong></span> <span class='ocrx_word' id='word_1_261' title='bbox 1723 3650 1860 3703; x_wconf 85' lang='lat' dir='ltr'><strong><em>furti</em></strong></span> 
     </span>
    </p>
   </div>
   <div class='ocr_carea' id='block_1_41' title="bbox 155 3736 1858 3807">
    <p class='ocr_par' dir='ltr' id='par_1_41' title="bbox 155 3736 1858 3807">
     <span class='ocr_line' id='line_1_41' title="bbox 155 3736 1858 3807; baseline 0.001 -17"><span class='ocrx_word' id='word_1_262' title='bbox 155 3737 393 3791; x_wconf 88' lang='lat' dir='ltr'><strong><em>nomine</em></strong></span> <span class='ocrx_word' id='word_1_263' title='bbox 419 3736 681 3806; x_wconf 87' lang='lat' dir='ltr'><strong><em>rapinam</em></strong></span> <span class='ocrx_word' id='word_1_264' title='bbox 714 3736 960 3806; x_wconf 79' lang='lat' dir='ltr'><strong><em>intelligi</em></strong></span> <span class='ocrx_word' id='word_1_265' title='bbox 992 3736 1187 3790; x_wconf 88' lang='lat' dir='ltr'><strong><em>voluit.</em></strong></span> <span class='ocrx_word' id='word_1_266' title='bbox 1220 3739 1267 3791; x_wconf 81' lang='grc' dir='ltr'>Α</span> <span class='ocrx_word' id='word_1_267' title='bbox 1298 3742 1457 3807; x_wconf 90' lang='lat' dir='ltr'><strong><em>parte</em></strong></span> <span class='ocrx_word' id='word_1_268' title='bbox 1488 3738 1640 3791; x_wconf 90' lang='lat' dir='ltr'><strong><em>enim</em></strong></span> <span class='ocrx_word' id='word_1_269' title='bbox 1671 3742 1858 3792; x_wconf 88' lang='lat' dir='ltr'><strong><em>totum</em></strong></span> 
     </span>
    </p>
   </div>
   <div class='ocr_carea' id='block_1_42' title="bbox 154 3824 1112 3896">
    <p class='ocr_par' dir='ltr' id='par_1_42' title="bbox 154 3824 1112 3896">
     <span class='ocr_line' id='line_1_42' title="bbox 154 3824 1112 3896; baseline 0 -18"><span class='ocrx_word' id='word_1_270' title='bbox 154 3825 498 3896; x_wconf 88' lang='lat' dir='ltr'><strong><em>significavit</em></strong></span> <span class='ocrx_word' id='word_1_271' title='bbox 527 3824 805 3895; x_wconf 89' lang='lat' dir='ltr'><strong><em>quidquid</em></strong></span> <span class='ocrx_word' id='word_1_272' title='bbox 838 3825 1112 3879; x_wconf 87' lang='lat' dir='ltr'><strong><em>aufertur.</em></strong></span> 
     </span>
    </p>
   </div>
   <div class='ocr_carea' id='block_1_43' title="bbox 629 3913 1397 3968">
    <p class='ocr_par' dir='ltr' id='par_1_43' title="bbox 629 3913 1397 3968">
     <span class='ocr_line' id='line_1_43' title="bbox 629 3913 1397 3968; baseline 0.003 -2"><span class='ocrx_word' id='word_1_273' title='bbox 629 3913 755 3966; x_wconf 78' lang='lat' dir='ltr'><strong><em>CAP.</em></strong></span> <span class='ocrx_word' id='word_1_274' title='bbox 782 3914 886 3967; x_wconf 91' lang='lat' dir='ltr'><strong>LV.</strong></span> <span class='ocrx_word' id='word_1_275' title='bbox 916 3943 983 3952; x_wconf 90' lang='lat'><strong>—</strong></span> <span class='ocrx_word' id='word_1_276' title='bbox 1008 3917 1079 3967; x_wconf 90' lang='lat' dir='ltr'><strong><em>De</em></strong></span> <span class='ocrx_word' id='word_1_277' title='bbox 1105 3913 1287 3967; x_wconf 86' lang='lat' dir='ltr'><strong><em>eadem</em></strong></span> <span class='ocrx_word' id='word_1_278' title='bbox 1318 3930 1397 3968; x_wconf 92' lang='lat' dir='ltr'><strong><em>ae.</em></strong></span> 
     </span>
    </p>
   </div>
   <div class='ocr_carea' id='block_1_44' title="bbox 226 4001 1861 4069">
    <p class='ocr_par' dir='ltr' id='par_1_44' title="bbox 226 4001 1861 4069">
     <span class='ocr_line' id='line_1_44' title="bbox 226 4001 1861 4069; baseline -0.001 -13"><span class='ocrx_word' id='word_1_279' title='bbox 226 4004 333 4069; x_wconf 73' lang='lat' dir='ltr'><strong><em>(Em</em></strong></span> <span class='ocrx_word' id='word_1_280' title='bbox 353 4001 515 4055; x_wconf 85' lang='lat' dir='ltr'><strong><em>dictis</em></strong></span> <span class='ocrx_word' id='word_1_281' title='bbox 540 4001 820 4069; x_wconf 76' lang='lat' dir='ltr'><strong><em>Hierony.)</em></strong></span> <span class='ocrx_word' id='word_1_282' title='bbox 854 4002 965 4055; x_wconf 84' lang='lat' dir='ltr'><strong><em>Fur</em></strong></span> <span class='ocrx_word' id='word_1_283' title='bbox 995 4007 1185 4055; x_wconf 86' lang='lat' dir='ltr'><strong><em>autem</em></strong></span> <span class='ocrx_word' id='word_1_284' title='bbox 1242 4018 1354 4055; x_wconf 91' lang='lat' dir='ltr'><strong><em>non</em></strong></span> <span class='ocrx_word' id='word_1_285' title='bbox 1403 4002 1590 4056; x_wconf 90' lang='lat' dir='ltr'><strong><em>solum</em></strong></span> <span class='ocrx_word' id='word_1_286' title='bbox 1641 4001 1700 4056; x_wconf 91' lang='lat' dir='ltr'><strong><em>in</em></strong></span> <span class='ocrx_word' id='word_1_287' title='bbox 1732 4018 1861 4055; x_wconf 90' lang='lat' dir='ltr'><strong><em>ma-</em></strong></span> 
     </span>
    </p>
   </div>
   <div class='ocr_carea' id='block_1_45' title="bbox 147 4089 1859 4161">
    <p class='ocr_par' dir='ltr' id='par_1_45' title="bbox 147 4089 1859 4161">
     <span class='ocr_line' id='line_1_45' title="bbox 147 4089 1859 4161; baseline 0.002 -19"><span class='ocrx_word' id='word_1_288' title='bbox 147 4089 393 4159; x_wconf 89' lang='lat' dir='ltr'><strong><em>joribus,</em></strong></span> <span class='ocrx_word' id='word_1_289' title='bbox 439 4091 533 4143; x_wconf 90' lang='lat' dir='ltr'><strong><em>sed</em></strong></span> <span class='ocrx_word' id='word_1_290' title='bbox 566 4090 624 4143; x_wconf 89' lang='lat' dir='ltr'><strong><em>in</em></strong></span> <span class='ocrx_word' id='word_1_291' title='bbox 657 4091 971 4144; x_wconf 85' lang='lat' dir='ltr'><strong><em>minoribus</em></strong></span> <span class='ocrx_word' id='word_1_292' title='bbox 1000 4090 1170 4145; x_wconf 89' lang='lat' dir='ltr'><strong><em>etiam</em></strong></span> <span class='ocrx_word' id='word_1_293' title='bbox 1196 4090 1508 4161; x_wconf 89' lang='lat' dir='ltr'><strong><em>judicatur.</em></strong></span> <span class='ocrx_word' id='word_1_294' title='bbox 1544 4093 1668 4145; x_wconf 91' lang='lat' dir='ltr'><strong><em>Non</em></strong></span> <span class='ocrx_word' id='word_1_295' title='bbox 1704 4092 1859 4145; x_wconf 91' lang='lat' dir='ltr'><strong><em>enim</em></strong></span> 
     </span>
    </p>
   </div>
   <div class='ocr_carea' id='block_1_46' title="bbox 154 4178 1859 4247">
    <p class='ocr_par' dir='ltr' id='par_1_46' title="bbox 154 4178 1859 4247">
     <span class='ocr_line' id='line_1_46' title="bbox 154 4178 1859 4247; baseline 0.003 -17"><span class='ocrx_word' id='word_1_296' title='bbox 154 4178 306 4247; x_wconf 91' lang='lat' dir='ltr'><strong><em>quod</em></strong></span> <span class='ocrx_word' id='word_1_297' title='bbox 337 4178 489 4231; x_wconf 88' lang='lat' dir='ltr'><strong><em>furto</em></strong></span> <span class='ocrx_word' id='word_1_298' title='bbox 521 4178 773 4232; x_wconf 87' lang='lat' dir='ltr'><strong><em>ablatum</em></strong></span> <span class='ocrx_word' id='word_1_299' title='bbox 828 4183 928 4246; x_wconf 91' lang='lat' dir='ltr'><strong><em>est,</em></strong></span> <span class='ocrx_word' id='word_1_300' title='bbox 962 4179 1061 4233; x_wconf 90' lang='lat' dir='ltr'><strong><em>sed</em></strong></span> <span class='ocrx_word' id='word_1_301' title='bbox 1109 4196 1268 4233; x_wconf 89' lang='lat' dir='ltr'><strong><em>mens</em></strong></span> <span class='ocrx_word' id='word_1_302' title='bbox 1317 4180 1559 4234; x_wconf 81' lang='lat' dir='ltr'><strong><em>furentis</em></strong></span> <span class='ocrx_word' id='word_1_303' title='bbox 1615 4180 1859 4235; x_wconf 86' lang='lat' dir='ltr'><strong><em>attendi-</em></strong></span> 
     </span>
    </p>
   </div>
   <div class='ocr_carea' id='block_1_47' title="bbox 152 4266 1859 4337">
    <p class='ocr_par' dir='ltr' id='par_1_47' title="bbox 152 4266 1859 4337">
     <span class='ocr_line' id='line_1_47' title="bbox 152 4266 1859 4337; baseline 0.002 -18"><span class='ocrx_word' id='word_1_304' title='bbox 152 4270 249 4319; x_wconf 88' lang='lat' dir='ltr'><strong><em>tur</em></strong></span> <span class='ocrx_word' id='word_1_305' title='bbox 284 4282 297 4319; x_wconf 87' lang='lat'><strong>:</strong></span> <span class='ocrx_word' id='word_1_306' title='bbox 332 4267 617 4337; x_wconf 91' lang='lat' dir='ltr'><strong><em>quomodo</em></strong></span> <span class='ocrx_word' id='word_1_307' title='bbox 658 4266 715 4320; x_wconf 92' lang='lat' dir='ltr'><strong><em>in</em></strong></span> <span class='ocrx_word' id='word_1_308' title='bbox 768 4267 1167 4334; x_wconf 83' lang='lat' dir='ltr'><strong><em>fornicatione,</em></strong></span> <span class='ocrx_word' id='word_1_309' title='bbox 1202 4284 1320 4321; x_wconf 90' lang='lat' dir='ltr'><strong><em>non</em></strong></span> <span class='ocrx_word' id='word_1_310' title='bbox 1376 4268 1584 4322; x_wconf 92' lang='lat' dir='ltr'><strong><em>idcirco</em></strong></span> <span class='ocrx_word' id='word_1_311' title='bbox 1638 4269 1859 4323; x_wconf 87' lang='lat' dir='ltr'><strong><em>diversa</em></strong></span> 
     </span>
    </p>
   </div>
   <div class='ocr_carea' id='block_1_48' title="bbox 153 4353 1854 4425">
    <p class='ocr_par' dir='ltr' id='par_1_48' title="bbox 153 4353 1854 4425">
     <span class='ocr_line' id='line_1_48' title="bbox 153 4353 1854 4425; baseline 0.002 -18"><span class='ocrx_word' id='word_1_312' title='bbox 153 4353 218 4408; x_wconf 85' lang='lat' dir='ltr'><strong><em>ﬁt</em></strong></span> <span class='ocrx_word' id='word_1_313' title='bbox 282 4353 605 4421; x_wconf 88' lang='lat' dir='ltr'><strong><em>fornicatio,</em></strong></span> <span class='ocrx_word' id='word_1_314' title='bbox 641 4355 685 4408; x_wconf 93' lang='lat' dir='ltr'><strong><em>si</em></strong></span> <span class='ocrx_word' id='word_1_315' title='bbox 722 4356 928 4409; x_wconf 90' lang='lat' dir='ltr'><strong><em>mulier</em></strong></span> <span class='ocrx_word' id='word_1_316' title='bbox 978 4356 1217 4425; x_wconf 89' lang='lat' dir='ltr'><strong><em>pulchra</em></strong></span> <span class='ocrx_word' id='word_1_317' title='bbox 1274 4359 1371 4409; x_wconf 89' lang='lat' dir='ltr'><strong><em>aut</em></strong></span> <span class='ocrx_word' id='word_1_318' title='bbox 1425 4356 1715 4424; x_wconf 83' lang='lat' dir='ltr'><strong><em>deformis,</em></strong></span> <span class='ocrx_word' id='word_1_319' title='bbox 1757 4374 1854 4411; x_wconf 91' lang='lat' dir='ltr'><strong><em>an-</em></strong></span> 
     </span>
    </p>
   </div>
   <div class='ocr_carea' id='block_1_49' title="bbox 154 4444 1855 4516">
    <p class='ocr_par' dir='ltr' id='par_1_49' title="bbox 154 4444 1855 4516">
     <span class='ocr_line' id='line_1_49' title="bbox 154 4444 1855 4516; baseline 0.002 -19"><span class='ocrx_word' id='word_1_320' title='bbox 154 4444 285 4497; x_wconf 88' lang='lat' dir='ltr'><strong><em>cilla</em></strong></span> <span class='ocrx_word' id='word_1_321' title='bbox 315 4452 415 4498; x_wconf 86' lang='lat' dir='ltr'><strong><em>aut</em></strong></span> <span class='ocrx_word' id='word_1_322' title='bbox 439 4444 711 4515; x_wconf 90' lang='lat' dir='ltr'><strong><em>ingenua,</em></strong></span> <span class='ocrx_word' id='word_1_323' title='bbox 762 4461 982 4515; x_wconf 90' lang='lat' dir='ltr'><strong><em>pauper</em></strong></span> <span class='ocrx_word' id='word_1_324' title='bbox 1022 4451 1119 4499; x_wconf 91' lang='lat' dir='ltr'><strong><em>aut</em></strong></span> <span class='ocrx_word' id='word_1_325' title='bbox 1149 4446 1420 4516; x_wconf 86' lang='lat' dir='ltr'><strong><em>opulenta</em></strong></span> <span class='ocrx_word' id='word_1_326' title='bbox 1451 4462 1464 4499; x_wconf 92' lang='lat'><strong>:</strong></span> <span class='ocrx_word' id='word_1_327' title='bbox 1498 4446 1598 4500; x_wconf 89' lang='lat' dir='ltr'><strong><em>sed</em></strong></span> <span class='ocrx_word' id='word_1_328' title='bbox 1636 4448 1855 4516; x_wconf 87' lang='lat' dir='ltr'><strong><em>qualis—</em></strong></span> 
     </span>
    </p>
   </div>
   <div class='ocr_carea' id='block_1_50' title="bbox 154 4532 1851 4603">
    <p class='ocr_par' dir='ltr' id='par_1_50' title="bbox 154 4532 1851 4603">
     <span class='ocr_line' id='line_1_50' title="bbox 154 4532 1851 4603; baseline 0.002 -18"><span class='ocrx_word' id='word_1_329' title='bbox 154 4548 383 4603; x_wconf 90' lang='lat' dir='ltr'><strong><em>cunque</em></strong></span> <span class='ocrx_word' id='word_1_330' title='bbox 414 4533 511 4587; x_wconf 90' lang='lat' dir='ltr'><strong><em>illa</em></strong></span> <span class='ocrx_word' id='word_1_331' title='bbox 536 4532 728 4599; x_wconf 81' lang='lat' dir='ltr'><strong><em>fuerit,</em></strong></span> <span class='ocrx_word' id='word_1_332' title='bbox 781 4549 895 4587; x_wconf 88' lang='lat' dir='ltr'><strong><em>una</em></strong></span> <span class='ocrx_word' id='word_1_333' title='bbox 935 4538 1018 4587; x_wconf 91' lang='lat' dir='ltr'><strong><em>est</em></strong></span> <span class='ocrx_word' id='word_1_334' title='bbox 1066 4533 1385 4587; x_wconf 89' lang='lat' dir='ltr'><strong><em>fornicatio.</em></strong></span> <span class='ocrx_word' id='word_1_335' title='bbox 1439 4534 1520 4588; x_wconf 87' lang='lat' dir='ltr'><strong><em>Ita</em></strong></span> <span class='ocrx_word' id='word_1_336' title='bbox 1571 4534 1628 4587; x_wconf 90' lang='lat' dir='ltr'><strong><em>in</em></strong></span> <span class='ocrx_word' id='word_1_337' title='bbox 1678 4534 1851 4603; x_wconf 88' lang='lat' dir='ltr'><strong><em>furto,</em></strong></span> 
     </span>
    </p>
   </div>
   <div class='ocr_carea' id='block_1_51' title="bbox 154 4622 1849 4693">
    <p class='ocr_par' dir='ltr' id='par_1_51' title="bbox 154 4622 1849 4693">
     <span class='ocr_line' id='line_1_51' title="bbox 154 4622 1849 4693; baseline 0.004 -20"><span class='ocrx_word' id='word_1_338' title='bbox 154 4626 667 4692; x_wconf 83' lang='lat' dir='ltr'><strong><em>quantumcunque</em></strong></span> <span class='ocrx_word' id='word_1_339' title='bbox 690 4623 817 4693; x_wconf 82' lang='lat' dir='ltr'><strong><em>quis</em></strong></span> <span class='ocrx_word' id='word_1_340' title='bbox 844 4623 1161 4688; x_wconf 85' lang='lat' dir='ltr'><strong><em>abstulerit,</em></strong></span> <span class='ocrx_word' id='word_1_341' title='bbox 1186 4623 1322 4676; x_wconf 88' lang='lat' dir='ltr'><strong><em>furti</em></strong></span> <span class='ocrx_word' id='word_1_342' title='bbox 1344 4624 1561 4677; x_wconf 82' lang='lat' dir='ltr'><strong><em>crimen</em></strong></span> <span class='ocrx_word' id='word_1_343' title='bbox 1589 4622 1849 4679; x_wconf 86' lang='lat' dir='ltr'><strong><em>incurrit.</em></strong></span> 
     </span>
    </p>
   </div>
   <div class='ocr_carea' id='block_1_52' title="bbox 596 4711 1415 4766">
    <p class='ocr_par' dir='ltr' id='par_1_52' title="bbox 596 4711 1415 4766">
     <span class='ocr_line' id='line_1_52' title="bbox 596 4711 1415 4766; baseline 0 -1"><span class='ocrx_word' id='word_1_344' title='bbox 596 4711 722 4765; x_wconf 75' lang='lat' dir='ltr'><strong><em>CAP.</em></strong></span> <span class='ocrx_word' id='word_1_345' title='bbox 760 4712 886 4765; x_wconf 91' lang='lat' dir='ltr'><strong>LVI.</strong></span> <span class='ocrx_word' id='word_1_346' title='bbox 923 4740 991 4752; x_wconf 92' lang='lat'><strong><em>-—</em></strong></span> <span class='ocrx_word' id='word_1_347' title='bbox 1022 4711 1100 4765; x_wconf 85' lang='lat' dir='ltr'><strong><em>De</em></strong></span> <span class='ocrx_word' id='word_1_348' title='bbox 1128 4713 1312 4766; x_wconf 79' lang='lat' dir='ltr'><strong><em>eadem</em></strong></span> <span class='ocrx_word' id='word_1_349' title='bbox 1340 4728 1415 4765; x_wconf 81' lang='lat' dir='ltr'><strong><em>re.</em></strong></span> 
     </span>
    </p>
   </div>
   <div class='ocr_carea' id='block_1_53' title="bbox 226 4797 1852 4869">
    <p class='ocr_par' dir='ltr' id='par_1_53' title="bbox 226 4797 1852 4869">
     <span class='ocr_line' id='line_1_53' title="bbox 226 4797 1852 4869; baseline 0.001 -19"><span class='ocrx_word' id='word_1_350' title='bbox 226 4797 348 4865; x_wconf 73' lang='lat' dir='ltr'><strong><em>(Em</em></strong></span> <span class='ocrx_word' id='word_1_351' title='bbox 374 4800 743 4866; x_wconf 69' lang='lat' dir='ltr'><strong><em>panitentiali</em></strong></span> <span class='ocrx_word' id='word_1_352' title='bbox 779 4799 1080 4867; x_wconf 85' lang='lat' dir='ltr'><strong><em>Theodori.)</em></strong></span> <span class='ocrx_word' id='word_1_353' title='bbox 1130 4799 1185 4852; x_wconf 91' lang='lat' dir='ltr'><strong><em>Si</em></strong></span> <span class='ocrx_word' id='word_1_354' title='bbox 1238 4799 1367 4869; x_wconf 88' lang='lat' dir='ltr'><strong><em>quis</em></strong></span> <span class='ocrx_word' id='word_1_355' title='bbox 1411 4815 1514 4869; x_wconf 90' lang='lat' dir='ltr'><strong><em>per</em></strong></span> <span class='ocrx_word' id='word_1_356' title='bbox 1555 4798 1852 4854; x_wconf 88' lang='lat' dir='ltr'><strong><em>necessita-</em></strong></span> 
     </span>
    </p>
   </div>
   <div class='ocr_carea' id='block_1_54' title="bbox 153 4885 1855 4958">
    <p class='ocr_par' dir='ltr' id='par_1_54' title="bbox 153 4885 1855 4958">
     <span class='ocr_line' id='line_1_54' title="bbox 153 4885 1855 4958; baseline 0.002 -20"><span class='ocrx_word' id='word_1_357' title='bbox 153 4888 269 4939; x_wconf 86' lang='lat' dir='ltr'><strong><em>tem</em></strong></span> <span class='ocrx_word' id='word_1_358' title='bbox 320 4885 543 4939; x_wconf 87' lang='lat' dir='ltr'><strong><em>furatus</em></strong></span> <span class='ocrx_word' id='word_1_359' title='bbox 601 4887 773 4941; x_wconf 85' lang='lat' dir='ltr'><strong><em>fuerit</em></strong></span> <span class='ocrx_word' id='word_1_360' title='bbox 829 4887 1063 4953; x_wconf 88' lang='lat' dir='ltr'><strong><em>cibaria,</em></strong></span> <span class='ocrx_word' id='word_1_361' title='bbox 1118 4888 1202 4940; x_wconf 90' lang='lat' dir='ltr'><strong><em>vel</em></strong></span> <span class='ocrx_word' id='word_1_362' title='bbox 1260 4893 1491 4954; x_wconf 88' lang='lat' dir='ltr'><strong><em>vestem,</em></strong></span> <span class='ocrx_word' id='word_1_363' title='bbox 1547 4888 1634 4941; x_wconf 87' lang='lat' dir='ltr'><strong><em>vel</em></strong></span> <span class='ocrx_word' id='word_1_364' title='bbox 1681 4904 1855 4958; x_wconf 89' lang='lat' dir='ltr'><strong><em>pecus</em></strong></span> 
     </span>
    </p>
   </div>
   <div class='ocr_carea' id='block_1_55' title="bbox 158 4974 1855 5045">
    <p class='ocr_par' dir='ltr' id='par_1_55' title="bbox 158 4974 1855 5045">
     <span class='ocr_line' id='line_1_55' title="bbox 158 4974 1855 5045; baseline 0.003 -19"><span class='ocrx_word' id='word_1_365' title='bbox 158 4979 397 5044; x_wconf 88' lang='lat' dir='ltr'><strong><em>propter</em></strong></span> <span class='ocrx_word' id='word_1_366' title='bbox 426 4974 657 5041; x_wconf 85' lang='lat' dir='ltr'><strong><em>famem,</em></strong></span> <span class='ocrx_word' id='word_1_367' title='bbox 686 4981 785 5029; x_wconf 92' lang='lat' dir='ltr'><strong><em>aut</em></strong></span> <span class='ocrx_word' id='word_1_368' title='bbox 831 4992 933 5045; x_wconf 88' lang='lat' dir='ltr'><strong><em>per</em></strong></span> <span class='ocrx_word' id='word_1_369' title='bbox 959 4976 1299 5041; x_wconf 83' lang='lat' dir='ltr'><strong><em>nuditatem,</em></strong></span> <span class='ocrx_word' id='word_1_370' title='bbox 1334 4977 1607 5045; x_wconf 76' lang='lat' dir='ltr'><strong><em>poeniteat</em></strong></span> <span class='ocrx_word' id='word_1_371' title='bbox 1636 4976 1855 5031; x_wconf 89' lang='lat' dir='ltr'><strong><em>hebdo-</em></strong></span> 
     </span>
    </p>
   </div>
   <div class='ocr_carea' id='block_1_56' title="bbox 155 5062 1695 5134">
    <p class='ocr_par' dir='ltr' id='par_1_56' title="bbox 155 5062 1695 5134">
     <span class='ocr_line' id='line_1_56' title="bbox 155 5062 1695 5134; baseline 0.002 -17"><span class='ocrx_word' id='word_1_372' title='bbox 155 5062 353 5117; x_wconf 87' lang='lat' dir='ltr'><strong><em>madas</em></strong></span> <span class='ocrx_word' id='word_1_373' title='bbox 374 5066 488 5116; x_wconf 90' lang='lat' dir='ltr'><strong><em>tres</em></strong></span> <span class='ocrx_word' id='word_1_374' title='bbox 516 5080 529 5117; x_wconf 90' lang='lat'>:</span> <span class='ocrx_word' id='word_1_375' title='bbox 563 5063 609 5116; x_wconf 88' lang='lat' dir='ltr'><strong><em>si</em></strong></span> <span class='ocrx_word' id='word_1_376' title='bbox 642 5064 972 5129; x_wconf 88' lang='lat' dir='ltr'><strong><em>reddiderit,</em></strong></span> <span class='ocrx_word' id='word_1_377' title='bbox 998 5081 1110 5117; x_wconf 92' lang='lat' dir='ltr'><strong><em>non</em></strong></span> <span class='ocrx_word' id='word_1_378' title='bbox 1146 5069 1384 5134; x_wconf 87' lang='lat' dir='ltr'><strong><em>cogatur</em></strong></span> <span class='ocrx_word' id='word_1_379' title='bbox 1407 5064 1695 5134; x_wconf 82' lang='lat' dir='ltr'><strong><em>jejunare.</em></strong></span> 
     </span>
    </p>
   </div>
   <div class='ocr_carea' id='block_1_57' title="bbox 594 5153 1425 5208">
    <p class='ocr_par' dir='ltr' id='par_1_57' title="bbox 594 5153 1425 5208">
     <span class='ocr_line' id='line_1_57' title="bbox 594 5153 1425 5208; baseline 0.001 -1"><span class='ocrx_word' id='word_1_380' title='bbox 594 5153 720 5207; x_wconf 80' lang='lat' dir='ltr'><strong><em>CAP.</em></strong></span> <span class='ocrx_word' id='word_1_381' title='bbox 748 5154 896 5207; x_wconf 85' lang='lat' dir='ltr'><strong>LVII.</strong></span> <span class='ocrx_word' id='word_1_382' title='bbox 926 5183 996 5193; x_wconf 90' lang='lat'><strong><em>—</em></strong></span> <span class='ocrx_word' id='word_1_383' title='bbox 1026 5158 1103 5208; x_wconf 90' lang='lat' dir='ltr'><strong><em>De</em></strong></span> <span class='ocrx_word' id='word_1_384' title='bbox 1140 5153 1324 5207; x_wconf 88' lang='lat' dir='ltr'><strong><em>eadem</em></strong></span> <span class='ocrx_word' id='word_1_385' title='bbox 1348 5169 1425 5208; x_wconf 88' lang='lat' dir='ltr'><strong><em>re.</em></strong></span> 
     </span>
    </p>
   </div>
   <div class='ocr_carea' id='block_1_58' title="bbox 227 5238 1852 5311">
    <p class='ocr_par' dir='ltr' id='par_1_58' title="bbox 227 5238 1852 5311">
     <span class='ocr_line' id='line_1_58' title="bbox 227 5238 1852 5311; baseline 0.001 -17"><span class='ocrx_word' id='word_1_386' title='bbox 227 5240 341 5305; x_wconf 71' lang='lat' dir='ltr'><strong><em>(Ea:</em></strong></span> <span class='ocrx_word' id='word_1_387' title='bbox 364 5242 584 5295; x_wconf 84' lang='lat' dir='ltr'><strong><em>concilio</em></strong></span> <span class='ocrx_word' id='word_1_388' title='bbox 618 5243 864 5305; x_wconf 78' lang='lat' dir='ltr'><strong><em>Aurelia,</em></strong></span> <span class='ocrx_word' id='word_1_389' title='bbox 891 5245 1065 5311; x_wconf 78' lang='lat' dir='ltr'><strong><em>capite</em></strong></span> <span class='ocrx_word' id='word_1_390' title='bbox 1091 5240 1161 5311; x_wconf 88' lang='lat'><strong><em>8.)</em></strong></span> <span class='ocrx_word' id='word_1_391' title='bbox 1191 5242 1328 5295; x_wconf 82' lang='lat' dir='ltr'><strong><em>Nam</em></strong></span> <span class='ocrx_word' id='word_1_392' title='bbox 1352 5240 1396 5293; x_wconf 91' lang='lat' dir='ltr'><strong><em>si</em></strong></span> <span class='ocrx_word' id='word_1_393' title='bbox 1418 5239 1548 5310; x_wconf 91' lang='lat' dir='ltr'><strong><em>quis</em></strong></span> <span class='ocrx_word' id='word_1_394' title='bbox 1565 5238 1852 5310; x_wconf 89' lang='lat' dir='ltr'><strong><em>publicam</em></strong></span> 
     </span>
    </p>
   </div>
   <div class='ocr_carea' id='block_1_59' title="bbox 154 5328 1856 5400">
    <p class='ocr_par' dir='ltr' id='par_1_59' title="bbox 154 5328 1856 5400">
     <span class='ocr_line' id='line_1_59' title="bbox 154 5328 1856 5400; baseline 0.002 -20"><span class='ocrx_word' id='word_1_395' title='bbox 154 5328 416 5398; x_wconf 87' lang='lat' dir='ltr'><strong><em>rapinam</em></strong></span> <span class='ocrx_word' id='word_1_396' title='bbox 474 5345 569 5382; x_wconf 89' lang='lat' dir='ltr'><strong><em>seu</em></strong></span> <span class='ocrx_word' id='word_1_397' title='bbox 626 5329 842 5383; x_wconf 90' lang='lat' dir='ltr'><strong><em>furtum</em></strong></span> <span class='ocrx_word' id='word_1_398' title='bbox 906 5330 1123 5397; x_wconf 81' lang='lat' dir='ltr'><strong><em>fecerit,</em></strong></span> <span class='ocrx_word' id='word_1_399' title='bbox 1187 5329 1473 5400; x_wconf 86' lang='lat' dir='ltr'><strong><em>publicam</em></strong></span> <span class='ocrx_word' id='word_1_400' title='bbox 1542 5328 1675 5382; x_wconf 89' lang='lat' dir='ltr'><strong><em>inde</em></strong></span> <span class='ocrx_word' id='word_1_401' title='bbox 1726 5333 1856 5398; x_wconf 84' lang='lat' dir='ltr'><strong><em>agat</em></strong></span> 
     </span>
    </p>
   </div>
   <div class='ocr_carea' id='block_1_60' title="bbox 154 5416 1848 5487">
    <p class='ocr_par' dir='ltr' id='par_1_60' title="bbox 154 5416 1848 5487">
     <span class='ocr_line' id='line_1_60' title="bbox 154 5416 1848 5487; baseline 0.002 -18"><span class='ocrx_word' id='word_1_402' title='bbox 154 5416 572 5484; x_wconf 59' lang='lat' dir='ltr'><strong><em>paenitentiam,</em></strong></span> <span class='ocrx_word' id='word_1_403' title='bbox 607 5418 769 5487; x_wconf 85' lang='lat' dir='ltr'><strong><em>juxta</em></strong></span> <span class='ocrx_word' id='word_1_404' title='bbox 798 5424 1126 5473; x_wconf 88' lang='lat' dir='ltr'><strong><em>sanctorum</em></strong></span> <span class='ocrx_word' id='word_1_405' title='bbox 1178 5434 1462 5472; x_wconf 89' lang='lat' dir='ltr'><strong><em>canonum</em></strong></span> <span class='ocrx_word' id='word_1_406' title='bbox 1505 5417 1848 5472; x_wconf 87' lang='lat' dir='ltr'><strong><em>sanctiones.</em></strong></span> 
     </span>
    </p>
   </div>
   <div class='ocr_carea' id='block_1_61' title="bbox 152 5504 1852 5578">
    <p class='ocr_par' dir='ltr' id='par_1_61' title="bbox 152 5504 1852 5578">
     <span class='ocr_line' id='line_1_61' title="bbox 152 5504 1852 5578; baseline 0.001 -20"><span class='ocrx_word' id='word_1_407' title='bbox 152 5504 210 5558; x_wconf 93' lang='lat' dir='ltr'><strong><em>Si</em></strong></span> <span class='ocrx_word' id='word_1_408' title='bbox 251 5520 383 5559; x_wconf 90' lang='lat' dir='ltr'><strong><em>vero</em></strong></span> <span class='ocrx_word' id='word_1_409' title='bbox 414 5506 652 5573; x_wconf 85' lang='lat' dir='ltr'><strong><em>occulte,</em></strong></span> <span class='ocrx_word' id='word_1_410' title='bbox 682 5507 1042 5561; x_wconf 88' lang='lat' dir='ltr'><strong><em>sacerdotum</em></strong></span> <span class='ocrx_word' id='word_1_411' title='bbox 1084 5507 1326 5562; x_wconf 89' lang='lat' dir='ltr'><strong><em>concilio</em></strong></span> <span class='ocrx_word' id='word_1_412' title='bbox 1358 5506 1633 5578; x_wconf 70' lang='lat' dir='ltr'><strong><em>poeniteat</em></strong></span> <span class='ocrx_word' id='word_1_413' title='bbox 1664 5521 1677 5559; x_wconf 90' lang='lat'>:</span> <span class='ocrx_word' id='word_1_414' title='bbox 1704 5521 1852 5576; x_wconf 93' lang='lat' dir='ltr'><strong><em>quo-</em></strong></span> 
     </span>
    </p>
   </div>
   <div class='ocr_carea' id='block_1_62' title="bbox 154 5592 1851 5667">
    <p class='ocr_par' dir='ltr' id='par_1_62' title="bbox 154 5592 1851 5667">
     <span class='ocr_line' id='line_1_62' title="bbox 154 5592 1851 5667; baseline 0.002 -21"><span class='ocrx_word' id='word_1_415' title='bbox 154 5592 309 5647; x_wconf 90' lang='lat' dir='ltr'><strong><em>niam</em></strong></span> <span class='ocrx_word' id='word_1_416' title='bbox 345 5598 621 5664; x_wconf 85' lang='lat' dir='ltr'><strong><em>raptores,</em></strong></span> <span class='ocrx_word' id='word_1_417' title='bbox 682 5599 742 5648; x_wconf 88' lang='lat' dir='ltr'><strong><em>nt</em></strong></span> <span class='ocrx_word' id='word_1_418' title='bbox 797 5596 1101 5667; x_wconf 86' lang='lat' dir='ltr'><strong><em>Apostolus</em></strong></span> <span class='ocrx_word' id='word_1_419' title='bbox 1156 5596 1253 5664; x_wconf 91' lang='lat' dir='ltr'><strong><em>ait,</em></strong></span> <span class='ocrx_word' id='word_1_420' title='bbox 1314 5595 1425 5650; x_wconf 91' lang='lat' dir='ltr'><strong><em>nisi</em></strong></span> <span class='ocrx_word' id='word_1_421' title='bbox 1470 5595 1603 5651; x_wconf 88' lang='lat' dir='ltr'><strong><em>inde</em></strong></span> <span class='ocrx_word' id='word_1_422' title='bbox 1658 5610 1851 5649; x_wconf 84' lang='lat' dir='ltr'><strong><em>veram</em></strong></span> 
     </span>
    </p>
   </div>
   <div class='ocr_carea' id='block_1_63' title="bbox 1985 559 3678 633">
    <p class='ocr_par' dir='ltr' id='par_1_63' title="bbox 1985 559 3678 633">
     <span class='ocr_line' id='line_1_63' title="bbox 1985 559 3678 633; baseline 0.006 -22"><span class='ocrx_word' id='word_1_423' title='bbox 1985 559 2092 623; x_wconf 91' lang='lat' dir='ltr'><strong><em>Qui</em></strong></span> <span class='ocrx_word' id='word_1_424' title='bbox 2150 575 2285 613; x_wconf 89' lang='lat' dir='ltr'><strong><em>vero</em></strong></span> <span class='ocrx_word' id='word_1_425' title='bbox 2342 560 2412 613; x_wconf 86' lang='lat' dir='ltr'><strong><em>de</em></strong></span> <span class='ocrx_word' id='word_1_426' title='bbox 2473 560 2643 613; x_wconf 89' lang='lat' dir='ltr'><strong><em>rebus</em></strong></span> <span class='ocrx_word' id='word_1_427' title='bbox 2704 560 3070 614; x_wconf 87' lang='lat' dir='ltr'><strong><em>ecclesiarum</em></strong></span> <span class='ocrx_word' id='word_1_428' title='bbox 3115 562 3328 633; x_wconf 89' lang='lat' dir='ltr'><strong><em>aliquid</em></strong></span> <span class='ocrx_word' id='word_1_429' title='bbox 3363 566 3678 633; x_wconf 88' lang='lat' dir='ltr'><strong><em>abstulerit,</em></strong></span> 
     </span>
    </p>
   </div>
   <div class='ocr_carea' id='block_1_64' title="bbox 1983 648 3679 725">
    <p class='ocr_par' dir='ltr' id='par_1_64' title="bbox 1983 648 3679 725">
     <span class='ocr_line' id='line_1_64' title="bbox 1983 648 3679 725; baseline 0.005 -26"><span class='ocrx_word' id='word_1_430' title='bbox 1983 648 2208 717; x_wconf 89' lang='lat' dir='ltr'><strong><em>gravius</em></strong></span> <span class='ocrx_word' id='word_1_431' title='bbox 2236 648 2525 718; x_wconf 87' lang='lat' dir='ltr'><strong><em>judicetur</em></strong></span> <span class='ocrx_word' id='word_1_432' title='bbox 2558 664 2571 702; x_wconf 88' lang='lat'>:</span> <span class='ocrx_word' id='word_1_433' title='bbox 2613 649 2748 719; x_wconf 88' lang='lat' dir='ltr'><strong><em>quia</em></strong></span> <span class='ocrx_word' id='word_1_434' title='bbox 2779 649 3042 719; x_wconf 87' lang='lat' dir='ltr'><strong><em>quamvis</em></strong></span> <span class='ocrx_word' id='word_1_435' title='bbox 3064 650 3204 703; x_wconf 84' lang='lat' dir='ltr'><strong><em>ultio</em></strong></span> <span class='ocrx_word' id='word_1_436' title='bbox 3234 651 3423 705; x_wconf 90' lang='lat' dir='ltr'><strong><em>furum</em></strong></span> <span class='ocrx_word' id='word_1_437' title='bbox 3465 659 3520 706; x_wconf 91' lang='lat' dir='ltr'><strong><em>et</em></strong></span> <span class='ocrx_word' id='word_1_438' title='bbox 3550 671 3679 725; x_wconf 88' lang='lat' dir='ltr'><strong><em>rap-</em></strong></span> 
     </span>
    </p>
   </div>
   <div class='ocr_carea' id='block_1_65' title="bbox 1980 737 3682 808">
    <p class='ocr_par' dir='ltr' id='par_1_65' title="bbox 1980 737 3682 808">
     <span class='ocr_line' id='line_1_65' title="bbox 1980 737 3682 808; baseline 0.003 -20"><span class='ocrx_word' id='word_1_439' title='bbox 1980 738 2173 789; x_wconf 90' lang='lat' dir='ltr'><strong><em>torum</em></strong></span> <span class='ocrx_word' id='word_1_440' title='bbox 2229 737 2301 790; x_wconf 88' lang='lat' dir='ltr'><strong><em>ad</em></strong></span> <span class='ocrx_word' id='word_1_441' title='bbox 2358 737 2596 790; x_wconf 92' lang='lat' dir='ltr'><strong><em>comites</em></strong></span> <span class='ocrx_word' id='word_1_442' title='bbox 2648 737 2932 808; x_wconf 89' lang='lat' dir='ltr'><strong><em>respiciat,</em></strong></span> <span class='ocrx_word' id='word_1_443' title='bbox 2994 737 3336 807; x_wconf 72' lang='lat' dir='ltr'><strong><em>poenitentia</em></strong></span> <span class='ocrx_word' id='word_1_444' title='bbox 3373 743 3562 793; x_wconf 81' lang='lat' dir='ltr'><strong><em>tamen</em></strong></span> <span class='ocrx_word' id='word_1_445' title='bbox 3612 740 3682 793; x_wconf 91' lang='lat' dir='ltr'><strong><em>ad</em></strong></span> 
     </span>
    </p>
   </div>
   <div class='ocr_carea' id='block_1_66' title="bbox 1982 823 2574 896">
    <p class='ocr_par' dir='ltr' id='par_1_66' title="bbox 1982 823 2574 896">
     <span class='ocr_line' id='line_1_66' title="bbox 1982 823 2574 896; baseline 0.002 -19"><span class='ocrx_word' id='word_1_446' title='bbox 1982 823 2277 896; x_wconf 88' lang='lat' dir='ltr'><strong><em>episcopos</em></strong></span> <span class='ocrx_word' id='word_1_447' title='bbox 2306 826 2574 895; x_wconf 89' lang='lat' dir='ltr'><strong><em>pertinet.</em></strong></span> 
     </span>
    </p>
   </div>
   <div class='ocr_carea' id='block_1_67' title="bbox 2406 914 3243 969">
    <p class='ocr_par' dir='ltr' id='par_1_67' title="bbox 2406 914 3243 969">
     <span class='ocr_line' id='line_1_67' title="bbox 2406 914 3243 969; baseline 0.002 -3"><span class='ocrx_word' id='word_1_448' title='bbox 2406 914 2535 966; x_wconf 78' lang='lat' dir='ltr'><strong><em>CAP.</em></strong></span> <span class='ocrx_word' id='word_1_449' title='bbox 2563 914 2744 967; x_wconf 89' lang='lat' dir='ltr'><strong>LVIII.</strong></span> <span class='ocrx_word' id='word_1_450' title='bbox 2780 944 2844 953; x_wconf 95' lang='lat'><strong><em>—</em></strong></span> <span class='ocrx_word' id='word_1_451' title='bbox 2865 916 2939 967; x_wconf 83' lang='lat' dir='ltr'><strong><em>De</em></strong></span> <span class='ocrx_word' id='word_1_452' title='bbox 2967 914 3150 967; x_wconf 86' lang='lat' dir='ltr'><strong><em>eadem</em></strong></span> <span class='ocrx_word' id='word_1_453' title='bbox 3167 929 3243 969; x_wconf 88' lang='lat' dir='ltr'><strong><em>re.</em></strong></span> 
     </span>
    </p>
   </div>
   <div class='ocr_carea' id='block_1_68' title="bbox 2052 1000 3681 1074">
    <p class='ocr_par' dir='ltr' id='par_1_68' title="bbox 2052 1000 3681 1074">
     <span class='ocr_line' id='line_1_68' title="bbox 2052 1000 3681 1074; baseline 0.002 -20"><span class='ocrx_word' id='word_1_454' title='bbox 2052 1000 2159 1069; x_wconf 78' lang='lat' dir='ltr'><strong><em>(Ea:</em></strong></span> <span class='ocrx_word' id='word_1_455' title='bbox 2182 1002 2547 1069; x_wconf 81' lang='lat' dir='ltr'><strong><em>pcenitentiali</em></strong></span> <span class='ocrx_word' id='word_1_456' title='bbox 2580 1002 2883 1071; x_wconf 82' lang='lat' dir='ltr'><strong><em>Theodori.)</em></strong></span> <span class='ocrx_word' id='word_1_457' title='bbox 2906 1002 2964 1055; x_wconf 91' lang='lat' dir='ltr'><strong><em>Si</em></strong></span> <span class='ocrx_word' id='word_1_458' title='bbox 2994 1002 3122 1071; x_wconf 88' lang='lat' dir='ltr'><strong><em>quis</em></strong></span> <span class='ocrx_word' id='word_1_459' title='bbox 3167 1003 3388 1056; x_wconf 90' lang='lat' dir='ltr'><strong><em>furtum</em></strong></span> <span class='ocrx_word' id='word_1_460' title='bbox 3439 1003 3681 1074; x_wconf 89' lang='lat' dir='ltr'><strong><em>capitale</em></strong></span> 
     </span>
    </p>
   </div>
   <div class='ocr_carea' id='block_1_69' title="bbox 1978 1088 3682 1160">
    <p class='ocr_par' dir='ltr' id='par_1_69' title="bbox 1978 1088 3682 1160">
     <span class='ocr_line' id='line_1_69' title="bbox 1978 1088 3682 1160; baseline 0.003 -20"><span class='ocrx_word' id='word_1_461' title='bbox 1978 1088 2345 1155; x_wconf 90' lang='lat' dir='ltr'><strong><em>commiserit,</em></strong></span> <span class='ocrx_word' id='word_1_462' title='bbox 2380 1089 2436 1143; x_wconf 88' lang='lat' dir='ltr'><strong><em>id</em></strong></span> <span class='ocrx_word' id='word_1_463' title='bbox 2478 1094 2584 1155; x_wconf 90' lang='lat' dir='ltr'><strong><em>est,</em></strong></span> <span class='ocrx_word' id='word_1_464' title='bbox 2644 1089 3040 1160; x_wconf 72' lang='lat' dir='ltr'><strong><em>quadrupedia</em></strong></span> <span class='ocrx_word' id='word_1_465' title='bbox 3093 1089 3309 1156; x_wconf 90' lang='lat' dir='ltr'><strong><em>tulerit,</em></strong></span> <span class='ocrx_word' id='word_1_466' title='bbox 3364 1090 3453 1143; x_wconf 91' lang='lat' dir='ltr'><strong><em>vel</em></strong></span> <span class='ocrx_word' id='word_1_467' title='bbox 3525 1107 3682 1145; x_wconf 90' lang='lat' dir='ltr'><strong><em>casas</em></strong></span> 
     </span>
    </p>
   </div>
   <div class='ocr_carea' id='block_1_70' title="bbox 1979 1176 3679 1249">
    <p class='ocr_par' dir='ltr' id='par_1_70' title="bbox 1979 1176 3679 1249">
     <span class='ocr_line' id='line_1_70' title="bbox 1979 1176 3679 1249; baseline 0.002 -19"><span class='ocrx_word' id='word_1_468' title='bbox 1979 1176 2285 1247; x_wconf 76' lang='lat' dir='ltr'><strong><em>effregerit,</em></strong></span> <span class='ocrx_word' id='word_1_469' title='bbox 2317 1182 2530 1248; x_wconf 90' lang='lat' dir='ltr'><strong><em>septem</em></strong></span> <span class='ocrx_word' id='word_1_470' title='bbox 2563 1194 2742 1232; x_wconf 90' lang='lat' dir='ltr'><strong><em>annos</em></strong></span> <span class='ocrx_word' id='word_1_471' title='bbox 2772 1180 3045 1249; x_wconf 72' lang='lat' dir='ltr'><strong><em>poeniteat</em></strong></span> <span class='ocrx_word' id='word_1_472' title='bbox 3080 1194 3092 1230; x_wconf 91' lang='lat'><strong>:</strong></span> <span class='ocrx_word' id='word_1_473' title='bbox 3125 1184 3183 1231; x_wconf 92' lang='lat' dir='ltr'><strong><em>et</em></strong></span> <span class='ocrx_word' id='word_1_474' title='bbox 3221 1178 3375 1248; x_wconf 91' lang='lat' dir='ltr'><strong><em>quod</em></strong></span> <span class='ocrx_word' id='word_1_475' title='bbox 3424 1178 3679 1233; x_wconf 87' lang='lat' dir='ltr'><strong><em>furatum</em></strong></span> 
     </span>
    </p>
   </div>
   <div class='ocr_carea' id='block_1_71' title="bbox 1978 1266 3679 1337">
    <p class='ocr_par' dir='ltr' id='par_1_71' title="bbox 1978 1266 3679 1337">
     <span class='ocr_line' id='line_1_71' title="bbox 1978 1266 3679 1337; baseline 0.001 -18"><span class='ocrx_word' id='word_1_476' title='bbox 1978 1271 2081 1333; x_wconf 89' lang='lat' dir='ltr'><strong><em>est,</em></strong></span> <span class='ocrx_word' id='word_1_477' title='bbox 2115 1266 2333 1319; x_wconf 88' lang='lat' dir='ltr'><strong><em>reddat.</em></strong></span> <span class='ocrx_word' id='word_1_478' title='bbox 2368 1266 2427 1319; x_wconf 93' lang='lat' dir='ltr'><strong><em>Si</em></strong></span> <span class='ocrx_word' id='word_1_479' title='bbox 2458 1266 2584 1337; x_wconf 91' lang='lat' dir='ltr'><strong><em>quis</em></strong></span> <span class='ocrx_word' id='word_1_480' title='bbox 2608 1283 2741 1319; x_wconf 90' lang='lat' dir='ltr'><strong><em>vero</em></strong></span> <span class='ocrx_word' id='word_1_481' title='bbox 2771 1267 2841 1320; x_wconf 91' lang='lat' dir='ltr'><strong><em>de</em></strong></span> <span class='ocrx_word' id='word_1_482' title='bbox 2872 1266 3190 1321; x_wconf 90' lang='lat' dir='ltr'><strong><em>minoribus</em></strong></span> <span class='ocrx_word' id='word_1_483' title='bbox 3241 1268 3417 1320; x_wconf 89' lang='lat' dir='ltr'><strong><em>semel</em></strong></span> <span class='ocrx_word' id='word_1_484' title='bbox 3455 1272 3554 1321; x_wconf 89' lang='lat' dir='ltr'><strong><em>aut</em></strong></span> <span class='ocrx_word' id='word_1_485' title='bbox 3592 1268 3679 1321; x_wconf 91' lang='lat' dir='ltr'><strong><em>bis</em></strong></span> 
     </span>
    </p>
   </div>
   <div class='ocr_carea' id='block_1_72' title="bbox 1976 1353 3677 1426">
    <p class='ocr_par' dir='ltr' id='par_1_72' title="bbox 1976 1353 3677 1426">
     <span class='ocr_line' id='line_1_72' title="bbox 1976 1353 3677 1426; baseline 0.002 -19"><span class='ocrx_word' id='word_1_486' title='bbox 1976 1353 2193 1407; x_wconf 91' lang='lat' dir='ltr'><strong><em>furtum</em></strong></span> <span class='ocrx_word' id='word_1_487' title='bbox 2226 1354 2439 1421; x_wconf 88' lang='lat' dir='ltr'><strong><em>fecerit,</em></strong></span> <span class='ocrx_word' id='word_1_488' title='bbox 2488 1354 2687 1409; x_wconf 89' lang='lat' dir='ltr'><strong><em>reddat</em></strong></span> <span class='ocrx_word' id='word_1_489' title='bbox 2716 1354 2868 1426; x_wconf 92' lang='lat' dir='ltr'><strong><em>quod</em></strong></span> <span class='ocrx_word' id='word_1_490' title='bbox 2922 1355 3073 1420; x_wconf 91' lang='lat' dir='ltr'><strong><em>tulit,</em></strong></span> <span class='ocrx_word' id='word_1_491' title='bbox 3115 1360 3173 1408; x_wconf 90' lang='lat' dir='ltr'><strong><em>et</em></strong></span> <span class='ocrx_word' id='word_1_492' title='bbox 3219 1371 3435 1409; x_wconf 91' lang='lat' dir='ltr'><strong><em>annum</em></strong></span> <span class='ocrx_word' id='word_1_493' title='bbox 3497 1372 3677 1410; x_wconf 90' lang='lat' dir='ltr'><strong><em>unum</em></strong></span> 
     </span>
    </p>
   </div>
   <div class='ocr_carea' id='block_1_73' title="bbox 1974 1441 3676 1513">
    <p class='ocr_par' dir='ltr' id='par_1_73' title="bbox 1974 1441 3676 1513">
     <span class='ocr_line' id='line_1_73' title="bbox 1974 1441 3676 1513; baseline 0.001 -18"><span class='ocrx_word' id='word_1_494' title='bbox 1974 1441 2270 1511; x_wconf 65' lang='lat' dir='ltr'><strong><em>poeniteat,</em></strong></span> <span class='ocrx_word' id='word_1_495' title='bbox 2313 1442 2399 1495; x_wconf 92' lang='lat' dir='ltr'><strong><em>vel</em></strong></span> <span class='ocrx_word' id='word_1_496' title='bbox 2429 1442 2476 1495; x_wconf 91' lang='lat' dir='ltr'><strong><em>si</em></strong></span> <span class='ocrx_word' id='word_1_497' title='bbox 2501 1442 2628 1513; x_wconf 90' lang='lat' dir='ltr'><strong><em>quis</em></strong></span> <span class='ocrx_word' id='word_1_498' title='bbox 2671 1442 3036 1513; x_wconf 91' lang='lat' dir='ltr'><strong><em>sepulchrum</em></strong></span> <span class='ocrx_word' id='word_1_499' title='bbox 3076 1442 3392 1509; x_wconf 90' lang='lat' dir='ltr'><strong><em>violaverit,</em></strong></span> <span class='ocrx_word' id='word_1_500' title='bbox 3442 1444 3532 1497; x_wconf 88' lang='lat' dir='ltr'><strong><em>VII</em></strong></span> <span class='ocrx_word' id='word_1_501' title='bbox 3575 1461 3676 1497; x_wconf 87' lang='lat' dir='ltr'><strong><em>an-</em></strong></span> 
     </span>
    </p>
   </div>
   <div class='ocr_carea' id='block_1_74' title="bbox 1976 1530 3311 1601">
    <p class='ocr_par' dir='ltr' id='par_1_74' title="bbox 1976 1530 3311 1601">
     <span class='ocr_line' id='line_1_74' title="bbox 1976 1530 3311 1601; baseline 0.001 -18"><span class='ocrx_word' id='word_1_502' title='bbox 1976 1546 2080 1583; x_wconf 93' lang='lat' dir='ltr'><strong><em>nos</em></strong></span> <span class='ocrx_word' id='word_1_503' title='bbox 2111 1530 2404 1601; x_wconf 69' lang='lat' dir='ltr'><strong><em>pozniteat,</em></strong></span> <span class='ocrx_word' id='word_1_504' title='bbox 2446 1535 2559 1584; x_wconf 89' lang='lat' dir='ltr'><strong><em>tres</em></strong></span> <span class='ocrx_word' id='word_1_505' title='bbox 2586 1547 2651 1584; x_wconf 81' lang='lat' dir='ltr'><strong><em>ex</em></strong></span> <span class='ocrx_word' id='word_1_506' title='bbox 2677 1530 2767 1584; x_wconf 91' lang='lat' dir='ltr'><strong><em>his</em></strong></span> <span class='ocrx_word' id='word_1_507' title='bbox 2793 1531 2851 1583; x_wconf 91' lang='lat' dir='ltr'><strong><em>in</em></strong></span> <span class='ocrx_word' id='word_1_508' title='bbox 2883 1546 3030 1600; x_wconf 90' lang='lat' dir='ltr'><strong><em>pane</em></strong></span> <span class='ocrx_word' id='word_1_509' title='bbox 3061 1534 3117 1584; x_wconf 91' lang='lat' dir='ltr'><strong><em>et</em></strong></span> <span class='ocrx_word' id='word_1_510' title='bbox 3144 1546 3311 1601; x_wconf 89' lang='lat' dir='ltr'><strong><em>aqua.</em></strong></span> 
     </span>
    </p>
   </div>
   <div class='ocr_carea' id='block_1_75' title="bbox 2410 1619 3231 1674">
    <p class='ocr_par' dir='ltr' id='par_1_75' title="bbox 2410 1619 3231 1674">
     <span class='ocr_line' id='line_1_75' title="bbox 2410 1619 3231 1674; baseline -0.002 -1"><span class='ocrx_word' id='word_1_511' title='bbox 2410 1619 2536 1673; x_wconf 77' lang='lat' dir='ltr'><strong><em>CAP.</em></strong></span> <span class='ocrx_word' id='word_1_512' title='bbox 2572 1619 2705 1674; x_wconf 87' lang='lat' dir='ltr'><strong>LIX.</strong></span> <span class='ocrx_word' id='word_1_513' title='bbox 2743 1649 2813 1657; x_wconf 91' lang='lat'><strong><em>—</em></strong></span> <span class='ocrx_word' id='word_1_514' title='bbox 2845 1620 2925 1673; x_wconf 86' lang='lat' dir='ltr'><strong><em>De</em></strong></span> <span class='ocrx_word' id='word_1_515' title='bbox 2949 1619 3133 1673; x_wconf 87' lang='lat' dir='ltr'><strong><em>eadem</em></strong></span> <span class='ocrx_word' id='word_1_516' title='bbox 3154 1634 3231 1671; x_wconf 89' lang='lat' dir='ltr'><strong><em>re.</em></strong></span> 
     </span>
    </p>
   </div>
   <div class='ocr_carea' id='block_1_76' title="bbox 2047 1706 3671 1776">
    <p class='ocr_par' dir='ltr' id='par_1_76' title="bbox 2047 1706 3671 1776">
     <span class='ocr_line' id='line_1_76' title="bbox 2047 1706 3671 1776; baseline -0.001 -16"><span class='ocrx_word' id='word_1_517' title='bbox 2047 1706 2157 1773; x_wconf 75' lang='lat' dir='ltr'><strong><em>(Ea:</em></strong></span> <span class='ocrx_word' id='word_1_518' title='bbox 2187 1708 2404 1761; x_wconf 82' lang='lat' dir='ltr'><strong><em>concilio</em></strong></span> <span class='ocrx_word' id='word_1_519' title='bbox 2439 1707 2704 1775; x_wconf 79' lang='lat' dir='ltr'><strong><em>Triburi.,</em></strong></span> <span class='ocrx_word' id='word_1_520' title='bbox 2758 1709 2936 1776; x_wconf 86' lang='lat' dir='ltr'><strong><em>capite</em></strong></span> <span class='ocrx_word' id='word_1_521' title='bbox 2967 1710 3042 1773; x_wconf 32' lang='lat'><strong><em>5.)</em></strong></span> <span class='ocrx_word' id='word_1_522' title='bbox 3067 1708 3239 1760; x_wconf 83' lang='lat' dir='ltr'><strong><em>Fures</em></strong></span> <span class='ocrx_word' id='word_1_523' title='bbox 3296 1711 3353 1759; x_wconf 91' lang='lat' dir='ltr'><strong><em>et</em></strong></span> <span class='ocrx_word' id='word_1_524' title='bbox 3401 1706 3671 1771; x_wconf 88' lang='lat' dir='ltr'><strong><em>latrones,</em></strong></span> 
     </span>
    </p>
   </div>
   <div class='ocr_carea' id='block_1_77' title="bbox 1978 1793 3675 1865">
    <p class='ocr_par' dir='ltr' id='par_1_77' title="bbox 1978 1793 3675 1865">
     <span class='ocr_line' id='line_1_77' title="bbox 1978 1793 3675 1865; baseline 0.001 -19"><span class='ocrx_word' id='word_1_525' title='bbox 1978 1793 2023 1846; x_wconf 91' lang='lat' dir='ltr'><strong><em>si</em></strong></span> <span class='ocrx_word' id='word_1_526' title='bbox 2054 1794 2113 1847; x_wconf 92' lang='lat' dir='ltr'><strong><em>in</em></strong></span> <span class='ocrx_word' id='word_1_527' title='bbox 2145 1795 2387 1849; x_wconf 89' lang='lat' dir='ltr'><strong><em>furando</em></strong></span> <span class='ocrx_word' id='word_1_528' title='bbox 2418 1800 2473 1849; x_wconf 89' lang='lat' dir='ltr'><strong><em>et</em></strong></span> <span class='ocrx_word' id='word_1_529' title='bbox 2503 1795 2813 1865; x_wconf 64' lang='lat' dir='ltr'><strong><em>praedando</em></strong></span> <span class='ocrx_word' id='word_1_530' title='bbox 2856 1795 3203 1862; x_wconf 90' lang='lat' dir='ltr'><strong><em>occidentur,</em></strong></span> <span class='ocrx_word' id='word_1_531' title='bbox 3236 1794 3419 1847; x_wconf 91' lang='lat' dir='ltr'><strong><em>visum</em></strong></span> <span class='ocrx_word' id='word_1_532' title='bbox 3459 1800 3543 1849; x_wconf 91' lang='lat' dir='ltr'><strong><em>est</em></strong></span> <span class='ocrx_word' id='word_1_533' title='bbox 3569 1811 3675 1863; x_wconf 89' lang='lat' dir='ltr'><strong><em>pro</em></strong></span> 
     </span>
    </p>
   </div>
   <div class='ocr_carea' id='block_1_78' title="bbox 1978 1881 3673 1954">
    <p class='ocr_par' dir='ltr' id='par_1_78' title="bbox 1978 1881 3673 1954">
     <span class='ocr_line' id='line_1_78' title="bbox 1978 1881 3673 1954; baseline 0 -20"><span class='ocrx_word' id='word_1_534' title='bbox 1978 1881 2060 1934; x_wconf 89' lang='lat' dir='ltr'><strong><em>eis</em></strong></span> <span class='ocrx_word' id='word_1_535' title='bbox 2116 1898 2231 1936; x_wconf 89' lang='lat' dir='ltr'><strong><em>non</em></strong></span> <span class='ocrx_word' id='word_1_536' title='bbox 2279 1884 2581 1938; x_wconf 89' lang='lat' dir='ltr'><strong><em>orandum.</em></strong></span> <span class='ocrx_word' id='word_1_537' title='bbox 2641 1883 2701 1938; x_wconf 89' lang='lat' dir='ltr'><strong><em>Si</em></strong></span> <span class='ocrx_word' id='word_1_538' title='bbox 2751 1882 3165 1954; x_wconf 89' lang='lat' dir='ltr'><strong><em>comprehensi,</em></strong></span> <span class='ocrx_word' id='word_1_539' title='bbox 3224 1888 3323 1936; x_wconf 88' lang='lat' dir='ltr'><strong><em>aut</em></strong></span> <span class='ocrx_word' id='word_1_540' title='bbox 3369 1882 3673 1948; x_wconf 87' lang='lat' dir='ltr'><strong><em>vulnerati,</em></strong></span> 
     </span>
    </p>
   </div>
   <div class='ocr_carea' id='block_1_79' title="bbox 1975 1971 3675 2041">
    <p class='ocr_par' dir='ltr' id='par_1_79' title="bbox 1975 1971 3675 2041">
     <span class='ocr_line' id='line_1_79' title="bbox 1975 1971 3675 2041; baseline 0 -17"><span class='ocrx_word' id='word_1_541' title='bbox 1975 1971 2327 2041; x_wconf 86' lang='lat' dir='ltr'><strong><em>presbytero,</em></strong></span> <span class='ocrx_word' id='word_1_542' title='bbox 2361 1973 2447 2026; x_wconf 89' lang='lat' dir='ltr'><strong><em>vel</em></strong></span> <span class='ocrx_word' id='word_1_543' title='bbox 2486 1972 2725 2026; x_wconf 92' lang='lat' dir='ltr'><strong><em>diacono</em></strong></span> <span class='ocrx_word' id='word_1_544' title='bbox 2755 1972 2995 2026; x_wconf 88' lang='lat' dir='ltr'><strong><em>confessi</em></strong></span> <span class='ocrx_word' id='word_1_545' title='bbox 3043 1971 3277 2037; x_wconf 87' lang='lat' dir='ltr'><strong><em>fuerint,</em></strong></span> <span class='ocrx_word' id='word_1_546' title='bbox 3320 1971 3675 2025; x_wconf 88' lang='lat' dir='ltr'><strong><em>communio-</em></strong></span> 
     </span>
    </p>
   </div>
   <div class='ocr_carea' id='block_1_80' title="bbox 1975 2059 2699 2129">
    <p class='ocr_par' dir='ltr' id='par_1_80' title="bbox 1975 2059 2699 2129">
     <span class='ocr_line' id='line_1_80' title="bbox 1975 2059 2699 2129; baseline 0.001 -17"><span class='ocrx_word' id='word_1_547' title='bbox 1975 2074 2107 2113; x_wconf 91' lang='lat' dir='ltr'><strong><em>nem</em></strong></span> <span class='ocrx_word' id='word_1_548' title='bbox 2139 2059 2223 2112; x_wconf 89' lang='lat' dir='ltr'><strong><em>eis</em></strong></span> <span class='ocrx_word' id='word_1_549' title='bbox 2254 2075 2371 2113; x_wconf 90' lang='lat' dir='ltr'><strong><em>non</em></strong></span> <span class='ocrx_word' id='word_1_550' title='bbox 2402 2075 2699 2129; x_wconf 88' lang='lat' dir='ltr'><strong><em>negamus.</em></strong></span> 
     </span>
    </p>
   </div>
   <div class='ocr_carea' id='block_1_81' title="bbox 2439 2147 3210 2202">
    <p class='ocr_par' dir='ltr' id='par_1_81' title="bbox 2439 2147 3210 2202">
     <span class='ocr_line' id='line_1_81' title="bbox 2439 2147 3210 2202; baseline -0.001 -1"><span class='ocrx_word' id='word_1_551' title='bbox 2439 2148 2572 2201; x_wconf 56' lang='lat' dir='ltr'><strong><em>Cap.</em></strong></span> <span class='ocrx_word' id='word_1_552' title='bbox 2609 2148 2793 2202; x_wconf 83' lang='lat' dir='ltr'><strong><em>LX.—</em></strong></span> <span class='ocrx_word' id='word_1_553' title='bbox 2827 2150 2902 2202; x_wconf 88' lang='lat' dir='ltr'><strong><em>De</em></strong></span> <span class='ocrx_word' id='word_1_554' title='bbox 2922 2147 3105 2201; x_wconf 87' lang='lat' dir='ltr'><strong><em>eadem</em></strong></span> <span class='ocrx_word' id='word_1_555' title='bbox 3133 2162 3210 2201; x_wconf 89' lang='lat' dir='ltr'><strong><em>re.</em></strong></span> 
     </span>
    </p>
   </div>
   <div class='ocr_carea' id='block_1_82' title="bbox 2046 2234 3673 2305">
    <p class='ocr_par' dir='ltr' id='par_1_82' title="bbox 2046 2234 3673 2305">
     <span class='ocr_line' id='line_1_82' title="bbox 2046 2234 3673 2305; baseline -0.002 -15"><span class='ocrx_word' id='word_1_556' title='bbox 2046 2235 2154 2303; x_wconf 80' lang='lat' dir='ltr'><strong><em>(Ea:</em></strong></span> <span class='ocrx_word' id='word_1_557' title='bbox 2206 2238 2429 2290; x_wconf 84' lang='lat' dir='ltr'><strong><em>concilio</em></strong></span> <span class='ocrx_word' id='word_1_558' title='bbox 2480 2237 2785 2301; x_wconf 64' lang='lat' dir='ltr'><strong><em>Aureliam,</em></strong></span> <span class='ocrx_word' id='word_1_559' title='bbox 2835 2238 3012 2304; x_wconf 87' lang='lat' dir='ltr'><strong><em>capite</em></strong></span> <span class='ocrx_word' id='word_1_560' title='bbox 3042 2236 3117 2305; x_wconf 84' lang='lat' dir='ltr'><strong><em>l.)</em></strong></span> <span class='ocrx_word' id='word_1_561' title='bbox 3162 2234 3221 2289; x_wconf 92' lang='lat' dir='ltr'><strong><em>Si</em></strong></span> <span class='ocrx_word' id='word_1_562' title='bbox 3267 2234 3359 2287; x_wconf 87' lang='lat' dir='ltr'><strong><em>fur</em></strong></span> <span class='ocrx_word' id='word_1_563' title='bbox 3389 2238 3488 2288; x_wconf 88' lang='lat' dir='ltr'><strong><em>aut</em></strong></span> <span class='ocrx_word' id='word_1_564' title='bbox 3531 2235 3673 2288; x_wconf 87' lang='lat' dir='ltr'><strong><em>latro</em></strong></span> 
     </span>
    </p>
   </div>
   <div class='ocr_carea' id='block_1_83' title="bbox 1972 2322 3677 2394">
    <p class='ocr_par' dir='ltr' id='par_1_83' title="bbox 1972 2322 3677 2394">
     <span class='ocr_line' id='line_1_83' title="bbox 1972 2322 3677 2394; baseline -0.001 -17"><span class='ocrx_word' id='word_1_565' title='bbox 1972 2328 2172 2393; x_wconf 90' lang='lat' dir='ltr'><strong><em>captus</em></strong></span> <span class='ocrx_word' id='word_1_566' title='bbox 2202 2324 2261 2377; x_wconf 90' lang='lat' dir='ltr'><strong><em>in</em></strong></span> <span class='ocrx_word' id='word_1_567' title='bbox 2316 2324 2531 2394; x_wconf 62' lang='lat' dir='ltr'><strong><em>praeda,</em></strong></span> <span class='ocrx_word' id='word_1_568' title='bbox 2580 2324 2795 2394; x_wconf 89' lang='lat' dir='ltr'><strong><em>absque</em></strong></span> <span class='ocrx_word' id='word_1_569' title='bbox 2843 2322 3137 2377; x_wconf 89' lang='lat' dir='ltr'><strong><em>occasione</em></strong></span> <span class='ocrx_word' id='word_1_570' title='bbox 3187 2327 3374 2392; x_wconf 89' lang='lat' dir='ltr'><strong><em>potest</em></strong></span> <span class='ocrx_word' id='word_1_571' title='bbox 3423 2338 3677 2391; x_wconf 89' lang='lat' dir='ltr'><strong><em>compre-</em></strong></span> 
     </span>
    </p>
   </div>
   <div class='ocr_carea' id='block_1_84' title="bbox 1974 2410 3676 2482">
    <p class='ocr_par' dir='ltr' id='par_1_84' title="bbox 1974 2410 3676 2482">
     <span class='ocr_line' id='line_1_84' title="bbox 1974 2410 3676 2482; baseline -0.002 -15"><span class='ocrx_word' id='word_1_572' title='bbox 1974 2412 2171 2478; x_wconf 90' lang='lat' dir='ltr'><strong><em>hendi,</em></strong></span> <span class='ocrx_word' id='word_1_573' title='bbox 2206 2417 2263 2467; x_wconf 86' lang='lat' dir='ltr'><strong><em>et</em></strong></span> <span class='ocrx_word' id='word_1_574' title='bbox 2291 2417 2485 2467; x_wconf 89' lang='lat' dir='ltr'><strong><em>tamen</em></strong></span> <span class='ocrx_word' id='word_1_575' title='bbox 2515 2412 2857 2466; x_wconf 88' lang='lat' dir='ltr'><strong><em>interficitur</em></strong></span> <span class='ocrx_word' id='word_1_576' title='bbox 2890 2428 2902 2465; x_wconf 88' lang='lat'><strong>:</strong></span> <span class='ocrx_word' id='word_1_577' title='bbox 2936 2411 3073 2482; x_wconf 88' lang='lat' dir='ltr'><strong><em>quia</em></strong></span> <span class='ocrx_word' id='word_1_578' title='bbox 3112 2411 3181 2465; x_wconf 91' lang='lat' dir='ltr'><strong><em>ad</em></strong></span> <span class='ocrx_word' id='word_1_579' title='bbox 3212 2410 3525 2481; x_wconf 88' lang='lat' dir='ltr'><strong><em>imaginem</em></strong></span> <span class='ocrx_word' id='word_1_580' title='bbox 3575 2411 3676 2464; x_wconf 92' lang='lat' dir='ltr'><strong><em>Dei</em></strong></span> 
     </span>
    </p>
   </div>
   <div class='ocr_carea' id='block_1_85' title="bbox 1973 2498 3672 2570">
    <p class='ocr_par' dir='ltr' id='par_1_85' title="bbox 1973 2498 3672 2570">
     <span class='ocr_line' id='line_1_85' title="bbox 1973 2498 3672 2570; baseline -0.002 -16"><span class='ocrx_word' id='word_1_581' title='bbox 1973 2501 2177 2569; x_wconf 90' lang='lat' dir='ltr'><strong><em>creati,</em></strong></span> <span class='ocrx_word' id='word_1_582' title='bbox 2228 2505 2284 2554; x_wconf 91' lang='lat' dir='ltr'><strong><em>et</em></strong></span> <span class='ocrx_word' id='word_1_583' title='bbox 2327 2501 2387 2554; x_wconf 91' lang='lat' dir='ltr'><strong><em>in</em></strong></span> <span class='ocrx_word' id='word_1_584' title='bbox 2422 2501 2659 2555; x_wconf 90' lang='lat' dir='ltr'><strong><em>nomine</em></strong></span> <span class='ocrx_word' id='word_1_585' title='bbox 2703 2501 2824 2570; x_wconf 90' lang='lat' dir='ltr'><strong><em>ejus</em></strong></span> <span class='ocrx_word' id='word_1_586' title='bbox 2858 2500 3129 2569; x_wconf 85' lang='lat' dir='ltr'><strong><em>baptizati</em></strong></span> <span class='ocrx_word' id='word_1_587' title='bbox 3160 2504 3312 2565; x_wconf 90' lang='lat' dir='ltr'><strong><em>sunt,</em></strong></span> <span class='ocrx_word' id='word_1_588' title='bbox 3345 2498 3672 2552; x_wconf 90' lang='lat' dir='ltr'><strong><em>interfecto-</em></strong></span> 
     </span>
    </p>
   </div>
   <div class='ocr_carea' id='block_1_86' title="bbox 1973 2587 3675 2643">
    <p class='ocr_par' dir='ltr' id='par_1_86' title="bbox 1973 2587 3675 2643">
     <span class='ocr_line' id='line_1_86' title="bbox 1973 2587 3675 2643; baseline -0.001 -3"><span class='ocrx_word' id='word_1_589' title='bbox 1973 2604 2063 2641; x_wconf 90' lang='lat' dir='ltr'><strong><em>res</em></strong></span> <span class='ocrx_word' id='word_1_590' title='bbox 2091 2604 2289 2643; x_wconf 90' lang='lat' dir='ltr'><strong><em>eorum</em></strong></span> <span class='ocrx_word' id='word_1_591' title='bbox 2318 2590 2401 2643; x_wconf 87' lang='lat' dir='ltr'><strong>XL</strong></span> <span class='ocrx_word' id='word_1_592' title='bbox 2434 2589 2634 2643; x_wconf 91' lang='lat' dir='ltr'><strong><em>diebus</em></strong></span> <span class='ocrx_word' id='word_1_593' title='bbox 2666 2606 2783 2642; x_wconf 90' lang='lat' dir='ltr'><strong><em>non</em></strong></span> <span class='ocrx_word' id='word_1_594' title='bbox 2836 2590 3053 2641; x_wconf 84' lang='lat' dir='ltr'><strong><em>intrent</em></strong></span> <span class='ocrx_word' id='word_1_595' title='bbox 3112 2587 3452 2641; x_wconf 78' lang='lat' dir='ltr'><strong><em>Ecclesium:</em></strong></span> <span class='ocrx_word' id='word_1_596' title='bbox 3510 2588 3675 2641; x_wconf 90' lang='lat' dir='ltr'><strong><em>lanea</em></strong></span> 
     </span>
    </p>
   </div>
   <div class='ocr_carea' id='block_1_87' title="bbox 1971 2674 3670 2745">
    <p class='ocr_par' dir='ltr' id='par_1_87' title="bbox 1971 2674 3670 2745">
     <span class='ocr_line' id='line_1_87' title="bbox 1971 2674 3670 2745; baseline -0.001 -16"><span class='ocrx_word' id='word_1_597' title='bbox 1971 2681 2124 2730; x_wconf 87' lang='lat' dir='ltr'><strong><em>veste</em></strong></span> <span class='ocrx_word' id='word_1_598' title='bbox 2150 2676 2357 2742; x_wconf 90' lang='lat' dir='ltr'><strong><em>induti,</em></strong></span> <span class='ocrx_word' id='word_1_599' title='bbox 2389 2676 2457 2729; x_wconf 89' lang='lat' dir='ltr'><strong><em>ab</em></strong></span> <span class='ocrx_word' id='word_1_600' title='bbox 2513 2676 2653 2730; x_wconf 87' lang='lat' dir='ltr'><strong><em>escis</em></strong></span> <span class='ocrx_word' id='word_1_601' title='bbox 2696 2681 2753 2729; x_wconf 91' lang='lat' dir='ltr'><strong><em>et</em></strong></span> <span class='ocrx_word' id='word_1_602' title='bbox 2780 2676 3031 2745; x_wconf 89' lang='lat' dir='ltr'><strong><em>potibus,</em></strong></span> <span class='ocrx_word' id='word_1_603' title='bbox 3062 2674 3157 2745; x_wconf 91' lang='lat' dir='ltr'><strong><em>qui</em></strong></span> <span class='ocrx_word' id='word_1_604' title='bbox 3191 2674 3480 2728; x_wconf 89' lang='lat' dir='ltr'><strong><em>interdicti</em></strong></span> <span class='ocrx_word' id='word_1_605' title='bbox 3519 2678 3670 2736; x_wconf 88' lang='lat' dir='ltr'><strong><em>sunt,</em></strong></span> 
     </span>
    </p>
   </div>
   <div class='ocr_carea' id='block_1_88' title="bbox 1973 2746 3665 2834">
    <p class='ocr_par' dir='ltr' id='par_1_88' title="bbox 1973 2746 3665 2834">
     <span class='ocr_line' id='line_1_88' title="bbox 1973 2746 3665 2834; baseline -0.002 -15"><span class='ocrx_word' id='word_1_606' title='bbox 1973 2782 2003 2819; x_wconf 88' lang='lat' dir='ltr'><strong><em>a</em></strong></span> <span class='ocrx_word' id='word_1_607' title='bbox 2032 2766 2219 2830; x_wconf 89' lang='lat' dir='ltr'><strong><em>thoro,</em></strong></span> <span class='ocrx_word' id='word_1_608' title='bbox 2250 2782 2283 2819; x_wconf 86' lang='lat' dir='ltr'><strong><em>a</em></strong></span> <span class='ocrx_word' id='word_1_609' title='bbox 2316 2746 2532 2833; x_wconf 73' lang='lat' dir='ltr'><strong><em>gladio,</em></strong></span> <span class='ocrx_word' id='word_1_610' title='bbox 2583 2768 2638 2818; x_wconf 89' lang='lat' dir='ltr'><strong><em>et</em></strong></span> <span class='ocrx_word' id='word_1_611' title='bbox 2666 2765 2922 2834; x_wconf 88' lang='lat' dir='ltr'><strong><em>equitatu</em></strong></span> <span class='ocrx_word' id='word_1_612' title='bbox 2969 2780 3027 2817; x_wconf 90' lang='lat' dir='ltr'><strong><em>se</em></strong></span> <span class='ocrx_word' id='word_1_613' title='bbox 3061 2763 3405 2819; x_wconf 88' lang='lat' dir='ltr'><strong><em>abstineant.</em></strong></span> <span class='ocrx_word' id='word_1_614' title='bbox 3458 2763 3524 2815; x_wconf 93' lang='lat' dir='ltr'><strong>In</strong></span> <span class='ocrx_word' id='word_1_615' title='bbox 3572 2764 3665 2816; x_wconf 90' lang='lat' dir='ltr'><strong><em>Ill.</em></strong></span> 
     </span>
    </p>
   </div>
   <div class='ocr_carea' id='block_1_89' title="bbox 1972 2850 3666 2923">
    <p class='ocr_par' dir='ltr' id='par_1_89' title="bbox 1972 2850 3666 2923">
     <span class='ocr_line' id='line_1_89' title="bbox 1972 2850 3666 2923; baseline -0.001 -19"><span class='ocrx_word' id='word_1_616' title='bbox 1972 2853 2033 2907; x_wconf 91' lang='lat' dir='ltr'><strong>V.</strong></span> <span class='ocrx_word' id='word_1_617' title='bbox 2067 2852 2229 2919; x_wconf 85' lang='lat' dir='ltr'><strong><em>feria,</em></strong></span> <span class='ocrx_word' id='word_1_618' title='bbox 2292 2858 2349 2906; x_wconf 88' lang='lat' dir='ltr'><strong><em>et</em></strong></span> <span class='ocrx_word' id='word_1_619' title='bbox 2398 2853 2653 2919; x_wconf 90' lang='lat' dir='ltr'><strong><em>sabbato,</em></strong></span> <span class='ocrx_word' id='word_1_620' title='bbox 2679 2853 2874 2923; x_wconf 89' lang='lat' dir='ltr'><strong><em>aliquo</em></strong></span> <span class='ocrx_word' id='word_1_621' title='bbox 2907 2867 3117 2921; x_wconf 88' lang='lat' dir='ltr'><strong><em>genere</em></strong></span> <span class='ocrx_word' id='word_1_622' title='bbox 3157 2850 3540 2921; x_wconf 91' lang='lat' dir='ltr'><strong><em>leguminum,</em></strong></span> <span class='ocrx_word' id='word_1_623' title='bbox 3582 2853 3666 2903; x_wconf 88' lang='lat' dir='ltr'><strong><em>vel</em></strong></span> 
     </span>
    </p>
   </div>
   <div class='ocr_carea' id='block_1_90' title="bbox 1972 2938 3670 3011">
    <p class='ocr_par' dir='ltr' id='par_1_90' title="bbox 1972 2938 3670 3011">
     <span class='ocr_line' id='line_1_90' title="bbox 1972 2938 3670 3011; baseline -0.002 -17"><span class='ocrx_word' id='word_1_624' title='bbox 1972 2941 2250 3005; x_wconf 87' lang='lat' dir='ltr'><strong><em>holerum,</em></strong></span> <span class='ocrx_word' id='word_1_625' title='bbox 2287 2947 2343 2994; x_wconf 91' lang='lat' dir='ltr'><strong><em>et</em></strong></span> <span class='ocrx_word' id='word_1_626' title='bbox 2371 2941 2580 3011; x_wconf 90' lang='lat' dir='ltr'><strong><em>pomis,</em></strong></span> <span class='ocrx_word' id='word_1_627' title='bbox 2612 2940 2913 3011; x_wconf 89' lang='lat' dir='ltr'><strong><em>parvisque</em></strong></span> <span class='ocrx_word' id='word_1_628' title='bbox 2952 2938 3240 3010; x_wconf 80' lang='lat' dir='ltr'><strong><em>pisciculis</em></strong></span> <span class='ocrx_word' id='word_1_629' title='bbox 3286 2954 3416 2991; x_wconf 91' lang='lat' dir='ltr'><strong><em>cum</em></strong></span> <span class='ocrx_word' id='word_1_630' title='bbox 3463 2938 3670 2991; x_wconf 90' lang='lat' dir='ltr'><strong><em>medio-</em></strong></span> 
     </span>
    </p>
   </div>
   <div class='ocr_carea' id='block_1_91' title="bbox 1891 3018 3670 3096">
    <p class='ocr_par' dir='ltr' id='par_1_91' title="bbox 1891 3018 3670 3096">
     <span class='ocr_line' id='line_1_91' title="bbox 1891 3018 3670 3096; baseline -0.003 -13"><span class='ocrx_word' id='word_1_631' title='bbox 1891 3018 1931 3073; x_wconf 72' lang='grc' dir='ltr'><strong>Ο</strong></span> <span class='ocrx_word' id='word_1_632' title='bbox 1970 3029 2053 3083; x_wconf 91' lang='lat' dir='ltr'><strong><em>cri</em></strong></span> <span class='ocrx_word' id='word_1_633' title='bbox 2119 3028 2355 3083; x_wconf 90' lang='lat' dir='ltr'><strong><em>cervisia</em></strong></span> <span class='ocrx_word' id='word_1_634' title='bbox 2417 3028 2667 3082; x_wconf 89' lang='lat' dir='ltr'><strong><em>vicissim</em></strong></span> <span class='ocrx_word' id='word_1_635' title='bbox 2736 3033 2973 3081; x_wconf 90' lang='lat' dir='ltr'><strong><em>utantur</em></strong></span> <span class='ocrx_word' id='word_1_636' title='bbox 3037 3031 3094 3081; x_wconf 90' lang='lat' dir='ltr'><strong><em>et</em></strong></span> <span class='ocrx_word' id='word_1_637' title='bbox 3156 3031 3495 3096; x_wconf 87' lang='lat' dir='ltr'><strong><em>temperate.</em></strong></span> <span class='ocrx_word' id='word_1_638' title='bbox 3572 3024 3670 3079; x_wconf 90' lang='lat' dir='ltr'><strong><em>Sin</em></strong></span> 
     </span>
    </p>
   </div>
   <div class='ocr_carea' id='block_1_92' title="bbox 1967 3113 3671 3187">
    <p class='ocr_par' dir='ltr' id='par_1_92' title="bbox 1967 3113 3671 3187">
     <span class='ocr_line' id='line_1_92' title="bbox 1967 3113 3671 3187; baseline -0.002 -16"><span class='ocrx_word' id='word_1_639' title='bbox 1967 3123 2161 3172; x_wconf 87' lang='lat' dir='ltr'><strong><em>autem</em></strong></span> <span class='ocrx_word' id='word_1_640' title='bbox 2202 3135 2234 3172; x_wconf 89' lang='lat' dir='ltr'><strong><em>a</em></strong></span> <span class='ocrx_word' id='word_1_641' title='bbox 2280 3116 2543 3172; x_wconf 90' lang='lat' dir='ltr'><strong><em>veridicis</em></strong></span> <span class='ocrx_word' id='word_1_642' title='bbox 2589 3116 2998 3187; x_wconf 85' lang='lat' dir='ltr'><strong><em>comprobatur</em></strong></span> <span class='ocrx_word' id='word_1_643' title='bbox 3042 3115 3307 3181; x_wconf 89' lang='lat' dir='ltr'><strong><em>testibus,</em></strong></span> <span class='ocrx_word' id='word_1_644' title='bbox 3362 3114 3511 3185; x_wconf 92' lang='lat' dir='ltr'><strong><em>quod</em></strong></span> <span class='ocrx_word' id='word_1_645' title='bbox 3549 3113 3671 3167; x_wconf 90' lang='lat' dir='ltr'><strong><em>sine</em></strong></span> 
     </span>
    </p>
   </div>
   <div class='ocr_carea' id='block_1_93' title="bbox 1967 3201 3669 3275">
    <p class='ocr_par' dir='ltr' id='par_1_93' title="bbox 1967 3201 3669 3275">
     <span class='ocr_line' id='line_1_93' title="bbox 1967 3201 3669 3275; baseline -0.004 -16"><span class='ocrx_word' id='word_1_646' title='bbox 1967 3206 2083 3260; x_wconf 90' lang='lat' dir='ltr'><strong><em>odii</em></strong></span> <span class='ocrx_word' id='word_1_647' title='bbox 2109 3206 2483 3260; x_wconf 90' lang='lat' dir='ltr'><strong><em>meditatione</em></strong></span> <span class='ocrx_word' id='word_1_648' title='bbox 2534 3222 2612 3271; x_wconf 92' lang='lat' dir='ltr'><strong><em>se,</em></strong></span> <span class='ocrx_word' id='word_1_649' title='bbox 2641 3220 2855 3275; x_wconf 91' lang='lat' dir='ltr'><strong><em>suaque</em></strong></span> <span class='ocrx_word' id='word_1_650' title='bbox 2909 3203 3206 3257; x_wconf 89' lang='lat' dir='ltr'><strong><em>liberando</em></strong></span> <span class='ocrx_word' id='word_1_651' title='bbox 3241 3201 3454 3257; x_wconf 92' lang='lat' dir='ltr'><strong><em>diaboli</em></strong></span> <span class='ocrx_word' id='word_1_652' title='bbox 3488 3218 3669 3254; x_wconf 90' lang='lat' dir='ltr'><strong><em>mem-</em></strong></span> 
     </span>
    </p>
   </div>
   <div class='ocr_carea' id='block_1_94' title="bbox 1966 3289 3669 3363">
    <p class='ocr_par' dir='ltr' id='par_1_94' title="bbox 1966 3289 3669 3363">
     <span class='ocr_line' id='line_1_94' title="bbox 1966 3289 3669 3363; baseline -0.004 -15"><span class='ocrx_word' id='word_1_653' title='bbox 1966 3295 2069 3348; x_wconf 89' lang='lat' dir='ltr'><strong><em>bra</em></strong></span> <span class='ocrx_word' id='word_1_654' title='bbox 2098 3294 2471 3360; x_wconf 86' lang='lat' dir='ltr'><strong><em>interﬁciunt,</em></strong></span> <span class='ocrx_word' id='word_1_655' title='bbox 2504 3299 2560 3347; x_wconf 92' lang='lat' dir='ltr'><strong><em>et</em></strong></span> <span class='ocrx_word' id='word_1_656' title='bbox 2598 3294 2723 3363; x_wconf 90' lang='lat' dir='ltr'><strong><em>capi</em></strong></span> <span class='ocrx_word' id='word_1_657' title='bbox 2766 3309 2880 3346; x_wconf 90' lang='lat' dir='ltr'><strong><em>non</em></strong></span> <span class='ocrx_word' id='word_1_658' title='bbox 2920 3296 3207 3363; x_wconf 88' lang='lat' dir='ltr'><strong><em>poterant,</em></strong></span> <span class='ocrx_word' id='word_1_659' title='bbox 3266 3289 3669 3361; x_wconf 69' lang='lat' dir='ltr'><strong><em>paenitentiam</em></strong></span> 
     </span>
    </p>
   </div>
   <div class='ocr_carea' id='block_1_95' title="bbox 1966 3377 3672 3453">
    <p class='ocr_par' dir='ltr' id='par_1_95' title="bbox 1966 3377 3672 3453">
     <span class='ocr_line' id='line_1_95' title="bbox 1966 3377 3672 3453; baseline -0.002 -19"><span class='ocrx_word' id='word_1_660' title='bbox 1966 3399 2070 3453; x_wconf 89' lang='lat' dir='ltr'><strong><em>pro</em></strong></span> <span class='ocrx_word' id='word_1_661' title='bbox 2100 3381 2412 3436; x_wconf 90' lang='lat' dir='ltr'><strong><em>homicidio</em></strong></span> <span class='ocrx_word' id='word_1_662' title='bbox 2444 3382 2524 3434; x_wconf 92' lang='lat' dir='ltr'><strong><em>eis</em></strong></span> <span class='ocrx_word' id='word_1_663' title='bbox 2555 3379 2932 3450; x_wconf 90' lang='lat' dir='ltr'><strong><em>injungimus,</em></strong></span> <span class='ocrx_word' id='word_1_664' title='bbox 2967 3378 3078 3432; x_wconf 91' lang='lat' dir='ltr'><strong><em>nisi</em></strong></span> <span class='ocrx_word' id='word_1_665' title='bbox 3106 3378 3217 3448; x_wconf 91' lang='lat' dir='ltr'><strong><em>ipsi</em></strong></span> <span class='ocrx_word' id='word_1_666' title='bbox 3255 3378 3543 3431; x_wconf 90' lang='lat' dir='ltr'><strong><em>voluerint</em></strong></span> <span class='ocrx_word' id='word_1_667' title='bbox 3573 3377 3672 3430; x_wconf 90' lang='lat' dir='ltr'><strong><em>ali-</em></strong></span> 
     </span>
    </p>
   </div>
   <div class='ocr_carea' id='block_1_96' title="bbox 1967 3465 3670 3541">
    <p class='ocr_par' dir='ltr' id='par_1_96' title="bbox 1967 3465 3670 3541">
     <span class='ocr_line' id='line_1_96' title="bbox 1967 3465 3670 3541; baseline -0.004 -17"><span class='ocrx_word' id='word_1_668' title='bbox 1967 3470 2105 3541; x_wconf 90' lang='lat' dir='ltr'><strong><em>quid</em></strong></span> <span class='ocrx_word' id='word_1_669' title='bbox 2155 3470 2307 3541; x_wconf 92' lang='lat' dir='ltr'><strong><em>quod</em></strong></span> <span class='ocrx_word' id='word_1_670' title='bbox 2354 3468 2726 3523; x_wconf 86' lang='lat' dir='ltr'><strong><em>humanitatis</em></strong></span> <span class='ocrx_word' id='word_1_671' title='bbox 2774 3472 2858 3521; x_wconf 90' lang='lat' dir='ltr'><strong><em>est</em></strong></span> <span class='ocrx_word' id='word_1_672' title='bbox 2905 3468 3130 3521; x_wconf 89' lang='lat' dir='ltr'><strong><em>facere:</em></strong></span> <span class='ocrx_word' id='word_1_673' title='bbox 3165 3470 3216 3519; x_wconf 92' lang='lat' dir='ltr'><strong><em>et</em></strong></span> <span class='ocrx_word' id='word_1_674' title='bbox 3269 3465 3315 3518; x_wconf 89' lang='lat' dir='ltr'><strong><em>si</em></strong></span> <span class='ocrx_word' id='word_1_675' title='bbox 3371 3465 3670 3535; x_wconf 89' lang='lat' dir='ltr'><strong><em>presbyter</em></strong></span> 
     </span>
    </p>
   </div>
   <div class='ocr_carea' id='block_1_97' title="bbox 1967 3552 3669 3626">
    <p class='ocr_par' dir='ltr' id='par_1_97' title="bbox 1967 3552 3669 3626">
     <span class='ocr_line' id='line_1_97' title="bbox 1967 3552 3669 3626; baseline -0.004 -15"><span class='ocrx_word' id='word_1_676' title='bbox 1967 3562 2070 3622; x_wconf 88' lang='lat' dir='ltr'><strong><em>est,</em></strong></span> <span class='ocrx_word' id='word_1_677' title='bbox 2095 3573 2209 3610; x_wconf 91' lang='lat' dir='ltr'><strong><em>non</em></strong></span> <span class='ocrx_word' id='word_1_678' title='bbox 2240 3556 2583 3626; x_wconf 88' lang='lat' dir='ltr'><strong><em>deponatur,</em></strong></span> <span class='ocrx_word' id='word_1_679' title='bbox 2609 3556 2825 3610; x_wconf 89' lang='lat' dir='ltr'><strong><em>cunctis</em></strong></span> <span class='ocrx_word' id='word_1_680' title='bbox 2875 3560 3067 3609; x_wconf 88' lang='lat' dir='ltr'><strong><em>tamen</em></strong></span> <span class='ocrx_word' id='word_1_681' title='bbox 3106 3554 3240 3608; x_wconf 67' lang='lat' dir='ltr'><strong><em>vitae</em></strong></span> <span class='ocrx_word' id='word_1_682' title='bbox 3284 3568 3402 3607; x_wconf 69' lang='lat' dir='ltr'><strong><em>suae</em></strong></span> <span class='ocrx_word' id='word_1_683' title='bbox 3467 3552 3669 3608; x_wconf 89' lang='lat' dir='ltr'><strong><em>diebus</em></strong></span> 
     </span>
    </p>
   </div>
   <div class='ocr_carea' id='block_1_98' title="bbox 1968 3646 2548 3717">
    <p class='ocr_par' dir='ltr' id='par_1_98' title="bbox 1968 3646 2548 3717">
     <span class='ocr_line' id='line_1_98' title="bbox 1968 3646 2548 3717; baseline -0.005 -16"><span class='ocrx_word' id='word_1_684' title='bbox 1968 3646 2363 3717; x_wconf 85' lang='lat' dir='ltr'><strong><em>paenitentiam</em></strong></span> <span class='ocrx_word' id='word_1_685' title='bbox 2397 3649 2548 3715; x_wconf 88' lang='lat' dir='ltr'><strong><em>agat.</em></strong></span> 
     </span>
    </p>
   </div>
   <div class='ocr_carea' id='block_1_99' title="bbox 2407 3731 3226 3790">
    <p class='ocr_par' dir='ltr' id='par_1_99' title="bbox 2407 3731 3226 3790">
     <span class='ocr_line' id='line_1_99' title="bbox 2407 3731 3226 3790; baseline -0.005 -2"><span class='ocrx_word' id='word_1_686' title='bbox 2407 3734 2533 3790; x_wconf 81' lang='lat' dir='ltr'><strong><em>CAP.</em></strong></span> <span class='ocrx_word' id='word_1_687' title='bbox 2570 3734 2697 3789; x_wconf 84' lang='lat' dir='ltr'><strong>LXI.</strong></span> <span class='ocrx_word' id='word_1_688' title='bbox 2731 3764 2799 3772; x_wconf 96' lang='lat'><strong>—</strong></span> <span class='ocrx_word' id='word_1_689' title='bbox 2829 3735 2900 3787; x_wconf 89' lang='lat' dir='ltr'><strong><em>De</em></strong></span> <span class='ocrx_word' id='word_1_690' title='bbox 2929 3731 3114 3786; x_wconf 84' lang='lat' dir='ltr'><strong><em>eadem</em></strong></span> <span class='ocrx_word' id='word_1_691' title='bbox 3148 3747 3226 3785; x_wconf 88' lang='lat' dir='ltr'><strong><em>re.</em></strong></span> 
     </span>
    </p>
   </div>
   <div class='ocr_carea' id='block_1_100' title="bbox 2041 3816 3668 3894">
    <p class='ocr_par' dir='ltr' id='par_1_100' title="bbox 2041 3816 3668 3894">
     <span class='ocr_line' id='line_1_100' title="bbox 2041 3816 3668 3894; baseline -0.006 -15"><span class='ocrx_word' id='word_1_692' title='bbox 2041 3824 2117 3894; x_wconf 90' lang='lat' dir='ltr'><strong><em>(In</em></strong></span> <span class='ocrx_word' id='word_1_693' title='bbox 2149 3824 2335 3879; x_wconf 68' lang='lat' dir='ltr'><strong><em>Exodo</em></strong></span> <span class='ocrx_word' id='word_1_694' title='bbox 2375 3824 2624 3891; x_wconf 83' lang='lat' dir='ltr'><strong><em>dicitur.)</em></strong></span> <span class='ocrx_word' id='word_1_695' title='bbox 2672 3822 2728 3877; x_wconf 89' lang='lat' dir='ltr'><strong><em>Si</em></strong></span> <span class='ocrx_word' id='word_1_696' title='bbox 2759 3821 3082 3892; x_wconf 87' lang='lat' dir='ltr'><strong><em>infringens</em></strong></span> <span class='ocrx_word' id='word_1_697' title='bbox 3111 3819 3205 3873; x_wconf 88' lang='lat' dir='ltr'><strong><em>fur</em></strong></span> <span class='ocrx_word' id='word_1_698' title='bbox 3253 3818 3513 3885; x_wconf 89' lang='lat' dir='ltr'><strong><em>domum,</em></strong></span> <span class='ocrx_word' id='word_1_699' title='bbox 3556 3816 3668 3870; x_wconf 89' lang='lat' dir='ltr'><strong><em>sive</em></strong></span> 
     </span>
    </p>
   </div>
   <div class='ocr_carea' id='block_1_101' title="bbox 1969 3909 3677 3979">
    <p class='ocr_par' dir='ltr' id='par_1_101' title="bbox 1969 3909 3677 3979">
     <span class='ocr_line' id='line_1_101' title="bbox 1969 3909 3677 3979; baseline -0.004 -14"><span class='ocrx_word' id='word_1_700' title='bbox 1969 3912 2243 3967; x_wconf 76' lang='lat' dir='ltr'><strong><em>effodiens</em></strong></span> <span class='ocrx_word' id='word_1_701' title='bbox 2299 3911 2797 3978; x_wconf 55' lang='lat' dir='ltr'><strong><em>fueritﬁinventus</em></strong></span> <span class='ocrx_word' id='word_1_702' title='bbox 2850 3915 2907 3964; x_wconf 90' lang='lat' dir='ltr'><strong><em>et</em></strong></span> <span class='ocrx_word' id='word_1_703' title='bbox 2948 3913 3177 3979; x_wconf 84' lang='lat' dir='ltr'><strong><em>accepto</em></strong></span> <span class='ocrx_word' id='word_1_704' title='bbox 3222 3909 3460 3961; x_wconf 87' lang='lat' dir='ltr'><strong><em>vulnere</em></strong></span> <span class='ocrx_word' id='word_1_705' title='bbox 3515 3921 3677 3959; x_wconf 13' lang='lat' dir='ltr'><strong><em>mor-7</em></strong></span> 
     </span>
    </p>
   </div>
   <div class='ocr_carea' id='block_1_102' title="bbox 1967 3994 3669 4070">
    <p class='ocr_par' dir='ltr' id='par_1_102' title="bbox 1967 3994 3669 4070">
     <span class='ocr_line' id='line_1_102' title="bbox 1967 3994 3669 4070; baseline -0.005 -16"><span class='ocrx_word' id='word_1_706' title='bbox 1967 4005 2101 4054; x_wconf 89' lang='lat' dir='ltr'><strong><em>tuus</em></strong></span> <span class='ocrx_word' id='word_1_707' title='bbox 2130 4001 2325 4069; x_wconf 90' lang='lat' dir='ltr'><strong><em>fuerit,</em></strong></span> <span class='ocrx_word' id='word_1_708' title='bbox 2362 4016 2664 4070; x_wconf 90' lang='lat' dir='ltr'><strong><em>percussor</em></strong></span> <span class='ocrx_word' id='word_1_709' title='bbox 2699 4016 2816 4053; x_wconf 91' lang='lat' dir='ltr'><strong><em>non</em></strong></span> <span class='ocrx_word' id='word_1_710' title='bbox 2848 3998 2957 4053; x_wconf 89' lang='lat' dir='ltr'><strong><em>erit</em></strong></span> <span class='ocrx_word' id='word_1_711' title='bbox 2994 4014 3124 4052; x_wconf 88' lang='lat' dir='ltr'><strong><em>reus</em></strong></span> <span class='ocrx_word' id='word_1_712' title='bbox 3150 3995 3467 4066; x_wconf 90' lang='lat' dir='ltr'><strong><em>sanguinis.</em></strong></span> <span class='ocrx_word' id='word_1_713' title='bbox 3510 3994 3669 4058; x_wconf 86' lang='lat' dir='ltr'><strong><em>Quod</em></strong></span> 
     </span>
    </p>
   </div>
   <div class='ocr_carea' id='block_1_103' title="bbox 1968 4082 3666 4155">
    <p class='ocr_par' dir='ltr' id='par_1_103' title="bbox 1968 4082 3666 4155">
     <span class='ocr_line' id='line_1_103' title="bbox 1968 4082 3666 4155; baseline -0.005 -14"><span class='ocrx_word' id='word_1_714' title='bbox 1968 4089 2015 4141; x_wconf 90' lang='lat' dir='ltr'><strong><em>si</em></strong></span> <span class='ocrx_word' id='word_1_715' title='bbox 2046 4093 2170 4141; x_wconf 92' lang='lat' dir='ltr'><strong><em>orto</em></strong></span> <span class='ocrx_word' id='word_1_716' title='bbox 2205 4089 2323 4141; x_wconf 91' lang='lat' dir='ltr'><strong><em>sole</em></strong></span> <span class='ocrx_word' id='word_1_717' title='bbox 2352 4087 2570 4150; x_wconf 89' lang='lat' dir='ltr'><strong><em>fecerit,</em></strong></span> <span class='ocrx_word' id='word_1_718' title='bbox 2605 4086 2980 4140; x_wconf 86' lang='lat' dir='ltr'><strong><em>homicidium</em></strong></span> <span class='ocrx_word' id='word_1_719' title='bbox 3024 4084 3397 4155; x_wconf 87' lang='lat' dir='ltr'><strong><em>perpetravit,</em></strong></span> <span class='ocrx_word' id='word_1_720' title='bbox 3445 4086 3500 4135; x_wconf 89' lang='lat' dir='ltr'><strong><em>et</em></strong></span> <span class='ocrx_word' id='word_1_721' title='bbox 3546 4082 3666 4150; x_wconf 89' lang='lat' dir='ltr'><strong><em>ipse</em></strong></span> 
     </span>
    </p>
   </div>
   <div class='ocr_carea' id='block_1_104' title="bbox 1968 4169 3664 4245">
    <p class='ocr_par' dir='ltr' id='par_1_104' title="bbox 1968 4169 3664 4245">
     <span class='ocr_line' id='line_1_104' title="bbox 1968 4169 3664 4245; baseline -0.005 -14"><span class='ocrx_word' id='word_1_722' title='bbox 1968 4176 2263 4231; x_wconf 89' lang='lat' dir='ltr'><strong><em>morietur.</em></strong></span> <span class='ocrx_word' id='word_1_723' title='bbox 2300 4176 2358 4229; x_wconf 93' lang='lat' dir='ltr'><strong><em>Si</em></strong></span> <span class='ocrx_word' id='word_1_724' title='bbox 2398 4192 2513 4229; x_wconf 92' lang='lat' dir='ltr'><strong><em>non</em></strong></span> <span class='ocrx_word' id='word_1_725' title='bbox 2562 4174 2829 4229; x_wconf 89' lang='lat' dir='ltr'><strong><em>habuerit</em></strong></span> <span class='ocrx_word' id='word_1_726' title='bbox 2884 4174 3035 4245; x_wconf 85' lang='lat' dir='ltr'><strong><em>quod</em></strong></span> <span class='ocrx_word' id='word_1_727' title='bbox 3087 4189 3189 4243; x_wconf 94' lang='lat' dir='ltr'><strong><em>pro</em></strong></span> <span class='ocrx_word' id='word_1_728' title='bbox 3236 4172 3389 4225; x_wconf 91' lang='lat' dir='ltr'><strong><em>furto</em></strong></span> <span class='ocrx_word' id='word_1_729' title='bbox 3444 4169 3664 4234; x_wconf 89' lang='lat' dir='ltr'><strong><em>reddat,</em></strong></span> 
     </span>
    </p>
   </div>
   <div class='ocr_carea' id='block_1_105' title="bbox 1967 4257 3665 4330">
    <p class='ocr_par' dir='ltr' id='par_1_105' title="bbox 1967 4257 3665 4330">
     <span class='ocr_line' id='line_1_105' title="bbox 1967 4257 3665 4330; baseline -0.005 -12"><span class='ocrx_word' id='word_1_730' title='bbox 1967 4263 2407 4319; x_wconf 88' lang='lat' dir='ltr'><strong><em>venundabitur.</em></strong></span> <span class='ocrx_word' id='word_1_731' title='bbox 2449 4263 2507 4318; x_wconf 93' lang='lat' dir='ltr'><strong><em>Si</em></strong></span> <span class='ocrx_word' id='word_1_732' title='bbox 2555 4262 2849 4316; x_wconf 89' lang='lat' dir='ltr'><strong><em>inventum</em></strong></span> <span class='ocrx_word' id='word_1_733' title='bbox 2906 4261 3079 4315; x_wconf 90' lang='lat' dir='ltr'><strong><em>fuerit</em></strong></span> <span class='ocrx_word' id='word_1_734' title='bbox 3127 4260 3277 4330; x_wconf 89' lang='lat' dir='ltr'><strong><em>apud</em></strong></span> <span class='ocrx_word' id='word_1_735' title='bbox 3327 4274 3459 4312; x_wconf 92' lang='lat' dir='ltr'><strong><em>eum</em></strong></span> <span class='ocrx_word' id='word_1_736' title='bbox 3514 4257 3665 4327; x_wconf 91' lang='lat' dir='ltr'><strong><em>quod</em></strong></span> 
     </span>
    </p>
   </div>
   <div class='ocr_carea' id='block_1_106' title="bbox 1966 4344 3662 4419">
    <p class='ocr_par' dir='ltr' id='par_1_106' title="bbox 1966 4344 3662 4419">
     <span class='ocr_line' id='line_1_106' title="bbox 1966 4344 3662 4419; baseline -0.006 -11"><span class='ocrx_word' id='word_1_737' title='bbox 1966 4355 2185 4409; x_wconf 87' lang='lat' dir='ltr'><strong><em>furatus</em></strong></span> <span class='ocrx_word' id='word_1_738' title='bbox 2218 4356 2319 4419; x_wconf 90' lang='lat' dir='ltr'><strong><em>est,</em></strong></span> <span class='ocrx_word' id='word_1_739' title='bbox 2354 4352 2567 4417; x_wconf 89' lang='lat' dir='ltr'><strong><em>vivens,</em></strong></span> <span class='ocrx_word' id='word_1_740' title='bbox 2602 4350 2717 4404; x_wconf 87' lang='lat' dir='ltr'><strong><em>sive</em></strong></span> <span class='ocrx_word' id='word_1_741' title='bbox 2762 4350 2886 4417; x_wconf 90' lang='lat' dir='ltr'><strong><em>bos,</em></strong></span> <span class='ocrx_word' id='word_1_742' title='bbox 2919 4349 3037 4404; x_wconf 89' lang='lat' dir='ltr'><strong><em>sive</em></strong></span> <span class='ocrx_word' id='word_1_743' title='bbox 3091 4348 3302 4414; x_wconf 90' lang='lat' dir='ltr'><strong><em>asinus,</em></strong></span> <span class='ocrx_word' id='word_1_744' title='bbox 3363 4347 3480 4400; x_wconf 88' lang='lat' dir='ltr'><strong><em>sive</em></strong></span> <span class='ocrx_word' id='word_1_745' title='bbox 3524 4344 3662 4412; x_wconf 89' lang='lat' dir='ltr'><strong><em>ovis,</em></strong></span> 
     </span>
    </p>
   </div>
   <div class='ocr_carea' id='block_1_107' title="bbox 1966 4440 2493 4513">
    <p class='ocr_par' dir='ltr' id='par_1_107' title="bbox 1966 4440 2493 4513">
     <span class='ocr_line' id='line_1_107' title="bbox 1966 4440 2493 4513; baseline -0.008 -15"><span class='ocrx_word' id='word_1_746' title='bbox 1966 4443 2204 4513; x_wconf 91' lang='lat' dir='ltr'><strong><em>duplum</em></strong></span> <span class='ocrx_word' id='word_1_747' title='bbox 2227 4440 2493 4495; x_wconf 86' lang='lat' dir='ltr'><strong><em>restituet</em></strong></span> 
     </span>
    </p>
   </div>
   <div class='ocr_carea' id='block_1_108' title="bbox 2036 4527 3591 4597">
    <p class='ocr_par' dir='ltr' id='par_1_108' title="bbox 2036 4527 3591 4597">
     <span class='ocr_line' id='line_1_108' title="bbox 2036 4527 3591 4597; baseline -0.005 -10"><span class='ocrx_word' id='word_1_748' title='bbox 2036 4533 2161 4587; x_wconf 79' lang='lat' dir='ltr'><strong><em>CAP.</em></strong></span> <span class='ocrx_word' id='word_1_749' title='bbox 2194 4531 2345 4588; x_wconf 80' lang='lat' dir='ltr'><strong>LXII.</strong></span> <span class='ocrx_word' id='word_1_750' title='bbox 2377 4560 2445 4569; x_wconf 97' lang='lat'><strong>—</strong></span> <span class='ocrx_word' id='word_1_751' title='bbox 2474 4531 2545 4582; x_wconf 88' lang='lat' dir='ltr'><strong><em>De</em></strong></span> <span class='ocrx_word' id='word_1_752' title='bbox 2566 4544 2714 4583; x_wconf 85' lang='lat' dir='ltr'><strong><em>servo</em></strong></span> <span class='ocrx_word' id='word_1_753' title='bbox 2749 4531 2845 4597; x_wconf 87' lang='lat' dir='ltr'><strong><em>qui</em></strong></span> <span class='ocrx_word' id='word_1_754' title='bbox 2863 4529 3070 4595; x_wconf 80' lang='lat' dir='ltr'><strong><em>fugerit</em></strong></span> <span class='ocrx_word' id='word_1_755' title='bbox 3090 4527 3373 4581; x_wconf 88' lang='lat' dir='ltr'><strong><em>dominum</em></strong></span> <span class='ocrx_word' id='word_1_756' title='bbox 3414 4539 3591 4581; x_wconf 85' lang='lat' dir='ltr'><strong><em>suum.</em></strong></span> 
     </span>
    </p>
   </div>
   <div class='ocr_carea' id='block_1_109' title="bbox 2037 4612 3663 4689">
    <p class='ocr_par' dir='ltr' id='par_1_109' title="bbox 2037 4612 3663 4689">
     <span class='ocr_line' id='line_1_109' title="bbox 2037 4612 3663 4689; baseline -0.006 -15"><span class='ocrx_word' id='word_1_757' title='bbox 2037 4624 2143 4687; x_wconf 78' lang='lat' dir='ltr'><strong><em>(Ea:</em></strong></span> <span class='ocrx_word' id='word_1_758' title='bbox 2199 4621 2356 4689; x_wconf 88' lang='lat' dir='ltr'><strong><em>epist.</em></strong></span> <span class='ocrx_word' id='word_1_759' title='bbox 2412 4616 2688 4685; x_wconf 79' lang='lat' dir='ltr'><strong><em>Hierony.)</em></strong></span> <span class='ocrx_word' id='word_1_760' title='bbox 2751 4618 2821 4670; x_wconf 86' lang='lat' dir='ltr'><strong>Ex</strong></span> <span class='ocrx_word' id='word_1_761' title='bbox 2872 4616 3111 4686; x_wconf 90' lang='lat' dir='ltr'><strong><em>epistola</em></strong></span> <span class='ocrx_word' id='word_1_762' title='bbox 3175 4612 3527 4684; x_wconf 81' lang='lat' dir='ltr'><strong><em>Hieronymi,</em></strong></span> <span class='ocrx_word' id='word_1_763' title='bbox 3592 4612 3663 4666; x_wconf 89' lang='lat' dir='ltr'><strong><em>ad</em></strong></span> 
     </span>
    </p>
   </div>
   <div class='ocr_carea' id='block_1_110' title="bbox 1967 4702 3662 4775">
    <p class='ocr_par' dir='ltr' id='par_1_110' title="bbox 1967 4702 3662 4775">
     <span class='ocr_line' id='line_1_110' title="bbox 1967 4702 3662 4775; baseline -0.005 -12"><span class='ocrx_word' id='word_1_764' title='bbox 1967 4708 2262 4763; x_wconf 87' lang='lat' dir='ltr'><strong><em>Pacasinm</em></strong></span> <span class='ocrx_word' id='word_1_765' title='bbox 2302 4706 2768 4761; x_wconf 84' lang='lat' dir='ltr'><strong><em>Alexandrinum.</em></strong></span> <span class='ocrx_word' id='word_1_766' title='bbox 2806 4706 2881 4758; x_wconf 92' lang='lat' dir='ltr'><strong><em>De</em></strong></span> <span class='ocrx_word' id='word_1_767' title='bbox 2929 4720 3091 4757; x_wconf 91' lang='lat' dir='ltr'><strong><em>servo</em></strong></span> <span class='ocrx_word' id='word_1_768' title='bbox 3139 4702 3239 4775; x_wconf 90' lang='lat' dir='ltr'><strong><em>qui</em></strong></span> <span class='ocrx_word' id='word_1_769' title='bbox 3285 4702 3499 4772; x_wconf 88' lang='lat' dir='ltr'><strong><em>fugerit</em></strong></span> <span class='ocrx_word' id='word_1_770' title='bbox 3559 4702 3662 4755; x_wconf 85' lang='lat' dir='ltr'><strong><em>do-</em></strong></span> 
     </span>
    </p>
   </div>
   <div class='ocr_carea' id='block_1_111' title="bbox 1964 4791 3661 4863">
    <p class='ocr_par' dir='ltr' id='par_1_111' title="bbox 1964 4791 3661 4863">
     <span class='ocr_line' id='line_1_111' title="bbox 1964 4791 3661 4863; baseline -0.004 -13"><span class='ocrx_word' id='word_1_771' title='bbox 1964 4798 2186 4851; x_wconf 92' lang='lat' dir='ltr'><strong><em>minum</em></strong></span> <span class='ocrx_word' id='word_1_772' title='bbox 2220 4811 2390 4849; x_wconf 92' lang='lat' dir='ltr'><strong><em>suum</em></strong></span> <span class='ocrx_word' id='word_1_773' title='bbox 2420 4793 2831 4863; x_wconf 85' lang='lat' dir='ltr'><strong><em>interrogabas,</em></strong></span> <span class='ocrx_word' id='word_1_774' title='bbox 2866 4791 2913 4845; x_wconf 88' lang='lat' dir='ltr'><strong><em>si</em></strong></span> <span class='ocrx_word' id='word_1_775' title='bbox 2955 4792 3051 4846; x_wconf 91' lang='lat' dir='ltr'><strong><em>ille</em></strong></span> <span class='ocrx_word' id='word_1_776' title='bbox 3080 4792 3141 4845; x_wconf 90' lang='lat' dir='ltr'><strong><em>in</em></strong></span> <span class='ocrx_word' id='word_1_777' title='bbox 3183 4792 3280 4845; x_wconf 90' lang='lat' dir='ltr'><strong><em>illa</em></strong></span> <span class='ocrx_word' id='word_1_778' title='bbox 3337 4792 3475 4861; x_wconf 84' lang='lat' dir='ltr'><strong><em>fuga</em></strong></span> <span class='ocrx_word' id='word_1_779' title='bbox 3506 4805 3661 4843; x_wconf 91' lang='lat' dir='ltr'><strong><em>mor-</em></strong></span> 
     </span>
    </p>
   </div>
   <div class='ocr_carea' id='block_1_112' title="bbox 1963 4879 3663 4950">
    <p class='ocr_par' dir='ltr' id='par_1_112' title="bbox 1963 4879 3663 4950">
     <span class='ocr_line' id='line_1_112' title="bbox 1963 4879 3663 4950; baseline -0.006 -11"><span class='ocrx_word' id='word_1_780' title='bbox 1963 4889 2097 4939; x_wconf 89' lang='lat' dir='ltr'><strong><em>tuus</em></strong></span> <span class='ocrx_word' id='word_1_781' title='bbox 2122 4883 2312 4947; x_wconf 89' lang='lat' dir='ltr'><strong><em>fuerit,</em></strong></span> <span class='ocrx_word' id='word_1_782' title='bbox 2363 4886 2556 4936; x_wconf 89' lang='lat' dir='ltr'><strong><em>utrum</em></strong></span> <span class='ocrx_word' id='word_1_783' title='bbox 2598 4880 2729 4935; x_wconf 89' lang='lat' dir='ltr'><strong><em>licet</em></strong></span> <span class='ocrx_word' id='word_1_784' title='bbox 2776 4896 2881 4950; x_wconf 91' lang='lat' dir='ltr'><strong><em>pro</em></strong></span> <span class='ocrx_word' id='word_1_785' title='bbox 2922 4894 2988 4932; x_wconf 92' lang='lat' dir='ltr'><strong><em>eo</em></strong></span> <span class='ocrx_word' id='word_1_786' title='bbox 3039 4895 3222 4944; x_wconf 90' lang='lat' dir='ltr'><strong><em>orare,</em></strong></span> <span class='ocrx_word' id='word_1_787' title='bbox 3257 4894 3328 4931; x_wconf 84' lang='lat' dir='ltr'><strong><em>an</em></strong></span> <span class='ocrx_word' id='word_1_788' title='bbox 3378 4894 3512 4931; x_wconf 92' lang='lat' dir='ltr'><strong><em>non.</em></strong></span> <span class='ocrx_word' id='word_1_789' title='bbox 3549 4879 3663 4931; x_wconf 88' lang='lat' dir='ltr'><strong><em>Hoc</em></strong></span> 
     </span>
    </p>
   </div>
   <div class='ocr_carea' id='block_1_113' title="bbox 1961 4965 3661 5038">
    <p class='ocr_par' dir='ltr' id='par_1_113' title="bbox 1961 4965 3661 5038">
     <span class='ocr_line' id='line_1_113' title="bbox 1961 4965 3661 5038; baseline -0.005 -10"><span class='ocrx_word' id='word_1_790' title='bbox 1961 4973 2021 5028; x_wconf 91' lang='lat' dir='ltr'><strong><em>in</em></strong></span> <span class='ocrx_word' id='word_1_791' title='bbox 2075 4973 2280 5026; x_wconf 88' lang='lat' dir='ltr'><strong><em>divinis</em></strong></span> <span class='ocrx_word' id='word_1_792' title='bbox 2336 4971 2496 5026; x_wconf 84' lang='lat' dir='ltr'><strong><em>libris</em></strong></span> <span class='ocrx_word' id='word_1_793' title='bbox 2553 4987 2665 5025; x_wconf 90' lang='lat' dir='ltr'><strong><em>non</em></strong></span> <span class='ocrx_word' id='word_1_794' title='bbox 2726 4968 3049 5023; x_wconf 91' lang='lat' dir='ltr'><strong><em>invenimus</em></strong></span> <span class='ocrx_word' id='word_1_795' title='bbox 3124 4966 3505 5038; x_wconf 85' lang='lat' dir='ltr'><strong><em>prohibitum,</em></strong></span> <span class='ocrx_word' id='word_1_796' title='bbox 3564 4965 3661 5020; x_wconf 89' lang='lat' dir='ltr'><strong><em>sed</em></strong></span> 
     </span>
    </p>
   </div>
   <div class='ocr_carea' id='block_1_114' title="bbox 1963 5057 3663 5131">
    <p class='ocr_par' dir='ltr' id='par_1_114' title="bbox 1963 5057 3663 5131">
     <span class='ocr_line' id='line_1_114' title="bbox 1963 5057 3663 5131; baseline -0.006 -15"><span class='ocrx_word' id='word_1_797' title='bbox 1963 5067 2157 5116; x_wconf 86' lang='lat' dir='ltr'><strong><em>tamen</em></strong></span> <span class='ocrx_word' id='word_1_798' title='bbox 2189 5062 2399 5115; x_wconf 90' lang='lat' dir='ltr'><strong><em>scimus</em></strong></span> <span class='ocrx_word' id='word_1_799' title='bbox 2445 5061 2517 5114; x_wconf 89' lang='lat' dir='ltr'><strong><em>ab</em></strong></span> <span class='ocrx_word' id='word_1_800' title='bbox 2576 5058 2846 5131; x_wconf 89' lang='lat' dir='ltr'><strong><em>apostolis</em></strong></span> <span class='ocrx_word' id='word_1_801' title='bbox 2894 5057 3138 5111; x_wconf 87' lang='lat' dir='ltr'><strong><em>firmiter</em></strong></span> <span class='ocrx_word' id='word_1_802' title='bbox 3191 5060 3567 5125; x_wconf 69' lang='lat' dir='ltr'><strong><em>praeceptum,</em></strong></span> <span class='ocrx_word' id='word_1_803' title='bbox 3601 5059 3663 5107; x_wconf 91' lang='lat' dir='ltr'><strong><em>ut</em></strong></span> 
     </span>
    </p>
   </div>
   <div class='ocr_carea' id='block_1_115' title="bbox 1964 5144 3661 5203">
    <p class='ocr_par' dir='ltr' id='par_1_115' title="bbox 1964 5144 3661 5203">
     <span class='ocr_line' id='line_1_115' title="bbox 1964 5144 3661 5203; baseline -0.005 0"><span class='ocrx_word' id='word_1_804' title='bbox 1964 5149 2108 5203; x_wconf 87' lang='lat' dir='ltr'><strong><em>servi</em></strong></span> <span class='ocrx_word' id='word_1_805' title='bbox 2169 5148 2380 5203; x_wconf 89' lang='lat' dir='ltr'><strong><em>subditi</em></strong></span> <span class='ocrx_word' id='word_1_806' title='bbox 2437 5148 2549 5202; x_wconf 90' lang='lat' dir='ltr'><strong><em>sint</em></strong></span> <span class='ocrx_word' id='word_1_807' title='bbox 2604 5150 2663 5202; x_wconf 91' lang='lat' dir='ltr'><strong><em>in</em></strong></span> <span class='ocrx_word' id='word_1_808' title='bbox 2712 5146 2871 5201; x_wconf 91' lang='lat' dir='ltr'><strong><em>omni</em></strong></span> <span class='ocrx_word' id='word_1_809' title='bbox 2924 5145 3132 5199; x_wconf 88' lang='lat' dir='ltr'><strong><em>timore</em></strong></span> <span class='ocrx_word' id='word_1_810' title='bbox 3188 5144 3482 5198; x_wconf 90' lang='lat' dir='ltr'><strong><em>dominis:</em></strong></span> <span class='ocrx_word' id='word_1_811' title='bbox 3542 5158 3661 5196; x_wconf 90' lang='lat' dir='ltr'><strong><em>non</em></strong></span> 
     </span>
    </p>
   </div>
   <div class='ocr_carea' id='block_1_116' title="bbox 1963 5231 3661 5303">
    <p class='ocr_par' dir='ltr' id='par_1_116' title="bbox 1963 5231 3661 5303">
     <span class='ocr_line' id='line_1_116' title="bbox 1963 5231 3661 5303; baseline -0.005 -11"><span class='ocrx_word' id='word_1_812' title='bbox 1963 5242 2187 5292; x_wconf 88' lang='lat' dir='ltr'><strong><em>tantum</em></strong></span> <span class='ocrx_word' id='word_1_813' title='bbox 2220 5238 2385 5292; x_wconf 91' lang='lat' dir='ltr'><strong><em>bonis</em></strong></span> <span class='ocrx_word' id='word_1_814' title='bbox 2427 5242 2483 5291; x_wconf 93' lang='lat' dir='ltr'><strong><em>et</em></strong></span> <span class='ocrx_word' id='word_1_815' title='bbox 2530 5237 2821 5303; x_wconf 90' lang='lat' dir='ltr'><strong><em>modestis,</em></strong></span> <span class='ocrx_word' id='word_1_816' title='bbox 2852 5235 2950 5289; x_wconf 90' lang='lat' dir='ltr'><strong><em>sed</em></strong></span> <span class='ocrx_word' id='word_1_817' title='bbox 2979 5234 3152 5288; x_wconf 89' lang='lat' dir='ltr'><strong><em>etiam</em></strong></span> <span class='ocrx_word' id='word_1_818' title='bbox 3204 5231 3465 5286; x_wconf 90' lang='lat' dir='ltr'><strong><em>discodis.</em></strong></span> <span class='ocrx_word' id='word_1_819' title='bbox 3504 5232 3569 5285; x_wconf 85' lang='lat' dir='ltr'><strong><em>Et</em></strong></span> <span class='ocrx_word' id='word_1_820' title='bbox 3598 5231 3661 5284; x_wconf 93' lang='lat' dir='ltr'><strong><em>in</em></strong></span> 
     </span>
    </p>
   </div>
   <div class='ocr_carea' id='block_1_117' title="bbox 1964 5320 3661 5397">
    <p class='ocr_par' dir='ltr' id='par_1_117' title="bbox 1964 5320 3661 5397">
     <span class='ocr_line' id='line_1_117' title="bbox 1964 5320 3661 5397; baseline -0.006 -14"><span class='ocrx_word' id='word_1_821' title='bbox 1964 5327 2280 5397; x_wconf 88' lang='lat' dir='ltr'><strong><em>Gangrensi</em></strong></span> <span class='ocrx_word' id='word_1_822' title='bbox 2318 5325 2562 5380; x_wconf 91' lang='lat' dir='ltr'><strong><em>concilio</em></strong></span> <span class='ocrx_word' id='word_1_823' title='bbox 2595 5326 2673 5380; x_wconf 90' lang='lat' dir='ltr'><strong><em>ita</em></strong></span> <span class='ocrx_word' id='word_1_824' title='bbox 2704 5324 2979 5395; x_wconf 87' lang='lat' dir='ltr'><strong><em>scriptum</em></strong></span> <span class='ocrx_word' id='word_1_825' title='bbox 3008 5328 3093 5377; x_wconf 88' lang='lat' dir='ltr'><strong><em>est</em></strong></span> <span class='ocrx_word' id='word_1_826' title='bbox 3121 5338 3133 5377; x_wconf 94' lang='lat'>:</span> <span class='ocrx_word' id='word_1_827' title='bbox 3170 5320 3225 5376; x_wconf 94' lang='lat' dir='ltr'><strong><em>Si</em></strong></span> <span class='ocrx_word' id='word_1_828' title='bbox 3261 5320 3389 5391; x_wconf 89' lang='lat' dir='ltr'><strong><em>quis</em></strong></span> <span class='ocrx_word' id='word_1_829' title='bbox 3430 5334 3661 5373; x_wconf 89' lang='lat' dir='ltr'><strong><em>servum</em></strong></span> 
     </span>
    </p>
   </div>
   <div class='ocr_carea' id='block_1_118' title="bbox 1962 5410 3660 5486">
    <p class='ocr_par' dir='ltr' id='par_1_118' title="bbox 1962 5410 3660 5486">
     <span class='ocr_line' id='line_1_118' title="bbox 1962 5410 3660 5486; baseline -0.005 -16"><span class='ocrx_word' id='word_1_830' title='bbox 1962 5416 2067 5471; x_wconf 93' lang='lat' dir='ltr'><strong><em>sub</em></strong></span> <span class='ocrx_word' id='word_1_831' title='bbox 2112 5420 2388 5486; x_wconf 65' lang='lat' dir='ltr'><strong><em>prastextu</em></strong></span> <span class='ocrx_word' id='word_1_832' title='bbox 2438 5414 2615 5469; x_wconf 89' lang='lat' dir='ltr'><strong><em>divini</em></strong></span> <span class='ocrx_word' id='word_1_833' title='bbox 2675 5414 2860 5468; x_wconf 89' lang='lat' dir='ltr'><strong><em>cultus</em></strong></span> <span class='ocrx_word' id='word_1_834' title='bbox 2907 5413 3108 5467; x_wconf 90' lang='lat' dir='ltr'><strong><em>doceat</em></strong></span> <span class='ocrx_word' id='word_1_835' title='bbox 3163 5410 3461 5465; x_wconf 90' lang='lat' dir='ltr'><strong><em>dominum</em></strong></span> <span class='ocrx_word' id='word_1_836' title='bbox 3517 5424 3660 5478; x_wconf 91' lang='lat' dir='ltr'><strong><em>pro—</em></strong></span> 
     </span>
    </p>
   </div>
   <div class='ocr_carea' id='block_1_119' title="bbox 1961 5496 3655 5576">
    <p class='ocr_par' dir='ltr' id='par_1_119' title="bbox 1961 5496 3655 5576">
     <span class='ocr_line' id='line_1_119' title="bbox 1961 5496 3655 5576; baseline -0.005 -17"><span class='ocrx_word' id='word_1_837' title='bbox 1961 5505 2155 5576; x_wconf 90' lang='lat' dir='ltr'><strong><em>prium</em></strong></span> <span class='ocrx_word' id='word_1_838' title='bbox 2222 5509 2612 5571; x_wconf 89' lang='lat' dir='ltr'><strong><em>contemnere,</em></strong></span> <span class='ocrx_word' id='word_1_839' title='bbox 2647 5508 2710 5556; x_wconf 92' lang='lat' dir='ltr'><strong><em>ut</em></strong></span> <span class='ocrx_word' id='word_1_840' title='bbox 2739 5501 2993 5557; x_wconf 86' lang='lat' dir='ltr'><strong><em>discedat</em></strong></span> <span class='ocrx_word' id='word_1_841' title='bbox 3051 5500 3122 5555; x_wconf 89' lang='lat' dir='ltr'><strong><em>ab</em></strong></span> <span class='ocrx_word' id='word_1_842' title='bbox 3176 5499 3300 5571; x_wconf 88' lang='lat' dir='ltr'><strong><em>ejus</em></strong></span> <span class='ocrx_word' id='word_1_843' title='bbox 3353 5496 3655 5568; x_wconf 85' lang='lat' dir='ltr'><strong><em>obsequio,</em></strong></span> 
     </span>
    </p>
   </div>
   <div class='ocr_carea' id='block_1_120' title="bbox 1963 5586 3661 5659">
    <p class='ocr_par' dir='ltr' id='par_1_120' title="bbox 1963 5586 3661 5659">
     <span class='ocr_line' id='line_1_120' title="bbox 1963 5586 3661 5659; baseline -0.004 -13"><span class='ocrx_word' id='word_1_844' title='bbox 1963 5592 2264 5646; x_wconf 82' lang='lat' dir='ltr'><strong><em>anathema</em></strong></span> <span class='ocrx_word' id='word_1_845' title='bbox 2296 5592 2386 5645; x_wconf 88' lang='lat' dir='ltr'><strong><em>sit.</em></strong></span> <span class='ocrx_word' id='word_1_846' title='bbox 2422 5590 2578 5645; x_wconf 90' lang='lat' dir='ltr'><strong><em>Unde</em></strong></span> <span class='ocrx_word' id='word_1_847' title='bbox 2605 5590 2775 5644; x_wconf 88' lang='lat' dir='ltr'><strong><em>datur</em></strong></span> <span class='ocrx_word' id='word_1_848' title='bbox 2822 5588 3069 5659; x_wconf 88' lang='lat' dir='ltr'><strong><em>intelligi</em></strong></span> <span class='ocrx_word' id='word_1_849' title='bbox 3108 5587 3260 5659; x_wconf 90' lang='lat' dir='ltr'><strong><em>quod</em></strong></span> <span class='ocrx_word' id='word_1_850' title='bbox 3292 5586 3341 5642; x_wconf 90' lang='lat' dir='ltr'><strong><em>si</em></strong></span> <span class='ocrx_word' id='word_1_851' title='bbox 3391 5586 3489 5641; x_wconf 90' lang='lat' dir='ltr'><strong><em>ille</em></strong></span> <span class='ocrx_word' id='word_1_852' title='bbox 3521 5600 3661 5641; x_wconf 85' lang='lat' dir='ltr'><strong><em>ana-</em></strong></span> 
     </span>
    </p>
   </div>
  </div>
