3944 6316
289 332 386 386 871

1378 323 1780 380 BURCHARDI
1821 322 2350 380 WORMACIENSIS
2390 322 2722 379 EPISCOPI.

3695 327 3798 380 872

285 453 478 506 thema
508 449 740 514 meruit,
773 448 873 519 qui
903 447 1068 502 docet
1092 461 1319 501 servum
1359 445 1656 517 proprium
1681 444 1976 499 dominum
2009 447 2057 498 A
2098 446 2356 500 Ecclesiae
2409 447 2575 500 Petro
2619 444 2932 500 venerabili
2981 445 3268 517 episcopo.
3330 447 3446 502 Hoc
3515 453 3798 518 quatenus

285 547 652 595 contemnere
695 541 751 591 et
808 537 880 590 ab
934 537 1056 607 ejus
1110 535 1383 605 obsequio
1432 535 1714 599 recedere,
1765 537 1980 604 quanto

285 629 468 698 magis
497 628 592 681 ille
653 625 754 697 qui
813 625 1119 679 Dominum
1176 623 1394 694 spernit
1440 627 1497 676 et
1563 622 1685 692 ejus
1752 621 1983 676 servitio

286 717 452 772 subdi
481 715 777 770 noluerit?
800 714 912 768 Sed
967 719 1162 767 tamen
1211 711 1478 766 distantia
1507 715 1590 764 est
1627 710 1780 764 inter
1818 711 1982 764 illum

288 807 387 877 qui
417 821 519 876 per
552 803 882 874 superbiam
924 801 1140 868 fecerit,
1178 804 1234 854 et
1258 801 1420 854 illum
1454 799 1555 871 qui
1604 815 1708 870 per
1734 799 1982 854 necessi-

285 901 464 950 tatem
496 898 723 947 coactus
751 891 1085 946 crudelitate
1113 889 1333 944 domini
1353 888 1466 942 sui.

287 985 415 1040 CAP.
443 984 619 1038 LXIII.
660 1011 729 1022 —
760 981 840 1034 De
883 981 1109 1045 clericis,
1153 981 1203 1033 si
1239 981 1298 1032 in
1330 977 1680 1032 demoliendis
1721 977 1984 1046 sepulcris

815 1069 1182 1138 comprehensi
1209 1069 1437 1135 fuerint.

355 1162 464 1232 (Ea:
489 1161 708 1215 concilio
742 1160 1003 1222 Toletan.,
1078 1159 1254 1226 capite
1309 1157 1423 1227 45.)
1469 1155 1681 1226 Siquis
1744 1154 1984 1210 clericus

283 1251 346 1305 in
369 1248 748 1305 demoliendis
800 1245 1115 1316 sepulchris
1161 1244 1334 1298 fuerit
1375 1245 1807 1315 deprehensus:
1849 1244 1984 1312 quia

283 1336 502 1391 facinus
532 1337 638 1391 hoc
682 1352 788 1405 pro
816 1335 1112 1405 sacrilegio
1146 1333 1366 1404 legibus
1409 1332 1654 1402 publicis
1701 1333 1982 1401 sanguine

283 1426 623 1492 vindicatur,
661 1424 970 1496 oportetin
997 1422 1098 1477 tali
1143 1423 1354 1476 scelere
1411 1422 1704 1492 proditum
1735 1438 1766 1474 a
1819 1421 1982 1474 cleri-

283 1518 440 1566 catus
479 1513 677 1567 ordine
721 1511 1066 1581 submoveri,
1101 1515 1157 1566 et
1185 1510 1540 1582 paenitentiae
1586 1509 1837 1565 triennio
1882 1511 1982 1564 de-

283 1601 496 1671 putari.

2098 535 2289 606 aliquo
2345 534 2518 589 modo
2551 533 2828 589 diabolica
2874 535 3094 589 semina
3147 535 3209 591 in
3265 537 3472 590 nostris
3537 537 3799 608 partibus

2093 629 2290 678 exorta
2347 623 2681 696 exstirpare,
2732 629 2789 678 et
2849 624 3286 678 nefandissimas
3341 627 3798 681 machinationes

2093 713 2478 784 quorumdam
2539 728 2938 783 perversorum
2985 713 3289 767 hominum
3344 715 3562 780 sedare,
3607 719 3664 769 et
3695 715 3798 769 eli-

2092 801 2369 855 minando
2400 816 2648 872 purgare
2678 800 2929 855 deberet.
2971 801 3276 855 Transacto
3307 801 3484 871 igitur
3523 801 3798 856 triduano

2087 889 2333 960 jejunio,
2390 893 2446 944 et
2494 889 2664 943 sacris
2718 888 2972 943 lithaniis
3019 906 3176 944 more
3231 891 3425 944 debito
3474 891 3796 958 celebratis,

2093 979 2464 1033 convenimus
2489 977 2552 1032 in
2579 977 2824 1032 Ecclesia
2874 980 3054 1032 sancti
3101 979 3334 1034 Joannis
3396 980 3684 1050 Baptistae,
3745 985 3805 1034 et

2093 1067 2280 1122 mtesti
2310 1067 2697 1122 consedimus.
2739 1067 2879 1120 Tum
2920 1067 3153 1121 demum
3203 1068 3475 1137 praefatus
3509 1068 3565 1123 S.
3622 1069 3800 1137 Petri,

2095 1161 2150 1211 et
2179 1156 2399 1210 domini
2434 1155 2668 1210 Joannis
2709 1171 2874 1226 papas
2915 1155 3141 1223 missus,
3197 1155 3498 1226 proferens
3544 1157 3799 1211 chartam

2096 1245 2420 1316 apostolicis
2455 1245 2656 1300 litteris
2713 1245 3046 1315 inscriptam
3101 1261 3214 1316 qua
3261 1245 3658 1312 monebamur,
3701 1261 3802 1299 ar-

2095 1335 2435 1405 guebamur,
2469 1339 2525 1388 et
2573 1333 3022 1402 instruebamur,
3079 1333 3150 1388 de
3182 1333 3450 1388 omnibus
3479 1335 3551 1388 ad
3604 1350 3802 1388 veram

2095 1423 2435 1495 religionem
2462 1423 2798 1478 Christiana:
2851 1423 2988 1478 fidei
3032 1423 3473 1494 pertinentibus.
3509 1422 3646 1488 Quae
3677 1439 3799 1477 om-

2095 1511 2191 1566 nia
2220 1513 2518 1583 utjustum
2552 1518 2610 1566 et
2655 1513 2894 1581 dignum
2926 1516 3066 1577 erat,
3101 1512 3400 1566 humiliter
3449 1511 3797 1582 accepimus,

2095 1599 2403 1672 diligenter
2432 1601 2813 1664 tractavimus,
2859 1605 2915 1654 et
2965 1601 3170 1654 devoto
3213 1601 3418 1655 affectu
3467 1601 3801 1654 omnimodo

284 1690 410 1744 CAP.
445 1690 618 1744 LXIV.
639 1718 706 1730 —
737 1693 809 1744 De
831 1690 1059 1754 clericis,
1083 1692 1178 1742 aut
1204 1689 1500 1754 monachis,
1523 1689 1574 1741 si
1593 1689 1804 1753 furtum
1842 1687 1981 1754 fece-
2019 1729 2060 1784 Β
2101 1691 2607 1759 amplectebamur.
2642 1691 2786 1759 Ergo
2817 1689 3203 1760 evangelicam
3250 1690 3697 1760 prleceptionem
3744 1695 3804 1744 et

1065 1779 1198 1831 rint.

359 1869 467 1934 (Ea:
497 1867 718 1920 concilio
749 1866 1045 1934 Agathen.,
1079 1867 1256 1936 capite
1274 1865 1348 1935 2.)
1374 1865 1432 1920 Si
1465 1865 1594 1936 quis
1623 1863 1861 1920 clericus
1888 1877 1990 1927 aut

285 1954 598 2009 monachus
628 1954 844 2008 furtum
889 1954 1103 2022 fecerit,
1163 1955 1314 2024 quod
1369 1953 1560 2024 potius
1617 1953 1985 2024 sacrilegium

284 2043 394 2098 dici
425 2047 631 2114 potest,
655 2042 711 2096 id
735 2043 1064 2096 censuimus
1094 2042 1500 2110 ordinandum,
1532 2047 1597 2096 ut
1619 2041 1818 2112 junior
1871 2041 1982 2095 vir-

285 2134 370 2202 gis
402 2148 599 2198 czrsus,
657 2131 802 2184 tanti
843 2131 1102 2185 criminis
1156 2147 1310 2197 reus,
1363 2147 1660 2202 nunquam
1731 2129 1984 2183 officium

285 2221 728 2274 ecclesiasticum
786 2220 1046 2290 excipiat.
1094 2220 1154 2274 Si
1209 2236 1345 2274 vero
1393 2221 1515 2290 jam
1562 2219 1860 2273 ordinatus
1925 2217 1986 2270 in

284 2309 394 2365 hoc
439 2309 688 2362 facinore
746 2308 920 2364 fuerit
989 2309 1399 2379 deprehensus,
1484 2307 1732 2362 nominis
1806 2307 1985 2378 ipsius

287 2398 566 2468 dignitate
597 2396 892 2469 privetur:
926 2397 1018 2451 cui
1057 2397 1314 2451 sufficere
1345 2399 1534 2467 potest
1561 2412 1666 2466 pro
1703 2399 1857 2451 actus
1897 2395 1984 2449 sui

286 2487 536 2556 levitate,
611 2487 849 2558 impleta
927 2486 1285 2556 paenitentiae
1371 2483 1778 2552 satisfactione,
1867 2481 1986 2536 sola

288 2575 642 2630 communio.

287 2666 414 2720 CAP.
443 2665 581 2720 LXV.
612 2694 681 2703 ——
711 2667 784 2719 De
807 2665 922 2719 illis
955 2666 1053 2733 qui
1073 2663 1138 2718 de
1161 2665 1462 2718 ministerio
1493 2663 1742 2718 Ecclesiae
1767 2661 1986 2731 aliquid

933 2737 1115 2802 furati
1136 2737 1366 2802 fuerint.

355 2823 464 2895 (Ea:
509 2791 874 2894 paenitentiali
916 2791 1194 2892 ltomano.)
1225 2823 1282 2878 Si
1330 2821 1538 2893 aliquis
1570 2823 1638 2876 de
1669 2821 1984 2875 ministerio

284 2912 542 2966 Ecclesiae
573 2912 831 2983 quolibet
877 2910 1051 2966 modo
1095 2910 1315 2981 aliquid
1356 2911 1576 2965 furatus
1630 2909 1826 2980 fuerit,
1889 2911 1983 2963 VlI

281 3016 464 3055 annos
501 2999 794 3070 poeniteat.

283 3089 411 3143 Car.
447 3090 618 3144 LXVI.
651 3117 720 3126 -—
749 3091 824 3142 De
838 3087 1110 3141 monachis
1140 3090 1188 3140 si
1211 3087 1276 3140 de
1295 3087 1446 3149 furto
1466 3087 1729 3153 infamati
1745 3087 1975 3156 fuerint,

652 3158 914 3227 quomodo
947 3173 1002 3212 se
1031 3174 1338 3226 expurgare
1369 3158 1614 3212 debeant.

357 3247 464 3318 (Ea:
492 3248 712 3302 concilio
778 3248 1181 3312 Wormatiensi,
1226 3249 1403 3316 capite
1467 3245 1572 3315 10.)
1623 3245 1782 3317 Saepe
1840 3262 1975 3300 con-

281 3335 470 3407 tingit,
501 3335 652 3390 utin
707 3334 1069 3390 monasteriis
1104 3335 1521 3389 monachorum
1571 3335 1724 3388 furta
1775 3351 1978 3406 perpe-

281 3430 523 3481 trentur.
575 3417 789 3479 Idcirco
841 3425 1162 3492 statuimus,
1198 3430 1261 3479 ut
1321 3425 1549 3494 quando
1612 3422 1723 3494 ipsi
1774 3425 1978 3478 fratres

279 3515 350 3570 de
379 3514 588 3569 talibus
619 3530 678 3568 se
707 3529 1025 3584 expurgare
1053 3513 1376 3580 debuerint,
1433 3513 1605 3567 missa
1656 3513 1727 3567 ab
1775 3513 1978 3568 abbate

277 3603 616 3669 celebretur,
644 3602 732 3656 vel
763 3601 834 3656 ab
887 3601 1078 3673 aliquo
1133 3601 1508 3672 prmsentibus
1567 3601 1862 3669 fratribus,
1922 3607 1980 3656 et

276 3692 355 3746 sic
439 3693 666 3762 expleta
721 3690 916 3760 missa,
971 3707 1170 3746 omnes
1225 3690 1654 3745 communicent
1731 3689 1794 3742 in
1856 3691 1978 3744 haec

278 3779 498 3834 verba:
557 3781 771 3850 Corpus
829 3779 1056 3834 Domini
1119 3779 1192 3834 sit
1238 3779 1384 3834 mihi
1439 3779 1512 3834 ad
1574 3777 1976 3849 probationem

277 3869 469 3924 hodie.

351 3957 481 4012 CAP.
516 3957 745 4014 LXVIII.
777 3986 846 3999 —
875 3961 946 4013 De
977 3959 1091 4012 illis
1123 3958 1219 4024 qui
1259 3956 1563 4012 colonorum
1608 3955 1828 4026 ﬂagella
1875 3955 1976 4011 de-
2035 3999 2038 4002 .

1031 4027 1255 4083 'endunt.

1031 4030 1255 4083 endunt.

349 4119 456 4184 (Ea:
503 4119 725 4173 concilio
747 4030 1074 4182 Elibcrtaifiq
1109 4117 1286 4185 capite
1341 4115 1418 4186 9.)
1473 4115 1730 4170 Decrevit
1783 4119 1976 4171 sancta

276 4207 522 4277 synodus
577 4210 642 4261 ut
676 4205 976 4277 episcOpus
1011 4221 1075 4259 ac
1113 4204 1361 4260 ministri
1419 4204 1818 4276 episcoporum
1868 4221 1974 4276 pro

2097 1777 2512 1832 institutionem
2573 1778 3008 1832 saluberrimam
3056 1779 3411 1849 lacrymabili
3479 1794 3610 1833 voce
3667 1795 3804 1849 pro-

2095 1866 2353 1933 tulimus,
2433 1882 2547 1940 qua
2603 1867 2994 1938 arguebantur
3078 1866 3349 1921 Pharisaei
3433 1871 3487 1922 et
3547 1866 3801 1922 Scribae:

2095 1955 2380 2024 Mundate,
2430 1956 2638 2027 inquit,
2693 1955 2852 2026 prius
2911 1971 3040 2026 quae
3089 1955 3245 2010 intus
3293 1959 3446 2009 sunt.
3504 1956 3566 2010 Et
3604 1955 3794 2010 item:

2097 2045 2243 2114 Ejice
2273 2044 2526 2115 primum
2555 2044 2778 2098 trabem
2809 2044 2878 2098 de
2911 2045 3078 2098 oculo
3120 2048 3236 2098 tuo.
3278 2046 3354 2098 Ac
3400 2045 3804 2115 propheticum

2093 2133 2237 2187 illud
2272 2149 2284 2187 :
2313 2133 2498 2187 Ruina
2547 2133 2774 2204 populi,
2805 2131 3128 2188 sacerdotes
3157 2133 3312 2186 mali.
3348 2133 3799 2204 Perpendentes,

2094 2221 2584 2280 etdiscuntiendo
2615 2222 2998 2293 nosmetipsos
3025 2221 3409 2292 inspicientes,
3464 2228 3521 2276 et
3549 2223 3608 2277 in
3675 2239 3801 2278 me-

2092 2311 2252 2366 dium
2316 2311 2673 2381 poenitentiae
2727 2315 2929 2366 sanctae
2973 2310 3148 2381 digno
3210 2311 3400 2366 fructu
3457 2311 3527 2366 ad
3583 2315 3800 2366 terram

2092 2416 2197 2454 nos
2227 2400 2616 2470 projicientes,
2652 2399 2987 2454 deﬂevimus
3014 2399 3396 2470 negligentiae
3463 2399 3799 2455 innumera-

2090 2489 2234 2544 biles
2261 2493 2314 2543 et
2344 2493 2570 2560 peccata
2625 2494 2820 2542 nostra
2877 2488 3231 2559 gravissima.
3290 2488 3508 2543 Deinde
3562 2489 3800 2544 hortatu

2093 2577 2311 2632 domini
2334 2577 2485 2631 Petri
2515 2581 2715 2630 contra
2764 2577 3162 2647 nosmetipsos,
3215 2581 3271 2630 et
3316 2577 3454 2632 vitia
3509 2577 3662 2647 irati,
3693 2579 3797 2632 ad-

2087 2667 2320 2737 juvante
2347 2665 2534 2737 primo
2567 2670 2760 2719 sancto
2793 2664 3032 2735 Spiritu,
3079 2672 3135 2720 et
3173 2665 3501 2728 miserante,
3542 2666 3800 2737 capitula

2092 2748 2242 2810 infra
2296 2759 2493 2809 notata
2539 2754 2611 2808 ad
2657 2756 3073 2808 correctionem
3125 2759 3242 2809 tam
3305 2761 3558 2810 nostram
3619 2771 3798 2828 quam

2093 2844 2400 2902 Christiani
2431 2843 2632 2914 populi
2669 2843 2971 2898 statuendo
3012 2842 3368 2913 collegimus.

2095 2951 2223 3005 Car.
2255 2950 2438 3005 LXIX.
2478 2952 2549 3004 De
2595 2948 2859 3018 episcopis
2891 2951 2986 3019 qui
3035 2951 3300 3018 subjectos
3337 2949 3602 3005 seducunt
3651 2966 3797 3006 com-

2447 3023 2784 3074 municantes
2805 3036 2924 3074 cum
2941 3023 3436 3075 eascommunicatis.

2158 3110 2266 3181 (Ea:
2293 3109 2471 3164 eodem
2518 3110 2761 3178 concilio,
2807 3111 2985 3178 capite
3023 3109 3096 3177 6.)
3128 3109 3349 3164 Scimus
3400 3125 3559 3163 sacra
3625 3115 3798 3164 auto-

2087 3197 2252 3251 ritate
2319 3198 2616 3268 scriptum,
2673 3196 2774 3267 qui
2845 3197 3338 3252 excommunicato
3407 3197 3800 3252 communica-

2085 3283 2251 3354 verit,
2274 3285 2823 3341 excommunicetur.
2859 3287 2922 3340 In
2947 3285 3054 3340 hoc
3083 3303 3186 3340 nos
3215 3285 3464 3340 fatemur
3513 3285 3802 3358 episcopi,

2085 3378 2141 3426 et
2199 3373 2538 3445 presbyteri,
2602 3378 2659 3428 et
2715 3373 2904 3427 clerici
2963 3373 3262 3443 poenaliter
3311 3388 3593 3443 peccasse,
3635 3374 3796 3443 quod

2084 3460 2142 3514 in
2174 3466 2466 3531 posterum
2502 3464 2638 3528 Deo,
2667 3461 2998 3523 auxiliante,
3049 3466 3108 3516 et
3135 3461 3440 3516 emendare
3485 3466 3541 3516 et
3579 3462 3801 3516 evitare

2084 3549 2444 3622 cupimus,.et
2465 3550 2854 3620 praecipimus.

2511 3639 2650 3694 Car.
2678 3640 2822 3693 LXX.
2863 3670 2932 3680 —
2964 3640 3045 3694 De
3073 3639 3254 3694 eadem
3275 3655 3351 3694 re.

2157 3725 2274 3797 (Ea:
2302 3728 2502 3797 eodem,
2559 3730 2737 3798 capite
2767 3729 2839 3798 7.)
2881 3727 3099 3783 Placuit
3142 3732 3350 3782 sancti?
3382 3728 3598 3800 synodo
3638 3728 3797 3784 hunc

2083 3831 2337 3870 errorem
2388 3816 2553 3887 quasi
2596 3815 2844 3887 impium
2902 3817 2972 3872 ab
3017 3816 3264 3870 Ecclesia
3307 3831 3616 3871 amovere:
3653 3812 3795 3888 quia

2083 3904 2409 3958 animarum
2437 3921 2633 3959 curam
2667 3922 2699 3959 a
2755 3905 3001 3960 Domino
3061 3905 3409 3976 accepimus,
3459 3921 3575 3958 non
3615 3921 3794 3975 pecu-

2082 3993 2330 4049 niarum.
2363 3994 2499 4048 Inde
2531 3998 2586 4049 et
2614 3995 2894 4050 reddituri
2949 4010 3147 4050 sumus
3199 3995 3314 4050 Deo
3368 3993 3682 4063 rationem,
3737 3997 3797 4048 et

2081 4082 2370 4154 accepturi
2411 4087 2649 4154 propter
2677 4100 2839 4138 suam
2889 4083 3342 4139 misericordiam
3380 4087 3653 4138 aeternam
3706 4099 3795 4137 re-

2082 4171 2478 4236 tributionem,
2510 4173 2597 4226 vel
2616 4172 2833 4243 justam
2861 4172 3313 4228 damnationem.

275 4294 611 4350 criminibus
641 4295 874 4348 colonos
923 4293 1217 4363 ﬂagellare
1248 4309 1378 4348 cum
1420 4292 1595 4364 virgis
1625 4298 1968 4365 potestatem
2003 4303 2045 4357 1)
2087 4277 2211 4333 CAP-
2240 4279 2410 4334 LXXL
2441 4310 2509 4318 -·
2534 4283 2607 4335 De
2628 4281 2891 4351 θΡίεσοΡίε
2918 4283 3112 4365 αε,ηοη
3131 4283 3241 4335 Sint
3262 4279 3463 4334 malum
3485 4278 3793 4348 exemplum

273 4382 541 4451 habeant,
583 4387 820 4454 propter
849 4387 1067 4435 metum
1116 4380 1379 4450 aliorum,
1429 4386 1493 4436 ut
1519 4381 1630 4452 ipsi
1680 4379 1973 4436 criminosi

273 4472 658 4541 corrigantur,
717 4475 780 4524 ut
830 4471 918 4524 vel
977 4469 1142 4524 inviti
1189 4471 1586 4541 paenitentiam
1643 4473 1837 4540 agant,
1898 4484 1972 4523 ne

273 4560 618 4615 aaternaliter
646 4563 902 4630 pereant.
937 4559 994 4614 Si
1021 4575 1153 4614 vero
1185 4561 1437 4615 seniores
1463 4560 1722 4630 ipsorum
1746 4557 1975 4611 colono-

276 4664 401 4702 rum
433 4648 670 4719 indigne
711 4647 967 4716 tulerint,
1016 4653 1070 4703 et
1113 4648 1365 4720 aliquam
1407 4648 1716 4702 vindictam
1771 4646 1971 4702 exinde

271 4753 535 4791 exercere
575 4737 879 4805 voluerint,
913 4743 1012 4792 aut
1068 4739 1296 4793 eosdem
1339 4737 1574 4791 colonos
1615 4751 1686 4789 ne
1739 4735 1969 4790 distrin-

271 4830 481 4896 gantur
511 4824 815 4880 defendere
872 4827 1365 4898 priesumpserint,
1400 4825 1582 4878 sciant
1633 4840 1692 4879 se
1735 4840 1968 4879 excom-

274 4914 681 4968 municationis
708 4915 1101 4970 ecclesiasticae
1134 4913 1418 4969 sententia
1447 4913 1756 4968 feriendos.

272 5003 398 5058 Car.
429 5004 653 5057 LXVIII.
681 5033 748 5042 —
768 5007 841 5058 De
871 5007 1135 5074 episcopis
1170 5006 1267 5072 qui
1290 5001 1441 5071 apud
1473 5004 1774 5074 Romanam
1795 5001 1972 5056 sedem

340 5077 582 5129 accusati
633 5077 876 5142 fuerant,
918 5073 1063 5144 quod
1130 5089 1250 5128 cum
1306 5073 1785 5128 ecrcommunicatis
1826 5088 1967 5127 com-

339 5148 633 5200 municatis
657 5149 1125 5200 communicarent.

342 5237 445 5301 (Ea:
470 5235 692 5289 concilio
731 5234 883 5303 apud
911 5233 1151 5286 Altheim
1180 5231 1380 5294 habito,
1413 5234 1501 5285 cui
1543 5232 1795 5299 interfuit
1833 5233 1968 5288 Con-

269 5323 438 5377 radus
459 5324 605 5393 rem.)
641 5324 840 5393 Regno
867 5319 1108 5376 Conradi
1144 5319 1384 5389 piissimi
1414 5325 1471 5374 et
1497 5319 1966 5374 Christianissimi

267 5412 419 5482 regis
483 5411 706 5482 quinto,
759 5413 1072 5480 congregat
1120 5412 1205 5463 est
1265 5413 1457 5463 sancta
1512 5408 1798 5480 generalis
1844 5425 1970 5481 syn-

267 5504 410 5554 odus
441 5502 592 5572 apud
624 5502 876 5555 Altheim
902 5499 957 5552 in
981 5515 1130 5570 pago
1147 5499 1368 5568 Rethia,
1396 5505 1677 5570 praesente
1707 5499 1969 5556 videlicet

269 5589 491 5644 domini
545 5589 779 5646 Joannis
826 5604 990 5660 papze
1042 5588 1410 5661 apocrisiario
1462 5594 1669 5645 sancta
1713 5589 1965 5646 Ortensis

2153 4439 2261 4504 (Ea:
2282 4438 2481 4506 eodem,
2522 4441 2698 4508 capite
2726 4439 2802 4510 8.)
2833 4353 3088 4494 prima
3147 4440 3473 4510 exemplum
3532 4437 3785 4508 populis,

2081 4527 2298 4598 seipsos
2340 4528 2596 4599 episcopi
2643 4529 2730 4583 vel
2781 4529 3103 4584 sacerdotes
3151 4529 3362 4583 debent
3406 4528 3686 4598 praebere,
3731 4530 3790 4580 et

2082 4616 2382 4670 ostendere
2409 4632 2525 4671 non
2556 4617 2742 4671 solum
2771 4617 2955 4683 dictis,
2980 4633 3178 4672 verum
3219 4621 3275 4671 et
3312 4616 3491 4670 factis.
3542 4615 3790 4684 Propter

2080 4703 2188 4758 hoc
2216 4704 2370 4758 enim
2413 4704 2742 4772 statuimus,
2775 4705 3016 4760 minime
3071 4720 3326 4777 unquam
3369 4704 3428 4758 in
3485 4707 3785 4774 posterum

2079 4797 2278 4847 contra
2323 4809 2480 4847 sacra
2533 4797 2747 4848 statuta
2812 4794 3007 4864 aliquo
3058 4794 3230 4848 modo
3288 4791 3786 4847 communicemns

2079 4881 2612 4948 excommunicatis,
2644 4887 2701 4936 et
2755 4881 3127 4952 dijudicimus
3177 4880 3582 4951 nosmetipsos,
3637 4896 3784 4951 qua-

2078 4974 2244 5024 tenus
2275 4971 2334 5024 in
2359 4970 2551 5025 futuro
2583 4986 2697 5025 non
2724 4971 3054 5042 judicemur
3087 4987 3118 5024 a
3150 4970 3418 5024 Domino.
3455 4969 3628 5040 Sequi
3681 4985 3784 5024 cu-

2078 5059 2300 5129 primus
2330 5060 2479 5114 dicta
2505 5066 2562 5114 et
2587 5064 2798 5114 statuta
2827 5060 3008 5114 sancti
3056 5059 3316 5130 Gregorii
3348 5075 3529 5129 papae,
3572 5061 3628 5112 et
3665 5074 3784 5128 pce-

2078 5147 2380 5202 nitentiam
2413 5148 2646 5219 dignam
2679 5165 2848 5219 agere
2870 5151 3132 5203 volumus
3153 5151 3366 5202 secrete
3397 5147 3455 5200 in
3490 5151 3783 5201 monaste-

2078 5235 2162 5290 rio
2196 5252 2208 5290 :
2242 5236 2378 5307 quia
2403 5236 2630 5307 publice
2662 5236 2967 5308 nequimus
3000 5253 3014 5291 :
3067 5237 3126 5290 in
3161 5237 3473 5307 futuroque
3505 5234 3783 5306 praedicta

2077 5324 2344 5378 omnibus
2369 5323 2556 5379 modis
2590 5325 2703 5378 Deo
2735 5325 2983 5397 propitio
3040 5325 3220 5380 vitare
3278 5324 3563 5378 volumus.
3619 5324 3783 5377 Eam-

2076 5413 2325 5485 demque
2372 5413 2560 5483 legem
2605 5418 2917 5469 statuentes
2985 5413 3355 5485 presbyteris,
3415 5411 3776 5482 diaconibus,

2075 5506 2133 5556 et
2161 5501 2320 5556 omni
2349 5501 2524 5568 clero,
2557 5501 2606 5555 si
2634 5502 2702 5557 de
2743 5503 2926 5572 gradu
2957 5501 3167 5574 deponi
3196 5501 3511 5568 noluerint,
3543 5505 3608 5556 ut
3636 5499 3781 5557 ﬁde-

2075 5591 2205 5645 liter
2233 5589 2557 5660 observent,
2583 5595 2640 5646 et
2669 5590 2793 5646 aliis
2831 5606 3056 5648 servare
3081 5591 3412 5663 praedicent.
