3944 6338
152 368 242 419 873
1059 368 1536 425 DECRETORUM
1582 371 1763 424 LIBRI
1803 370 1907 425 XX.
1944 400 2010 408 —
2044 371 2249 426 LIBER
2295 372 2716 427 UNDECIMUS.

3537 382 3637 433 874

150 490 264 541 CAP.
296 488 492 542 LXXII.
521 518 587 526 —
614 491 692 542 De
718 490 1039 570 correctione
1063 492 1559 570 episcoporumqui
1587 507 1704 545 cum
1734 508 1827 544 ω)-
1861 494 1904 544 Α
1947 492 2345 547 Ecclesiarum.
2380 495 2457 547 De
2501 495 2712 549 talibus
2743 497 3044 565 Apostolus
3073 498 3140 551 ad
3192 499 3584 570 Pbilippenscs
3619 519 3631 555 :

493 562 898 613 communicatis
929 564 1473 618 communicaverunt.

207 666 313 730 (Ea:
340 666 539 733 eodem,
575 669 751 735 capite
798 668 876 737 9.)
909 666 1259 721 Auctoritate
1293 669 1603 738 apostolica
1632 669 1827 722 ﬁrma-

142 768 260 805 mus
305 754 455 807 dicta
487 758 543 807 et
576 760 863 825 praecepta
914 760 1242 809 sanctorum
1290 773 1595 823 canonum,
1646 763 1702 810 et
1740 757 1828 810 in-

140 839 481 908 terdicimus,
534 858 706 912 quam
739 843 837 896 diu
878 842 1005 913 quis
1056 845 1598 911 excommunicatus,
1642 846 1733 912 sit,
1770 850 1830 899 ut

140 930 321 983 nullus
367 935 696 985 nostrorum
746 931 1143 1001 episcoporum
1176 934 1229 986 ei
1260 934 1468 987 audeat
1514 936 1831 988 communi-

138 1033 279 1084 care,
312 1020 402 1071 vel
456 1035 586 1072 cum
621 1035 687 1072 eo
722 1019 780 1072 in
830 1020 1067 1073 ecclesia
1110 1037 1295 1076 orare.
1333 1024 1396 1076 Et
1445 1022 1572 1076 laici
1604 1023 1703 1093 qui
1746 1041 1831 1077 se-

139 1108 247 1160 cuti
302 1112 435 1161 sunt
464 1124 586 1175 nos,
624 1113 683 1161 ut
731 1108 946 1175 dicunt,
989 1110 1232 1164 errando
1282 1116 1338 1164 et
1387 1113 1680 1181 sequendo
1724 1130 1829 1166 nos

140 1196 324 1261 modo,
360 1212 463 1249 nos
491 1202 589 1249 aut
632 1196 1016 1267 nosmetipsos
1047 1214 1149 1268 per
1195 1200 1591 1268 pcenitentiam
1641 1218 1826 1253 mace-

136 1289 319 1337 rantes
350 1285 712 1355 corrigendo,
764 1289 820 1338 et
852 1286 1001 1339 viam
1030 1286 1112 1339 eis
1156 1287 1285 1341 vitae
1336 1288 1733 1357 pradicantes,
1773 1295 1827 1344 et

136 1374 450 1443 aperientes
486 1389 499 1427 :
534 1378 596 1426 ut
651 1373 987 1442 resipiscant
1027 1391 1057 1427 a
1085 1374 1297 1429 diaboli
1340 1376 1579 1446 laqueis,
1616 1394 1648 1430 a
1696 1378 1825 1447 qui-

133 1461 234 1515 bus
264 1478 365 1532 per
410 1466 604 1515 nostra
649 1462 800 1515 mala
839 1464 1096 1533 exempla
1136 1463 1286 1533 capti
1314 1469 1600 1533 tenentur,
1653 1472 1709 1520 et
1753 1467 1824 1520 ad

132 1567 320 1604 veram
377 1555 620 1605 matrem
680 1550 988 1606 Ecclesiam
1040 1568 1144 1621 per
1190 1552 1588 1622 paenitentiam
1642 1570 1824 1607 rever-

132 1643 341 1693 tantur.

133 1746 255 1799 CAP.
291 1746 514 1800 LXXIII.
542 1775 609 1784 —
636 1747 719 1799 De
749 1747 832 1800 his
854 1748 952 1814 qui
970 1750 1309 1801 contemnunt
1334 1747 1566 1801 bannum
1598 1747 1665 1800 ab
1686 1750 1825 1817 epis-
1853 1761 1894 1814 Β

716 1819 863 1885 copis
902 1820 1232 1885 impositum.

198 1904 312 1974 (Ea:
360 1906 582 1959 concilio
639 1904 879 1970 Tribur.,
936 1907 1025 1958 cui
1079 1906 1335 1970 interfuit
1375 1920 1474 1959 rea:
1526 1906 1817 1973 Arnolfas,

128 1995 318 2062 capite,
372 1996 449 2060 8.)
510 1995 688 2047 Nemo
745 1996 1072 2046 contemnat
1126 2009 1314 2063 neque
1371 1994 1823 2063 transgrediatur

128 2081 381 2135 bannum
413 2081 482 2135 ab
536 2081 818 2152 episcopis
873 2081 1397 2151 superimpositum.
1444 2082 1595 2136 Sciat
1645 2089 1701 2137 et
1730 2084 1824 2137 ab-

128 2169 357 2222 horreat
388 2169 449 2222 in
498 2169 739 2239 epistola
772 2171 828 2223 Β.
879 2169 1187 2223 Clementis
1220 2169 1455 2238 dictum,
1516 2174 1714 2225 contra
1761 2187 1821 2225 se

128 2258 401 2327 scriptum
435 2273 447 2310 :
483 2258 542 2311 Si
573 2258 736 2312 vobis
771 2258 1048 2329 episcopis
1089 2274 1203 2311 non
1248 2258 1567 2312 obedierint
1601 2276 1820 2328 omnes,

128 2352 240 2399 tam
290 2345 524 2415 majoris
573 2363 746 2416 quam
787 2352 843 2400 et
886 2346 1173 2399 inferioris
1227 2346 1463 2407 ordinis,
1516 2352 1685 2417 atque
1731 2365 1824 2403 re-

132 2434 271 2505 liqui
322 2433 525 2505 populi
555 2434 756 2499 tribus,
789 2442 845 2487 et
891 2432 1124 2503 linguae,
1163 2451 1280 2487 non
1320 2435 1507 2487 solum
1559 2436 1818 2502 infames,

128 2524 220 2576 sed
258 2528 319 2577 et
370 2527 619 2576 extorres
650 2540 683 2576 a
725 2538 902 2591 regno
953 2523 1075 2587 Dei,
1132 2527 1187 2575 et
1220 2524 1505 2575 consortio
1539 2524 1817 2592 ﬁdelium,

127 2630 157 2665 a
206 2612 500 2665 liminibus
556 2615 763 2664 sanctas
814 2611 913 2664 Dei
975 2611 1231 2664 Ecclesiae
1290 2612 1462 2665 alieni
1519 2619 1705 2679 erunt,
1768 2618 1823 2667 et

126 2700 361 2755 audiant
388 2699 576 2769 ipsum
601 2701 911 2753 Dominum
934 2699 990 2751 in
1024 2699 1326 2769 Evangelio
1349 2700 1633 2753 dicentem
1667 2718 1679 2754 :
1713 2702 1820 2764 Qui

124 2806 215 2842 vos
248 2788 427 2854 audit,
481 2804 571 2841 me
602 2787 785 2853 audit,
813 2792 868 2840 et
898 2787 998 2857 qui
1045 2804 1143 2840 vos
1188 2788 1427 2857 spernit,
1462 2804 1550 2840 me
1582 2790 1815 2857 spernit.

122 2878 479 2947 Quapropter
507 2894 611 2930 nos
643 2876 1029 2945 evangelicam
1062 2879 1116 2928 et
1145 2875 1517 2945 apostolicam
1549 2876 1818 2929 conside-

120 2970 309 3018 rantes
340 2963 755 3029 auctoritatem,
790 2978 908 3015 non
951 2967 1232 3031 quaastum
1275 2962 1672 3032 pecuniarum,
1717 2963 1816 3016 sed

120 3055 344 3107 lucrum
393 3056 717 3123 quaerentes
766 3052 1111 3117 animarum,
1163 3052 1467 3104 statuimus
1508 3056 1563 3105 et
1604 3052 1813 3105 conﬁr-
1847 3035 1887 3089 C

120 3159 367 3208 mamus,
416 3147 482 3195 ut
530 3141 576 3195 si
622 3141 749 3211 quis
780 3144 908 3210 post
959 3141 1103 3193 hanc
1134 3140 1304 3209 hujus
1362 3140 1541 3193 sancti
1589 3140 1815 3195 concilii

119 3232 514 3287 deﬁnitionem
563 3231 827 3283 inventus
872 3229 1045 3282 fuerit
1091 3228 1412 3299 corrupisse
1442 3229 1697 3282 bannum
1743 3231 1812 3283 ab

118 3320 403 3391 episcopis
442 3318 799 3389 impositum,
843 3334 913 3370 XL
962 3317 1185 3370 dierum
1216 3316 1591 3387 castigatione
1636 3318 1809 3372 corri-

115 3411 311 3479 piatur
333 3412 557 3461 tantum
588 3406 646 3460 in
676 3422 844 3477 pane,
878 3410 933 3459 et
961 3406 1095 3471 sale,
1129 3410 1185 3459 et
1216 3422 1381 3475 aqua.

117 3514 244 3568 (lae.
282 3513 501 3567 LXXIV.
526 3543 593 3551 —
618 3513 697 3564 De
721 3527 776 3565 eo
794 3527 894 3580 pro
916 3511 1112 3579 quibus
1144 3514 1319 3565 causis
1342 3512 1627 3579 quemlibet
1644 3513 1811 3567 homi-

342 3600 463 3637 nem
495 3585 853 3637 anathematis
883 3584 1095 3636 vinculo
1127 3584 1293 3649 ligari
1322 3588 1581 3651 oporteat.

184 3676 300 3743 (Em
335 3673 534 3738 eodem,
583 3674 756 3740 capite
799 3674 906 3739 30.)
938 3671 1249 3734 Quaesitum
1295 3677 1377 3724 est
1408 3672 1465 3723 in
1498 3671 1691 3725 eadem
1726 3689 1811 3743 sy-

114 3763 290 3829 nodo,
322 3778 428 3832 pro
456 3762 664 3832 quibus
695 3761 880 3813 causis
910 3760 1227 3831 quemlibet
1256 3760 1551 3813 hominem
1584 3760 1806 3829 episco-

112 3852 227 3921 pali
263 3850 621 3918 auctoritate,
668 3849 890 3903 vinculo
922 3850 1300 3903 anatliematis
1333 3850 1498 3918 ligari
1527 3854 1804 3919 oporteat,

111 3944 286 4009 atque
339 3936 601 3991 unanimi
649 3940 981 3990 cunctorum
1038 3937 1320 3989 sententia
1363 3938 1649 3989 decretum
1702 3942 1803 4003 est,

109 4044 215 4097 pro
266 4026 353 4080 his
380 4026 564 4079 tribus
610 4025 946 4079 criminibus
1001 4024 1128 4078 ﬁeri
1172 4025 1377 4079 debere
1412 4041 1425 4078 :
1460 4042 1590 4078 cum
1621 4026 1690 4079 ad
1723 4043 1809 4095 sy-

108 4117 331 4169 nodum
363 4114 631 4167 canonice
656 4114 845 4183 jussus
892 4114 1086 4167 venire
1124 4115 1457 4167 contemnit.
1509 4116 1620 4167 Aut
1650 4119 1805 4183 post-

109 4221 289 4275 quam
344 4204 477 4256 illuc
521 4203 761 4269 venerit,
816 4202 1259 4256 sacerdotalibus
1312 4202 1529 4272 respuit
1575 4203 1806 4257 obedire

107 4293 435 4364 praeceptis.
482 4294 595 4345 Aut
626 4297 756 4345 ante
786 4291 1005 4344 ﬁnitam
1051 4308 1236 4344 causa:
1285 4307 1403 4345 suae
1436 4291 1805 4346 examinatio-
1834 4322 1877 4375 Ι)

107 4398 244 4435 nem
281 4399 313 4435 a
337 4382 550 4452 synodo
584 4380 863 4450 profugus
896 4380 1051 4433 abire
1082 4380 1395 4448 praesumit.

108 4491 240 4544 Cap.
298 4488 491 4544 LXXV.
522 4520 589 4528 -—
622 4492 697 4543 De
740 4489 850 4541 illis
894 4488 990 4568 qui
1026 4488 1238 4610 {artum
1268 4491 1317 4541 et
1344 4490 1600 4557 rapinam
1642 4504 1804 4544 eaer-

844 4574 1023 4610 cuerm
1056 4599 1067 4610 .

844 4574 1067 4611 ουσνιηε.

178 4648 308 4715 (Ea:
339 4648 535 4712 eodem,
570 4650 746 4717 capite
781 4645 894 4717 3‘1.)
926 4645 1417 4715 Tranquillitatem
1470 4651 1674 4700 sanctae
1706 4648 1805 4701 Dei

104 4737 375 4790 Ecclesize
439 4736 772 4807 inquietari,
813 4739 868 4788 et
923 4751 1121 4805 pacem
1178 4733 1485 4787 fraternam
1548 4734 1803 4788 infestari

100 4830 415 4893 testantur,
462 4826 615 4879 fures
644 4830 701 4879 et
730 4825 998 4888 latrones,
1032 4824 1132 4894 qui
1177 4823 1471 4876 ambulant
1519 4824 1668 4876 inter
1700 4840 1803 4876 nos

99 4914 279 4967 ovina
311 4915 463 4984 pelle
513 4913 863 4980 obumbrati,
915 4913 1014 4967 sed
1063 4911 1263 4981 lupina
1293 4917 1484 4965 mente
1532 4912 1805 4965 recedunt

98 5002 362 5068 alienati,
419 5019 566 5056 saeva
617 5006 809 5056 mente
860 5017 950 5055 res
1009 5000 1384 5054 Ecclesiarum
1442 5000 1672 5052 adducti
1720 5016 1804 5053 ra-

97 5093 350 5160 pientes,
381 5094 439 5145 et
482 5107 717 5160 gregem
750 5090 1110 5144 Dominicum
1140 5088 1436 5159 spoliando
1468 5089 1799 5142 lacerantes.

93 5181 165 5232 de
215 5180 429 5250 quibus
466 5179 722 5233 Salvator
749 5178 809 5231 in
860 5177 1163 5248 Evangelio
1211 5184 1619 5231 commemorat
1652 5191 1663 5229 :
1698 5175 1805 5239 Qui

93 5285 220 5321 non
270 5269 449 5321 intrat
498 5284 598 5338 per
655 5267 862 5320 ostium
908 5266 969 5319 in
1002 5268 1150 5321 ovile
1207 5266 1419 5333 ovium,
1454 5266 1548 5319 ille
1599 5264 1690 5317 fur
1723 5268 1806 5317 est

92 5364 152 5410 et
210 5358 385 5410 latro.
444 5360 629 5426 Atque
687 5354 982 5425 subjunxit
1015 5371 1027 5409 :
1066 5356 1175 5408 Fur
1220 5372 1337 5407 non
1386 5354 1541 5407 venit
1589 5352 1697 5405 nisi
1746 5357 1808 5406 ut

90 5447 149 5499 fu
164 5451 351 5512 retur,
404 5450 458 5498 et
493 5450 712 5511 mactet,
748 5448 803 5497 et
832 5444 1053 5512 perdat.
1084 5444 1189 5497 Ubi
1220 5444 1480 5514 quamvis
1514 5442 1806 5495 hazreticos

92 5536 201 5605 qui
234 5536 413 5589 ﬁdem
456 5534 718 5588 furantur
750 5532 1007 5586 Ecclesiae
1038 5532 1319 5601 designet,
1362 5537 1555 5584 tamen
1582 5531 1805 5584 insecu-

94 5622 493 5678 tione~furum
526 5627 583 5677 et
627 5623 935 5687 latronum,
968 5620 1256 5674 turbatam
1296 5624 1581 5674 monstrat
1608 5635 1804 5689 pacem

475 5728 752 5793 PATROL.
806 5726 983 5792 CXL.

1945 581 2140 635 Videte
2192 600 2382 649 canes,
2434 582 2618 637 videte
2670 585 2848 637 malos
2896 586 3204 655 operarios.
3240 588 3418 641 Canes
3476 607 3635 643 voca-

1943 669 2039 736 vit,
2074 671 2174 741 qui
2221 688 2339 725 non
2369 672 2584 726 habent
2620 673 3043 727 verecundiam.
3092 675 3264 728 Malos
3293 676 3582 745 operarios
3616 695 3628 731 :

1943 758 2075 826 quia
2123 761 2281 813 nulla
2326 761 2543 814 faciunt
2589 778 2720 832 quae
2766 762 2965 830 pietati
3018 764 3375 817 conveniant.
3434 766 3502 818 Et
3533 767 3634 819 Do-

1940 846 2131 900 minus
2179 865 2281 918 per
2331 850 2667 920 prophetam
2713 852 2913 903 Isaiam
2948 868 2960 905 :
2994 852 3139 922 Ergo
3189 853 3464 906 Dominus
3501 854 3632 907 dili-

1939 951 2079 1004 gens
2125 937 2427 1005 judicium,
2480 944 2536 991 et
2578 940 2708 991 odio
2741 939 2955 992 habens
3002 941 3284 1009 rapinam.
3339 943 3497 995 Unde
3528 959 3632 997 nos

1940 1040 2067 1094 quae
2102 1026 2373 1079 Dominus
2403 1026 2592 1095 diligit
2637 1027 2958 1095 diligentes,
2993 1034 3048 1081 et
3076 1043 3203 1098 quas
3234 1030 3384 1095 odio,
3414 1030 3632 1084 haben-

1938 1119 2042 1179 tes,
2102 1114 2405 1167 statuimus
2457 1120 2513 1168 et
2554 1115 2900 1184 judicamus,
2951 1121 3014 1169 ut
3061 1117 3107 1168 si
3160 1118 3287 1186 quis
3336 1124 3465 1187 post
3511 1120 3633 1173 haec

1938 1202 2265 1271 evangelica
2311 1207 2367 1255 ct
2411 1203 2723 1272 apostolica
2767 1209 2939 1273 atque
2972 1205 3304 1274 prophetica
3354 1206 3546 1272 verba,
3576 1213 3632 1261 et

1939 1291 2332 1345 deﬁnitionem
2397 1292 2760 1361 pacatissima
2833 1293 3064 1362 synodi,
3129 1293 3389 1347 inventus
3458 1296 3631 1349 fuerit

1935 1379 2152 1431 furtum
2202 1383 2300 1430 aut
2353 1378 2611 1447 rapinam
2661 1393 2942 1445 exercere,
3000 1384 3055 1432 et
3087 1380 3146 1431 in
3177 1380 3299 1450 ipso
3348 1381 3627 1436 diabolico

1936 1472 2061 1519 actu
2110 1470 2350 1517 mortem
2383 1470 2634 1517 meretur
2662 1465 2978 1530 incurrere,
3029 1467 3218 1519 nullus
3246 1484 3349 1537 pro
3382 1484 3448 1521 eo
3476 1485 3626 1538 pras-

1936 1558 2123 1608 sumat
2151 1570 2330 1616 orare,
2374 1556 2471 1607 aut
2511 1554 2929 1623 eleemosynam
2976 1556 3132 1608 dare.
3177 1556 3241 1608 Et
3269 1556 3630 1627 eleemosyna

1932 1659 2039 1714 pro
2071 1658 2136 1695 eo
2177 1643 2307 1695 data
2340 1642 2401 1694 in
2431 1642 2770 1694 memoriam
2800 1643 3137 1695 clericorum
3170 1659 3274 1696 nec
3306 1661 3628 1714 pauperum

1934 1731 2142 1796 veniat,
2177 1731 2275 1783 sed
2308 1729 2640 1783 execrabilis
2693 1730 2992 1784 sordescat.
3045 1732 3249 1786 Beatus
3277 1734 3629 1801 Augustinus

1933 1822 2004 1875 de
2049 1819 2259 1873 talibus
2316 1818 2649 1871 horribilem
2699 1818 2919 1887 profert
2976 1820 3337 1883 sententiam,
3389 1820 3624 1875 dicens:

1934 1910 2111 1962 Nemo
2156 1912 2212 1961 te
2244 1912 2377 1976 post
2424 1912 2668 1959 mortem
2699 1910 2859 1959 tuam
2908 1906 3156 1960 ﬁdeliter
3186 1908 3419 1962 redimit
3451 1925 3463 1962 :
3492 1908 3630 1978 quia

1930 2001 1990 2051 tu
2018 2002 2072 2049 te
2116 1995 2399 2048 redimere
2433 1993 2687 2047 noluisti.
2723 1994 2781 2047 Si
2831 1998 3020 2048 autem
3074 1996 3168 2049 ille
3199 1996 3310 2062 fur,
3345 1997 3431 2049 vel
3460 1997 3623 2062 latro,

1932 2086 2257 2138 vulneratus
2306 2082 2571 2148 elabitur,
2620 2088 2676 2135 et
2705 2083 3118 2152 exspectatione
3168 2084 3370 2137 mortis
3417 2085 3625 2154 despe-

1930 2177 2088 2226 ratus
2118 2177 2374 2241 putatur,
2410 2175 2579 2241 atque
2633 2171 2986 2224 reconciliari
3014 2188 3072 2225 se
3118 2172 3403 2242 mysteriis
3435 2189 3626 2226 sacro-

1930 2261 2137 2315 sanctis
2194 2260 2395 2314 habitu
2453 2259 2728 2327 corporis,
2792 2264 2849 2313 et
2902 2260 3195 2313 voluntate
3251 2261 3362 2330 piae
3419 2260 3625 2314 mentis

1931 2352 2294 2421 deprecatur,
2350 2351 2579 2418 Deoque
2613 2353 2670 2401 et
2710 2348 2986 2402 sacerdoti
3024 2348 3138 2401 vita
3187 2349 3395 2402 comite
3431 2366 3623 2403 emen-

1930 2440 2240 2503 dationem,
2274 2443 2328 2490 et
2360 2443 2547 2490 actum
2573 2438 2895 2503 conﬁtetur,
2930 2436 3353 2491 communionis
3383 2438 3625 2509 gratiam

1926 2544 2043 2581 non
2075 2543 2354 2597 negamus
2385 2525 2771 2579 tribuendam.

1927 2672 2053 2725 CAP.
2089 2669 2307 2723 LXXVI.
2340 2698 2400 2708 -—
2432 2671 2505 2722 De
2533 2667 2648 2722 illis
2692 2669 2788 2735 qui
2814 2669 2874 2721 in
2903 2669 3169 2736 patibulis
3198 2670 3618 2738 suspenduntur.

1996 2803 2100 2873 (Ea:
2130 2804 2353 2857 concilio
2398 2803 2643 2868 Mogunti
2675 2842 2688 2867 ,
2741 2803 2917 2869 capite
2948 2800 3030 2870 5.)
3075 2801 3388 2864 Quaesitum
3426 2806 3509 2855 est
3551 2803 3621 2856 ab

1923 2892 2210 2961 aliquibus
2253 2890 2523 2944 fratribus
2570 2890 2638 2943 de
2690 2890 2779 2942 his
2830 2889 2930 2959 qui
2969 2890 3029 2942 in
3061 2890 3332 2958 patibulis
3380 2908 3618 2959 suspen-

1927 2980 2143 3033 duntur
2189 2996 2293 3048 pro
2324 2979 2439 3031 suis
2492 2978 2822 3044 sceleribus,
2855 2984 2985 3048 post
3039 2980 3456 3033 confessionem
3504 2982 3618 3034 Deo

1924 3072 2236 3137 peractam,
2284 3073 2481 3121 utrum
2514 3067 2787 3121 cadavera
2830 3067 3062 3121 illorum
3110 3068 3179 3121 ad
3224 3069 3493 3122 Ecclesias
3525 3069 3623 3122 de-

1922 3156 2158 3209 ferenda
2218 3155 2349 3214 sint,
2410 3160 2465 3208 et
2521 3155 2837 3209 oblationes
2888 3172 2992 3226 pro
3042 3156 3123 3209 eis
3172 3156 3499 3222 offerendae,
3563 3163 3621 3211 et

1922 3243 2101 3297 Μίδεω
2154 3243 2533 3311 celebrandas,
2588 3260 2660 3297 an
2710 3260 2843 3296 non.
2895 3244 3109 3307 Quibus
3157 3245 3613 3315 respondemus:

1921 3332 1977 3387 Si
2026 3333 2294 3386 omnibus
2349 3333 2417 3385 de
2466 3332 2709 3401 peccatis
2758 3332 2876 3385 suis
2935 3350 3136 3403 parum
3199 3334 3615 3387 confessionem

1920 3420 2242 3492 agentibus,
2278 3424 2335 3473 et
2366 3420 2535 3489 digne
2582 3421 2993 3489 paenitentibus
3032 3421 3359 3475 communio
3402 3421 3462 3474 in
3501 3423 3614 3476 ﬁne

1920 3508 2235 3562 secundum
2270 3506 2607 3561 canonicum
2630 3509 2856 3577 jussum
2888 3509 3071 3562 danda
3103 3512 3206 3575 est,
3240 3525 3339 3561 cur
3370 3525 3614 3562 canones

1920 3598 1998 3651 eis
2033 3596 2133 3667 qui
2177 3612 2279 3667 pro
2328 3596 2570 3665 peccatis
2617 3597 2732 3649 suis
2764 3612 2991 3666 poenam
3041 3601 3352 3651 extremam
3395 3598 3612 3667 persol-

1918 3690 2096 3753 vunt,
2163 3690 2220 3738 et
2292 3684 2672 3752 confitentur,
2748 3687 2832 3738 vel
2912 3685 3170 3739 conﬁteri
3241 3684 3611 3739 desiderant?

1919 3774 2204 3842 Scriptum
2264 3777 2346 3826 est
2403 3772 2606 3826 enim:
2646 3774 2766 3825 Non
2817 3774 3036 3843 judicat
3070 3775 3239 3827 Deus.
3272 3774 3360 3827 bis
3415 3774 3474 3826 in
3531 3774 3614 3827 id-

1915 3862 2123 3934 ipsum.

1917 3986 2044 4040 CAP.
2083 3984 2321 4040 LXXVII.
2354 4014 2423 4024 —
2448 3986 2522 4037 De
2549 3986 2810 4052 episcopis
2856 3987 2953 4052 qui
2982 4000 3099 4039 cum
3137 3988 3611 4041 emcommunicalis

2496 4058 3027 4110 communicaverint.

1989 4174 2093 4238 (Em
2122 4172 2342 4226 concilio
2373 4170 2523 4238 apud
2548 4171 2923 4238 Erphes/‘urt.,
2955 4172 3044 4223 cui
3071 4173 3324 4237 interfuit
3346 4173 3610 4225 Henricus

1916 4276 2034 4328 rem,
2067 4262 2243 4329 capite
2287 4258 2362 4328 9.)
2411 4258 2670 4312 Decrevit
2702 4264 2897 4311 sancta
2930 4259 3180 4329 synodus
3212 4274 3340 4312 cum
3371 4260 3608 4313 consilio

1917 4347 2269 4403 serenissimi
2316 4346 2608 4417 principis,
2652 4346 2699 4399 si
2753 4347 3020 4417 deinceps
3056 4347 3261 4417 aliquis
3308 4348 3609 4418 episcopus

1915 4438 2003 4492 sui
2048 4436 2351 4491 ministerii
2404 4435 2635 4497 oblitus,
2696 4434 2877 4487 sciens
2932 4451 3060 4488 cum
3114 4436 3607 4491 excommunicato

1913 4524 2416 4581 communicaverit
2465 4524 2578 4577 sive
2604 4524 2665 4576 in
2696 4523 3057 4588 salutatione,
3092 4524 3206 4576 sive
3239 4524 3301 4576 in
3330 4525 3607 4593 oratione,

1915 4618 2029 4671 sive
2061 4618 2118 4670 in
2159 4617 2314 4687 justa
2345 4614 2779 4681 confortatione,
2812 4612 2931 4665 sive
2960 4613 3021 4665 in
3052 4612 3196 4677 cibo,
3226 4612 3342 4665 sive
3368 4612 3425 4665 in
3449 4618 3606 4684 potu,

1914 4704 2440 4760 excommunicatus
2488 4704 2786 4767 habeatur,
2837 4706 2954 4754 tam
2985 4717 3018 4753 a
3047 4700 3323 4771 principe,
3377 4718 3550 4771 quam
3577 4720 3611 4756 a

1913 4793 2131 4847 caeteris
2180 4792 2465 4857 omnibus,
2520 4805 2817 4862 quousque
2848 4789 2907 4842 in
2941 4788 3202 4859 proxima
3253 4790 3470 4859 synodo
3505 4807 3605 4844 au-

1915 4882 2122 4946 diatur,
2159 4884 2215 4934 et
2245 4882 2358 4935 Deo
2391 4886 2447 4934 et
2479 4879 2741 4934 Ecclesiae
2774 4878 3093 4932 satisfacere
3118 4881 3371 4946 cogatur.

1917 5000 2044 5054 CAP.
2080 5000 2348 5053 LXXVIII.
2373 5030 2441 5039 —
2466 5003 2537 5053 De
2558 5002 2766 5053 clericis
2787 5002 2882 5067 qui
2902 5001 3149 5066 fugerint
3167 4996 3436 5051 Ecclesias
3457 5012 3604 5065 suas,

2099 5076 2148 5123 et
2181 5071 2245 5122 de
2273 5074 2444 5124 servis
2474 5074 2571 5139 qui
2597 5072 2845 5126 dominos
2870 5072 3123 5139 proprios
3151 5070 3415 5136 fugerint.

1985 5175 2091 5246 (Em
2150 5177 2369 5229 concilio
2433 5177 2582 5243 apud
2630 5178 2872 5230 Altheim
2947 5177 3151 5240 habito,
3212 5175 3301 5228 cui
3354 5176 3612 5240 interfuit

1915 5263 2193 5320 Conradus
2226 5279 2342 5323 rear.
2399 5266 2575 5330 capite
2622 5267 2735 5331 27.)
2796 5265 3031 5319 Sanctus
3090 5262 3393 5334 Gregorius
3424 5262 3608 5316 dicit:

1917 5352 2199 5407 Clericum
2255 5350 2567 5421 fugientem
2625 5353 2694 5406 ab
2753 5354 2997 5407 Ecclesia
3055 5371 3177 5419 sua,
3234 5352 3318 5405 vel
3384 5368 3607 5403 servum

1915 5441 2230 5511 fugientem
2280 5439 2575 5494 dominum
2613 5442 2933 5510 proprium,
2978 5447 3032 5495 et
3063 5443 3351 5495 nolentem
3386 5439 3607 5501 reverti,

1911 5530 2233 5600 judicamus
2310 5528 2711 5581 communione
2797 5530 3031 5597 privari,
3100 5530 3474 5599 quoadusque
3541 5527 3612 5580 ad

1916 5617 2209 5689 propriam
2256 5615 2577 5679 Ecclesiam,
2614 5616 2701 5668 vel
2731 5615 2801 5669 ad
2852 5615 3151 5669 dominum
3196 5633 3363 5670 suum
3397 5617 3608 5670 redeat.

3219 5726 3301 5783 28
