3944 6310
294 330 396 382 875

1372 318 1459 372 BU
1471 316 1778 371 RCHARDI
1823 309 2355 368 WORMACIENSIS
2394 307 2729 364 EPISCOPI.

3692 298 3798 351 876

297 453 361 505 Et
406 449 543 505 item
577 466 590 504 :
619 448 901 505 Clericum
942 444 1247 515 fugitivum
1294 457 1397 497 suo
1443 441 1707 510 episcOpo
1751 437 1838 491 vel
1888 436 1986 490 do-
2013 436 2058 489 Α
2099 435 2183 488 vel
2213 428 2717 495 excom'municari,
2749 442 2867 481 una
2893 440 3024 479 cum
3049 423 3162 478 illis
3201 420 3302 493 qui
3331 422 3382 475 ei
3409 418 3801 474 communica-

294 539 453 593 mino
496 554 599 592 suo
656 533 1016 591 decernimus
1047 529 1360 602 apostolica
1409 527 1693 583 sententia
1737 524 1984 592 restitui,

2096 523 2301 576 verint.

1646 665 1822 705 FINIS
1866 662 2046 704 LIBRI
2094 659 2434 702 UNDECIMI.

1053 935 1347 1010 INDEX
1404 928 2092 1006 CAPITULORUM
2147 924 2399 999 LIBRI
2463 915 3030 994 DUODECIMI.

301 1127 428 1180 Cm.
488 1128 531 1178 1.
567 1124 634 1176 Ut
661 1117 1002 1189 multiplicia
1046 1132 1261 1187 genera
1284 1114 1748 1185 juramentorum
1789 1109 1990 1164 exstir-

369 1217 596 1284 pentur.

298 1304 350 1353 2.
397 1300 472 1353 De
498 1297 611 1350 illis
644 1295 744 1366 qui
775 1310 990 1348 nomen
1026 1291 1126 1346 Dei
1159 1291 1218 1344 in
1250 1304 1459 1343 vanum
1492 1291 1744 1342 sumunt.

301 1392 352 1442 3.
398 1388 475 1441 De
529 1384 644 1439 illis
701 1382 803 1454 qui
859 1398 964 1453 per
1038 1379 1415 1450 cupiditatem
1472 1376 1794 1449 perjurium
1846 1374 1992 1427 fece-

373 1476 507 1529 rint.
946 1482 953 1495 λ

299 1567 353 1619 4.
395 1565 474 1618 De
505 1561 617 1615 illis
664 1559 767 1631 qui
817 1557 1154 1630 jubentibus
1201 1554 1448 1611 dominis
1504 1553 1621 1608 suis
1669 1549 1991 1624 periurium

375 1651 635 1706 fecerint.

305 1740 356 1790 5.
402 1738 481 1790 De
512 1733 626 1787 illis
676 1730 777 1802 qui
805 1731 1067 1802 pejerant
1114 1745 1172 1783 se
1201 1728 1262 1782 in
1291 1742 1469 1780 manu
1509 1723 1781 1796 episcopi,
1812 1721 1999 1777 autin

378 1838 543 1877 cruce
574 1824 920 1885 consecrata,
950 1821 1049 1871 aut
1077 1833 1196 1885 non
1229 1817 1572 1870 consecrata.

306 1915 357 1966 6.
403 1911 482 1964 De
529 1908 645 1962 illis
686 1907 787 1978 qui
833 1884 939 1978 pro
968 1884 1104 1960 vita‘
1126 1903 1457 1959 redimenda
1492 1900 1811 1973 perjurium
1855 1899 2003 1954 fece-

379 1998 515 2052 rint.

310 2092 363 2141 7.
406 2087 485 2140 De
548 2083 662 2138 illis
727 2081 827 2154 qui
886 2079 1093 2150 injuste
1163 2083 1296 2134 vota
1353 2079 1686 2150 juramento
1751 2072 2006 2131 ﬁrmave-

383 2177 536 2227 runt.

313 2265 367 2316 8.
410 2263 487 2315 De
518 2260 715 2316 eadem
749 2274 832 2313 re.

314 2353 367 2404 9.
409 2348 572 2413 Quod
627 2348 774 2401 Deus
828 2346 908 2399 sic
930 2344 1262 2416 juramenta
1298 2343 1639 2413 perceperit,
1675 2346 1736 2395 ut
1788 2320 1883 2395 ille
1914 2340 2007 2395 cui

378 2437 573 2507 jurata
600 2435 830 2489 fuerint.

320 2528 405 2579 10.
448 2526 527 2579 De
556 2523 670 2578 illis
698 2522 798 2593 qui
820 2539 879 2576 se
904 2522 1150 2576 scienter
1177 2520 1582 2593 pejeraverint.

320 2616 403 2667 11.
446 2613 608 2677 Quod
640 2611 1032 2681 unusquisque
1060 2610 1292 2681 jejunus
1315 2610 1511 2680 jurare
1537 2606 1755 2662 debeat.

320 2700 401 2750 12.
447 2698 526 2751 De
556 2698 759 2751 eadem
790 2712 872 2749 re.

319 2788 405 2840 13.
446 2785 684 2850 Qualem
713 2782 1112 2855 paenitentiam
1134 2779 1355 2852 perjuri
1385 2782 1640 2849 accipere
1671 2778 1934 2833 debeant.

322 2874 405 2928 14.
448 2874 527 2928 De
571 2873 686 2926 illis
715 2872 816 2943 qui
844 2887 948 2942 per
978 2871 1248 2941 capillum
1297 2869 1418 2932 Dei,
1469 2870 1569 2922 aut
1597 2871 1769 2938 caput
1793 2866 2009 2937 jurant,

2172 1105 2261 1158 vel
2291 1102 2403 1157 alio
2435 1100 2608 1155 modo
2653 1094 3014 1167 blasphemia
3061 1094 3263 1147 contra
3292 1091 3473 1144 Deum
3504 1087 3807 1141 immorta-

2174 1195 2287 1248 lem
2317 1195 2579 1245 utuntur.

2110 1286 2190 1337 125.
2236 1283 2315 1336 De
2342 1279 2668 1350 juramento
2697 1271 2951 1329 Herodis.

2108 1373 2190 1425 16.
2240 1371 2319 1423 De
2351 1367 2463 1421 illis
2509 1364 2609 1437 qui
2652 1363 2853 1417 odium
2898 1358 3318 1430 sempiternum
3361 1356 3517 1409 inter
3563 1367 3622 1406 se
3650 1351 3815 1422 jura-

2174 1463 2370 1512 mento
2405 1451 2780 1509 ﬁrmaverint.

2107 1550 2192 1601 17.
2237 1547 2315 1599 De
2344 1543 2460 1597 illis
2491 1542 2591 1613 qui
2618 1540 2847 1594 incaute
2872 1534 3213 1609 juraverint.

2110 1637 2194 1689 18.
2239 1631 2491 1697 Qualiter
2519 1628 2838 1683 sacerdotes
2858 1627 3056 1697 jurare
3080 1623 3346 1678 debeant.

2114 1725 2195 1778 19.
2237 1722 2359 1785 Quo
2387 1724 2652 1789 tempore
2676 1718 2873 1787 jurare
2904 1715 3092 1768 liceat.

2028 1846 2070 1900 Β
2240 1776 2317 1864 De
2347 1810 2459 1863 illis
2489 1776 2588 1878 qui
2619 1776 3037 1860 sacramentum
3069 1776 3219 1872 regis
3249 1796 3483 1853 violant.

2111 1900 2201 1952 21.
2245 1898 2323 1950 De
2357 1895 2556 1950 eadem
2582 1910 2665 1948 re.

2114 1989 2204 2042 22.
2246 1986 2326 2063 De
2356 1985 2456 2038 illo
2500 1982 2601 2054 qui
2643 1980 2889 2036 audierit
2916 1993 3113 2034 vocem
3141 1971 3476 2047 pejerantis,
3507 1974 3564 2026 et
3609 1985 3818 2025 assen-

2185 2088 2312 2126 sum
2339 2070 2574 2142 praebet.

2115 2164 2202 2217 23.
2250 2162 2323 2214 De
2354 2161 2465 2214 hoc
2508 2158 2662 2230 quod
2689 2156 2994 2228 Apostolus
3024 2152 3303 2224 Spiritum
3346 2152 3607 2205 sanctum
3650 2146 3819 2202 testi-

2098 2252 2104 2259 ’
2186 2250 2385 2304 ﬁcatus
2413 2253 2516 2302 est.

2114 2338 2204 2394 24.
2248 2338 2327 2392 De
2352 2337 2553 2391 eadem
2586 2351 2664 2388 re.

2116 2431 2207 2482 25.
2250 2426 2410 2492 Quod
2441 2424 2698 2480 deﬁnitio
2727 2422 2942 2493 injusta
2971 2419 3241 2474 solvenda
3275 2417 3364 2472 sit.

2117 2520 2205 2571 26.
2253 2518 2330 2570 De
2360 2516 2560 2569 eadem
2593 2529 2672 2567 re.

2120 2609 2208 2658 2‘7.
2254 2605 2331 2657 De
2364 2604 2563 2657 eadem
2592 2618 2672 2654 re.

2118 2692 2206 2744 28.
2252 2690 2323 2744 Ut
2351 2688 2618 2742 omnibus
2650 2685 2836 2740 modis
2868 2683 3187 2738 cavendum
3218 2680 3291 2735 sit
3320 2678 3709 2734 mendacium.

2119 2780 2209 2833 29.
2247 2779 2390 2831 Item
2421 2777 2491 2831 de
2518 2777 2866 2848 iuramento.

2583 2863 2785 2919 Indicis
2815 2859 3176 2931 capitulorum
3205 2860 3351 2929 ﬁnis.

1661 3147 2499 3256 BUBCHABDI

1314 3356 1720 3412 ECCLESI/E
1768 3350 2407 3410 WORMACIENSIS
2454 3348 2829 3405 EPISCOPI

330 3542 1679 3699 DECRETORUM
1815 3537 2405 3685 LIBER
2548 3526 3830 3679 DUODECIMUS

1794 3818 1893 3883 DE
1942 3817 2351 3884 PERJURIO.

816 4151 1298 4211 ARGUMENTUM
1336 4150 1544 4207 LIBRI.

409 4252 576 4307 Libro
621 4249 729 4303 hoc
770 4246 838 4300 de
870 4245 1201 4315 juramento
1250 4244 1306 4294 et
1356 4236 1629 4310 perjurio,
1682 4236 1751 4292 de
1787 4233 2027 4307 jurandi

336 4339 603 4396 facilitate
664 4334 903 4405 ejusque
976 4329 1251 4402 periculo,
1318 4327 1501 4399 deque
1547 4323 1826 4396 improbis
1866 4322 2032 4393 jura-

337 4427 546 4484 mentis
575 4420 956 4493 infringendis
986 4419 1193 4490 agitur.

339 4521 466 4571 CAP.
551 4514 596 4568 Ι.
665 4540 734 4554 —-
818 4512 885 4565 Ut
948 4507 1276 4575 multiplicia
1341 4519 1540 4572 genera
1594 4501 2029 4570 juramentorum

1001 4580 1363 4647 extirpmtu-r.

410 4674 530 4742 (Em
584 4671 806 4727 concilio
863 4666 1143 4733 Meldensi,
1201 4667 1379 4735 capite
1437 4663 1547 4729 10.)
1603 4661 1672 4714 Ut
1728 4657 2031 4729 multiplex

332 4763 818 4833 juramentorum,
851 4761 907 4810 et
949 4753 1343 4825 perjuriorum
1390 4747 1673 4814 confusio,
1722 4763 1827 4818 per
1858 4763 2031 4817 quam

339 4851 536 4906 multa:
578 4847 838 4903 ﬁdelium
885 4843 1092 4899 animae
1122 4842 1183 4895 in
1227 4842 1350 4894 toto
1404 4838 1515 4892 hoc
1556 4852 1737 4907 regno
1791 4835 2031 4906 perditae

340 4957 458 4995 esse
505 4940 836 5003 noscuntur,
884 4948 1058 5005 quam
1108 4930 1181 4984 sit
1224 4925 1556 4983 detestanda
1597 4930 1653 4978 et
1685 4926 1799 4978 Deo
1848 4923 2030 4978 odibi-

337 5030 427 5097 lis,
463 5030 713 5082 attentus
761 5022 1028 5077 omnibus
1061 5015 1456 5072 annuntietnr.
1505 5014 1749 5068 Tantum
1781 5028 2031 5082 namque

339 5119 450 5173 hoc
482 5117 699 5171 malum
736 5116 838 5177 est,
874 5115 935 5164 ut
968 5108 1039 5162 ad
1075 5102 1400 5159 sanctuaria
1446 5105 1766 5172 martyrum
1812 5100 1910 5155 ubi
1939 5100 2033 5155 di-

339 5219 635 5261 versorum
693 5197 1066 5271 aegritudines
1122 5196 1419 5258 sanantur,
1470 5190 1552 5245 ibi
1610 5189 1847 5260 perjuri,
1905 5188 2035 5242 licet

342 5293 641 5349 manifeste
686 5288 973 5343 interdum
1005 5281 1199 5337 vexari
1246 5296 1363 5334 non
1395 5279 1715 5345 videantur,
1742 5279 1901 5347 justo
1933 5276 2034 5332 Dei

226 5438 237 5451 ,
338 5382 553 5453 judicio
598 5397 631 5433 a
674 5374 1033 5432 dazmonibus
1086 5369 1453 5440 arripiantur.
1503 5370 1570 5421 Et
1612 5367 1760 5421 sicut
1806 5371 2034 5420 sanctus

343 5470 483 5526 dicit
511 5465 834 5538 Gregorius,
880 5461 950 5515 ad
983 5460 1191 5514 horum
1236 5472 1471 5527 corpora
1519 5455 1659 5526 aegri
1714 5454 1950 5509 veniunt
1980 5460 2035 5508 et

343 5561 638 5624 curantur,
669 5560 725 5609 et
755 5549 973 5623 perjuri
1000 5564 1028 5602 θ
1058 5545 1346 5602 daemonio
1379 5550 1672 5621 vexantur.

2060 4146 2100 4201 C
2140 4146 2267 4200 CAP.
2313 4144 2382 4198 Il.
2430 4174 2497 4182 —
2527 4146 2600 4198 De
2627 4144 2743 4198 illis
2786 4143 2883 4212 qui
2908 4156 3098 4196 nomen
3128 4141 3235 4194 Dei
3262 4141 3321 4193 in
3346 4153 3547 4194 vanum
3585 4143 3832 4193 sumunt.

2209 4270 2320 4337 (Em
2364 4269 2526 4324 dictis
2574 4266 2913 4336 Hieronym.)
2971 4266 3258 4320 Habemus
3310 4263 3373 4317 in
3424 4263 3550 4331 lege
3602 4262 3837 4316 Domini

2135 4358 2454 4429 scriptum:
2485 4359 2612 4411 Non
2656 4356 2940 4427 pejerabis
2968 4355 3027 4409 in
3072 4353 3306 4409 nomine
3356 4367 3509 4417 meo,
3556 4367 3663 4405 nec
3709 4352 3837 4422 pol-

2137 4447 2260 4500 lues
2311 4462 2522 4500 nomen
2570 4444 2799 4499 Domini
2848 4445 2953 4498 Dei
2983 4443 3089 4508 tui,
3124 4448 3178 4497 et
3217 4458 3288 4496 ne
3336 4457 3592 4495 assumes
3622 4456 3840 4494 nomen

2139 4534 2239 4589 Dei
2270 4534 2353 4588 tui
2381 4535 2444 4588 in
2491 4549 2720 4588 vanum.
2777 4533 2911 4587 Ideo
2947 4530 3295 4586 admonendi
3335 4534 3470 4583 sunt
3517 4545 3744 4598 omnes,
3774 4534 3843 4582 ut

2137 4622 2441 4694 diligenter
2491 4629 2727 4677 caveant
2770 4620 3113 4693 perjurium,
3163 4634 3284 4673 non
3321 4619 3507 4673 solum
3537 4618 3599 4671 in
3649 4618 3842 4687 altari,

2138 4728 2243 4767 seu
2272 4715 2601 4765 sanctorum
2632 4710 2913 4781 reliquiis,
2946 4709 3044 4763 sed
3079 4712 3135 4762 et
3161 4707 3223 4762 in
3252 4705 3545 4761 communi
3582 4706 3841 4777 loquela.

2137 4801 2279 4855 Item
2327 4800 2644 4854 cavendum
2678 4804 2781 4865 est,
2828 4814 2901 4852 ne
2932 4797 3141 4869 aliquis
3172 4797 3298 4867 plus
3346 4811 3550 4850 aurum
3592 4795 3849 4851 honoret

2139 4905 2312 4960 quam
2360 4890 2559 4955 altare,
2610 4905 2681 4943 ne
2712 4887 2765 4942 ei
2798 4886 3077 4942 Dominus
3110 4885 3262 4940 dicat
3290 4901 3303 4940 :
3330 4884 3532 4951 Stulte,
3569 4883 3712 4955 quid
3759 4890 3849 4939 est

2139 4978 2346 5048 majus,
2379 4994 2582 5032 aurum
2614 4993 2687 5031 an
2712 4977 2890 5031 altare
2919 4976 3070 5046 quod
3104 4974 3417 5029 sanctificat
3446 4989 3673 5028 aurum.

2141 5102 2267 5158 CAP.
2302 5103 2399 5158 III.
2446 5133 2516 5141 —
2567 5105 2641 5157 De
2686 5104 2798 5157 illis
2849 5103 2947 5170 qui
2980 5116 3080 5169 per
3127 5099 3481 5169 cupiditatem
3526 5098 3849 5167 perjurium

2864 5173 3112 5239 fecerint.

2215 5278 2323 5350 (Ea:
2367 5279 2729 5349 paznitentiali
2761 5280 3043 5345 Romano.)
3078 5276 3135 5332 Si
3162 5275 3290 5347 quis
3323 5291 3426 5347 per
3466 5274 3850 5344 cupiditatem

2141 5368 2499 5438 pejeraverit,
2564 5384 2764 5421 omnes
2794 5383 2886 5420 res
2935 5383 3068 5421 suas
3115 5366 3343 5433 vendat,
3390 5363 3743 5436 pauperibus
3792 5370 3852 5419 et

2141 5456 2465 5521 distribuat,
2508 5459 2565 5509 et
2594 5455 3007 5510 monasterium
3044 5454 3355 5525 ingressus,
3399 5452 3528 5524 jugi
3556 5452 3849 5524 poeniten-

2141 5544 2235 5597 tiae
2269 5559 2328 5597 se
2360 5544 2582 5598 subdat.
