3944 6306
165 348 263 398 877

761 541 974 607 jurium
1003 545 1246 607 fecerint.

230 626 337 689 (Ea:
394 625 537 678 decr.
589 628 676 679 Pii
722 643 904 696 papae,
953 635 1131 698 capite
1190 634 1265 702 2.)
1305 634 1412 698 Qui
1444 640 1771 708 compulsus
1826 657 1859 693 a

162 712 396 766 domino
448 714 669 782 pejerat
721 732 776 768 se
807 717 1010 781 sciens,
1067 719 1294 790 utrique
1351 723 1464 776 sint
1516 727 1752 796 perjuri,
1805 733 1861 781 et

164 801 431 855 dominus
487 808 543 856 et
573 804 733 857 miles
776 805 1112 870 :dominus,
1167 809 1303 878 quia
1349 815 1624 883 praecepit
1671 815 1851 881 miles,

163 889 296 959 quia
339 890 468 960 plus
511 891 812 946 dominum
847 910 1022 964 quam
1077 896 1330 951 animam
1375 900 1593 956 dilexit.
1627 903 1684 957 Si
1712 903 1858 959 liber

159 982 260 1045 est,
314 978 694 1049 quadraginta
743 981 863 1034 dies
892 981 952 1034 in
1002 999 1151 1052 pane
1183 990 1240 1038 et
1281 1002 1430 1057 aqua
1477 991 1768 1059 paeniteat,
1804 997 1859 1047 et

159 1083 231 1120 vn
287 1072 590 1137 sequentes
632 1086 832 1123 annos.
885 1072 943 1126 Si
997 1089 1192 1127 servus
1237 1075 1358 1145 ejus
1391 1084 1494 1143 est,
1550 1083 1666 1134 tres
1716 1098 1855 1152 qua-

160 1156 508 1225 dragesimas
539 1161 594 1211 et
626 1158 909 1227 legitimas
935 1160 1104 1214 ferias
1136 1163 1427 1232 pmniteat.

160 1244 286 1298 CAP.
323 1245 384 1298 V.
418 1274 488 1328 -—.
513 1249 586 1299 De
633 1248 744 1300 illis
778 1251 874 1315 qui
914 1250 1250 1328 pejerantse
1278 1255 1337 1306 in
1383 1270 1548 1308 manu
1596 1260 1854 1328 episcopi,

335 1320 431 1370 aut
456 1320 512 1369 in
541 1333 695 1371 cruce
721 1327 1052 1385 consecrata,
1090 1327 1186 1376 aut
1214 1339 1320 1378 non
1348 1320 1675 1381 consecrata.

231 1405 340 1469 (Em
367 1407 732 1472 paenitentiali
781 1408 1041 1478 Thcodo.)
1069 1410 1177 1473 Qui
1225 1413 1444 1482 pejerat
1492 1430 1550 1468 se
1577 1415 1638 1468 in
1682 1433 1852 1470 manu

159 1491 433 1561 episcopi,
483 1499 581 1547 aut
633 1495 692 1547 in
743 1511 907 1550 cruce
954 1505 1300 1568 consecrata,
1331 1518 1393 1555 ιιι
1449 1519 1627 1558 annos
1672 1506 1856 1574 poeni-

161 1585 293 1635 teat.
327 1581 384 1635 Si
435 1599 565 1636 vero
607 1583 668 1636 in
695 1601 859 1638 cruce
891 1603 1006 1640 non
1039 1595 1383 1658 consecrata,
1427 1608 1643 1647 annum
1673 1611 1856 1649 unum

157 1670 448 1739 poeniteat.
511 1671 617 1734 Qui
667 1677 859 1726 autem
914 1676 1177 1730 seductus
1233 1679 1427 1748 fuerit,
1478 1685 1534 1734 et
1581 1681 1855 1751 ignorans

158 1774 217 1811 se
261 1759 621 1829 pejeraverit,
671 1767 727 1816 et
768 1767 966 1834 postea
1017 1767 1327 1836 cognoscit,
1360 1774 1474 1822 tres
1529 1771 1852 1843 quadrage—
1884 1771 1924 1824 B

156 1847 330 1901 simas
362 1849 652 1917 poeniteat.

156 1936 286 1990 CAP.
318 1937 409 1991 VI.
439 1967 508 1979 —
544 1941 617 1993 De
646 1941 758 1995 illis
786 1943 1163 2019 qui_pro_vita
1190 1945 1509 2001 redimenda
1539 1949 1853 2019 perjurium

872 2014 1119 2078 fecerint.

222 2097 332 2162 (Er
362 2099 723 2166 pcrnitentiali
769 2101 1050 2172 Romano.)
1082 2102 1139 2156 Si
1169 2103 1296 2174 quis
1333 2111 1558 2159 coactus
1584 2124 1688 2176 pro
1736 2109 1852 2162 vita

153 2185 509 2254 redimenda,
542 2188 628 2241 vel
659 2204 762 2257 pro
794 2190 1050 2258 qualibet
1081 2208 1269 2258 causa,
1306 2195 1396 2246 vel
1426 2196 1759 2250 necessitate
1790 2214 1849 2252 se

151 2273 412 2342 pejerat:
447 2274 582 2344 quia
625 2276 754 2345 plus
783 2292 988 2347 corpus
1037 2295 1209 2349 quam
1260 2281 1514 2336 animam
1553 2285 1848 2356 dilexerat,

151 2365 266 2413 tres
320 2362 805 2433 quadragesimae.
841 2366 952 2419 Alii
979 2366 1241 2436 judicent
1275 2374 1390 2425 tres
1422 2389 1622 2439 annos,
1670 2391 1850 2431 unum

153 2465 219 2502 ex
251 2449 341 2503 bis
372 2450 432 2504 in
461 2468 606 2521 pane
638 2457 692 2506 et
722 2470 892 2524 aqua,
918 2456 1218 2525 paeniteat.

151 2540 284 2594 CAP.
319 2539 431 2592 VII.
466 2569 534 2580 —
577 2545 650 2596 De
679 2543 789 2596 illis
818 2545 915 2613 qui
942 2545 1151 2670 injutsta
1175 2550 1299 2600 vota
1323 2548 1633 2616 juramento
1660 2554 1846 2620 ﬁrma-

903 2631 1052 2668 verm
1095 2659 1099 2664 .

903 2631 1099 2668 veram.

220 2697 331 2768 (Ea:
361 2701 589 2754 concilio
629 2701 893 2769 Toletum,
945 2707 1119 2773 capite
1164 2705 1239 2777 9.)
1287 2707 1522 2762 Necesse
1555 2709 1707 2764 enim
1739 2716 1842 2780 est,

148 2791 212 2839 ut
259 2787 406 2840 male
432 2787 655 2857 jurans,
702 2789 932 2860 dignam
968 2793 1365 2862 paenitentiam
1395 2802 1548 2866 agat,
1595 2815 1660 2850 eo
1693 2800 1846 2869 quod

148 2890 364 2928 nomen
402 2876 629 2930 Domini
681 2884 877 2932 contra
911 2886 1265 2951 praeceptum
1299 2883 1452 2937 illius
1497 2887 1742 2955 sumpsit.
1784 2888 1844 2941 in

144 2979 361 3016 vanum
395 2979 407 3017 :
444 2965 576 3035 quia
608 2965 668 3018 in
707 2967 894 3021 Exodo
939 2969 1215 3038 scriptum
1249 2976 1334 3024 est
1366 2988 1378 3026 :
1414 2973 1526 3027 Nec
1575 2975 1728 3028 enim
1761 2975 1846 3028 in-

1052 353 1520 414 DECRETORUM
1565 361 1750 417 LIBRI
1786 364 1894 419 XX.
1927 397 1996 404 —
2037 369 2249 425 LIBER
2288 373 2759 434 DUODECIMUS.

163 467 288 518 CAP.
321 466 410 519 IV.
457 495 523 506 —
557 466 638 520 De
682 468 792 552 illis
841 472 938 552 qui
958 471 1276 564 jtibentibus
1318 476 1551 532 dominis
1591 483 1706 535 suis
1730 497 1856 550 per-
1883 491 1924 542 A
1963 503 2082 541 esse
2107 488 2167 542 in
2200 507 2316 558 ore,
2349 495 2464 562 Est,
2499 501 2604 564 est,

2641 500 2782 563 Non,
2823 519 2958 557 non.
2992 508 3251 578 Amplius
3295 515 3450 569 enim
3487 535 3658 589 quam

1966 581 2071 644 est,
2105 583 2160 632 et
2190 595 2306 634 non
2339 588 2441 646 est,
2491 601 2524 637 a
2556 588 2706 640 malo
2739 595 2838 642 est.
2875 593 3033 647 Multi
3067 603 3127 650 ut
3150 598 3349 653 fallant
3382 581 3660 676 pejeOrant,

1964 669 2027 717 ut
2056 683 2158 735 per
2204 669 2376 723 ﬁdem
2427 678 2769 730 sacramenti
2817 679 2991 734 ﬁdem
3045 684 3258 740 faciant
3306 669 3609 749 verborum
3647 713 3658 751 :

1966 752 2157 824 sicque
2208 757 2456 812 fallendo
2515 762 2652 816 dum
2709 768 2986 838 pejerant,
3039 778 3094 826 et
3144 777 3518 849 mentiuntur,
3567 786 3665 838 ho-

1963 841 2180 896 minem
2229 847 2524 902 incautum
2577 851 2886 922 decipiunt.
2939 859 3234 916 Interdum
3270 871 3326 920 et
3373 868 3530 922 falsis
3578 873 3662 925 la-

1965 931 2174 999 crymis
2219 934 2439 988 seducti
2483 937 2822 1009 decipimur,
2856 950 2911 997 et
2942 948 3194 1002 creditur
3225 951 3362 1006 dum
3411 958 3658 1027 plorant,

1965 1018 2172 1086 quibus
2221 1023 2568 1079 credendum
2618 1044 2736 1081 non
2769 1040 2908 1087 erat.
2952 1035 3300 1109 Plerumque
3341 1043 3464 1098 sine
3502 1048 3660 1117 jura-

1965 1111 2158 1160 mento
2217 1109 2377 1180 loqui
2427 1113 2808 1186 disponimus,
2861 1123 2956 1175 sed
3005 1123 3408 1185 incredulitate
3459 1109 3662 1190 eorum

1964 1194 2062 1265 qui
2094 1212 2212 1249 non
2255 1200 2493 1254 credunt
2522 1204 2673 1273 quod
2707 1207 2970 1278 dicimus,
3006 1211 3200 1280 jurare
3235 1222 3657 1292 compellimur,

1963 1283 2176 1354 talique
2220 1289 2555 1343 necessitate
2593 1293 2829 1362 jurandi
2878 1305 3352 1360 consuetudinem
3401 1310 3658 1367 facimus.

1963 1371 2106 1426 Sunt
2153 1376 2319 1428 multi
2368 1379 2436 1431 ad
2469 1381 2819 1438 credendum
2859 1386 3029 1457 pigri,
3061 1391 3158 1460 qui
3208 1410 3323 1448 non
3356 1403 3662 1455 moventur

1964 1461 2033 1512 ad
2065 1461 2239 1514 ﬁdem
2272 1464 2474 1520 verbis.
2511 1466 2768 1523 Graviter
2798 1480 2988 1528 autem
3017 1477 3375 1550 delinquunt,
3424 1487 3522 1556 qui
3553 1490 3658 1544 sibi

1963 1547 2262 1617 loquentes
2301 1552 2497 1620 jurare
2530 1563 2758 1626 cogunt.
2807 1560 3156 1635 Quacumque
3190 1547 3322 1622 ‘arte
3353 1547 3660 1632 verborum

1963 1635 2206 1706 quisque
2251 1639 2426 1708 juret,
2472 1643 2620 1696 Deus
2676 1651 2890 1713 tamen,
2941 1652 3042 1720 qui
3095 1657 3456 1714 consuientia:
3503 1666 3658 1719 testis

1965 1728 2066 1790 est,
2113 1725 2195 1778 ita
2245 1727 2353 1780 hoc
2384 1730 2605 1801 accipit,
2659 1733 2805 1788 sicut
2835 1735 2932 1790 ille
2963 1739 3053 1792 cui
3093 1742 3325 1810 juratur
3354 1747 3647 1822 intelligit.

1962 1813 2276 1882 Dupliciter
2330 1823 2522 1872 autem
2567 1836 2696 1874 reus
2742 1824 2868 1890 erit,
2933 1828 3028 1896 qui
3082 1833 3137 1883 et
3182 1833 3284 1886 Dei
3333 1813 3572 1892 nomenv
3596 1842 3655 1896 in

1960 1917 2172 1955 vanum
2219 1904 2486 1972 adsumit,
2535 1913 2591 1961 et
2644 1913 2972 1978 proximum
3023 1917 3153 1972 dolo
3193 1922 3362 1991 capit.
3419 1927 3542 1981 Non
3575 1935 3659 1984 est

1961 1992 2410 2046 conservandum
2469 2004 2890 2055 sacramentum
2941 2007 3094 2072 quod
3156 2011 3373 2066 malum
3427 2019 3654 2073 incaute

1960 2079 2334 2148 promittitur,
2384 2084 2560 2137 veluti
2592 2086 2640 2139 si
2667 2087 2952 2157 quispiam
3002 2093 3275 2152 adulterae
3316 2109 3653 2171 perpetuam

1959 2181 2090 2218 cum
2138 2184 2203 2221 ea
2257 2174 2634 2239 permanendi
2672 2174 2846 2230 ﬁdem
2878 2180 3234 2249 polliceatur.
3281 2189 3654 2248 Tolerabilius

1959 2258 2042 2306 est
2089 2255 2242 2309 enim
2276 2274 2389 2311 non
2433 2259 2674 2330 implere
2705 2273 3145 2335 sacramentum,
3200 2289 3374 2344 quam
3426 2295 3651 2349 perma-

1959 2358 2094 2397 nere
2139 2343 2199 2397 in
2231 2347 2414 2416 stupri
2442 2348 2680 2420 ﬂagitio.
2725 2353 2943 2423 Jurare,
2981 2362 3065 2411 est
3099 2359 3196 2414 Dei
3223 2343 3323 2416 illa
3355 2343 3654 2434 providen-

1955 2430 2055 2497 tia,
2107 2449 2231 2502 quae
2261 2436 2456 2490 statuit
2486 2453 2600 2491 non
2646 2442 2884 2496 evellere
2928 2449 3155 2502 statuta.
3189 2430 3529 2509 Pmnitentia
3559 2474 3654 2510 au-

1955 2523 2072 2572 tem
2128 2521 2243 2586 Dei,
2306 2539 2494 2577 rerum
2531 2528 2772 2582 mutatio
2819 2535 2917 2585 est.
2956 2534 3078 2587 Non
3124 2538 3402 2606 pmnitere
3434 2549 3648 2612 autem,

1958 2612 2165 2662 statuta
2211 2626 2326 2664 non
2385 2629 2668 2683 revocare,
2721 2622 2781 2670 ut
2829 2625 2914 2674 est
2964 2622 3104 2676 illud
3148 2627 3409 2682 :Juravit
3463 2632 3651 2686 Domi-

1955 2712 2060 2749 nus
2095 2701 2150 2750 et
2192 2715 2307 2752 non
2350 2702 2653 2770 pmnitebit
2681 2721 2833 2775 eum,
2882 2709 2941 2762 id
2973 2715 3074 2778 est,
3123 2729 3250 2783 quas
3274 2715 3490 2786 juravit
3531 2736 3650 2775 non

1953 2786 2216 2839 mutabit.

2071 2875 2198 2928 CAP.
2229 2877 2315 2930 XI.
2348 2908 2416 2916 -—
2440 2881 2516 2933 De
2545 2881 2655 2934 illis
2687 2885 2782 2950 qui
2811 2886 3039 2940 scienter
3069 2903 3124 2942 se
3143 2891 3526 2959 pejeraveri-nt.

2027 2962 2132 3031 (Ex
2161 2968 2519 3032 pcenitentiali
2577 2971 2832 3042 Theodo.)
2874 2974 2929 3027 Si
2962 2976 3088 3045 quis
3129 2980 3448 3049 suspicatur
3492 2987 3648 3056 quod

145 3057 368 3106 sontem
415 3053 651 3107 habebit
681 3056 958 3110 Dominus
1007 3075 1138 3111 eum
1169 3060 1270 3129 qui
1320 3063 1691 3131 assumpserit
1739 3081 1842 3117 no-
1875 3047 1914 3102 (ἶ
1954 3050 2023 3104 ad
2053 3053 2372 3143 Pf'llurium
2402 3055 2728 3127 inducatur,
2761 3068 2816 3114 θί
2846 3066 3038 3117 tamen
3071 3081 3137 3119 ex
3168 3083 3444 3124 consensu
3467 3075 3644 3143 λίπει»

145 3156 280 3194 men
331 3142 559 3194 Domini
608 3144 710 3196 Dei
754 3144 842 3198 sui
900 3146 1128 3200 frustra.
1175 3149 1241 3202 Et
1285 3147 1346 3201 in
1380 3150 1622 3204 Levitico
1670 3154 1841 3207 :Non

141 3229 432 3299 pejerabis
478 3229 540 3284 in
585 3232 815 3285 nomine
869 3249 1016 3300 meo,
1064 3251 1169 3288 nec
1207 3237 1429 3305 pollues
1477 3255 1684 3292 nomen
1730 3241 1840 3294 Do-

141 3318 288 3371 mini
336 3318 437 3372 Dei
488 3318 594 3388 tui,
637 3336 742 3389 ego
777 3322 1074 3377 Dominus.
1108 3325 1321 3379 Malum
1358 3330 1552 3380 tamen
1584 3329 1735 3398 quod
1761 3329 1842 3383 fa-

141 3412 371 3461 cturum
402 3425 461 3461 se
489 3415 844 3464 sacramento
876 3411 1199 3480 devoverat,
1226 3413 1462 3469 omnino
1494 3433 1608 3470 non
1631 3418 1837 3486 faciat,

140 3495 278 3566 quia
306 3497 480 3550 stulta
509 3502 636 3551 vota
665 3499 981 3567 frangenda
1011 3507 1159 3556 sunt.

571 3586 696 3639 CAP.
735 3588 873 3642 VIII.
905 3619 973 3627 —
1005 3593 1080 3643 De
1119 3590 1302 3644 eadem
1333 3607 1408 3646 re.

211 3671 323 3742 (Ea:
340 3673 482 3728 decr.
507 3674 748 3729 Fabiani
761 3692 941 3745 papae,
967 3681 1143 3747 capite
1168 3678 1280 3749 11.)
1304 3679 1640 3751 Quicunque
1658 3681 1839 3736 sciens

139 3777 196 3814 se
227 3761 591 3831 pejeraverit,
645 3765 1024 3835 quadraginta
1053 3766 1172 3820 dies
1215 3767 1272 3820 in
1303 3784 1449 3837 pane
1501 3773 1556 3822 et
1583 3786 1749 3840 aqua,
1784 3775 1840 3824 et

139 3856 360 3919 septem
400 3865 583 3903 annos
639 3857 944 3921 sequentes
992 3853 1289 3923 poeniteat,
1323 3861 1377 3909 et
1419 3872 1719 3927 nunquam
1767 3858 1840 3912 sit

137 3936 260 3991 sine
308 3937 670 4008 pmnitentia,
723 3943 779 3993 et
808 3956 1106 4012 nunquam
1152 3943 1213 3995 in
1243 3943 1642 3999 testimonium
1687 3946 1837 4001 reci-

132 4025 351 4094 piatur,
388 4031 442 4080 et
465 4032 596 4097 post
617 4028 740 4081 11830
770 4031 1239 4086 communionem
1269 4033 1563 4104 percipiat.

469 4176 471 4180 ,
593 4117 723 4171 CAP.
767 4119 850 4172 IX.
882 4150 950 4157 —
981 4122 1054 4174 De
1094 4121 1277 4175 eadem
1305 4137 1382 4176 re.

206 4206 318 4271 (Ex
348 4203 492 4258 decr.
524 4206 734 4274 Pelagii
759 4222 937 4276 papae,
971 4211 1148 4277 capite
1200 4211 1311 4278 11.)
1345 4209 1402 4264 Si
1433 4211 1562 4281 quis
1589 4227 1648 4265 se
1679 4213 1834 4283 peje-

1949 3155 2020 3192 XL
2067 3139 2188 3193 dies
2223 3143 2517 3211 poeniteat,
2569 3151 2622 3199 et
2673 3165 2750 3201 vn
2797 3158 3098 3220 sequentes
3146 3171 3348 3229 annos,
3398 3139 3646 3218 et'nun;

1950 3243 2122 3297 quam
2157 3229 2230 3283 sit
2260 3231 2382 3284 sine
2411 3232 2571 3302 gravi
2600 3237 2957 3304 poenitentia.

1950 3334 2079 3387 CAP.
2135 3336 2245 3389 XII.
2299 3367 2360 3376 —-
2420 3340 2571 3405 Quod
2621 3346 2993 3467 unuiquisque
3041 3348 3267 3418 jejunus
3309 3353 3506 3421 jurare
3553 3358 3644 3412 de-

2780 3431 2840 3466 ea
2873 3455 2884 3467 .

2780 3431 2884 3467 eat.

2020 3492 2138 3564 (Ea-
2168 3494 2309 3548 decr.
2345 3498 2590 3552 Cornelii
2613 3515 2790 3569 papa,
2825 3506 3002 3571 capite
3024 3507 3096 3575 5.)
3123 3506 3227 3562 Sed
3259 3514 3316 3564 et
3344 3512 3509 3568 nobis
3536 3516 3642 3571 ho—

1950 3585 2177 3634 nestum
2234 3583 2407 3636 etiam
2460 3590 2517 3638 et
2539 3586 2756 3654 justum
2801 3589 3042 3662 videtur,
3091 3599 3154 3648 ut
3201 3597 3300 3666 qui
3329 3598 3388 3652 in
3435 3604 3643 3658 sanctis

1948 3669 2120 3722 audet
2141 3669 2337 3739 jurare
2367 3672 2472 3726 hoc
2511 3676 2745 3745 jejunus
2777 3677 2965 3747 faciat,
2995 3699 3125 3736 cum
3155 3686 3310 3739 omni
3342 3688 3638 3762 honestate
3685 3680 3688 3684 ’

1949 3759 2003 3807 et
2027 3755 2235 3812 timore
2270 3759 2390 3826 Dei,
2437 3766 2494 3816 et
2525 3768 2589 3817 ut
2617 3766 2783 3834 pueri
2819 3773 2951 3822 ante
2983 3775 3412 3842 quatuordecim
3460 3760 3639 3836 annos

1949 3860 2065 3898 non
2093 3853 2372 3917 cogantur
2391 3850 2609 3920 jurare.

2381 3940 2507 3993 CAP.
2533 3942 2672 3996 XIII.
2704 3972 2777 3984 —
2801 3945 2882 3998 De
2913 3948 3096 4002 eadem
3124 3967 3199 4006 re.

2018 4022 2126 4092 (Ea:
2168 4027 2387 4080 concilio
2406 4030 2657 4104 .Aureliq
2702 4036 2878 4102 capite
2918 4039 3022 4106 10.)
3053 4039 3118 4091 Et
3170 4041 3279 4095 hoc
3307 4049 3502 4098 sancta
3543 4063 3641 4118 sy-

1947 4111 2133 4164 nodus
2180 4113 2447 4182 decrevit,
2505 4118 2614 4171 nisi
2656 4136 2758 4188 pro
2813 4139 2951 4191 pace
2999 4126 3277 4196 facienda,
3330 4137 3396 4186 ut
3441 4111 3640 4190 omnes

1945 4197 2140 4252 ﬁdeles
2165 4200 2353 4271 jejuni
2379 4203 2448 4256 ad
2475 4211 2825 4261 sacramenta
2855 4212 3138 4268 accedant.

131 4292 368 4358 raverit,
430 4295 485 4346 et
541 4293 681 4347 alios
736 4296 918 4348 sciens
978 4296 1037 4349 in
1093 4297 1413 4366 perjurium
1469 4299 1714 4366 duxerit,
1767 4317 1837 4355 XL
1875 4330 1918 4384 Ι)
1950 4306 2075 4359 CAP.
2105 4306 2236 4360 XIV.
2272 4336 2341 4348 —
2373 4310 2595 4374 Qualem
2620 4315 2996 4394 ptenitentiam
3019 4319 3242 4387 perjuri
3278 4327 3518 4394 accipere
3547 4328 3641 4382 de-

132 4380 255 4434 dies
288 4381 347 4434 in
376 4397 524 4451 pane
557 4387 613 4436 et
660 4399 830 4454 aqua,
879 4389 934 4438 et
960 4401 1037 4438 vn
1069 4390 1375 4456 sequentes
1431 4403 1612 4442 annos
1659 4391 1838 4459 poeni-

131 4473 270 4535 teat,
331 4473 387 4523 et
435 4486 735 4540 nunquam
801 4473 873 4526 sit
944 4473 1065 4527 sine
1113 4475 1470 4544 poenitentia.
1549 4477 1615 4529 Et
1662 4477 1757 4530 alii
1790 4477 1834 4530 si

131 4558 352 4611 conscii
413 4558 660 4626 fuerant,
728 4560 992 4615 similiter
1047 4563 1365 4632 poeniteant
1424 4581 1436 4617 :
1497 4564 1586 4618 sin
1645 4572 1835 4620 autem

133 4649 355 4718 singuli
384 4654 449 4703 ut
493 4651 814 4721 perjurium
844 4668 962 4706 non
990 4658 1189 4723 sponte
1237 4654 1622 4720 commissum,
1657 4657 1833 4726 poeni-

131 4743 310 4792 teant.

133 4827 264 4881 CAP.
321 4827 382 4880 X.
418 4843 500 4865 -·
527 4827 683 4902 Quod
732 4830 999 4902 sic_Deus
1045 4830 1361 4898 juramenta
1404 4835 1722 4902 perceperit,
1775 4837 1835 4888 ut

576 4899 662 4951 illi
699 4902 786 4952 cui
817 4900 1134 4968 iuramenta
1160 4905 1389 4966 fuerint.

206 4985 327 5057 (Ea:
359 4986 520 5040 dictis
546 4987 602 5042 S.
636 4987 880 5057 Isidori.)
913 4989 1069 5043 Sicut
1103 4991 1336 5043 mentiri
1369 5007 1483 5044 non
1514 4996 1705 5061 potest
1734 4991 1835 5063 qui

130 5090 249 5128 non
298 5074 573 5144 loquitur,
630 5075 708 5128 sic
740 5077 997 5146 pejerare
1049 5093 1164 5130 non
1195 5078 1449 5147 potuerit
1493 5079 1593 5150 qui
1641 5081 1834 5151 jurare

129 5179 251 5217 non
282 5163 520 5233 appetit.
575 5164 904 5221 Cavendum
942 5165 1123 5235 igitur
1154 5171 1238 5220 est
1281 5167 1700 5237 juramentum,
1732 5187 1836 5225 nec

131 5269 201 5305 eo
249 5253 554 5320 utendum,
607 5253 717 5307 nisi
749 5255 871 5308 sola
921 5255 1278 5310 necessitate.
1333 5257 1456 5310 Non
1514 5262 1596 5309 est
1638 5266 1836 5313 contra

131 5343 234 5394 Dei
282 5347 636 5412 praeceptum
681 5345 896 5412 jurure,
950 5345 1043 5398 sed
1078 5346 1214 5398 dum
1275 5362 1439 5398 usum
1490 5347 1717 5416 iurandi
1761 5350 1837 5402 fa-

130 5431 337 5493 cimus,
374 5431 613 5500 perjurii
664 5432 880 5485 crimen
932 5432 1298 5487 incurrimus.
1349 5435 1656 5504 Nunquam
1700 5452 1835 5507 ergo

126 5518 308 5588 jurat,
342 5517 444 5588 qui
489 5520 746 5589 pejerare
778 5520 963 5574 timet.
999 5521 1159 5575 Multi
1193 5522 1329 5575 dum
1375 5523 1712 5592 loquuntur,
1747 5526 1837 5595 ju-

135 5620 266 5659 rare
313 5621 540 5676 semper
570 5606 945 5676 delectantur,
996 5607 1133 5662 dum
1174 5612 1434 5679 oporteat
1480 5610 1583 5662 hoc
1615 5617 1834 5666 tantum

2712 4384 2886 4440 beant.

2017 4463 2123 4532 (Em
2149 4464 2289 4518 decr.
2317 4469 2639 4535 Eutychian.
2665 4486 2839 4540 papae,
2863 4477 3038 4542 capite
3065 4479 3173 4547 '26.)
3207 4481 3641 4543 Praedicandum

1947 4554 2030 4604 est
2078 4552 2268 4620 etiam,
2306 4560 2370 4608 ut
2415 4557 2735 4626 perjurium
2786 4561 2982 4615 ﬁdeles
3030 4571 3285 4636 caveant,
3340 4575 3396 4624 et
3423 4573 3493 4627 ab
3535 4574 3641 4629 hoc

1945 4655 2308 4711 summopere
2356 4644 2696 4714 abstineant,
2738 4648 2982 4704 scientes
3031 4653 3140 4706 hoc
3197 4659 3411 4726 grande
3460 4664 3642 4718 scelus

1947 4744 2086 4796 esse,
2135 4736 2192 4784 et
2221 4731 2282 4785 in
2329 4733 2472 4800 lege,
2523 4739 2578 4787 et
2613 4737 2932 4806 prophetis,
2969 4746 3025 4794 et
3066 4741 3126 4795 in
3160 4743 3466 4816 Evangelia
3501 4767 3640 4820 pro-

1944 4816 2210 4873 hibitum.
2265 4821 2602 4876 Audivimus
2657 4832 2848 4879 autem
2895 4830 3176 4898 quosdam
3221 4816 3639 4907 parvipendere

1945 4905 2053 4958 hoc
2077 4908 2278 4976 scelus,
2315 4915 2372 4964 et
2401 4911 2582 4965 levem
2616 4913 3047 4983 quodammodo
3080 4921 3328 4990 perjuris
3363 4905 3643 4994 poeniten-

1943 4994 2036 5047 tia:
2066 4997 2301 5051 modum
2326 4998 2644 5070 imponere.
2676 5001 2783 5066 Qui
2807 5004 2979 5058 etiam
3010 5023 3176 5062 nosse
3204 5011 3432 5082 debent,
3465 5017 3640 5070 talem

1947 5081 2015 5135 de
2045 5084 2296 5153 perjurio
2340 5089 2736 5157 paenitentiam
2783 5091 3077 5163 imponere
3133 5097 3358 5166 debere,
3410 5105 3640 5171 qualem

1946 5173 2001 5222 et
2029 5171 2098 5224 de
2129 5173 2431 5243 adulterio,
2464 5178 2532 5232 de
2563 5179 2960 5250 fornicatione,
3001 5183 3069 5238 de
3097 5185 3407 5242 homicidio
3439 5199 3640 5260 sponte

1947 5261 2274 5330 Commisso,
2309 5269 2364 5317 et
2407 5266 2474 5319 de
2517 5270 2737 5323 caeteris
2781 5271 3175 5328 criminalibus
3221 5276 3390 5332 vitiis.
3425 5280 3482 5333 Si
3514 5281 3640 5352 quis

1946 5365 2077 5402 vero
2146 5358 2469 5421 perpetrato
2534 5358 2809 5428 perjurio,
2881 5366 2976 5415 aut
3043 5364 3298 5434 quolibet
3355 5367 3640 5426 criminali

1946 5443 2196 5506 peccato,
2240 5441 2448 5495 timens
2498 5446 2895 5514 paenitentiam
2945 5451 3197 5521 longam,
3234 5455 3302 5508 ad
3333 5457 3640 5514 confessio-

1950 5543 2083 5580 nem
2137 5529 2331 5584 venire
2384 5533 2650 5602 noluerit,
2705 5537 2774 5590 ab
2828 5539 3076 5594 Ecclesia
3126 5545 3486 5613 repellendus
3533 5555 3638 5616 est,

1949 5618 2063 5668 sive
2097 5633 2125 5668 a
2155 5622 2563 5675 communione
2612 5629 2667 5678 et
2709 5629 2996 5681 0011:01‘tl0
3047 5631 3324 5697 ﬁdelium,
3364 5641 3423 5688 ut
3451 5639 3642 5694 nullus

3558 404 3661 456 878
3716 403 3721 408 ’
