3944 6306
321 341 423 394 879
484 326 491 333 ’

1391 327 1807 385 BURCHARDI
1849 321 2379 382 WORMACIENSIS
2418 319 2755 378 EPISCOPI.

3723 312 3831 366 880
3846 362 3851 363 ,

324 478 455 518 cum
486 477 553 515 eo
602 458 884 523 comedat,
920 458 1094 524 atque
1123 452 1300 518 bibat,
1333 465 1522 521 neque
1566 453 1707 517 oret,
1738 461 1927 517 neque
1957 444 2017 498 in
2055 447 2101 499 A
2128 458 2317 514 neque
2362 457 2465 512 per
2511 439 2740 505 caelum,
2795 451 2980 507 neque
3020 449 3125 505 per
3152 436 3386 500 terr-am,
3447 445 3636 501 neque
3666 427 3831 483 aliud

325 568 427 605 sua
459 549 634 603 domo
668 561 799 599 cum
828 542 1089 613 recipiat.

327 640 458 694 CAP.
491 638 595 690 XV.
630 665 699 672 —
728 636 802 687 De
830 632 941 684 illis
993 631 1091 697 qui
1118 643 1217 698 per
1256 627 1513 695 capillum
1554 626 1672 691 Dei,
1713 628 1810 676 aut
1858 625 2021 698 caput

390 708 606 777 jurant,
660 704 754 777 feel
819 704 926 755 alio
992 694 1146 753 modo
1212 694 1548 766 blasphemia
1603 700 1789 748 contra
1854 694 2020 746 Deum

400 776 753 832 immortalem
781 777 1028 827 utuntur.

403 864 523 936 (Em
547 863 690 916 decr.
723 862 808 914 Pii
834 874 1011 928 papas,
1059 859 1235 925 capite
1264 852 1341 925 5.)
1372 853 1429 908 Si
1461 852 1587 923 quis
1617 867 1722 922 per
1751 849 2019 919 capillum

332 953 458 1021 Dei,
502 951 590 1005 vel
621 954 788 1020 caput
830 944 1130 1016 juraverit,
1182 943 1270 997 vel
1316 941 1429 995 alio
1462 940 1632 994 modo
1665 937 2025 1008 blasphemia

332 1044 527 1096 contra
575 1039 921 1092 Deunrusus
966 1031 1162 1098 fuerit,
1208 1031 1253 1084 si
1284 1035 1370 1084 est
1399 1045 1464 1083 ex
1515 1027 1890 1082 ecclesiastico
1938 1040 2024 1078 or-

330 1130 484 1196 dine,
535 1126 897 1195 deponatur:
932 1121 979 1175 si
1025 1120 1224 1187 laicus,
1277 1116 1796 1172 anathematizetur
1828 1131 1839 1168 :
1874 1118 1930 1166 et
1978 1113 2025 1165 si

331 1216 463 1288 quis
509 1230 614 1286 per
666 1217 954 1267 creaturas
996 1208 1296 1280 juraverit,
1355 1205 1633 1259 acerrime
1693 1204 2021 1272 castigetur,

332 1310 388 1359 et
413 1305 578 1374 juxta
607 1302 667 1356 id
713 1299 866 1370 quod
901 1296 1151 1368 synodus
1193 1292 1593 1366 dijudicaverit
1640 1291 1933 1363 paeniteat.
1966 1288 2026 1343 Si

331 1381 471 1464 quis.
493 1394 688 1445 autem
716 1388 889 1441 talem
934 1384 1231 1439 hominem
1265 1399 1377 1436 non
1410 1378 1876 1445 manifestaverit,
1910 1393 2027 1431 non

332 1484 418 1535 est
476 1477 719 1534 dubium
776 1473 924 1545 quod
977 1471 1170 1526 divina
1226 1468 1701 1524 condemnatione
1761 1466 2027 1520 similiter

332 1572 683 1622 coerceatnr.
735 1565 800 1617 Et
840 1562 888 1616 si
934 1562 1235 1632 episcopus
1274 1559 1383 1613 ista
1427 1558 1732 1612 emendare
1762 1555 2027 1625 neglexe-

335 1656 427 1725 rit,
462 1672 495 1710 a
524 1651 739 1725 synodo
769 1650 1128 1721 corripiatur.

631 1743 757 1797 CAP.
788 1740 920 1793 XVI.
952 1768 1021 1778 —
1051 1741 1123 1793 De
1147 1736 1456 1806 juramenta
1488 1733 1733 1788 Herodis.

408 1831 521 1904 (Ea:
546 1830 705 1885 dictis
734 1827 1088 1895 Hieronym.)
1123 1826 1262 1879 Cum
1285 1824 1614 1894 juramenta
1641 1819 1925 1892 pollicitus
1946 1822 2031 1873 est

339 1918 589 1975 Herodes
640 1915 911 1971 saltatrici
957 1915 1092 1969 dare
1141 1912 1523 1983 quodcunque
1575 1910 1913 1980 postulasset
1958 1907 2028 1962 ab

339 2024 428 2062 eo.
478 2006 537 2062 Si
575 2006 647 2060 ob
693 2002 1100 2075 jusjurandum
1147 1998 1346 2054 fecisse
1399 2015 1458 2053 se
1504 1998 1641 2053 dicit
1673 2015 1686 2052 :
1717 1998 1764 2052 si
1808 1996 2026 2068 patris,

338 2094 653 2165 matrisque
697 2091 994 2145 interitum
1039 2089 1400 2160 postulasset,
1451 2087 1702 2141 facturus
1750 2091 1915 2153 esset,
1957 2101 2030 2139 an

339 2181 497 2237 non?
541 2180 702 2245 Quod
734 2181 795 2233 in
830 2179 947 2233 suis
981 2194 1117 2248 ergo
1160 2169 1567 2248 repudiaturus
1611 2175 1739 2245 fuit,
1776 2179 2029 2228 contem-

339 2286 477 2325 nere
507 2268 719 2332 debuit,
756 2272 810 2320 et
836 2267 893 2320 in
924 2265 1223 2336 propheta.

343 2359 471 2413 CAP.
503 2356 663 2411 XVII.
719 2385 790 2395 —
828 2357 900 2409 De
946 2354 1057 2407 illis
1100 2354 1197 2422 qui
1237 2351 1420 2405 odium
1466 2353 1848 2419 sempiternum
1889 2353 2033 2405 inter

791 2426 1184 2506 se'juramento
1204 2421 1578 2506 ﬁrmaverint.

413 2501 522 2566 (Ea:
550 2498 773 2552 concilio
809 2494 1039 2559 Hilerd.,
1089 2496 1265 2563 capite
1315 2494 1387 2562 6.)
1439 2492 1546 2556 Qui
1579 2496 1933 2546 sacramento
1973 2509 2032 2550 se

342 2586 698 2656 obligaverit,
751 2588 815 2637 ut
860 2583 1047 2653 litiget
1102 2597 1231 2635 cum
1278 2581 1553 2651 quolibet,
1605 2598 1677 2635 ne
1731 2580 1802 2635 ad
1835 2597 2033 2651 pacem

344 2674 459 2728 ullo
489 2674 659 2728 modo
698 2673 912 2739 redeat,
948 2687 1053 2741 pro
1087 2668 1361 2740 perjurio,
1398 2686 1511 2723 uno
1560 2686 1711 2723 anno
1738 2686 1771 2723 a
1796 2686 2033 2740 corpore

342 2768 400 2818 et
460 2762 742 2832 sanguine
802 2759 1031 2814 Domini
1085 2764 1437 2828 segregetur,
1484 2762 1539 2811 et
1593 2763 1817 2811 reatum
1865 2774 2034 2812 suum

335 2850 571 2921 jejuniis
638 2854 695 2904 et
762 2846 1138 2918 eleemosynis
1204 2846 1516 2900 absolvat:
1567 2846 1640 2900 ad
1699 2846 2033 2899 charitatem

341 2955 495 3005 vero,
529 2955 657 3008 quae
689 2937 874 3008 operit
899 2934 1329 2989 multitudinem
1360 2939 1744 3004 peccatorum,
1778 2934 2036 2988 celeriter

344 3027 616 3152 redeam
646 3095 829 3150 XVIII.
863 3124 931 3134 —
964 3097 1034 3148 De
1061 3094 1173 3147 illis
1199 3095 1296 3162 qui
1326 3095 1540 3147 incaute
1556 3093 1889 3162 juraverint.

413 3184 521 3256 (Ea:
550 3184 745 3238 decret.
774 3183 1014 3239 Sotheris
1049 3197 1206 3251 pap.,
1235 3185 1411 3251 capite
1443 3183 1525 3251 3.)
1554 3181 1611 3235 Si
1643 3181 1861 3251 aliquid
1891 3181 2032 3235 forte

344 3289 448 3327 nos
489 3271 774 3326 incautius
822 3271 1046 3340 jurasse
1094 3270 1421 3340 contigerit,
1473 3268 1626 3339 quod
1675 3269 2036 3323 observatum

343 3361 603 3433 pejorem
650 3363 850 3430 vergat
890 3361 950 3412 in
984 3358 1223 3425 exitum,
1269 3357 1414 3412 illud
1444 3357 1684 3411 consilio
1730 3357 2037 3428 salubriori

343 3449 686 3506 mutandum
718 3447 1066 3513 noverimus,
1111 3462 1174 3500 ac
1203 3446 1387 3516 magis
1421 3446 1670 3500 instante
1702 3446 2035 3500 necessitate

343 3538 722 3609 pejerandum
788 3535 979 3600 nobis,
1047 3550 1220 3604 quam
1286 3533 1539 3604 profecto
1598 3533 1927 3604 juramenta
1975 3535 2037 3588 in

346 3625 503 3679 aliud
532 3624 747 3678 crimen
777 3623 963 3692 majus
993 3637 1114 3675 esse
1146 3614 1565 3675 divertendum.

455 3714 581 3768 CAP.
616 3712 746 3765 XIX.
775 3741 844 3749 —
874 3710 1117 3776 Qualiter
1139 3709 1439 3763 sacerdotes
1461 3710 1655 3777 jurare
1684 3710 1927 3764 debeant.

415 3798 533 3870 (Ea:
563 3801 719 3868 epist.
751 3798 986 3854 Cornelii
1007 3812 1167 3866 pap.,
1196 3799 1374 3865 capite
1404 3796 1479 3867 3.)
1504 3798 1799 3852 Cornelius
1825 3798 2038 3868 episco-

341 3903 470 3957 pus,
533 3886 677 3941 Rufo
727 3884 1067 3955 coepiscopo
1122 3883 1183 3937 in
1240 3884 1481 3938 Domino
1540 3886 1800 3939 salutem.
1856 3886 2037 3957 Exigit

347 3975 577 4029 dilectio
630 3979 745 4043 tua,
819 3974 994 4028 frater
1050 3973 1405 4040 charissime,
1456 3978 1519 4027 ut
1572 3990 1639 4028 ex
1697 3973 2035 4029 auctoritate

345 4063 494 4118 sedis
546 4062 892 4132 apostolicae,
943 4062 1056 4116 tuis
1104 4061 1441 4117 deberemus
1480 4063 1754 4116 consultis
1801 4079 2031 4133 respon-

344 4151 498 4206 dere.
549 4151 711 4215 Quod
742 4151 869 4205 licet
914 4168 1031 4205 non
1088 4151 1329 4222 prolixe,
1381 4151 1478 4206 sed
1526 4151 1806 4205 succincte
1865 4167 2033 4222 agere

2128 530 2512 601 quodcunque
2563 526 2981 597 juramentum.
3031 521 3116 576 Sit
3161 525 3354 575 autem
3384 534 3571 572 sermo
3617 524 3825 570 vester.

2129 620 2237 680 Est,
2273 622 2377 678 est,
2428 617 2574 680 Non,
2606 631 2744 680 non,
2796 618 2858 666 ut
2899 628 3013 665 non
3043 611 3147 664 sub
3190 607 3474 679 judicium
3528 604 3825 660 decidatis.

2134 709 2196 763 Et
2226 705 2501 761 Dominus
2535 703 2595 757 in
2639 700 2944 771 Evangelio
2975 699 3054 752 ait
3087 714 3098 752 :
3132 697 3387 752 Audistis
3431 695 3568 766 quia
3611 693 3828 748 dictum

2130 801 2216 849 est
2263 793 2532 864 antiquis,
2564 793 2687 845 Non
2733 788 3020 860 pejerabis
3053 804 3065 841 :
3098 787 3302 841 reddes
3352 788 3543 839 autem
3577 781 3829 837 Domino

2124 885 2451 954 juramenta
2500 886 2618 934 tua.
2672 880 2788 949 Ego
2827 883 3020 931 autem
3069 876 3194 930 dico
3243 873 3420 940 vobis,
3470 888 3588 926 non
3631 872 3832 942 jurare

2133 972 2388 1035 omnino,
2445 984 2633 1039 neque
2677 982 2782 1038 per
2826 966 3033 1020 coelum
3068 980 3082 1018 :
3115 961 3252 1033 quia
3289 964 3530 1017 thronus
3579 959 3682 1014 Dei
3722 965 3830 1027 est,

2131 1076 2318 1131 neque
2347 1075 2450 1129 per
2492 1064 2702 1111 terram
2735 1072 2748 1110 :
2782 1054 2919 1126 quia
2956 1053 3263 1107 scabellum
3308 1051 3523 1122 pedum
3571 1050 3695 1120 ejus
3722 1053 3830 1114 est,

2133 1165 2320 1220 neque
2359 1164 2460 1219 per
2517 1144 2971 1215 Hierosolymam
3019 1158 3032 1196 :
3074 1140 3210 1212 quia
3256 1140 3452 1193 civitas
3499 1142 3584 1192 est
3627 1136 3834 1206 magni

2132 1237 2306 1307 regis,
2339 1251 2525 1306 neque
2554 1250 2659 1304 per
2686 1237 2859 1303 caput
2884 1236 3048 1284 tuum
3083 1245 3097 1283 :
3133 1228 3268 1300 quia
3305 1244 3421 1282 non
3451 1232 3615 1297 potes
3644 1240 3833 1279 unum

2134 1323 2404 1393 capillum
2434 1322 2628 1375 album
2654 1321 2858 1387 facere,
2891 1323 2990 1373 aut
3017 1318 3266 1388 nigrum.
3302 1316 3387 1371 Sit
3415 1321 3607 1369 autem
3639 1328 3833 1368 sermo

2134 1416 2339 1465 vester.
2382 1411 2495 1475 Est,
2529 1414 2634 1476 est,
2684 1409 2831 1475 Non,
2886 1423 3027 1462 non.
3082 1406 3243 1470 Quod
3274 1405 3362 1459 his
3408 1410 3601 1458 autem
3646 1403 3835 1457 abun-

2135 1499 2361 1554 dantius
2407 1504 2512 1565 est,
2546 1513 2580 1551 a
2610 1498 2761 1551 malo
2807 1501 2914 1565 est,
2946 1495 3005 1549 id
3047 1500 3152 1564 est,
3195 1498 3254 1548 et
3298 1494 3370 1547 ab
3401 1492 3667 1563 exigente
3715 1494 3775 1544 et
3804 1506 3839 1542 a

2130 1587 2384 1658 jurante.
2443 1588 2593 1655 Haec,
2640 1585 2816 1639 frater
2843 1583 3196 1649 cbarissime,
3245 1582 3366 1652 ipse
3397 1580 3672 1636 Dominus
3702 1595 3840 1649 pro-

2135 1675 2312 1744 hibet,
2346 1675 2406 1729 id
2447 1680 2552 1741 est,
2584 1691 2701 1728 non
2730 1674 2936 1740 debere
2959 1673 3177 1744 jurare.
3209 1670 3345 1724 Haec
3375 1668 3619 1741 apostoli
3649 1667 3837 1722 maxi-

2138 1780 2231 1817 me
2278 1778 2496 1828 omnes,
2549 1762 2683 1830 haec
2730 1760 2909 1815 sancti
2960 1760 3068 1814 viri
3129 1758 3571 1830 praedecessores
3624 1755 3835 1821 nostri,

2140 1851 2239 1923 qui
2269 1851 2403 1905 huic
2431 1855 2641 1905 sanctae
2687 1849 2995 1904 universali
3036 1847 3299 1901 Ecclesia:
3326 1845 3652 1918 apostolica:
3682 1860 3840 1915 prae-

2139 1941 2392 2008 fuerunt,
2426 1941 2549 1994 haec
2567 1938 2887 2010 prophetae,
2918 1940 2975 1991 et
2999 1935 3211 2007 reliqui
3233 1934 3412 1989 sancti
3441 1935 3701 1988 doctores
3730 1948 3841 2003 per

2146 2028 2478 2083 universum
2557 2026 2844 2081 mundum
2927 2024 3170 2095 dispersi
3233 2023 3301 2078 ad
3365 2021 3838 2094 praedicandum,

2134 2116 2463 2187 juramenta
2509 2114 2637 2170 ﬁeri
2700 2117 2912 2168 vetant.
2974 2113 3233 2177 Quorum
3294 2127 3400 2165 nos
3461 2109 3747 2180 exempla,
3791 2107 3842 2162 si

2140 2205 2481 2275 coeperimus
2524 2218 2850 2269 numerare,
2885 2206 2984 2255 aut
3027 2201 3089 2254 in
3118 2199 3387 2254 sehednla
3415 2199 3521 2253 hac
3559 2199 3835 2264 inserere,

2141 2297 2273 2347 ante
2321 2292 2588 2347 deﬁceret
2615 2290 2729 2346 diei
2776 2291 2937 2357 hora,
2979 2305 3150 2359 quam
3198 2303 3397 2342 eorum
3441 2287 3716 2357 exempla,
3768 2286 3841 2340 de

2141 2381 2247 2436 hac
2276 2396 2446 2435 causa
2490 2379 2794 2451 prohibita.
2826 2378 2963 2442 Quae
3008 2393 3113 2431 nos
3159 2380 3462 2447 sequentes
3506 2380 3840 2428 sanctorum

2142 2470 2551 2540 apostolorum,
2627 2482 2945 2536 eorumque
3009 2480 3396 2519 successorum
3453 2466 3584 2534 jura
3639 2462 3838 2517 ﬁrma-

2143 2574 2290 2625 mus,
2325 2562 2382 2613 et
2431 2562 2788 2611 sacramenta
2814 2554 3045 2609 incauta
3072 2553 3200 2608 ﬁeri
3246 2551 3639 2624 prohibemus.
3682 2550 3840 2605 Unde

2144 2652 2201 2702 et
2229 2646 2348 2717 ipse
2379 2645 2658 2700 Dominus
2687 2645 2748 2699 in
2778 2642 2990 2699 tabulis
3020 2641 3259 2713 lapideis
3278 2657 3419 2712 quas
3452 2639 3629 2711 Moysi
3658 2640 3835 2707 dedit,

2143 2736 2376 2807 propria
2432 2751 2607 2790 manu
2657 2733 2900 2805 scripsit,
2961 2732 3153 2788 dicens
3194 2748 3207 2786 :
3249 2731 3406 2796 Vide,
3458 2747 3530 2784 ne
3582 2745 3839 2784 assumas

2146 2841 2358 2879 nomen
2407 2822 2635 2878 Domini
2677 2822 2781 2878 Dei
2807 2822 2894 2877 tui
2921 2821 2982 2875 in
3012 2835 3245 2889 vanum,
3288 2825 3344 2874 et
3371 2819 3614 2889 reliqua.
3649 2820 3837 2873 Unus-

2147 2914 2392 2985 quisque
2419 2914 2574 2967 enim
2607 2912 2899 2983 propriam
2928 2909 3333 2964 conscientiam
3362 2908 3634 2961 mundam
3671 2907 3840 2962 debet

2073 3000 2114 3054 C
2148 3019 2371 3057 servare
2420 3003 2557 3069 Deo,
2618 3005 2675 3055 et
2738 2999 2801 3053 in
2862 2998 3140 3053 memoria
3201 2996 3449 3051 retinere
3492 3013 3505 3049 :
3542 2995 3617 3049 Os
3683 2995 3839 3066 quod

2144 3090 2442 3157 mentitur,
2478 3089 2684 3144 occidit
2728 3087 3003 3142 animam.
3052 3088 3119 3141 Et
3148 3086 3451 3156 Apostolus
3478 3083 3557 3139 ait
3588 3100 3602 3138 :
3636 3084 3842 3156 Loqui-

2142 3179 2288 3234 mini
2359 3179 2658 3233 veritatem
2721 3176 3119 3247 unusquisque
3186 3190 3315 3228 cum
3380 3173 3645 3244 proximo
3714 3189 3840 3243 suo,

2144 3268 2419 3340 quoniam
2461 3283 2659 3322 sumus
2704 3265 2951 3319 invicem
3001 3263 3278 3318 membra.
3330 3263 3397 3315 Et
3436 3261 3619 3315 alibi:
3656 3261 3844 3315 Nolite

2142 3356 2371 3411 mentiri
2404 3355 2646 3410 invicem
2689 3353 2968 3408 membra.
3004 3354 3134 3406 Haec
3178 3354 3464 3421 praecepta
3492 3355 3628 3403 sunt
3656 3349 3847 3404 Salva-

2141 3444 2299 3513 toris,
2358 3446 2481 3498 haec
2544 3443 2978 3514 prophetarum,
3036 3440 3159 3495 haec
3213 3444 3540 3494 sanctorum
3603 3440 3843 3493 Patrum

2142 3532 2424 3587 instituta.
2474 3532 2611 3596 Quae
2649 3530 2696 3585 si
2740 3530 2870 3602 quis
2899 3531 2959 3584 in
2991 3545 3203 3583 vanum
3248 3526 3492 3593 duxerit,
3544 3527 3728 3580 hostis
3759 3530 3845 3581 est

2142 3621 2351 3676 animae
2407 3636 2525 3675 sua:
2567 3637 2580 3674 :
2619 3620 2756 3691 quia
2804 3635 2974 3673 nemo
3027 3622 3220 3672 contra
3267 3616 3613 3686 prophetas,
3668 3631 3843 3670 nemo

2141 3714 2341 3764 contra
2398 3709 2741 3780 apostolum,
2810 3723 2979 3762 nemo
3034 3712 3232 3761 contra
3277 3704 3652 3775 Evangelinm
3709 3704 3845 3759 facit

2142 3797 2355 3869 aliquid
2391 3796 2607 3868 absque
2636 3795 2912 3866 periculo.

2392 3886 2520 3941 CAP.
2553 3885 2655 3940 XX.
2687 3914 2756 3924 —
2788 3885 2903 3950 Quo
2933 3888 3165 3953 tempore
3183 3884 3378 3952 jurare
3408 3883 3585 3936 liceat.

2213 3973 2321 4045 (Ea:
2362 3976 2585 4029 concilio
2632 3974 2782 4043 apud
2830 3978 3076 4028 sanctum
3120 3971 3464 4036 Medardum,
3539 3972 3718 4040 capite
3763 3971 3838 4036 4.)

2142 4062 2400 4117 Decrevit
2430 4067 2619 4115 sancta
2650 4062 2923 4133 synodus,
2951 4066 3015 4115 ut
3046 4078 3076 4115 a
3106 4059 3531 4132 septuagesima
3560 4075 3747 4130 usque
3776 4060 3840 4113 in

2143 4155 2367 4206 octavas
2411 4152 2655 4221 paschae,
2705 4150 2861 4205 etab
2907 4151 3170 4205 Adventu
3215 4147 3447 4204 Domini
3494 4163 3677 4219 usque
3710 4153 3842 4218 post

341 4239 768 4301 festinaremus,
817 4244 1057 4309 propter
1095 4240 1368 4310 quasdam
1409 4238 1872 4310 importnnitates
1903 4255 2032 4310 quae
2059 4278 2103 4332 υ
2143 4243 2498 4293 consecratos
2527 4239 2668 4305 dies,
2694 4254 2799 4293 nec
2826 4254 2942 4292 non
2973 4242 3031 4293 et
3061 4238 3119 4292 in
3145 4236 3380 4309 jejuniis
3411 4242 3659 4306 quatuor
3686 4242 3839 4290 tem-

342 4328 553 4382 nostris
594 4326 1083 4398 praepedientibus
1112 4326 1355 4397 peccatis
1386 4326 1446 4396 in
1493 4344 1600 4381 nos
1630 4343 2029 4397 supervenere,

343 4416 456 4469 tuis
502 4421 691 4470 tamen
744 4431 846 4484 per
889 4415 1111 4485 reliqua
1139 4419 1468 4468 sanctorum
1508 4416 1743 4468 Patrum
1773 4414 2034 4468 instituta

344 4503 546 4558 studiis
593 4502 927 4574 perquirere
983 4502 1172 4570 latius,
1225 4507 1283 4556 et
1332 4502 1677 4571 investigare
1726 4502 2032 4556 committi-

341 4607 489 4646 mus.
547 4591 669 4645 Non
726 4591 879 4644 enim
934 4595 1121 4660 potest
1179 4607 1345 4644 mens
1406 4589 1602 4644 attrita
1657 4594 1713 4643 et
1764 4592 2032 4646 oneribus

341 4684 513 4750 atque
544 4678 1073 4748 importunitatibus
1121 4685 1371 4750 gravata,
1416 4684 1638 4733 tantum
1684 4679 1824 4733 boni
1861 4697 2031 4750 pera-

339 4783 498 4839 gere,
546 4772 825 4839 quantum
881 4767 1155 4822 delectata
1215 4772 1271 4822 et
1313 4767 1775 4838 oppressionibus
1825 4770 2027 4824 soluta.

338 4858 464 4913 Non
499 4874 632 4926 ergo
662 4857 771 4911 ista
813 4858 885 4911 ob
916 4857 971 4909 id
1004 4857 1382 4925 praetulimns,
1416 4861 1478 4910 ut
1520 4858 1643 4911 haec
1673 4863 1729 4911 et
1756 4857 1866 4912 alia
1900 4875 2029 4929 quae

338 4945 659 5001 necessaria
711 4946 831 5000 fore
890 4945 1351 5015 cognoverimus,
1404 4950 1520 4999 tua;
1567 4945 1854 5000 sanctitati
1902 4947 2031 5000 veli-

335 5051 465 5091 mus
492 5036 776 5106 denegare
810 5051 822 5088 :
856 5035 952 5088 sed
986 5033 1137 5103 quod
1170 5033 1262 5087 hic
1290 5033 1482 5087 minus
1513 5033 1822 5102 invenitur,
1857 5035 2029 5089 latius

331 5124 717 5195 perquiratur.
771 5123 1204 5178 Sacramentum
1252 5125 1443 5175 autem
1489 5122 1764 5176 hactenus
1806 5139 1839 5176 a
1881 5139 2029 5177 sum-

332 5213 438 5266 mis
493 5212 903 5278 sacerdotibus,
966 5212 1051 5264 vel
1100 5208 1340 5280 reliquis
1386 5209 1489 5263 Dei
1536 5211 1810 5265 ministris
1852 5211 2022 5282 exigi,

331 5300 445 5355 nisi
474 5317 578 5371 pro
634 5301 744 5355 ﬁde
772 5305 945 5366 recta,
978 5297 1216 5353 minime
1256 5298 1649 5368 cognovimus,
1697 5316 1801 5354 nec
1827 5306 2025 5371 sponte

332 5403 431 5441 eos
477 5388 703 5458 jurasse
768 5387 1112 5457 reperimus.
1179 5386 1552 5454 Summopere
1611 5403 1748 5457 ergo
1799 5380 2025 5442 sanctus

325 5476 568 5531 Iacobus
610 5477 920 5546 apostolus,
975 5475 1288 5544 prohibens
1346 5482 1784 5543 sacramentum,
1839 5478 2018 5547 loqui-

325 5567 421 5618 tur
462 5563 655 5618 dicens
691 5579 703 5617 :
736 5568 876 5617 Ante
907 5562 1121 5629 omnia,
1158 5562 1359 5617 fratres
1391 5566 1524 5626 mei,
1582 5564 1759 5618 nolite
1796 5564 2015 5635 jurare,

2146 4343 2375 4397 porum,
2428 4331 2484 4380 et
2512 4327 2571 4380 in
2620 4326 2853 4380 Letania
2881 4326 3121 4397 majore,
3149 4330 3205 4380 et
3245 4325 3306 4379 in
3336 4325 3538 4380 diebus
3567 4325 3841 4394 Rogatio-

2144 4432 2307 4483 num,
2359 4419 2414 4469 et
2443 4415 2505 4468 in
2546 4414 2746 4470 diebus
2790 4415 3122 4482 Dominicis,
3167 4414 3278 4468 nisi
3331 4415 3400 4469 de
3444 4413 3751 4467 concordia
3782 4419 3842 4468 et

2142 4503 2557 4574 paciﬁcatione,
2589 4503 2781 4557 nullus
2813 4519 2988 4573 super
3024 4519 3182 4557 sacra
3207 4503 3399 4573 jnrare
3429 4508 3763 4572 praesumat.

2143 4593 2270 4647 CAP.
2301 4593 2430 4647 XXI.
2479 4622 2549 4630 —
2593 4593 2677 4646 De
2715 4593 2827 4647 illis
2856 4593 2951 4660 qui
2978 4595 3373 4646 sacramentum
3418 4594 3564 4657 regis
3605 4592 3838 4646 violant.

2212 4682 2330 4753 (Ea:
2355 4681 2516 4736 dictis
2551 4681 2816 4749 August.)
2848 4682 2909 4736 Si
2937 4680 3064 4751 quis
3092 4680 3271 4734 laicus
3297 4680 3694 4750 juramentnm
3726 4680 3845 4734 vio-

2140 4770 2308 4825 lando
2358 4771 2702 4840 prophanat,
2752 4769 2903 4840 quod
2933 4769 3055 4839 regi
3086 4774 3143 4823 et
3170 4769 3404 4824 domino
3437 4785 3541 4822 suo
3566 4767 3746 4838 jurat,
3782 4775 3844 4823 et

2140 4859 2506 4929 postmodum
2552 4874 2812 4929 perverse
2858 4858 2982 4929 ejus
3020 4874 3285 4929 regnum,
3318 4863 3375 4912 et
3402 4858 3596 4912 dolose
3626 4863 3838 4912 tracta-

2138 4948 2301 5014 verit,
2335 4952 2391 5001 et
2429 4946 2491 5000 in
2521 4951 2767 5000 mortem
2813 4945 2995 5016 ipsius
3027 4946 3222 5017 aliquo
3262 4946 3725 5001 machinamento
3752 4947 3841 5001 in-

2139 5035 2382 5090 sidiatur
2413 5051 2425 5088 :
2460 5035 2596 5105 quia
2627 5034 2989 5105 sacrilegium
3029 5036 3274 5106 peragit,
3308 5051 3545 5089 manum
3578 5051 3744 5090 suam
3773 5036 3840 5090 in

2139 5123 2427 5178 Christum
2461 5123 2687 5179 Domini
2719 5124 2973 5194 mittens,
3003 5125 3311 5178 anathema
3341 5123 3433 5190 sit,
3468 5123 3580 5177 nisi
3606 5140 3713 5194 per
3743 5125 3838 5179 di-

2136 5228 2309 5283 gnam
2357 5212 2713 5282 pcenitentiaa
2742 5213 3189 5267 satisfactionem
3219 5212 3629 5279 emendaverit,
3664 5212 3841 5268 sicuti

2135 5301 2510 5358 constitutum
2562 5319 2594 5355 a
2646 5306 2839 5356 sancta
2888 5302 3107 5373 synodo
3158 5308 3259 5370 est,
3312 5302 3371 5356 id
3401 5306 3502 5367 est,
3555 5302 3839 5358 saeculum

2131 5389 2441 5460 relinquat,
2493 5406 2652 5443 arma
2705 5391 2975 5460 deponat,
3033 5389 3092 5442 in
3144 5388 3559 5443 monasterium
3610 5393 3723 5455 eat,
3777 5397 3841 5446 et

2131 5478 2404 5548 poeniteat
2473 5478 2740 5532 omnibus
2800 5478 2999 5533 diebus
3047 5477 3177 5531 vitae
3234 5494 3371 5532 suae.
3421 5477 3836 5534 Verumtamen

2131 5566 2602 5622 communionem
2632 5567 2696 5621 in
2743 5567 2897 5623 exitu
2942 5566 3070 5622 vitae
3110 5583 3236 5622 cum
3280 5566 3643 5623 Eucharistia
3683 5570 3835 5624 acci-
