3944 6306
153 327 247 378 881
1047 328 1530 386 DECRETORUM
1576 334 1757 390 LIBRI
1798 336 1904 391 XX.
1950 368 2015 376 —
2059 339 2268 394 LIBER
2310 341 2779 398 DUODECIMUS.
3565 356 3668 406 882

148 449 289 518 piat.
325 450 636 521 Episcopus
668 466 821 519 vero,
854 451 1170 522 presbyter,
1204 455 1293 508 vel
1323 454 1616 521 diaconus,
1660 458 1706 510 si
1750 459 1858 512 hoc
1888 461 1930 512 Α
1965 459 2293 528 juramenta
2325 480 2427 532 pro
2460 463 2635 533 regiae
2673 466 2970 533 potestatis
3002 468 3202 536 salute,
3256 473 3340 524 vel
3387 474 3667 527 constitu-

148 538 367 591 crimen
400 544 835 609 perpetraverit,
861 542 1225 610 degradetur.

148 646 273 697 CAP.
308 646 468 700 XXII.
506 676 564 685 —-
604 650 677 701 De
714 647 806 699 illo
838 649 935 715 qui
973 648 1210 701 audierit
1240 665 1414 703 vocem
1440 652 1760 720 pejerantis,
1800 657 1850 706 et

734 732 1010 771 assensum
1036 720 1257 787 praebet.

215 804 300 873 (In
330 806 566 858 Leuitico
597 807 795 871 legitur
823 808 861 875 :)
890 807 1097 860 Anima
1129 824 1257 877 quae
1287 810 1620 879 peccaverit,
1657 815 1711 865 et
1743 828 1850 865 au-

143 893 315 947 dierit
355 910 551 947 vocem
579 895 906 962 pejerantis,
941 900 997 948 et
1027 896 1188 949 testis
1217 896 1409 962 fuerit,
1468 903 1564 952 aut
1601 899 1723 969 ipse
1770 899 1852 952 vi-

146 979 315 1043 derit,
377 985 475 1034 aut
535 981 790 1034 conscius
847 981 974 1044 erit,
1033 982 1143 1035 nisi
1198 983 1527 1039 indicaverit
1600 986 1849 1057 portabit

145 1068 533 1138 iniquitatem.

145 1176 275 1229 CAP.
308 1175 487 1229 XXIII.
513 1205 579 1215 --
614 1179 684 1230 De
700 1177 794 1231 hoc
825 1177 969 1246 quod
990 1178 1279 1246 Apostolus
1302 1181 1571 1250 Spiritum
1603 1186 1847 1236 sanctum

767 1251 1082 1316 testiﬁcatus
1114 1256 1211 1304 est.

214 1333 531 1403 (Apostolus
560 1334 695 1389 dicit
725 1334 762 1407 :)
798 1336 1100 1390 Veritatem
1134 1338 1259 1391 dico
1321 1337 1381 1391 in
1450 1338 1692 1406 Christo,
1727 1356 1845 1392 non

142 1426 414 1489 mentior,
446 1424 842 1479 testimonium
875 1426 1017 1479 mihi
1047 1427 1317 1481 reddente
1348 1426 1688 1480 conscientia
1720 1443 1846 1482 mea

142 1512 202 1565 in
234 1512 454 1583 Spiritu
485 1518 699 1566 sancto.

550 1602 680 1656 CAP.
721 1603 895 1657 XXIV.
932 1632 1002 1644 —
1034 1606 1105 1657 De
1141 1603 1325 1657 eadem
1353 1620 1428 1658 re.

211 1690 325 1758 (Ea:
355 1691 518 1745 dictis
550 1693 885 1760 Hieronym.)
915 1692 1295 1764 Hieronymus
1334 1692 1471 1746 dicit
1503 1708 1517 1745 :
1544 1693 1736 1747 Jesum
1766 1697 1845 1748 te-

138 1782 257 1832 stor
287 1782 343 1832 et
381 1782 603 1833 sanctos
633 1780 865 1850 angelos
896 1780 1038 1849 ejus.

226 1867 353 1921 CAP.
388 1869 531 1922 XXV.
566 1899 634 1907 —
667 1868 819 1934 Quod
847 1868 1088 1937 deﬁnitio
1122 1870 1343 1922 incauta
1372 1868 1630 1923 solvenda
1676 1871 1767 1922 sit.

210 1955 321 2026 (Ea:
379 1958 598 2011 concilio
652 1958 897 2025 Hibern.,
951 1959 1127 2025 capite
1178 1956 1251 2026 l.)
1306 1956 1573 2010 Definitio
1613 1957 1842 2010 incauta

138 2045 506 2099 laudabiliter
534 2046 825 2113 solvenda,
874 2062 979 2100 nec
1032 2044 1424 2116 praevaricatio
1471 2049 1577 2113 est,
1628 2045 1727 2099 sed
1760 2050 1840 2099 te-

138 2133 425 2189 meritatis
454 2134 797 2189 emendatio.

533 2226 660 2279 Car.
723 2225 899 2280 XXVI.
932 2255 997 2264 —
1026 2226 1099 2278 De
1127 2224 1311 2278 eadem
1339 2239 1415 2278 re.

212 2313 323 2383 (Ea:
352 2313 551 2381 eoedm,
585 2316 780 2383 capite.
816 2313 891 2383 3.)
922 2313 980 2368 Si
1006 2313 1198 2384 puella
1223 2312 1329 2366 sita
1352 2312 1410 2366 in
1438 2312 1644 2383 puerili
1676 2314 1840 2366 astate

140 2403 199 2457 in
225 2403 400 2457 domo
426 2403 622 2472 patris,
656 2402 752 2455 illo
781 2403 1064 2457 nesciente
1104 2418 1161 2455 se
1192 2403 1520 2471 juramento
1560 2401 1839 2455 constrin-

138 2492 289 2545 xerit
318 2508 331 2545 :
367 2494 423 2545 et
452 2492 498 2544 si
531 2496 692 2563 pater
721 2492 932 2559 statim,
978 2496 1045 2544 ut
1096 2491 1360 2553 audierit,
1414 2490 1837 2556 contradixerit,

137 2585 273 2634 vota
334 2581 455 2650 ejus
511 2584 566 2634 et
625 2581 953 2651 juramenta
1005 2578 1168 2633 irrita
1225 2583 1413 2642 erunt,
1478 2582 1534 2633 et
1621 2578 1839 2631 facilius

138 2669 561 2723 emendabitur.

532 2758 659 2811 CAP.
702 2754 1001 2811 XXVII.‘—
1050 2759 1118 2811 De
1144 2756 1327 2810 eadem
1368 2772 1443 2809 re.

205 2846 319 2914 (Ea:
347 2847 570 2900 concilio
624 2847 897 2911 Aurelia.,
950 2850 1127 2915 capite
1156 2844 1232 2914 2.)
1282 2846 1679 2899 Juramentum
1713 2844 1833 2907 filii,

134 2940 234 2988 aut
263 2934 418 2998 filiae,
452 2934 736 2988 nesciente
763 2939 945 3004 patre,
980 2940 1034 2987 et
1068 2937 1195 2987 vota
1233 2932 1516 3001 monachi,
1551 2933 1837 2986 nesciente

135 3022 361 3087 abbate,
394 3030 448 3075 et
468 3023 798 3092 juramenta
827 3023 1015 3093 pueri,
1048 3022 1209 3076 irrita
1239 3026 1390 3075 sunt.

208 3128 337 3182 CAP.
360 3128 590 3183 XXVIII.
617 3160 684 3167 —
710 3130 865 3194 Quod
895 3130 1138 3183 omnibus
1170 3130 1341 3181 modis
1372 3127 1666 3181 cavendum
1694 3129 1766 3181 sit

801 3201 1159 3254 mendacium.

205 3290 452 3355 (Gregor.
487 3289 619 3342 dicit
661 3289 693 3357 :)
731 3288 877 3354 Noli,
910 3288 1011 3353 fili,
1065 3303 1275 3358 negare
1322 3285 1562 3356 gratiam
1610 3285 1731 3352 Dei,
1765 3302 1835 3339 ne

134 3379 394 3431 incurras
421 3394 525 3447 pro
552 3377 702 3431 bono
732 3376 792 3430 in
825 3378 1059 3442 malum,
1089 3392 1194 3446 pro
1227 3373 1550 3428 humilitate
1589 3374 1649 3425 in
1683 3390 1839 3427 men-

134 3465 382 3518 dacium.
414 3465 739 3519 Cavendum
773 3480 1021 3533 namque
1043 3470 1125 3517 est
1155 3462 1425 3515 omnibus
1455 3461 1638 3515 modis
1668 3477 1836 3514 men-

131 3553 382 3619 dacium,
414 3552 529 3617 sive
562 3569 663 3624 pro
695 3552 873 3620 malo,
905 3551 1021 3605 sive
1052 3551 1225 3604 etiam
1257 3566 1358 3620 pro
1392 3549 1542 3603 bono
1593 3548 1837 3618 proferri

128 3642 393 3695 videatur
425 3658 437 3695 :
464 3642 598 3711 quia
624 3658 792 3695 omne
819 3640 1183 3694 mendacium
1202 3656 1319 3693 non
1343 3642 1428 3692 est
1448 3654 1513 3692 ex
1540 3640 1671 3705 Deo,
1713 3638 1832 3704 sed,

129 3730 276 3783 sicut
298 3730 556 3784 Salvator
585 3730 740 3795 dicit,
764 3745 797 3782 a
817 3730 966 3782 maio
990 3733 1091 3782 est.

454 3819 581 3872 CAP.
614 3820 778 3873 XXIX.
811 3848 878 3857 —-
906 3820 1048 3871 Item
1078 3817 1143 3870 de
1167 3817 1494 3885 juramento.

197 3908 307 3977 (Ea:
345 3908 565 3960 concilio
602 3907 864 3977 Toletan.)
899 3906 1124 3959 Etenim
1153 3906 1289 3959 dum
1351 3904 1611 3974 pejerare
1678 3920 1833 3957 com-

123 3996 420 4065 pellimur,
453 3999 768 4048 creatorem
800 3994 1032 4066 quidem
1054 3994 1417 4059 offendimus,
1450 3992 1547 4046 sed
1573 4008 1674 4045 nos
1716 3998 1838 4045 tan-

126 4084 432 4138 tummodo
493 4085 863 4150 maculamus,
919 4100 1049 4137 cum
1114 4100 1248 4137 vero
1307 4082 1474 4136 noxia
1555 4080 1838 4151 promissa

128 4173 510 4243 complemus,
552 4178 609 4226 et
666 4174 765 4226 Dei
792 4174 947 4241 jussa
993 4173 1237 4243 superbe
1293 4170 1732 4235 contemnimus,
1774 4175 1836 4222 ut

130 4262 412 4333 proximis
467 4261 643 4332 impia
682 4261 1016 4315 crudelitate
1072 4277 1398 4324 noceamus,
1459 4262 1515 4312 et
1576 4258 1903 4347 nosipsosD

132 4350 457 4405 crudeliore
488 4350 686 4403 mortis
720 4349 907 4419 glad‘io
938 4349 1311 4402 trucidamns.
1374 4347 1493 4400 Illic
1524 4346 1674 4399 enim
1728 4347 1830 4400 du-

129 4438 268 4510 plici
301 4437 601 4506 culparum
630 4438 743 4491 telo
771 4436 1144 4506 percutimur,
1176 4436 1269 4489 hic
1317 4434 1617 4504 tripliciter
1660 4435 1829 4504 jugu-

133 4531 342 4583 lamur.
376 4527 571 4580 Restat
600 4542 757 4597 ergo,
811 4531 872 4579 ut
904 4542 969 4579 eo
1020 4530 1214 4578 nostra
1267 4529 1465 4596 pergat
1529 4524 1831 4590 sententia,

132 4633 250 4688 quo
308 4615 717 4668 misericordiae
796 4613 1047 4685 patuerit
1106 4613 1217 4667 via.
1281 4614 1417 4676 Quze
1467 4612 1527 4665 in
1588 4612 1832 4666 Domino

130 4704 415 4774 probatur
444 4708 691 4772 accepta,
750 4708 815 4757 ut
866 4704 996 4772 plus
1028 4718 1153 4755 eam
1210 4702 1400 4771 cupiat
1448 4717 1619 4771 quam
1662 4701 1832 4754 sacri-

128 4794 264 4848 ﬁcia
301 4792 647 4857 veneranda,
710 4792 930 4846 dicente
961 4792 1127 4862 ipso:
1186 4789 1626 4845 Misericordiam
1681 4791 1830 4855 volo,

130 4887 189 4937 et
220 4897 339 4935 non
399 4881 760 4935 sacrilicium.
819 4883 933 4936 Hac
966 4879 1340 4949 indulgentia:
1373 4896 1635 4932 concessa
1662 4879 1836 4932 licen-

129 4972 234 5037 tia,
274 4968 658 5023 miserationis
686 4968 865 5039 ipsius
897 4985 1041 5039 opus
1068 4968 1125 5020 in
1156 4967 1389 5038 gloriosi
1411 4966 1684 5037 principis
1730 4984 1837 5037 po-

129 5062 399 5113 testatem
452 5057 766 5125 redigimus
799 5074 811 5110 :
844 5062 929 5122 ut,
990 5056 1126 5127 quia
1169 5057 1317 5109 Deus
1374 5055 1457 5109 illi
1527 5055 1836 5110 miserandi

130 5148 359 5202 aditum
392 5146 675 5215 patefecit.
714 5146 970 5199 remedia
1020 5145 1249 5214 pietatis
1278 5145 1397 5213 ipse
1430 5160 1660 5214 quoque
1722 5161 1837 5197 non

132 5238 402 5306 deneget.
454 5234 590 5298 Qnre
644 5235 723 5288 ita
770 5234 1079 5305 principali
1143 5233 1481 5287 discretione
1545 5234 1838 5286 moderata

131 5324 465 5396 persistant,
502 5327 567 5375 ut
607 5328 662 5376 et
690 5323 803 5376 illis
833 5323 911 5377 ita
960 5324 1031 5376 sit
1062 5321 1454 5375 misericordia
1492 5321 1835 5386 contributa,

135 5418 207 5467 ut
236 5427 524 5480 nusquam
558 5427 715 5480 gens,
743 5416 843 5465 aut
882 5412 1088 5481 patria,
1147 5428 1247 5480 per
1274 5410 1525 5476 eosdem,
1560 5413 1656 5462 aut
1683 5409 1838 5479 peri-

140 5502 340 5555 culum
372 5501 755 5571 quodcunque
784 5502 1050 5573 perferat,
1086 5505 1183 5555 aut
1206 5501 1510 5570 jacturam.
1570 5500 1696 5551 Haic
1730 5498 1836 5550 mi-

142 5589 448 5644 serationis
495 5590 733 5644 obtentu
774 5596 1117 5661 temperasse
1150 5590 1412 5654 sufﬁciat,
1452 5592 1839 5657 caeterumque

1963 550 2117 602 tione
2138 552 2322 621 gentis
2354 557 2409 604 et
2439 553 2660 622 patriae,
2691 570 2818 623 qum
2851 554 3122 609 hactenus
3154 564 3286 611 sunt
3316 568 3527 627 exacta,
3572 565 3664 616 vel

1961 638 2227 709 deinceps
2258 641 2583 693 exstiterint
2613 643 2914 711 exigenda,
2951 646 3109 697 omni
3165 648 3442 715 custodia,
3479 652 3664 703 omni-

1962 743 2071 796 que
2127 728 2425 797 vigilantia
2478 729 2958 784 indissolubiliter
3035 735 3396 788 decernimus
3468 738 3659 791 obser-

1962 816 2161 880 vanda,
2204 817 2595 871 membrorum
2636 820 3020 886 truncatione,
3070 823 3384 893 mortisque
3429 830 3663 878 senten-

1959 904 2058 970 tia,
2116 904 2390 976 religione
2435 906 2661 976 penitus
2709 908 2985 972 absoluta,
3051 911 3150 967 sed
3208 927 3280 965 ne
3355 928 3661 982 pravarum

1958 992 2239 1046 mentium
2273 1000 2501 1047 versuta
2558 996 2817 1065 nequitia
2868 1004 3096 1050 nosmet
3153 1000 3222 1052 ad
3253 1000 3495 1069 perjurii
3552 1000 3661 1054 ali-

1958 1082 2186 1150 quando
2215 1086 2482 1152 provocet
2511 1085 2758 1153 culpam,
2792 1101 2895 1137 nec
2943 1102 2975 1138 a
3003 1090 3207 1139 sancta?
3267 1088 3400 1141 tidei
3460 1090 3662 1158 regula

1955 1169 2102 1221 hanc
2156 1175 2370 1223 asserat
2423 1171 2618 1224 venire
2686 1172 3049 1240 sententiam,
3106 1178 3220 1227 tam
3283 1175 3491 1229 divina:
3562 1195 3660 1230 au-

1955 1257 2232 1311 ctoritatis
2319 1262 2566 1326 oracula,
2652 1276 2823 1331 quam
2897 1263 3345 1331 prmcedentium
3424 1266 3655 1318 Patrum

1955 1346 2089 1399 huic
2127 1347 2445 1401 narrationi
2475 1349 2797 1401 curavimus
2853 1349 3213 1404 innectenda.
3250 1351 3339 1404 Sic
3374 1352 3526 1405 enim
3552 1369 3655 1422 per

1956 1435 2302 1489 Hieremiam
2333 1436 2512 1489 dixit:
2562 1439 2815 1507 Repente
2855 1438 3057 1509 loquar
3089 1440 3353 1493 adversus
3401 1446 3651 1510 gentem,

1954 1528 2011 1578 et
2033 1525 2305 1578 adversus
2351 1541 2610 1595 regnum,
2648 1530 2712 1579 ut
2745 1526 3050 1596 eradicem,
3085 1532 3142 1581 et
3198 1528 3525 1598 disperdam
3583 1530 3652 1583 il-

1954 1612 2068 1665 lud.
2127 1613 2185 1669 Si
2236 1614 2631 1683 pmnitentiam
2682 1615 2865 1683 egerit
2921 1631 3062 1685 gens
3093 1616 3248 1669 illaa
3307 1619 3458 1670 malo
3527 1634 3651 1685 suo,

1956 1701 2111 1771 quod
2145 1703 2364 1755 locutus
2385 1718 2510 1756 sum
2538 1703 2806 1756 adversus
2838 1720 2985 1770 eam,
3014 1720 3179 1775 agam
3229 1710 3286 1758 et
3334 1722 3438 1776 ego
3471 1707 3652 1776 poeni-

1951 1791 2190 1843 tentiam
2223 1807 2395 1861 super
2425 1791 2576 1844 malo
2610 1791 2764 1861 quod
2795 1791 3059 1861 cogitavi,
3094 1798 3158 1846 ut
3207 1793 3451 1847 facerem
3483 1795 3555 1848 ei.
3588 1796 3655 1849 Et

1950 1894 2053 1947 per
2075 1879 2425 1933 Ezechielem
2459 1897 2475 1932 :
2509 1879 2565 1933 Si
2616 1880 2831 1947 dixero,
2882 1882 3091 1951 inquit,
3132 1881 3289 1950 justo
3337 1883 3493 1952 quod
3539 1884 3651 1936 vita

1947 1967 2118 2031 vivat,
2178 1972 2236 2021 et
2286 1967 2529 2021 conﬁsus
2586 1967 2647 2021 in
2673 1968 2897 2038 justitia
2940 1985 3062 2033 sua,
3115 1970 3312 2023 fecerit
3366 1970 3650 2041 iniquita-

1948 2058 2084 2120 tem,
2117 2071 2315 2109 omnes
2337 2056 2575 2125 justitise
2606 2056 2727 2126 ejus
2778 2056 3051 2111 oblivioni
3083 2059 3381 2112 tradentur
3410 2079 3426 2115 :
3482 2064 3537 2112 et
3588 2061 3647 2113 in

1948 2143 2248 2214 iniquitate
2277 2161 2378 2197 sua
2425 2161 2597 2215 quam
2627 2150 2896 2215 operatus
2926 2150 3029 2214 est,
3067 2146 3125 2199 in
3151 2146 3278 2216 ipsa
3346 2148 3645 2201 morietur.

1948 2231 2004 2285 Si
2030 2236 2222 2286 autem
2273 2232 2467 2287 dixero
2524 2232 2725 2303 impio,
2787 2234 2963 2288 Morte
3020 2235 3307 2303 morieris,
3358 2241 3415 2289 et
3471 2237 3653 2307 egerit

1946 2321 2340 2390 pcenitcntiam
2379 2338 2390 2375 :
2424 2322 2536 2375 vita
2579 2323 2749 2389 vivet,
2798 2326 2998 2376 etnon
3046 2324 3343 2378 morietur.
3398 2324 3456 2379 Si
3513 2341 3648 2395 ergo

1946 2412 2140 2462 nostra
2216 2411 2568 2463 conversatio
2651 2411 2729 2462 sic
2807 2411 3055 2464 divinam
3144 2416 3327 2466 mutat
3413 2418 3648 2466 senten-

1946 2499 2106 2565 tiam,
2144 2514 2245 2551 cur
2290 2499 2634 2551 miserorum
2667 2503 2841 2551 tantae
2903 2499 3184 2569 lacrymaa,
3219 2501 3305 2553 vel
3359 2516 3646 2570 pressura,

1946 2589 2063 2638 tam
2118 2586 2350 2639 crudam
2412 2602 2525 2639 non
2583 2590 2905 2655 temperent
2960 2603 3028 2639 ex
3086 2588 3457 2641 miseratione
3520 2588 3646 2641 vin-

1947 2673 2195 2728 dictam?
2231 2674 2371 2729 IIinc
2427 2675 2594 2727 etiam
2651 2676 2867 2744 populo
2914 2675 3223 2729 Israelitico
3284 2692 3434 2747 saepe
3503 2677 3647 2730 ultio

1944 2763 2227 2833 promissa
2265 2763 2650 2833 suspenditur,
2685 2767 2741 2817 et
2782 2763 3163 2817 Ninivitarum
3224 2764 3470 2834 perditio
3506 2765 3649 2819 divi-

1946 2868 2037 2905 nae
2083 2851 2380 2904 sententiae
2438 2850 2861 2920 permutatione
2908 2852 3157 2905 sedatur.
3213 2853 3352 2905 Nam
3420 2858 3648 2907 sanctus

1945 2940 2278 2993 Ambrosius
2310 2940 2369 2993 in
2400 2940 2543 2992 libro
2576 2939 2741 2992 tertio
2771 2940 2839 2993 de
2872 2939 3105 3001 Ofﬁciis,
3151 2940 3229 2993 ita
3263 2940 3343 2993 ait
3379 2958 3391 2994 :
3434 2943 3649 2995 Purum

1872 3020 1910 3073 Ο
1948 3029 2125 3098 igitur
2180 3044 2244 3081 ac
2291 3028 2575 3081 sincerum
2622 3032 2848 3097 oportet
2877 3044 2997 3081 esse
3045 3028 3331 3091 affectum,
3378 3035 3432 3082 et
3463 3046 3646 3083 unus-

1948 3118 2190 3188 quisque
2221 3116 2539 3187 simplicem
2589 3133 2914 3169 sermonem
2950 3117 3218 3186 proferat.
3256 3118 3360 3170 Vas
3390 3134 3558 3171 suum
3588 3118 3647 3170 in

1946 3206 2241 3259 sanctitate
2320 3205 2630 3275 possideat,
2684 3220 2756 3257 ne
2835 3205 3071 3258 fratrem
3145 3204 3647 3274 circumscriptione

1943 3293 2524 3348 verboruminducat.
2588 3291 2740 3345 Nihil
2783 3292 3081 3361 promittat
3129 3292 3515 3360 inhonestum,
3581 3310 3644 3347 ac

1944 3382 2053 3435 sibi
2082 3382 2416 3452 promittere
2471 3384 2707 3451 quaerat.
2734 3380 3111 3433 Tolerabilius
3160 3386 3242 3433 est
3293 3383 3641 3450 promissum

1945 3486 2060 3522 non
2099 3470 2301 3535 facere,
2336 3484 2508 3539 quam
2534 3468 2716 3520 facere
2748 3467 2900 3536 quod
2932 3472 3098 3538 turpe
3130 3468 3218 3521 sit.
3263 3469 3418 3539 Saepe
3465 3470 3641 3538 pleri-

1944 3573 2054 3628 que
2089 3556 2489 3626 constringunt
2517 3572 2573 3608 se
2603 3555 2978 3625 jurisjurandi
3010 3562 3386 3623 sacramento,
3423 3562 3478 3610 et
3510 3574 3641 3611 cum

1941 3644 2052 3714 ipsi
2099 3641 2469 3713 cognoverint
2514 3642 2965 3713 promittendum
3012 3658 3128 3695 non
3176 3643 3348 3695 fuisse
3403 3643 3497 3711 jus
3560 3659 3642 3695 sa-

1943 3732 2240 3796 cramenti,
2286 3736 2477 3784 tamen
2523 3730 3001 3800 contemplatione
3057 3730 3271 3783 faciunt
3320 3731 3470 3800 quod
3522 3747 3643 3800 spo-

1941 3815 2289 3885 ponderunt,
2349 3815 2493 3868 sicut
2535 3815 2601 3868 de
2637 3815 2854 3868 Herode
2894 3830 3065 3883 supra
3121 3814 3472 3884 scripsimus,
3543 3813 3640 3883 qni

1943 3902 2214 3956 saltatrici
2272 3903 2575 3971 praemium
2654 3902 2900 3971 turpiter
2984 3901 3268 3971 promisit,
3334 3901 3642 3954 crudeliter

1942 3990 2124 4044 solvit.
2159 3992 2366 4060 Turpe,
2399 3992 2554 4060 quod
2586 4003 2828 4059 regnum
2856 4005 2960 4059 pro
3011 3988 3310 4041 saltatione
3354 3986 3642 4057 promitti-

1940 4083 2035 4132 tur
2068 4096 2080 4132 :
2115 4080 2362 4144 crudele,
2397 4079 2549 4147 quod
2596 4095 2748 4131 mors
2792 4078 3081 4148 prophetae
3131 4093 3233 4146 pro
3265 4076 3640 4146 jurisjurandi

1943 4168 2219 4237 religione
2270 4169 2556 4222 donatur:
2592 4172 2805 4237 quanto
2860 4166 3212 4219 tolerabilius
3264 4165 3373 4217 tale
3443 4163 3642 4217 fuisset

1943 4257 2262 4326 perjurium
2293 4258 2691 4309 sacramento?
2723 4258 2786 4309 Et
2818 4260 2943 4325 post
2986 4271 3186 4324 pauca,
3221 4252 3290 4307 de
3328 4253 3487 4323 Jepte
3525 4251 3639 4305 dis-

1943 4361 2198 4399 cernens.
2237 4344 2572 4397 Miserabilis
2622 4345 2953 4410 necessitas,
2986 4359 3115 4413 qum
3164 4341 3401 4396 solvitur
3448 4340 3640 4411 parri-

1943 4433 2109 4488 cidio.
2146 4433 2340 4486 Melius
2393 4438 2475 4485 est
2518 4449 2865 4486 nonvovere
2898 4432 2973 4496 id,
3036 4432 3189 4501 quod
3241 4430 3347 4483 sibi
3393 4429 3481 4482 cui
3514 4445 3641 4498 pro-

1945 4522 2207 4585 mittitur,
2236 4521 2381 4574 nolit
2410 4520 2610 4573 exolvi.
2638 4522 2705 4574 Et
2730 4524 2860 4590 post
2888 4520 3185 4589 paululum
3221 4535 3233 4573 :
3261 4520 3379 4571 Non
3415 4533 3641 4586 semper

1942 4611 2120 4681 igitur
2152 4610 2434 4679 promissa
2466 4610 2734 4661 solvenda
2763 4609 2959 4661 omnia
3016 4613 3166 4661 sunt.
3204 4608 3460 4677 Denique
3518 4606 3641 4676 ipse

1947 4699 2240 4765 Dominus,
2301 4697 2443 4749 sicut
2474 4696 2765 4764 Scriptura
2822 4696 3056 4762 indicat,
3088 4697 3417 4765 frequenter
3480 4710 3641 4747 suam

1946 4792 2126 4841 mutat
2185 4785 2549 4839 sententiam.
2609 4786 2704 4836 Vir
2760 4800 2992 4855 quoque
3059 4784 3448 4837 sanctissimus
3528 4786 3639 4835 Au-

1944 4876 2205 4947 gustinus
2276 4872 2731 4942 investigationis
2821 4872 3086 4925 acumine
3177 4874 3397 4936 acutus,
3481 4869 3640 4922 inve-

1944 4964 2140 5019 niendi
2198 4966 2319 5016 arte
2372 4961 2719 5031 praecipuus,
2796 4960 3087 5013 asserendi
3146 4960 3309 5028 copia
3362 4958 3639 5029 profluus,

1947 5052 2289 5124 eloquentiae.
2330 5052 2470 5103 ﬂore
2501 5054 2794 5115 venustus,
2828 5048 3123 5118 sapientiai
3180 5050 3365 5101 fructu
3426 5047 3641 5101 foecun-

1946 5143 2069 5206 dus,
2099 5142 2221 5194 haec
2278 5139 2338 5192 in
2369 5138 2484 5191 suis
2539 5141 2731 5189 narrat
2760 5136 3075 5189 affectibus.
3140 5138 3259 5189 Duo
3292 5139 3423 5188 sunt
3488 5135 3642 5188 enim

1947 5230 2182 5284 omnino
2212 5244 2425 5299 genera
2457 5225 2911 5291 mendaciorum,
2945 5224 3003 5277 in
3038 5224 3248 5294 quibus
3291 5240 3403 5277 non
3438 5239 3645 5293 magna

1946 5322 2116 5389 culpa
2163 5323 2265 5383 est,
2301 5318 2395 5370 sed
2434 5321 2625 5369 tamen
2665 5330 2782 5367 non
2814 5318 2899 5365 est
2959 5312 3080 5365 sine
3122 5313 3307 5380 culpa,
3364 5328 3493 5365 cum
3547 5316 3645 5364 aut

1944 5409 2223 5479 jocamur,
2282 5410 2379 5459 aut
2436 5422 2564 5458 cum
2646 5401 3057 5474 promittimus,
3113 5400 3443 5452 mentimur.
3498 5400 3642 5452 Illud

1949 5498 2203 5567 primum
2236 5495 2297 5548 in
2322 5495 2586 5564 jocando,
2622 5493 2749 5546 ideo
2786 5506 2896 5543 non
2919 5494 3003 5542 est
3032 5487 3642 5557 perniciosissimuum,

1951 5585 2085 5657 quia
2114 5601 2231 5638 non
2280 5583 2444 5636 fallit.
2506 5579 2673 5635 Novit
2728 5579 2884 5633 enim
2936 5578 3054 5643 ille,
3102 5576 3192 5630 cui
3245 5574 3466 5637 dicitur,
3531 5576 3644 5644 joci
