3944 6302
260 295 362 347 883

1336 294 1742 349 BURCHARDI
1778 290 2314 349 WORMACIENSIS
2351 288 2689 345 EPISCOPI.

3658 287 3770 341 884-

255 431 423 469 causa
452 432 572 469 esse
600 415 836 469 dictum.
883 414 1208 470 Secundum
1251 422 1443 471 autem
1486 416 1614 471 ideo
1671 417 1944 473 mentitus
1973 418 2020 471 A
2056 416 2118 470 in
2165 412 2491 485 Synonimis
2525 428 2538 465 :
2572 412 2636 465 In
2686 410 2853 464 malis
2902 408 3220 481 promissis,
3282 408 3540 463 rescinde
3563 409 3766 464 ﬁdem.

256 507 359 571 est,
416 503 516 575 qui
572 504 783 557 retinet
834 503 1170 556 nonnullam
1239 504 1717 558 benevolentiam.
1794 505 1949 558 Idem

254 591 376 659 ipse
433 591 587 653 alibi,
648 607 763 644 non
812 591 1049 653 auferat,
1119 592 1329 660 inquit,
1378 592 1583 645 veritas
1626 593 1953 646 misericor-

258 679 435 744 diam,
469 696 584 732 non
614 679 928 732 ambulabit
961 678 1021 731 in
1071 679 1161 732 via
1192 678 1441 745 Domini,
1475 680 1533 732 in
1564 697 1679 750 qua
1738 679 1959 734 miseri-

257 767 452 821 cordia
481 772 535 820 et
567 768 770 820 veritas
800 767 1173 821 obviaverunt
1200 768 1325 821 sibi.
1367 768 1505 821 Hinc
1553 769 1750 822 beatus
1806 771 1960 838 Papa

260 857 587 925 Gregorius,
635 856 693 909 in
730 855 888 909 libris
941 855 1263 924 Moralium,
1296 856 1376 909 sic
1416 858 1538 911 ait:
1596 858 1737 911 Cum
1796 873 1959 911 mens

261 945 415 998 inter
459 944 703 1010 minora,
767 947 821 997 et
851 944 1102 997 maxima
1147 950 1377 1014 peccata
1426 945 1859 1014 constringitur,
1912 945 1961 998 si

261 1033 499 1087 omnino
532 1033 723 1086 nullus
752 1031 873 1085 sine
918 1036 1150 1101 peccato
1209 1032 1486 1086 evadendi
1537 1033 1727 1086 aditus
1780 1036 1957 1102 patet,

263 1120 487 1173 minora
517 1136 741 1190 semper
770 1120 1059 1190 eligantur
1092 1137 1104 1173 :
1140 1121 1277 1191 quia
1299 1124 1355 1173 et
1385 1122 1483 1191 qui
1515 1136 1810 1174 murorum
1838 1137 1958 1174 am-

261 1208 405 1275 bitu,
437 1224 508 1261 ne
538 1208 738 1279 fugiat,
789 1208 1095 1275 clauditur,
1156 1208 1235 1262 ibi
1275 1226 1335 1262 se
1392 1209 1455 1262 in
1502 1208 1697 1280 fugam
1754 1208 1963 1279 praeci-

263 1294 399 1367 piat,
431 1297 528 1350 ubi
559 1297 785 1351 brevior
815 1313 1013 1350 murus
1058 1297 1371 1351 invenitur.
1406 1299 1547 1352 Hinc
1599 1303 1656 1352 et
1712 1298 1962 1351 Isidorus

262 1385 386 1438 ait:
420 1385 796 1439 Tolerabilius
850 1390 936 1438 est
993 1386 1148 1439 enim
1204 1402 1322 1440 non
1364 1386 1604 1457 implere
1645 1402 1963 1440 sacramen-

262 1476 408 1534 tum,
457 1488 632 1544 quam
660 1489 1000 1544 permanere
1049 1473 1113 1528 in
1160 1473 1344 1545 stupri
1393 1474 1632 1545 ﬂagitio.
1690 1474 1965 1530 Similiter

2064 505 2126 557 In
2158 503 2314 572 turpi
2335 508 2465 554 voto
2497 504 2560 552 ut
2596 516 2628 552 a
2656 499 2883 553 decreto
2920 498 3072 567 quod
3126 498 3352 549 incaute
3382 496 3588 551 novisti
3647 514 3769 550 non

2064 592 2253 645 facias.
2308 589 2491 658 Impia
2536 593 2619 641 est
2657 587 2986 657 promissio,
3052 602 3182 656 quas
3230 587 3440 639 scelere
3484 586 3768 654 adimple-

2066 683 2177 733 tur.
2215 679 2371 732 Unde
2400 693 2626 730 necesse
2674 681 2777 740 est,
2814 680 2876 729 ut
2924 674 3070 727 male
3096 673 3318 742 jurans,
3379 674 3611 743 dignam
3654 689 3771 743 pna-

2067 768 2364 823 nitentiam
2397 771 2548 834 agat,
2581 781 2647 817 eo
2679 764 2831 835 quod
2863 779 3071 816 nomen
3119 762 3346 815 Domini
3373 769 3569 816 contra
3618 779 3770 833 pras-

2067 861 2298 927 ceptum
2324 855 2475 908 illius
2504 852 2749 922 sumpsit
2781 852 2839 905 in
2867 867 3095 916 vanum,
3125 851 3260 921 quia
3294 851 3354 904 in
3384 851 3577 904 Exodo
3623 850 3774 904 scri-

2066 949 2232 1016 ptum
2288 948 2420 997 est:
2457 942 2567 995 Nec
2617 943 2775 993 enim
2832 939 3121 992 insontem
3172 937 3410 993 habebit
3488 939 3774 993 Dominus

2070 1049 2202 1087 eum
2229 1033 2327 1102 qui
2349 1028 2721 1099 assumpserit
2752 1045 2966 1082 nomen
3007 1026 3235 1081 Domini
3274 1027 3376 1080 Dei
3402 1028 3491 1081 sui
3532 1028 3772 1081 frustra.

2068 1122 2137 1174 Et
2167 1120 2227 1173 in
2258 1119 2507 1172 Levitico
2540 1134 2552 1171 :
2587 1118 2709 1171 Non
2740 1115 3023 1186 pcjcrabis
3058 1115 3118 1168 in
3167 1114 3402 1169 nomine
3453 1131 3600 1183 meo,
3664 1131 3777 1169 nec

2068 1208 2293 1279 pollues
2320 1222 2531 1260 nomen
2557 1205 2785 1259 Domini
2834 1206 2936 1259 Dei
2966 1204 3049 1258 tui
3082 1221 3094 1258 :
3156 1220 3264 1274 ego
3322 1204 3620 1258 Dominus.
3657 1205 3776 1257 Ta-

2072 1313 2206 1351 men
2235 1296 2448 1349 malum
2501 1295 2653 1365 quod
2709 1295 2995 1348 facturum
3024 1309 3084 1347 se
3119 1296 3475 1353 sacramento
3523 1293 3777 1346 devove-

2072 1391 2163 1440 rat
2188 1385 2425 1440 omnino
2465 1400 2581 1437 non
2611 1384 2781 1437 faciat
2810 1400 2824 1437 :
2884 1382 3019 1452 quia
3045 1382 3218 1436 stulta
3260 1388 3392 1436 vota
3431 1380 3757 1452 frangenda

2072 1479 2224 1530 sunt.

1605 1596 1782 1636 FINIS
1826 1595 2004 1641 LIBRI
2050 1595 2430 1636 DUODECIMI.

942 1859 1236 1932 INDEX
1294 1861 1983 1935 CAPITULORUM
2041 1862 2297 1935 LIBRI
2358 1861 2691 1934 DECIMI
2750 1862 3090 1936 TERTII.

273 2013 401 2068 CAP.
440 2015 489 2066 1.
523 2012 602 2066 De
632 2011 1027 2067 observatione
1056 2013 1538 2085 Quadragesimae.

271 2105 326 2156 2.
362 2101 440 2154 De
463 2100 686 2172 jejunio
714 2100 970 2165 Quatuor
999 2103 1364 2172 Temporum.

276 2192 329 2243 3.
362 2190 484 2255 Quo
518 2194 776 2261 tempore
807 2190 878 2245 ad
914 2190 1147 2245 missam
1189 2193 1463 2259 ﬂectamus
1507 2206 1684 2259 genua
1727 2188 1841 2246 dici
1873 2189 1971 2249 de-

349 2280 500 2333 beat.
1344 2325 1363 2343 ,

277 2367 331 2421 4.
366 2367 447 2420 De
477 2365 591 2420 illis
616 2366 716 2438 qui
744 2367 1022 2422 indictum
1047 2368 1337 2440 jejunium
1358 2368 1827 2439 contempserint.

281 2458 334 2509 5.
364 2456 443 2509 De
474 2455 672 2509 eadem
704 2472 784 2509 re.

280 2547 333 2598 6.
368 2544 445 2597 De
480 2543 711 2597 Letania
740 2544 956 2614 majore
986 2545 1280 2615 quomodo
1326 2544 1678 2600 observanda
1706 2544 1796 2600 sit.

278 2637 333 2688 7.
368 2633 446 2687 De
471 2632 691 2704 jejunio
720 2634 1124 2705 Rogationum.

280 2723 333 2776 8.
360 2722 432 2775 Ut
459 2721 521 2775 in
546 2738 707 2776 coena
737 2722 988 2790 Domini,
1022 2727 1087 2777 ut
1114 2723 1175 2776 in
1231 2721 1469 2795 reliquis
1515 2721 1979 2794 Quadragesima's

352 2809 555 2864 diebus
574 2811 860 2881 jejunium
887 2828 1004 2865 non
1038 2813 1302 2865 solvatur.

282 2900 333 2953 9.
369 2898 439 2953 Ut
470 2897 531 2951 in
562 2898 808 2953 Sabbato
833 2906 1025 2954 sancto
1047 2900 1339 2971 jejunium
1372 2904 1503 2954 ante
1538 2898 1725 2954 noctis
1749 2899 1980 2955 initium

354 3002 471 3039 non
502 2988 772 3041 solvatur.

293 3077 378 3129 10.
430 3074 595 3137 Quod
643 3092 763 3129 non
804 3079 1065 3146 oporteat
1118 3074 1182 3129 in
1230 3076 1676 3147 Quadragesima
1719 3075 1984 3131 natalicia

361 3168 690 3217 sanctorum
720 3164 1016 3218 celebrari.

1999 2017 2039 2070 Β
2082 2019 2166 2069 17.
2200 2016 2279 2069 De
2311 2014 2510 2069 eadem
2543 2030 2621 2069 re.

2084 2105 2169 2158 18.
2220 2105 2297 2159 De
2353 2102 2463 2158 hoc
2517 2102 2566 2157 si
2596 2102 2852 2158 evenerit
2878 2102 3226 2174 pestilentia,
3279 2102 3370 2156 vel
3414 2100 3786 2173 inaequalitas

2153 2207 2323 2247 aeris.

2086 2284 2170 2335 19.
2206 2282 2277 2334 Ut
2304 2281 2497 2334 nullus
2552 2280 2613 2334 in
2671 2278 2967 2334 Dominica
3015 2279 3107 2335 die
3151 2295 3258 2351 pro
3302 2279 3650 2339 abstinentia
3687 2280 3788 2352 je-

2150 2370 2335 2439 jnneL

2084 2460 2173 2513 20.
2209 2459 2288 2512 De
2320 2458 2518 2512 eadem
2545 2474 2628 2512 re.

2083 2547 2172 2599 21.
2209 2546 2279 2599 Ut
2307 2546 2514 2616 placita
2552 2544 2850 2599 saecularia
2895 2544 2958 2598 in
3003 2544 3204 2599 diebus
3248 2544 3580 2612 Dominicis,
3641 2549 3699 2600 et
3722 2545 3790 2601 in

2156 2634 2460 2705 prazcipuis
2529 2634 2711 2704 festis,
2758 2638 2815 2688 et
2872 2633 2934 2687 in
2990 2633 3191 2687 diebus
3242 2634 3599 2705 jejuniorum
3664 2652 3792 2690 non

2157 2722 2318 2776 ﬁant

2086 2812 2174 2865 22.
2211 2812 2281 2864 Ut
2318 2810 2611 2881 jejunium
2641 2812 2858 2884 absque
2887 2812 3015 2866 cibo
3046 2811 3288 2867 luxuriae
3336 2812 3626 2867 observari
3649 2866 3660 2876 ,
3684 2813 3789 2868 de-

2158 2899 2310 2953 beat.

2089 2990 2179 3044 23.
2207 2989 2276 3042 Ut
2295 2988 2697 3058 quotidianum
2720 2988 3008 3059 jejunium
3047 3005 3167 3043 non
3197 2988 3271 3043 sit
3325 2989 3449 3045 sine
3476 2990 3793 3046 refectione

2163 3076 2375 3146 aliqua.

2090 3164 2177 3217 24.
2209 3166 2285 3218 De
2315 3166 2517 3219 eadem
2543 3182 2624 3219 re.

292 3256 376 3307 11.
411 3253 574 3317 Quod
603 3253 666 3307 in
698 3253 895 3307 diebus
937 3253 1146 3324 jejunii
1176 3254 1541 3325 eleemosyna
1583 3253 1657 3308 sit
1701 3253 1980 3309 facienda.
2013 3293 2054 3348 Ο
2089 3254 2178 3305 25.
2211 3252 2374 3317 Quod
2399 3253 2688 3323 jejunium
2716 3256 2877 3307 curet
2905 3253 3144 3309 vulnera
3164 3254 3572 3327 delinquentis.

295 3344 378 3396 12.
437 3343 501 3396 Ut
559 3342 621 3396 in
678 3341 1125 3412 Quadragesima
1188 3346 1417 3412 tempus
1470 3342 1701 3413 prandii
1757 3359 1983 3398 conser-

360 3435 543 3485 vetur.

296 3521 380 3573 13.
440 3518 603 3583 Quod
645 3519 708 3574 in
759 3518 960 3574 diebus
991 3518 1351 3591 jejuniorum
1414 3519 1574 3573 nulla
1622 3519 1818 3591 jurgia
1865 3536 1986 3574 esse

364 3607 627 3663 debeant.

299 3697 380 3749 14.
411 3698 481 3750 Ut
502 3697 563 3749 in
594 3696 708 3750 illis
747 3696 980 3750 sacratis
1005 3696 1205 3752 diebus
1243 3696 1604 3767 jejuniorum
1633 3697 1928 3769 conjugati
1954 3714 1989 3752 a

367 3784 705 3853 conjugibus
735 3801 795 3838 se
835 3784 1121 3840 abstinere
1150 3786 1418 3840 debeant.

299 3875 385 3928 15.
417 3874 495 3926 De
524 3872 615 3927 his
641 3874 741 3944 qui
796 3874 855 3928 in
881 3874 1031 3928 clero
1059 3880 1211 3943 sunt,
1257 3880 1316 3930 et
1362 3875 1623 3930 carnium
1670 3892 1831 3931 esum
1885 3876 1988 3931 ha-

364 3961 599 4016 buerint
617 3978 872 4017 exosum.

302 4053 384 4105 16.
416 4052 495 4105 De
518 4050 727 4121 vigiliis
759 4056 1104 4107 sanctorum.

2093 3342 2180 3394 26.
2219 3341 2294 3394 De
2320 3342 2575 3411 quodam
2631 3341 2918 3396 Alcibiade
2949 3342 3049 3413 qui
3098 3342 3206 3398 sibi
3250 3359 3421 3414 grave
3463 3344 3676 3415 jugum
3701 3345 3796 3417 je-

2157 3429 2311 3499 junii
2342 3430 2717 3501 imposuerat.

2095 3519 2184 3574 27.
2222 3520 2297 3572 De
2330 3535 2398 3573 eo
2425 3520 2526 3590 qui
2570 3520 2673 3574 sub
2705 3519 2945 3575 obtentu
2971 3520 3266 3591 religionis
3298 3521 3420 3575 sine
3466 3522 3636 3593 jussu
3669 3523 3797 3594 epi-

2166 3609 2323 3678 scopi
2355 3609 2442 3662 sui
2463 3609 2550 3661 vel
2576 3608 2894 3679 presbyteri
2918 3609 3210 3680 jejunium
3240 3610 3348 3665 sibi
3381 3610 3649 3682 imponit.

2095 3700 2182 3751 28.
2218 3698 2281 3751 Ut
2311 3698 2505 3751 nullus
2535 3697 2888 3752 Christianus
2920 3697 3058 3752 dum
3108 3705 3303 3753 sancta
3348 3700 3474 3755 loca
3505 3717 3610 3772 pro
3641 3717 3801 3756 reve-

2167 3786 2355 3839 rentia
2386 3786 2636 3856 petierit,
2686 3786 2930 3858 alicujus
2958 3788 3205 3858 publica
3251 3789 3549 3860 potestatis
3599 3790 3800 3846 banno

2166 3874 2380 3929 ibidem
2395 3876 2837 3946 constringatur.

2557 4000 2767 4056 Indicis
2794 4002 3157 4071 capitulorum
3182 4004 3330 4071 ﬁnis.

1456 4299 2647 4423 BURCHARDI

1288 4446 1700 4556 ECCLESIAE
1755 4499 2380 4556 WORMACIENSIS
2437 4500 2811 4556 EPISCOPI

300 4665 1440 4822 DECRETORUM
1549 4667 2050 4819 LIBER
2188 4667 2932 4822 DECIMUS
3063 4668 3801 4822 TERTIUS

1804 4919 1904 4984 DE
1948 4920 2289 4985 JEJUNIO.

773 5198 1265 5257 ABGUMENTUM
1302 5199 1509 5256 LIBRI.

369 5292 538 5348 Libro
595 5293 704 5347 hoc
761 5292 832 5346 de
897 5288 1293 5344 observatione
1358 5289 1715 5361 utilitateqne
1762 5288 1991 5359 jejunii,

294 5381 542 5436 maxime
572 5394 763 5435 autem
805 5380 875 5435 de
914 5377 1136 5449 jejunio
1183 5378 1689 5449 Quadragesimali,
1740 5378 1996 5442 Quatuor

297 5472 667 5541 Temporum,
700 5469 1061 5538 aliorumque
1089 5468 1160 5521 ab
1219 5467 1462 5522 Ecclesia
1491 5468 1908 5537 institutorum,
1937 5472 1992 5523 et

297 5559 633 5614 eorumdem
664 5556 1057 5621 violatoribus,
1084 5556 1296 5626 agitur.

2284 5199 2412 5255 CAP.
2451 5204 2497 5255 1.
2529 5228 2603 5241 —
2629 5202 2704 5255 De
2747 5199 3115 5256 observatione
3160 5199 3617 5271 Quadragesimz.

2172 5292 2283 5357 (Ea:
2310 5293 2466 5360 epist.
2528 5293 2737 5357 Gregor
2799 5294 3001 5359 papa.)
3059 5288 3509 5359 Quadragesima
3573 5304 3810 5344 summa

2102 5380 2493 5435 observatione
2519 5383 2606 5434 est
2632 5379 3004 5445 observanda,
3030 5383 3095 5433 ut
3130 5378 3419 5451 jejunium
3449 5377 3508 5431 in
3540 5393 3608 5432 ea
3649 5395 3811 5449 pree-

2100 5473 2187 5522 ter
2218 5468 2543 5523 Dominicos
2577 5468 2677 5540 qui
2705 5469 2776 5523 de
2805 5468 3151 5523 abstinentia
3174 5467 3446 5522 subtracti
3497 5472 3651 5532 sunt,
3689 5469 3810 5523 nisi

2099 5574 2272 5628 quem
2332 5557 2639 5612 infirmitas
2695 5556 3045 5627 impedierit,
3112 5557 3443 5612 nullatenus
3499 5557 3804 5611 solvatur:
