3944 6306
126 339 222 390 885
915 331 1398 392 DECRETORUM
1443 334 1631 388 LIBRI
1670 337 1775 390 XX.
1821 365 1888 374 -—
1931 336 2144 392 LIBER
2184 337 2489 392 DECIMUS
2527 339 2844 396 TERTIUS.

3519 351 3620 402 886

125 459 259 528 quia
307 457 420 527 ipsi
477 457 596 511 dia-3
649 456 880 511 decimae
929 459 1065 512 sunt
1115 457 1272 510 anni.
1314 459 1360 510 A
1398 457 1589 526 prima
1644 457 1822 527 igitur
1851 460 1896 511 A
1935 457 2064 511 CAP.
2102 459 2188 513 VI.
2231 490 2298 497 -—
2346 463 2418 513 De
2476 461 2680 514 letania
2726 463 2932 531 majore
2989 465 3248 531 quo-modo
3289 467 3624 520 observanda

127 546 422 600 Dominica
472 545 940 615 Quadragesimaa
991 561 1170 615 usque
1222 545 1280 598 in
1333 547 1545 598 Pascha
1598 546 1824 599 Domini

125 653 215 688 sex
285 635 663 689 hebdomadas
743 639 1168 703 computantur,
1251 650 1496 704 quarum
1561 634 1826 688 videlicet

126 725 350 778 dierum
395 739 463 776 η
493 729 546 776 et
597 740 635 776 ιι
665 723 829 776 ﬁunt.
886 725 958 776 Ex
991 723 1200 792 quibus
1233 723 1371 776 dum
1420 739 1512 776 sex
1546 723 1664 776 dies
1715 724 1823 776 Do-

126 813 323 866 minici
355 811 718 865 abstinentiae
771 811 1208 878 subtrahuntur,
1243 825 1362 864 non
1402 811 1528 881 plus
1559 810 1618 862 in
1649 809 1824 863 absti-

125 901 324 955 nentia
372 917 545 971 quam
589 900 829 970 triginta
880 904 933 953 et
973 916 1071 953 sex
1121 899 1241 954 dies
1287 903 1606 952 remanent.
1657 897 1825 950 Verbi

126 989 311 1059 gratia
363 1006 376 1042 :
436 990 482 1042 si
544 1004 646 1059 per
709 1004 902 1042 CCCXLV
972 987 1092 1040 dies
1156 1003 1341 1040 annus
1409 987 1652 1052 ducitur,
1721 1001 1825 1039 nos

127 1083 319 1131 autem
382 1093 485 1148 per
530 1093 638 1130 xxx
683 1080 738 1130 et
786 1093 840 1129 v1
906 1075 1025 1130 dies
1074 1074 1407 1145 afﬂigimur,
1477 1075 1640 1144 quasi
1688 1075 1826 1128 anni

129 1167 378 1221 decimas
424 1167 536 1219 Deo
589 1166 808 1219 damus.
866 1165 931 1218 Et
960 1169 1024 1218 ut
1070 1180 1227 1218 sacer
1255 1180 1528 1218 numerus
1577 1163 1824 1234 quadra—

127 1256 288 1326 ginta
345 1254 571 1308 dierum
626 1253 1032 1327 adimpleatur,
1091 1269 1264 1323 quem
1328 1254 1584 1307 Salvator
1633 1257 1826 1306 noster

125 1360 228 1397 suo
260 1359 420 1395 sacro
463 1342 684 1411 jejunio
729 1347 1172 1407 consecraverat,
1225 1345 1473 1412 quatuor
1503 1342 1622 1395 dies
1666 1341 1824 1411 prio-

127 1433 204 1486 ris
235 1432 615 1485 hebdomadae
648 1431 719 1484 ad
765 1431 1230 1500 supplementum
1271 1430 1649 1500 quadraginta
1698 1429 1825 1483 die-

129 1537 257 1574 rum
290 1520 591 1586 tollantur,
621 1519 680 1573 id
715 1523 798 1572 est
825 1524 1027 1589 quarta
1056 1518 1218 1585 feria,
1270 1535 1398 1588 quae
1430 1523 1601 1588 caput
1624 1518 1825 1588 jejunii

128 1609 486 1674 subnotatur,
540 1611 598 1661 et
629 1607 829 1678 quinta
871 1607 1013 1660 feria
1061 1623 1326 1676 sequens,
1359 1611 1508 1659 sexta
1541 1613 1596 1660 et
1626 1607 1826 1661 sabba-

128 1704 271 1752 tum.
307 1697 425 1750 Nisi
477 1697 614 1750 istos
649 1700 894 1766 quatuor
925 1696 1043 1749 dies
1074 1695 1467 1765 superioribus
1507 1695 1741 1766 triginta
1771 1701 1825 1748 et

130 1804 223 1841 sex
273 1787 728 1856 adjunxerimus,
781 1785 1163 1856 quadraginta
1211 1785 1328 1838 dies
1371 1785 1432 1838 in
1483 1785 1826 1838 abstinentia

129 1892 248 1930 non
291 1875 587 1929 habemus.
622 1875 899 1928 Jubemur
943 1874 1113 1926 etiam
1168 1874 1238 1927 ab
1270 1873 1653 1942 omnipotenti
1686 1875 1823 1942 Deo,

130 1964 392 2018 omnium
449 1964 734 2016 bonorum
791 1968 1118 2016 nostrorum
1168 1961 1419 2015 decimas
1465 1962 1620 2014 dare.
1676 1959 1829 2023 Qua-

128 2057 367 2124 propter
400 2056 462 2105 ut
491 2051 676 2105 omnis
725 2050 946 2104 decima
976 2066 1008 2102 a
1037 2050 1203 2103 nobis
1246 2051 1361 2102 Deo
1401 2049 1509 2102 rite
1541 2048 1826 2118 persolva-

129 2147 240 2208 tnr,
277 2141 551 2196 tollamus
599 2139 877 2193 decimam
907 2139 1062 2203 anni,
1105 2145 1161 2192 et
1189 2138 1250 2192 in
1281 2155 1343 2191 ea
1375 2142 1603 2207 peccata
1631 2141 1826 2201 nostra

129 2230 483 2297 confitendo,
540 2229 881 2298 corrigendo
938 2245 1074 2293 nos,
1119 2227 1460 2298 jejunando,
1510 2225 1822 2294 vigilando,

129 2319 374 2384 orando,
453 2319 844 2387 eleemosynas
906 2315 1216 2386 largiendo,
1287 2315 1704 2384 abstergamus,
1770 2318 1828 2366 et

129 2423 360 2461 carnem
391 2412 650 2460 nostram
699 2406 1071 2475 decimemus,
1121 2409 1186 2458 ut
1215 2404 1286 2458 ad
1315 2409 1575 2458 sanctum
1612 2403 1824 2458 Pascha

128 2497 315 2551 securi
336 2496 635 2566 pervenire
657 2511 982 2566 possumus.

319 2606 447 2660 CAP.
483 2605 550 2658 II.
582 2635 650 2644 —
681 2604 760 2658 De
780 2604 998 2672 jejunio
1025 2603 1266 2670 Quatuor
1299 2605 1634 2671 Temporum.

201 2711 318 2781 (Ea:
363 2713 584 2765 concilio
632 2713 894 2780 Mogunt,
941 2713 1120 2780 capite
1163 2711 1244 2780 2.)
1300 2709 1727 2773 Constituimus,
1763 2710 1826 2760 ut

128 2805 379 2872 quatuor
421 2805 683 2870 tempora
712 2800 866 2867 anni,
901 2800 970 2854 ab
1002 2800 1272 2854 omnibus
1306 2815 1436 2853 cum
1463 2797 1686 2868 jejunio
1718 2796 1823 2850 ob-

129 2894 454 2956 serventur,
505 2889 561 2942 id
593 2893 697 2956 est,
748 2889 806 2942 in
853 2889 1074 2954 Martio,
1119 2888 1473 2942 hebdomada
1521 2886 1724 2956 prima.
1761 2887 1824 2940 In

127 2980 333 3044 Junio,-
356 2977 624 3031 secunda.
662 2978 726 3030 In
766 2977 1137 3046 Septembris,
1189 2977 1377 3030 tertia.
1414 2977 1475 3028 In
1507 2974 1821 3042 Decembri,

130 3072 338 3138 quarta
373 3083 386 3119 :
421 3083 550 3137 quae
597 3065 767 3120 fuerit
798 3067 971 3136 plena
1009 3070 1136 3119 ante
1175 3065 1433 3135 vigiliam
1463 3064 1672 3119 Natalis
1724 3065 1828 3118 Βο-

131 3157 299 3225 mini,
358 3156 416 3210 id
477 3161 582 3222 est,
637 3156 778 3210 feria
833 3161 1056 3226 quarta,
1107 3160 1162 3209 et
1214 3159 1387 3222 sexta,
1445 3159 1502 3208 et
1559 3154 1824 3208 Sabbato.

129 3246 376 3299 Veniant
423 3262 621 3298 omnes
673 3245 742 3298 ad
783 3244 1089 3298 Ecclesiam
1137 3245 1279 3298 hora
1336 3260 1506 3310 nona,
1557 3259 1688 3296 cum
1743 3244 1824 3297 le-

130 3336 304 3390 taniis
336 3335 404 3388 ad
440 3334 740 3388 missarum
772 3334 1068 3388 solemnia.

129 3444 259 3498 CAP.
291 3441 387 3495 IIl.
421 3471 489 3479 -κ
520 3441 631 3506 Quo
679 3445 912 3510 tempore
941 3441 1014 3493 ad
1053 3442 1276 3494 missam
1307 3441 1603 3492 ﬂectamus
1637 3453 1827 3507 genua

805 3513 917 3566 dici
945 3511 1150 3565 debeat.

201 3620 306 3689 (Eae
355 3621 577 3674 concilio
631 3619 942 3684 Aurelian,
998 3620 1174 3687 capite
1226 3616 1332 3687 14.)
1389 3618 1458 3670 Ut
1512 3615 1826 3686 presbyteri

124 3709 398 3778 plebibus
447 3708 812 3775 annuntient,
865 3708 1020 3778 quod
1063 3708 1122 3760 in
1175 3705 1620 3776 Quadragesima
1668 3709 1721 3757 et
1766 3705 1825 3756 in

121 3797 350 3869 jejunio
373 3798 632 3862 Quatuor
651 3799 997 3868 Temporum
1015 3795 1416 3850 tantummodo
1433 3795 1500 3848 ad
1524 3793 1826 3846 missarum

129 3885 414 3939 solemnia
445 3903 631 3956 genua
661 3886 888 3939 ﬂectere
918 3885 1180 3951 debeant.
1214 3885 1276 3936 In
1310 3882 1619 3937 Dominicis
1655 3897 1826 3934 econ-

133 3979 222 4026 tra
276 3972 477 4027 diebus
529 3973 617 4026 vel
666 3971 885 4026 caeteris
934 3972 1112 4040 festis,
1165 3987 1198 4024 a
1252 3987 1483 4041 vespera
1531 3985 1712 4040 usque
1767 3969 1825 4021 in

128 4078 430 4131 vesperam
476 4077 593 4114 non
624 4061 855 4114 ﬂectant
903 4077 1113 4131 genua,
1161 4059 1260 4112 sed
1292 4064 1504 4111 stantes
1547 4056 1829 4111 incurvati

130 4153 319 4216 orent,
370 4165 474 4202 nec
518 4149 822 4220 quisquam
867 4165 981 4202 uno
1015 4164 1166 4217 genu
1215 4147 1501 4202 solotenus
1551 4147 1828 4216 impresso

130 4254 300 4292 orare
343 4243 678 4308 praesumat,
735 4237 882 4290 sicut
931 4237 1112 4292 Judaei
1152 4236 1454 4290 irridentes
1520 4234 1829 4288 Dominum

123 4327 187 4380 in
231 4326 498 4396 passione
530 4327 652 4396 ejus
681 4326 881 4380 fecisse
911 4326 1206 4392 leguntur,
1242 4325 1337 4376 sed
1371 4327 1612 4394 utraque
1639 4338 1828 4392 genua
1858 4304 1901 4356 Ῑ)

125 4419 297 4468 terrae
328 4415 486 4483 ﬁgat.
521 4414 614 4468 Ait
664 4414 818 4468 enim
865 4414 1172 4484 Apostolus
1205 4430 1217 4467 :
1254 4413 1438 4466 Flecte
1482 4427 1670 4480 genua
1700 4426 1828 4464 mea

126 4503 201 4556 ad
231 4503 461 4556 Patrem
497 4501 723 4555 Domini
749 4501 926 4555 nostri
957 4502 1090 4555 Jesu
1121 4500 1345 4555 Christi.

128 4614 262 4666 CAP.
297 4611 386 4664 IV.
435 4640 503 4648 —
539 4610 618 4662 De
660 4610 775 4662 illis
833 4609 928 4676 qui
973 4605 1238 4731 indictum
1273 4606 1545 4674 jejunium
1592 4608 1826 4658 contem-

870 4693 1053 4731 pserm
1086 4718 1098 4730 .

909 4693 1077 4732 εθνῑηι
1086 4718 1098 4730 .

909 4695 1098 4732 serant.

205 4771 316 4839 (Ea:
347 4770 571 4823 concilio
614 4695 906 4835 Mogunt.,p
938 4769 1116 4836 capite
1165 4765 1238 4835 5.)
1273 4765 1329 4819 Si
1371 4766 1499 4836 quis
1550 4764 1828 4818 indictum

123 4858 416 4929 jejunium
477 4857 860 4928 superbiendo
921 4854 1354 4923 contempserit,
1414 4859 1472 4908 et
1531 4854 1830 4908 observare

128 4965 262 5002 cum
297 4947 517 5001 caeteris
566 4945 900 5001 Christianis
942 4944 1214 5011 noluerit,
1249 4943 1309 4996 in
1343 4943 1658 5014 Gangrensi
1686 4960 1830 4997 con-

129 5037 265 5091 cilio
296 5035 646 5108 praecipitur,
681 5040 742 5088 ut
772 5033 1306 5088 anathematizetur.

609 5143 737 5196 CAP.
774 5142 835 5194 V.
868 5169 940 5181 —
968 5143 1040 5194 De
1064 5139 1248 5194 eadem
1271 5154 1348 5192 re.

205 5251 318 5317 (Ea:
366 5249 588 5302 concilio
635 5249 938 5314 Gangren,
988 5248 1164 5314 capite
1219 5247 1326 5311 19.)
1377 5243 1435 5297 Si
1465 5243 1591 5313 quis
1634 5259 1833 5297 eorum

131 5338 237 5410 qui
282 5337 655 5390 continentiae
705 5337 955 5401 student,
1005 5335 1218 5406 absque
1265 5335 1595 5388 necessitate
1627 5351 1832 5403 corpo-

131 5443 254 5492 rea,
306 5425 517 5479 tradita
561 5425 621 5478 in
653 5441 957 5478 commune
983 5424 1222 5494 jejunia,
1256 5429 1312 5478 et
1352 5424 1422 5476 ab
1458 5422 1703 5475 Ecclesia
1736 5439 1833 5475 cu-

133 5513 347 5569 stodita
397 5515 785 5584 superbiendo
837 5513 1112 5580 dissolvit,
1167 5513 1398 5567 stimulo
1458 5527 1573 5564 suae
1619 5510 1834 5579 cogita-

134 5603 312 5657 tionis
339 5603 644 5670 impulsus,
679 5603 986 5656 anathema
1015 5602 1108 5655 sit.

2735 535 2825 586 sit.

2007 617 2114 685 (Ea:
2164 620 2383 672 concilio
2425 622 2694 687 Mogunt.,
2752 625 2935 690 capste
2973 622 3049 691 6.)
3098 625 3314 678 Placuit
3363 625 3525 678 nobis
3565 631 3626 678 ut

1933 706 2146 760 letania
2195 709 2380 778 major
2435 709 2784 764 observanda
2832 711 2906 764 sit
2947 729 2981 765 a
3026 714 3240 766 cunctis
3292 715 3626 768 Christianis

1933 811 2051 848 uno
2102 795 2194 849 die
2241 813 2316 849 vn
2353 798 2550 850 Kalcn.
2605 799 2732 864 Mai,
2786 799 2930 852 sicut
2985 801 3047 852 in
3078 801 3334 859 Romana
3381 802 3630 855 Ecclesia

1934 884 2306 937 constitutum
2356 885 2695 955 reperimus,
2728 891 2784 940 et
2822 887 2968 940 sicut
2997 889 3178 941 sancti
3224 891 3417 943 Patres
3449 891 3628 942 nostri

1934 974 2352 1027 constituerunt
2383 991 2395 1027 :
2436 991 2549 1027 non
2577 975 2905 1045 equitando,
2942 992 3058 1030 non
3082 978 3353 1046 preciosis
3383 979 3629 1033 vestibus

1933 1060 2141 1127 induti,
2193 1063 2383 1116 cinere
2430 1064 2696 1134 respersi,
2733 1070 2788 1118 et
2834 1065 3018 1118 cilicio
3061 1065 3269 1134 induti,
3317 1067 3429 1120 nisi
3460 1067 3629 1121 inﬁr-

1934 1148 2103 1201 mitas
2135 1149 2480 1219 impedierit.
2563 1166 2566 1168 '

2206 1256 2334 1310 CAP.
2368 1257 2486 1312 VII.
2525 1287 2594 1296 —
2624 1260 2698 1311 De
2716 1258 2927 1326 jejunio
2975 1258 3348 1324 Rogationum.

2006 1341 2114 1412 (Ea:
2143 1345 2364 1398 concilio
2395 1347 2709 1412 Aureliam,
2757 1350 2933 1415 capite
2962 1347 3036 1416 6.)
3071 1349 3233 1413 Cum,
3269 1348 3628 1418 exigentibus

1932 1432 2198 1500 peccatis,
2259 1433 2568 1486 Galliarum
2631 1434 2834 1502 populi
2885 1434 3155 1504 luporum
3208 1435 3367 1488 rabie
3423 1436 3628 1488 acriter

1933 1519 2419 1589 interimerentur,
2465 1538 2570 1574 nec
2599 1522 2770 1591 hujus
2799 1522 3012 1592 ﬂagelli
3042 1523 3274 1594 aliquod
3309 1525 3624 1578 remedium

1933 1608 2181 1662 inveniri
2262 1615 2473 1679 posset,
2539 1611 2871 1680 congregati
2950 1612 3258 1665 traduntur
3318 1612 3628 1666 Galliarum

1936 1697 2189 1768 episcopi
2236 1699 2388 1768 apud
2419 1699 2697 1752 Viennam
2742 1700 2963 1765 urbem,
3018 1705 3190 1770 atque
3224 1701 3283 1753 in
3326 1717 3628 1755 commune

1937 1792 2279 1854 statuerunt,
2311 1793 2377 1841 ut
2406 1788 3043 1858 triduanumjejunium
3075 1789 3344 1844 facerent.
3370 1791 3628 1860 Cumque

1934 1875 2210 1930 Dominus
2260 1881 2478 1944 pestem
2529 1875 2973 1929 misericorditer
3016 1877 3358 1945 abstulisset,
3411 1879 3469 1931 hi
3510 1879 3628 1931 dies

1933 1965 1993 2018 in
2049 1964 2522 2017 consuetudinem
2573 1981 2775 2017 annuae
2821 1965 3166 2018 celebritatis
3221 1971 3522 2035 venerunt,
3567 1975 3629 2020 ut

1934 2070 2035 2124 per
2082 2053 2390 2107 Galliarum
2435 2055 2774 2123 provincias,
2813 2059 2943 2106 ante
2994 2055 3354 2108 Ascensionis
3399 2055 3627 2108 Domini

1934 2143 2084 2196 diem
2131 2142 2577 2196 celebrarentur.
2635 2145 2885 2211 Agamus
2913 2147 2968 2195 et
3016 2159 3117 2195 nos
3165 2143 3270 2196 hos
3326 2132 3446 2197 dies
3494 2160 3626 2196 cum

1934 2247 2160 2285 summa
2224 2230 2545 2284 reverentia
2597 2236 2654 2284 et
2712 2231 3031 2298 devotione,
3101 2248 3229 2284 cum
3278 2232 3628 2286 abstinentia

1934 2319 2140 2386 carnis,
2177 2324 2234 2373 et
2260 2318 2586 2372 humilitate
2617 2320 2822 2385 cordis,
2857 2337 2969 2372 non
3003 2325 3063 2372 ut
3096 2320 3406 2374 visibilium
3453 2323 3628 2392 lupo—

1932 2425 2063 2463 rum
2107 2407 2326 2461 rabiem
2382 2407 2710 2476 evadamus,
2745 2408 2844 2462 sed
2883 2412 2946 2461 ut
2984 2408 3379 2475 invisibilium,
3425 2409 3485 2463 id
3524 2414 3628 2476 est,

1933 2497 2241 2567 spirituum
2294 2496 2726 2549 immundorum
2775 2501 3132 2550 tentamenta
3169 2497 3394 2550 vincere
3444 2498 3628 2550 valea-

1932 2602 2080 2639 mus.
2136 2584 2337 2638 Nullus
2368 2589 2560 2637 autem
2611 2584 2699 2636 his
2731 2584 2931 2638 diebus
2961 2585 3312 2639 vestimentis
3358 2586 3629 2656 preciosis

1934 2675 2205 2728 induatur
2236 2690 2248 2726 :
2284 2674 2419 2743 quia
2459 2674 2520 2726 in
2573 2689 2731 2726 sacco
2762 2678 2817 2727 et
2843 2673 3031 2727 cinere
3085 2675 3283 2744 lugere
3329 2674 3625 2728 debemus.

1933 2763 2348 2818 Prohibeantur
2419 2761 2741 2829 ebrietates,
2803 2767 2860 2816 et
2916 2763 3438 2832 commessationes,
3497 2779 3628 2833 quas

1933 2853 2082 2906 ﬁunt
2105 2851 2165 2904 in
2211 2850 2433 2920 vulgari
2461 2850 2647 2920 plebe.
2685 2851 2861 2903 Nemo
2897 2849 2978 2904 ibi
3010 2851 3265 2920 equitare
3292 2856 3624 2921 praesumat,

1933 2941 2029 2993 sed
2061 2939 2397 2994 discalciatis
2429 2938 2670 3008 pedibus
2705 2955 2902 2992 omnes
2933 2939 3217 2993 incedant.
3253 2941 3628 3010 Nequaquam

1857 3024 1896 3079 C
1935 3028 2286 3083 mulierculae
2335 3028 2535 3080 choras
2577 3027 2788 3081 ducant
2821 3044 2833 3080 :
2867 3029 2961 3081 sed
3002 3045 3200 3082 omnes
3235 3029 3295 3082 in
3326 3045 3628 3083 commune

1940 3120 2110 3186 Kyrie
2157 3119 2350 3171 eleison
2400 3117 2719 3176 decantent,
2771 3120 2826 3168 et
2873 3133 3002 3170 cum
3057 3117 3396 3170 contritione
3447 3117 3629 3171 cordis

1937 3207 2038 3262 Dei
2082 3205 2534 3258 misericordiam
2585 3209 2841 3271 exorent,
2875 3221 2980 3274 pro
3011 3205 3273 3275 peccatis,
3318 3221 3420 3275 pro
3466 3222 3625 3274 pace,

1932 3313 2038 3368 pro
2068 3299 2244 3365 peste,
2294 3309 2397 3363 pro
2428 3292 2857 3346 conservatione
2900 3293 3153 3362 frugum,
3191 3300 3246 3347 et
3275 3309 3378 3363 pro
3410 3293 3628 3347 caeteris

1934 3382 2382 3438 necessitatibus.
2456 3382 2582 3434 Dies
2651 3381 2802 3434 enim
2868 3386 3001 3434 sunt
3066 3382 3445 3446 abstinentiae,
3513 3395 3627 3434 non

1933 3471 2169 3526 laetitiae.

1935 3580 2062 3634 CAP.
2095 3577 2234 3632 Vlll.
2284 3605 2352 3615 —
2392 3577 2459 3630 Ut
2484 3577 2543 3628 in
2574 3590 2721 3628 caena
2765 3576 3004 3641 Domini,
3038 3579 3099 3628 ut
3123 3577 3182 3628 in
3224 3576 3451 3644 reliquis
3484 3578 3626 3642 Qua-

2146 3649 2463 3714 dragesimw
2493 3647 2700 3712 diebus,
2726 3647 2998 3715 jejunium
3018 3662 3123 3700 non
3152 3648 3411 3701 solvatur.

2007 3739 2114 3810 (Eae
2146 3737 2370 3791 concilio
2420 3734 2728 3801 Laodicen.,
2761 3737 2937 3804 capite
2968 3733 3080 3805 50.)
3111 3733 3272 3798 Quod
3304 3751 3419 3786 non
3452 3750 3627 3804 opor-

1935 3833 2051 3883 teat
2099 3827 2158 3880 in
2207 3823 2650 3893 Quadragesima
2680 3823 2740 3877 in
2791 3822 2993 3876 ultima
3043 3823 3365 3893 septimana
3409 3839 3442 3874 v
3471 3823 3627 3877 feriae

1931 3916 2221 3988 jejunium
2255 3915 2492 3980 solvere,
2522 3917 2815 3983 totamque
2847 3912 3351 3982 Quadragesimam
3385 3911 3505 3964 sine
3535 3929 3626 3964 ve-

1937 4005 2233 4060 neratione
2261 4003 2522 4067 transire,
2562 4001 2860 4072 magisque
2892 4001 3192 4055 conveniat
3222 4017 3451 4053 omnem
3481 4001 3627 4063 Qua-

1938 4092 2320 4164 dragesimam
2350 4091 2604 4144 districto
2628 4090 2886 4143 venerari
2910 4090 3152 4160 jejunio.

1939 4203 2067 4256 CAP.
2101 4201 2183 4253 1X.
2218 4227 2285 4237 -—
2325 4199 2390 4251 Ut
2431 4199 2488 4248 in
2511 4197 2746 4250 Sabbato
2775 4201 2960 4249 sancto
2983 4196 3258 4263 jejunium
3306 4200 3429 4247 ante
3459 4196 3628 4247 noctis

2463 4269 2682 4319 initium
2710 4283 2815 4320 non
2844 4268 3104 4320 solvatur.

2011 4361 2115 4430 (Ea:
2161 4357 2382 4411 concilio
2443 4356 2753 4420 Arausico.,
2806 4357 2984 4423 capite
3031 4355 3106 4425 '2.)
3156 4355 3225 4406 Ut
3278 4353 3338 4406 in
3385 4353 3630 4407 Sabbato

1938 4451 2155 4514 sancto,
2209 4444 2315 4498 hoc
2363 4447 2467 4507 est,
2519 4443 2579 4495 in
2637 4442 2828 4512 vigilia
2875 4443 3120 4508 Paschae,
3159 4442 3449 4511 jejunium
3499 4447 3629 4495 ante

1936 4535 2124 4593 noctis
2179 4533 2429 4598 initium,
2478 4531 2592 4584 nisi
2653 4548 2684 4584 a
2731 4531 2984 4601 parvulis
3041 4535 3137 4584 aut
3195 4530 3460 4599 infirmis,
3512 4547 3631 4584 non

1939 4626 2207 4691 solvatur,
2264 4636 2370 4675 nec
2399 4619 2524 4690 ipsa
2552 4620 2611 4672 in
2656 4635 2953 4689 parasceve
2985 4636 2997 4672 :
3031 4618 3166 4689 quia
3213 4635 3371 4672 caena
3406 4618 3632 4672 Domini

1939 4720 1995 4769 et
2039 4726 2362 4783 parasceve,
2422 4713 2478 4761 et
2529 4707 2833 4760 sabbatum
2883 4707 2953 4760 ad
2997 4708 3123 4759 illos
3164 4724 3234 4760 XL
3279 4707 3401 4761 dies
3448 4707 3631 4777 respi—

1939 4802 2142 4856 ciunt:
2175 4798 2260 4850 vel
2307 4795 2499 4850 divina
2546 4795 2816 4866 mysteria
2863 4795 2952 4848 his
3001 4793 3224 4846 duobus
3271 4794 3470 4848 diebus
3517 4810 3632 4847 non

1939 4890 2299 4946 celebrentur
2349 4901 2362 4938 :
2408 4883 2724 4938 canonibus
2782 4882 2994 4953 quippe
3057 4883 3396 4952 jubentibus
3458 4883 3631 4936 biduo

1939 4983 2068 5045 isto,
2123 4978 2180 5032 id
2212 4981 2317 5042 est,
2364 4989 2665 5044 parasceve
2695 4977 2752 5026 et
2791 4973 3064 5038 sabbato;
3115 4976 3468 5024 sacramenta
3513 4987 3632 5040 poe-

1941 5065 2097 5118 nitus
2127 5080 2243 5118 non
2269 5060 2562 5116 celebrari.

1943 5173 2070 5226 CAP.
2116 5171 2177 5225 X.
2206 5198 2280 5209 -—
2326 5167 2478 5234 Quod
2521 5183 2628 5221 non
2675 5169 2919 5236 oporteat
2968 5167 3026 5219 in
3057 5164 3487 5233 Quadragesimu
3534 5181 3632 5218 na-

2370 5239 2556 5293 talitia
2593 5243 2901 5292 sancto-rum
2931 5237 3206 5291 celebrari.

2017 5331 2137 5401 (Ea:
2181 5329 2401 5382 concilio
2434 5328 2747 5394 Laodicen.,
2786 5329 2961 5396 capite
2991 5325 3101 5396 Si.)
3133 5325 3292 5390 Quod
3325 5341 3440 5378 non
3471 5339 3638 5394 opor-

1943 5424 2060 5473 teat
2089 5418 2147 5471 in
2181 5416 2632 5485 Quadragesima
2661 5421 2980 5486 martyrum
3013 5415 3269 5469 natalitia
3309 5412 3587 5467 celebrari
3621 5431 3633 5466 :

1886 5507 1888 5510 ’
1944 5509 2040 5562 sed
2073 5523 2273 5560 eorum
2307 5510 2502 5558 sancta
2544 5505 3017 5558 commemoratio
3049 5505 3108 5558 in
3141 5504 3340 5559 diebus
3387 5503 3640 5556 sabbato-

1945 5612 2072 5650 rum
2105 5601 2162 5648 et
2194 5593 2616 5648 Dominicorum
2647 5593 2773 5646 ﬁeri
2805 5594 3123 5647 conveniat.
