3944 6310
171 338 182 350 .
276 302 379 356 887

1343 296 1749 353 BURCHARDI
1792 291 2320 350 WORMACIENSIS
2356 291 2694 348 EPISCOPI.

3675 292 3783 345 888

279 425 405 479 CAP.
456 423 544 478 XI.
597 451 665 463 —
709 422 860 487 Quod
922 424 982 476 in
1024 420 1211 475 diebus
1247 421 1452 489 jejunii
1505 421 1835 489 elcemosyna
1897 420 1970 472 sit
2002 419 2046 471 Α
2085 417 2213 472 CAP.
2246 418 2432 471 XVIII.
2460 447 2532 456 —
2563 418 2633 471 De
2663 418 2757 471 hoc
2785 417 2836 470 si
2858 418 3092 470 evenerit
3116 416 3311 484 fames,
3335 415 3672 485 pestilentia,
3698 417 3787 471 vel

989 492 1263 558 facienda.

353 604 462 667 (Em
492 602 713 654 concilio
747 598 962 651 Cabillo
993 639 1006 665 ,
1046 600 1219 666 capite
1246 598 1323 663 5.)
1374 597 1580 651 Diebus
1614 611 1746 649 vero
1771 594 1977 666 jejunii

285 690 653 759 eleemosyna
699 686 958 741 facienda
1007 690 1109 751 est,
1140 690 1195 738 et
1224 685 1414 738 cibum
1446 684 1563 737 sive
1592 688 1816 754 potum,
1862 700 1977 753 quo

289 777 533 847 quisque
582 776 669 829 uti
717 774 932 851 debuit,
981 773 1024 826 si
1066 773 1433 843 jejuuaverit,
1456 772 1808 842 pauperibus
1853 788 1978 825 ero-

288 869 383 936 get
416 880 429 917 :
464 864 601 934 quia
647 863 912 934 jejunare
953 865 1009 914 et
1054 860 1206 913 cibos
1234 860 1464 930 prandii
1511 861 1577 914 ad
1636 876 1853 914 caenam
1887 876 1980 913 re-

290 968 534 1016 servare,
600 967 719 1005 non
785 949 1085 1016 mercedis,
1172 949 1272 1003 sed
1329 949 1590 1003 ciborum
1647 953 1733 1003 est
1796 948 1977 1002 incre-

289 1046 574 1095 mentum.

399 1146 526 1201 CAP.
558 1145 669 1199 XII.
694 1174 762 1183 -—
790 1144 938 1199 Ut-in
966 1142 1400 1209 Quadragesima
1422 1147 1631 1212 tempus
1648 1142 1881 1212 prandii

1008 1220 1267 1268 servetur.

363 1304 486 1375 (Ea:
526 1303 670 1357 decr.
721 1304 942 1358 Silverii
970 1318 1149 1371 papae,
1198 1304 1374 1371 capite
1420 1300 1493 1372 I.)
1543 1300 1740 1356 Solent
1771 1302 1982 1372 plures,

293 1388 393 1460 qui
440 1404 498 1441 se
543 1386 808 1457 jejunare
859 1391 1066 1456 putant
1110 1386 1171 1438 in
1223 1385 1692 1455 Quadragesima,
1746 1402 1877 1439 mox
1926 1391 1991 1440 ut

293 1477 523 1546 signum
557 1474 847 1528 audierint
891 1475 960 1528 ad
1005 1474 1205 1528 horam
1240 1490 1452 1527 nonam
1484 1475 1847 1528 manducare.
1881 1474 1991 1540 Qui

294 1566 622 1618 nullatenus
664 1563 925 1633 jejunare
955 1562 1225 1616 credendi
1270 1567 1422 1630 sunt,
1474 1562 1521 1615 si
1566 1567 1697 1616 ante
1747 1563 1988 1617 mandu-

295 1653 566 1716 caverint,
639 1667 810 1722 quam
876 1650 1268 1721 vespertinum
1335 1650 1653 1704 celebretur
1714 1650 1989 1707 ofﬁcium.

298 1739 766 1796 Concurrendum
798 1743 881 1792 est
910 1739 1064 1792 enim
1095 1739 1167 1792 ad
1206 1724 1427 1805 missas,
1460 1743 1516 1792 et
1544 1738 1753 1793 auditis
1792 1739 1990 1793 missa-

297 1845 429 1883 rum
462 1827 811 1882 solemnibus
858 1831 915 1880 et
943 1826 1281 1898 vespertinis
1320 1826 1543 1894 ofﬁciis,
1593 1827 1815 1897 largitis
1846 1828 1993 1882 elee-

296 1916 551 1987 mosynis
598 1917 670 1970 ad
721 1915 911 1969 cibum
959 1915 1346 1969 accedendum
1376 1920 1479 1970 est.
1514 1915 1571 1970 Si
1608 1931 1739 1970 vero
1788 1915 1994 1987 aliquis

297 2005 631 2061 necessitate
689 2004 1031 2059 constrictus
1076 2004 1252 2058 fuerit
1289 2008 1353 2057 ut
1399 2004 1471 2058 ad
1512 2003 1747 2059 missam
1800 2004 1995 2059 venire

300 2111 416 2149 non
474 2094 693 2159 valeat,
761 2092 1041 2146 aestimata
1091 2092 1416 2161 vespertina
1472 2092 1653 2160 hora,
1713 2094 1998 2163 completa

301 2183 558 2237 oratione
589 2198 712 2243 sua,
733 2181 1021 2251 jejunium
1044 2181 1317 2235 absolvat.

304 2290 433 2346 CAP.
466 2288 609 2343 XIII.
645 2318 713 2326 —
737 2287 889 2358 Quod
930 2289 987 2341 in
1017 2287 1207 2341 diebus
1242 2287 1582 2355 jejuniorum
1610 2288 1766 2342 nulla
1804 2287 2001 2357 jurgia

478 2388 491 2395 -
961 2372 1071 2412 esse
1096 2359 1341 2412 debeant.

378 2450 486 2511 (Ea:
534 2445 693 2500 dictis
720 2446 899 2499 Liber.
941 2446 1143 2516 papa.)
1190 2447 1253 2499 In
1285 2445 1371 2499 his
1395 2445 1749 2516 jejuniorum
1801 2446 2002 2501 diebus

306 2536 481 2593 nullae
530 2535 676 2601 lites,
709 2536 882 2587 nullae
928 2535 1326 2588 contentiones
1358 2551 1479 2589 esse
1520 2536 1732 2589 debent
1766 2553 1779 2590 :
1815 2537 1912 2590 sed
1942 2537 2004 2591 in

308 2624 410 2679 Dei
465 2624 731 2678 laudibus
811 2630 864 2677 et
932 2639 1105 2694 opere
1182 2624 1501 2677 necessario
1556 2625 2001 2694 persistendum.

308 2712 514 2783 Arguit
556 2711 711 2766 enim
743 2728 838 2765 eos
871 2712 970 2783 qui
1001 2712 1401 2766 contentiones
1428 2717 1486 2766 et
1514 2712 1642 2766 lites
1672 2713 2005 2783 Quadrage-

310 2802 466 2855 simae
514 2805 779 2871 tempore
829 2800 1065 2868 faciunt,
1096 2805 1153 2854 et
1199 2801 1297 2871 qui
1343 2800 1535 2854 debita
1585 2816 1619 2853 a
1650 2800 2007 2855 debitoribus

311 2890 567 2959 exigunt,
621 2888 895 2942 Dominus
942 2905 1045 2959 per
1092 2890 1433 2960 prophetam
1477 2889 1669 2942 dicens
1718 2890 1900 2943 :Ecce
1946 2888 2005 2942 in

2658 488 3006 556 inaequalitas
3031 489 3194 541 aeris.

2158 577 2265 647 (Ea.-
2311 577 2452 630 decr.
2510 575 2719 629 Libcrii
2740 590 2923 644 papa,
2971 576 3148 643 capile
3191 576 3271 641 2.)
3301 574 3353 628 Si
3406 575 3668 629 evenerit
3696 574 3783 629 fa—

2087 682 2229 730 mes,
2269 664 2614 736 pestilentia,
2654 663 3017 734 ineequalitas
3062 662 3228 729 aeris,
3272 664 3358 717 vel
3400 663 3513 717 alia
3565 664 3789 735 qualis-

2088 769 2315 824 cunque
2374 752 2689 818 tribulatio,
2741 751 2935 805 statim
2985 751 3245 821 jejuniis,
3297 751 3680 824 eleemosynis
3730 755 3791 806 et

2089 840 2574 896 obsecrationibus
2606 839 2833 894 Domini
2867 839 3259 893 misericordia
3282 839 3639 910 deprecetur.

2091 930 2218 985 CAP.
2251 930 2382 983 XIX.
2415 958 2477 968 —
2516 930 2580 983 Ut
2608 929 2791 982 nullus
2821 928 2996 1008 indie
3014 929 3300 1051 tDominica
3327 943 3429 997 pro
3457 927 3796 981 abstinentia

2831 1014 3009 1051 mune
3039 1039 3052 1051 .

2853 1014 3052 1051 eiunet.

2165 1073 2270 1133 (Ea:
2298 1072 2526 1125 concilio
2577 1016 3106 1139 Gangreriijlbzgite
3140 1067 3250 1139 18.)
3299 1068 3357 1123 Si
3398 1066 3525 1139 quis
3554 1070 3798 1138 propter

2092 1158 2529 1227 continentiam,
2590 1174 2718 1229 quia
2763 1161 3016 1228 putatur,
3062 1161 3163 1211 aut
3212 1161 3452 1228 propter
3496 1161 3799 1210 contuma-

2094 1248 2243 1302 ciam
2275 1248 2335 1302 in
2364 1247 2457 1301 die
2488 1246 2784 1309 Dominico
2803 1245 3051 1316 jejunat,
3082 1245 3389 1299 anathema
3418 1243 3504 1298 sit.

2546 1335 2676 1390 CAP.
2714 1336 2813 1389 XX.
2849 1365 2918 1375 —
2955 1337 3025 1388 De
3049 1334 3233 1388 eadem
3258 1349 3334 1388 re.

2170 1428 2281 1492 (Ea.
2325 1426 2546 1479 concilio
2580 1427 2868 1489 Turonen.,
2928 1426 3105 1491 capite
3152 1420 3266 1493 57.)
3298 1421 3354 1477 Si
3386 1420 3513 1493 quis
3554 1425 3803 1493 propter

2098 1513 2387 1586 publicam
2436 1511 2840 1583 paenitentiam
2898 1527 2931 1564 a
2991 1511 3283 1564 sacerdote
3326 1513 3639 1581 acceptam,
3699 1514 3806 1563 aut

2098 1619 2204 1674 pro
2240 1601 2432 1672 aliqua
2478 1602 2837 1664 necessitate,
2868 1599 2961 1653 die
2993 1599 3295 1654 Dominica
3324 1598 3482 1653 velut
3517 1614 3623 1668 pro
3652 1614 3805 1670 qua-

2022 1702 2063 1757 B
2102 1692 2234 1746 dam
2291 1689 2594 1762 religione,
2647 1688 3025 1761 jejunaverit,
3082 1687 3228 1743 sicut
3284 1687 3609 1751 Manichaai,
3667 1703 3807 1742 ana-

2100 1780 2295 1835 thema
2322 1778 2413 1833 sit.

2102 1869 2228 1924 CAP.
2260 1868 2391 1922 XXI.
2426 1897 2492 1906 —
2528 1868 2596 1922 Ut
2641 1867 2852 1935 placita
2893 1865 3181 1920 saecularia
3220 1868 3281 1920 in
3309 1864 3495 1919 diebus
3541 1865 3805 1919 Domini-

2170 1940 2267 2000 cis,
2299 1943 2349 1992 et
2390 1942 2447 1991 in
2492 1939 2786 2007 praecipuis
2827 1939 3007 2004 festis,
3040 1941 3091 1990 et
3126 1938 3187 1991 in
3232 1936 3421 1991 diebus
3460 1936 3809 2007 jejuniorum

2172 2025 2281 2065 non
2308 2014 2463 2065 ﬁant.

2307 2012 2552 2133 ﬁctbztcilio
2594 2077 2745 2148 apud
2782 2079 3113 2148 Erphesfurt
3160 2077 3366 2147 habito,
3415 2079 3505 2132 cui
3545 2078 3811 2145 interfuit

2102 2169 2363 2223 Henricus
2405 2184 2524 2234 rem,
2570 2169 2747 2237 capite
2775 2167 2857 2237 2.)
2889 2167 3104 2221 Placita
3146 2166 3443 2221 szecularia
3493 2166 3812 2221 Dominicis

2103 2257 2308 2312 diebus
2357 2256 2444 2311 vel
2494 2256 2622 2309 aliis
2669 2255 2975 2326 praecipuis
3032 2256 3211 2322 festis,
3263 2272 3362 2311 seu
3394 2255 3570 2310 etiam
3622 2255 3683 2309 in
3716 2254 3811 2310 his

2106 2345 2307 2400 diebus
2362 2344 2423 2398 in
2456 2344 2665 2415 quibus
2718 2344 2976 2414 legitima
3018 2345 3247 2415 jejunia
3291 2345 3675 2412 celebrantur,
3718 2360 3811 2398 se-

2107 2433 2357 2486 cundum
2410 2431 2746 2486 canonicam
2774 2432 3246 2487 constitutionem
3276 2432 3514 2487 minime
3547 2431 3675 2486 ﬁeri
3707 2431 3812 2485 de-

2110 2521 2409 2576 crevimus.
2463 2522 2703 2590 Insuper
2756 2520 2930 2574 etiam
2980 2525 3175 2574 sancta
3226 2520 3474 2591 synodus
3531 2521 3808 2583 decrevit,

2108 2614 2171 2665 ut
2225 2610 2383 2663 nulla
2432 2608 2739 2680 judiciaria
2796 2612 3051 2679 potestas
3093 2609 3380 2663 licentiam
3431 2609 3657 2675 habeat,
3706 2627 3816 2663 sua

2112 2698 2448 2752 auctoritate
2527 2684 2880 2752 Christianos
2956 2697 3027 2751 ad
3083 2697 3356 2767 placitum
3414 2698 3695 2767 bannire,
3752 2697 3815 2750 in

2113 2786 2456 2857 supradictis
2487 2786 2710 2852 diebus,
2755 2786 2812 2839 id
2838 2790 2944 2853 est,
2980 2792 3200 2854 septem
3235 2785 3356 2839 dies
3385 2789 3516 2839 ante
3547 2785 3813 2839 Natalem

2114 2873 2342 2929 Domini
2376 2890 2555 2945 usque
2590 2873 2651 2927 in
2681 2877 2905 2928 octavas
2962 2873 3314 2944 Epiphania,
3347 2878 3404 2927 et
3445 2890 3479 2927 a
3509 2873 3816 2944 Quinqua-

314 2976 405 3030 die
436 2975 646 3045 jejunii
701 2976 872 3028 vestri
921 2975 1297 3028 inveniuntur
1325 2976 1642 3029 voluntates
1674 2980 1893 3043 vestrae,
1950 2979 2078 3033 etC
2115 2963 2333 3033 εθείιηει
2388 2978 2569 3032 usque
2618 2962 2676 3015 in
2732 2966 2958 3016 οεῖδνδε
3008 2962 3257 3031 P3501133:
3289 2967 3348 3016 et
3374 2979 3449 3016 νη
3508 2962 3630 3016 dies
3678 2968 3815 3017 ante

315 3079 515 3117 omnes
565 3063 850 3117 debitores
899 3068 1115 3116 vestros
1165 3063 1436 3133 repetitis.
1488 3065 1623 3117 Ecce
1677 3064 1743 3117 ad
1778 3063 1903 3118 lites
1952 3069 2008 3117 et

315 3152 385 3207 ad
414 3150 811 3205 contentiones
835 3151 1128 3221 jejunatis,
1163 3155 1217 3204 et
1257 3151 1553 3222 percutitis
1586 3167 1781 3222 pugno
1809 3151 2006 3222 impie.

316 3259 446 3313 CAP.
495 3259 625 3311 XIV.
676 3288 746 3297 —
797 3259 863 3312 Ut
907 3259 967 3311 in
999 3258 1113 3311 illis
1159 3260 1391 3311 sacratis
1440 3258 1629 3311 diebus
1672 3258 2011 3326 jejuniorum

488 3329 771 3397 conjugati
800 3345 836 3381 a
865 3328 1183 3397 conjugibus
1213 3344 1267 3382 se
1296 3327 1566 3382 abstinere
1595 3328 1838 3384 debeant.

386 3417 539 3487 (Item
569 3417 827 3486 ejusdem,
879 3419 1057 3485 capite
1087 3417 1158 3483 5.)
1193 3416 1611 3471 Abstinendum
1643 3423 1725 3471 est
1754 3417 1907 3471 enim
1952 3416 2012 3471 in

315 3506 406 3561 his
449 3505 847 3559 sacratissimis
874 3504 1339 3575 Quadragesimaa
1381 3505 1581 3559 diebus
1608 3522 1641 3559 a
1672 3506 2013 3577 conjugibus

317 3600 376 3649 et
419 3598 569 3647 caste
612 3598 670 3647 et
699 3594 792 3664 pie
845 3594 1175 3660 vivendum,
1229 3598 1294 3647 ut
1341 3593 1688 3648 sanctiﬁcata
1739 3595 1907 3649 corde
1960 3601 2015 3649 et

318 3697 555 3751 corpore
601 3681 696 3734 isti
725 3681 847 3734 dies
878 3680 1288 3751 transigantur,
1322 3686 1379 3736 et
1425 3682 1504 3736 sic
1530 3683 1899 3751 perveniatur
1946 3682 2015 3738 ad

320 3769 473 3823 diem
521 3773 780 3821 sanctum
833 3768 1081 3835 Paschae,
1128 3768 1264 3838 quia
1310 3785 1454 3839 pene
1497 3770 1640 3824 nihil
1671 3772 1820 3825 valet
1861 3771 2015 3841 jeju-

321 3857 507 3922 nium,
539 3855 695 3926 quod
739 3856 1024 3925 conjugali
1052 3872 1223 3926 opere
1268 3858 1563 3926 polluitur,
1612 3863 1667 3912 et
1696 3859 1849 3928 quod
1881 3874 2017 3913 ora-

318 3946 524 4010 tiones,
557 3944 768 4014 vigiliae
809 3953 865 3998 et
893 3945 1272 4016 eleemosynaa
1303 3962 1418 3999 non
1446 3948 1870 4003 commendant.

322 4052 449 4107 CAP.
481 4050 588 4105 XV.
618 4080 687 4091 —
722 4054 791 4105 De
822 4052 907 4105 his
939 4053 1036 4119 qui
1064 4054 1123 4105 in
1152 4054 1289 4106 clero
1341 4057 1486 4120 sunt,
1520 4059 1570 4109 et
1598 4056 1845 4108 carnium
1870 4070 2017 4109 esum

908 4123 1158 4176 habuerit
1188 4138 1426 4178 emosum.

2118 3049 2475 3105 nativitatem
2556 3050 2737 3104 sancti
2818 3050 3055 3105 Joannis
3138 3051 3440 3120 Baptistae,
3526 3055 3817 3122 quatenus

2117 3138 2368 3192 adeundi
2442 3137 2768 3204 Ecclesiam,
2830 3138 3298 3210 orationibusque
3361 3138 3601 3193 vacandi
3672 3139 3822 3194 libe—

2119 3226 2239 3279 rius
2270 3226 2549 3280 habeatur
2579 3226 2838 3281 facultas.

2120 3313 2251 3368 CAP.
2275 3315 2441 3369 XXII.
2469 3347 2536 3353 —
2562 3318 2625 3371 Ut
2637 3315 2911 3439 jejuniuzin
2933 3316 3136 3441 gbszjue
3151 3316 3267 3371 cibo
3286 3317 3521 3371 luxuriae
3541 3316 3830 3370 observari

2903 3403 2929 3439 e
2967 3403 3028 3440 ea
3062 3428 3073 3439 .

2903 3403 3073 3440 εοεαε.

2194 3475 2301 3545 (Ea;
2335 3474 2495 3528 dictis
2543 3474 2879 3545 Hieronym.)
2931 3476 3053 3529 Non
3091 3475 3215 3530 dico
3259 3474 3671 3544 hebdomadas,
3701 3492 3828 3530 non

2123 3563 2247 3618 dico
2304 3562 2590 3633 duplicata
2650 3563 2891 3633 jejunia,
2964 3564 3061 3617 sed
3120 3565 3321 3618 saltem
3372 3564 3629 3635 singulos
3702 3565 3829 3619 dies

2125 3652 2338 3722 absque
2372 3651 2628 3705 ciborum
2659 3651 2886 3705 luxuria
2917 3651 3320 3722 transigamus.

2125 3741 2254 3794 CAP.
2287 3740 2469 3796 XXIII.
2518 3770 2583 3780 —
2627 3741 2695 3794 Ut
2736 3740 3116 3809 quotidianum
3138 3742 3416 3809 jejunium
3455 3757 3562 3796 non
3591 3744 3667 3797 sit
3708 3745 3829 3797 sine

2707 3814 2993 3877 refectione
3021 3813 3230 3880 aliqua.

2198 3899 2313 3969 (Em
2346 3898 2509 3952 dictis
2560 3901 2790 3953 Pimenii
2832 3899 3126 3971 aeremitw.)
3168 3899 3293 3955 Sint
3336 3899 3442 3955 tibi
3490 3900 3831 3971 quotidiana

2122 3987 2363 4058 jejunis,
2414 3994 2471 4041 et
2514 3988 2744 4042 refectio
2786 3988 3116 4043 sacietatem
3162 3988 3409 4059 fugiens.
3469 3989 3620 4043 Nihil
3669 3990 3828 4044 enim

2125 4077 2357 4148 prodest
2411 4076 2514 4130 tibi
2578 4077 2753 4131 biduo
2818 4077 3123 4149 triduoque
3191 4078 3524 4132 transmisso
3576 4095 3826 4133 vacuum

2126 4170 2353 4238 portare
2402 4170 2662 4218 ventrem
2694 4165 2737 4218 si
2768 4166 2985 4236 pariter
3014 4166 3308 4222 obruatur.
3340 4167 3400 4221 Si
3442 4182 3824 4237 compensan-

394 4229 505 4301 (Ea:
534 4230 754 4284 concilio
810 4230 1108 4295 Ancirano,
1141 4233 1318 4299 capite
1365 4231 1475 4301 I3.)
1510 4231 1574 4285 Hi
1623 4231 1722 4303 qui
1772 4232 1829 4285 in
1861 4232 1970 4286 cler

2174 4270 2221 4309 ll‘
2263 4253 2558 4307 saturitate
2598 4229 2840 4324 jejunia,
2883 4254 3013 4309 ilico
3056 4271 3217 4309 mens
3252 4256 3471 4325 repleta
3498 4229 3819 4325 torpescit:

322 4322 454 4371 sunt
484 4317 803 4388 presbyteri
834 4322 931 4372 aut
973 4318 1219 4387 diaconi,
1249 4324 1305 4373 et
1333 4336 1367 4372 a
1395 4320 1663 4375 carnibus
1704 4321 2013 4388 abstinent,

322 4406 558 4476 placuit,
609 4422 703 4459 eas
748 4406 980 4476 quidem
1029 4407 1384 4478 contingere,
1417 4414 1471 4462 et
1522 4409 1603 4462 ita
1632 4409 1679 4462 si
1728 4409 2019 4463 voluerint

323 4498 712 4573 contemnere.
745 4494 906 4557 Quod
940 4495 988 4548 si
1026 4494 1087 4548 in
1118 4500 1340 4550 tantum
1374 4513 1467 4549 eas
1498 4497 1919 4565 abominantur,
1952 4503 2019 4552 ut

322 4598 429 4637 nec
468 4583 664 4636 holera
711 4599 838 4654 qum
882 4600 1008 4637 cum
1045 4584 1126 4637 eis
1183 4588 1513 4655 coquuntur
1561 4585 1887 4641 existiment
1932 4603 2019 4641 co-

324 4671 628 4738 medenda,
676 4675 954 4742 tanquam
1014 4689 1131 4727 non
1177 4673 1600 4727 consentientes
1647 4675 1883 4744 regulae,
1944 4674 2014 4729 ab

326 4758 527 4813 ordine
557 4775 775 4814 cessare
799 4761 1031 4817 debent.

628 4866 755 4921 CAP.
784 4868 915 4922 XVI.
944 4896 1017 4909 --
1051 4868 1129 4920 De
1149 4868 1358 4935 vigiliis
1382 4870 1713 4923 sanctorum.

398 4971 509 5043 (Em
548 4975 771 5027 concilio
810 4975 1125 5038 Aurelian,
1172 4975 1350 5042 capite
1400 4972 1473 5044 I.)
1512 4974 1832 5045 Presbyteri
1887 4991 2017 5029 cum

324 5072 510 5110 sacras
538 5057 873 5112 festivitates
893 5060 1109 5127 popqu
1140 5059 1501 5127 annuntiant,
1532 5059 1706 5113 etiam
1731 5061 2017 5131 jejunium

323 5145 651 5213 vigiliarum
683 5163 777 5201 eos
811 5145 1158 5199 omnimodis
1194 5162 1416 5200 servare
1443 5153 1731 5203 moneant.

750 5253 877 5307 CAP.
909 5253 1065 5307 XVII.
1096 5282 1163 5292 -—-
1203 5253 1286 5306 De
1308 5253 1492 5308 eadem
1515 5271 1591 5308 re.

393 5358 504 5427 (Ea:
548 5359 711 5413 dictis
742 5356 972 5413 Eusebii
994 5374 1169 5427 papae,
1203 5362 1379 5427 capite
1427 5362 1531 5427 IO.)
1567 5362 1635 5416 Ut
1664 5361 1725 5416 in
1773 5361 2020 5418 Ecclesia

319 5462 353 5499 a
416 5448 805 5503 sacerdotibus
860 5447 1081 5517 jejunis.
1136 5448 1464 5516 constituta,
1520 5450 1643 5506 sine
1682 5452 2014 5508 necessitate

319 5534 667 5603 rationabili,
700 5553 818 5591 non
850 5537 1159 5590 solvantur.

2125 4348 2181 4397 et
2220 4342 2459 4413 irrigata
2508 4347 2661 4396 terra
2704 4343 2962 4414 corporis
3010 4343 3183 4415 hujus
3233 4344 3425 4415 spinas
3458 4348 3514 4399 et
3542 4345 3820 4401 carduum

2123 4432 2431 4503 germinat.

2587 4501 2714 4557 CAP.
2753 4503 2929 4558 XXIV.
2963 4534 3029 4543 —
3060 4506 3133 4558 De
3157 4503 3355 4559 eodem.

2198 4593 2345 4661 (Item
2374 4591 2557 4658 idem.)
2589 4590 2714 4646 Sint
2741 4591 2845 4645 tibi
2888 4593 3112 4662 jejunia
3147 4609 3314 4663 pura,
3350 4591 3640 4659 continua,
3691 4610 3829 4648 mo-

2126 4681 2457 4751 derateque,
2485 4680 2541 4733 id
2578 4683 2681 4747 est,
2714 4679 2975 4752 quotidie
3008 4680 3246 4749 esurire,
3278 4685 3337 4737 et
3360 4680 3620 4753 quotidie
3650 4698 3831 4754 pran-

2127 4769 2280 4823 dere.

2125 4858 2252 4913 CAP.
2286 4857 2434 4911 XXV.
2462 4887 2529 4896 —
2548 4856 2700 4923 Quod
2713 4857 2990 4927 jejunium
3008 4862 3165 4913 curat
3184 4858 3409 4913 vulnera
3428 4858 3817 4929 delinquentis.

2198 4945 2513 5015 (Apostolus
2559 4946 2695 4999 dicit
2742 4944 2781 5016 ε)
2814 4946 2941 5000 Noli
2990 4946 3175 5001 adhuc
3205 4962 3415 5017 aquam
3461 4947 3679 5012 bibere,
3729 4951 3831 5004 sed

2127 5032 2351 5086 modico
2403 5036 2560 5086 utere
2611 5033 2741 5087 vino
2779 5038 3020 5104 propter
3057 5034 3417 5089 inﬁrmitates
3446 5039 3573 5089 tuas
3605 5052 3618 5090 :
3663 5046 3835 5091 curat

2126 5120 2283 5175 enim
2342 5121 2581 5175 vulnera
2639 5122 3052 5194 delinquentis,
3111 5128 3453 5195 curatosque
3512 5125 3839 5183 sanctiﬁcat

2118 5209 2429 5281 jejunium.

2127 5298 2253 5353 CAP.
2287 5298 2463 5353 XXVI.
2494 5329 2564 5338 —-
2594 5302 2668 5354 De
2698 5299 2931 5368 quodam
2962 5300 3247 5355 Alcibiade
3274 5303 3374 5369 qui
3396 5300 3505 5355 sibi
3537 5316 3705 5369 grave
3729 5302 3833 5372 ju-

2604 5386 2731 5437 gum
2755 5371 2962 5440 jejunii
2990 5376 3339 5440 imposuerat.

2197 5457 2416 5530 (Eusebi
2460 5460 2519 5512 in
2566 5461 2855 5514 ecclesiast.
2900 5462 3171 5524 historia.)
3215 5460 3538 5515 Alcibiades
3585 5461 3831 5532 quidam

2128 5550 2251 5602 erat
2291 5564 2354 5600 ex
2385 5563 2627 5602 numero
2667 5563 2869 5603 eorum
2900 5548 2999 5620 qui
3028 5564 3133 5619 pro
3181 5548 3403 5605 Christo
3450 5549 3626 5605 vincti
3659 5556 3827 5608 tene-
