3944 6306
144 333 245 385 889
916 326 1386 382 DECRETORUM
1430 327 1614 383 LIBRI
1654 327 1756 382 XX.
1798 357 1863 367 —-
1908 328 2111 382 LIBER
2156 326 2457 381 DECIMUS
2497 326 2835 389 QUARTUS.

3486 343 3492 347 '
3534 330 3637 382 890

146 452 369 504 bantur.
423 450 522 504 Hic
548 450 721 503 vitam
752 448 887 502 satis
910 448 1149 501 arduam
1181 453 1237 501 et
1267 452 1554 501 austeram
1587 448 1838 518 gerebat,
1876 453 1918 503 A
1959 448 2192 517 ligionis
2224 447 2332 501 sibi
2388 448 2667 517 imponat,
2727 464 2904 501 unum
2948 448 3100 502 diem
3146 466 3265 520 prae
3322 451 3449 505 aliis
3499 452 3649 506 exci-

148 540 283 591 nibil
318 538 431 591 cibi
464 539 661 590 volens
706 536 985 605 accipere,
1020 535 1121 588 sed
1157 540 1378 588 tantum
1428 552 1599 604 pane,
1643 540 1700 588 et
1728 537 1843 589 sale

148 644 273 681 cum
302 646 449 700 aqua
475 629 763 681 utebatur.
817 628 958 680 Cum
1012 626 1141 679 vitae
1168 627 1320 679 hunc
1371 626 1618 695 rigorem
1676 627 1844 678 vellet

149 718 319 771 etiam
352 720 410 770 in
465 734 689 770 carcere
748 717 968 785 positus
1043 714 1320 777 obtinere,
1378 716 1566 767 Attalo
1620 714 1847 767 cuidam

148 821 310 858 servo
372 805 470 858 Dei
533 805 845 857 revelatum
906 807 1034 856 est:
1074 802 1209 872 quia
1266 819 1381 855 non
1443 807 1589 855 recte
1638 802 1850 855 faceret

145 892 466 947 Alcibiades
498 892 771 946 creaturis
806 892 925 958 Dei,
955 896 1013 945 et
1042 891 1209 944 vellet
1230 891 1357 944 aliis
1404 890 1648 945 formam
1692 907 1850 943 scan-

147 982 261 1035 dali
301 981 717 1052 derelinquere.
742 980 957 1044 Quibus
989 979 1251 1050 cognitis,
1283 979 1605 1034 Alcibiades
1679 978 1850 1048 coepit

148 1071 342 1123 omnia
368 1087 497 1123 cum
550 1070 861 1139 gratiarum
896 1068 1113 1121 actione
1142 1068 1438 1137 percipere
1471 1083 1484 1121 :
1535 1067 1671 1138 quia
1720 1083 1847 1137 quae

148 1159 232 1213 illi
265 1159 551 1212 revelabat
598 1158 840 1228 Spiritus
874 1162 935 1210 ut
965 1157 1211 1222 doceret,
1244 1156 1378 1210 huic
1407 1161 1471 1210 ut
1513 1161 1850 1227 sequeretur

148 1248 301 1301 idem
332 1248 566 1317 spiritus
596 1246 994 1316 persuadebat.

150 1337 279 1391 CAP.
305 1336 507 1390 XXVII.
531 1364 600 1373 -—-
621 1338 694 1387 De
713 1350 770 1388 eo
793 1336 889 1402 qui
907 1335 1004 1387 sub
1026 1334 1241 1388 obtentu
1257 1335 1538 1401 religionis
1559 1336 1675 1387 sine
1687 1333 1849 1401 jussu

219 1410 457 1476 episcopi
486 1408 596 1470 sui,
638 1407 718 1459 vel
746 1405 1046 1473 presbyteri
1069 1405 1346 1473 jejunium
1375 1406 1481 1459 sibi
1515 1407 1769 1473 imponit.

220 1499 331 1560 (Ea:
370 1496 590 1548 concilio
620 1495 770 1562 apud
801 1495 1130 1563 Erphes/‘urt
1165 1494 1369 1561 habito,
1410 1497 1670 1561 prasente
1716 1496 1849 1547 (len-

149 1588 261 1639 rico
292 1600 428 1652 reg.,
460 1585 635 1652 capite
665 1580 740 1652 5.)
773 1583 841 1636 Ut
873 1597 1042 1635 nemo
1061 1580 1170 1635 nisi
1197 1582 1589 1635 consentiente
1615 1581 1848 1651 proprio

151 1674 441 1744 episcopo,
470 1676 569 1725 aut
607 1672 731 1741 ejus
776 1669 970 1735 misso,
999 1669 1286 1739 jejunium
1326 1669 1430 1723 sub
1480 1669 1717 1723 obtentu
1759 1685 1847 1723 re-

1958 539 2184 608 piendo,
2248 538 2582 589 omnimodo
2650 537 3062 597 interdicimus.
3116 539 3265 608 quod
3323 544 3379 592 et
3436 541 3646 595 factum

1956 626 2233 695 displicet,
2262 627 2397 677 etin
2429 626 2683 679 futurum
2718 626 2841 679 licri
2873 627 3246 695 prohibemus
3279 644 3290 680 :
3341 628 3474 697 quia
3522 631 3649 698 plus

1956 732 2125 768 causa
2146 714 2423 767 ariolandi
2450 731 2570 767 esse
2593 715 2969 786 dignoscitur,
2985 715 3166 785 quam
3188 716 3650 785 supplementum

1956 803 2245 857 catholica:
2275 803 2433 871 legis.

1958 910 2083 963 CAP.
2100 909 2331 964 XXVIII.
2346 938 2414 947 -—-
2434 911 2499 963 Ut
2511 908 2689 961 nullus
2704 909 3046 964 Christianus
3059 910 3187 963 dum
3200 913 3391 963 sancta
3421 911 3534 964 loca
3553 926 3652 975 pro

2026 985 2326 1033 reverentia
2352 982 2587 1047 petierit,
2633 981 2866 1047 alicujus
2895 981 3126 1048 publicae
3151 983 3437 1049 potestatis
3478 982 3652 1036 banno

2026 1052 2227 1104 ibidem
2253 1052 2677 1117 constringatur.

2028 1140 2138 1209 (Ea:
2167 1138 2345 1192 eodem
2374 1138 2639 1207 concilio.)
2674 1137 3041 1207 Praecipimus
3075 1154 3323 1210 namque
3356 1143 3422 1192 ut
3461 1140 3653 1193 nullus

1872 1262 1875 1263 ν
1959 1227 2310 1281 Christianus
2360 1243 2461 1296 pro
2501 1226 2820 1280 reverentia
2872 1227 3164 1280 ecclesiam
3217 1228 3485 1297 petendo,
3542 1227 3652 1281 ibi-

1958 1333 2069 1388 que
2105 1316 2407 1380 manendo,
2459 1314 2708 1385 indeque
2740 1316 3076 1368 revertendo
3109 1316 3347 1383 alicujus
3410 1316 3653 1386 publicae

1958 1404 2251 1475 potestatis
2335 1404 2544 1469 hanno,
2600 1403 2815 1456 ibidem
2864 1404 3332 1473 constringatur:
3377 1420 3447 1457 ne
3505 1405 3651 1458 forte

1957 1493 2093 1547 dum
2125 1492 2195 1546 ad
2226 1492 2521 1546 ecclesiam
2551 1507 2721 1546 causa
2741 1491 3015 1545 orationis
3048 1497 3335 1562 properat,
3382 1507 3486 1562 per
3510 1492 3654 1545 ban-

1959 1580 2470 1651 numimpediatur
2500 1596 2603 1652 pro
2652 1581 2834 1636 salute
2865 1579 3073 1635 animas
3118 1581 3319 1635 devote
3367 1579 3648 1635 insistere.

1425 1782 1601 1821 FINIS
1647 1781 1819 1821 LIBBI
1867 1780 2090 1822 DECIMI
2137 1780 2382 1823 TERTII.

808 2047 1101 2119 INDEX
1158 2046 1845 2119 CAPITULOBUM
1904 2048 2159 2121 LlBRI
2220 2046 2552 2119 DECIMI
2613 2045 2996 2131 QUARTI.

154 2202 281 2258 CAP.
317 2206 369 2257 I.
430 2201 588 2266 Quod
649 2202 882 2273 crapula
930 2201 1176 2255 multum
1232 2203 1307 2256 sit
1352 2202 1685 2257 Christianis
1718 2219 1852 2256 con-
1885 2208 1925 2261 Β

495 2291 686 2347 traria.

332 2384 386 2435 2.
424 2380 490 2434 Ut
520 2382 735 2434 malum
762 2379 1052 2434 ebrietatis
1082 2379 1318 2433 omnino
1353 2378 1580 2433 vitetur.

335 2472 386 2523 3.
440 2469 597 2533 Quod
652 2469 905 2540 episcopi
967 2474 1023 2522 et
1070 2484 1268 2521 eorum
1323 2468 1572 2522 ministri
1625 2470 1855 2539 crapula

515 2564 569 2611 et
602 2559 873 2613 ebrietate
904 2574 1019 2611 non
1050 2557 1291 2611 debeant
1322 2557 1567 2626 gravari.

337 2646 391 2698 4.
420 2646 497 2698 De
526 2646 722 2699 eadem
753 2661 836 2699 re.

433 2736 508 2788 De
541 2735 737 2789 eadem
764 2750 847 2788 re.

340 2828 393 2877 6.
424 2825 497 2876 De
525 2825 721 2877 eadem
744 2839 827 2877 re.

338 2916 391 2965 7.
425 2912 629 2975 Quales
662 2911 913 2965 convivae
964 2911 1324 2966 sacerdotum
1366 2911 1551 2983 epulis
1581 2911 1855 2966 interesse

521 3000 781 3053 debeant.

341 3089 392 3141 8.
429 3088 506 3141 De
538 3088 736 3141 eadem
764 3104 847 3142 re.

2071 2207 2121 2257 9.
2155 2204 2231 2256 De
2266 2202 2462 2256 eadem
2494 2218 2573 2255 re.

2036 2292 2118 2345 lO.
2152 2292 2232 2345 De
2263 2290 2461 2344 eadem
2510 2307 2590 2344 re.

2036 2383 2119 2434 Il.
2153 2380 2261 2443 Qui
2291 2380 2482 2434 ebrius
2508 2378 2682 2434 fuerit
2709 2382 2771 2433 ut
2799 2379 2940 2433 ordo
2971 2378 3188 2450 patitur
3218 2377 3509 2449 poeniteat.

2036 2473 2120 2521 12.
2157 2469 2316 2533 Quod
2372 2469 2501 2521 vino
2561 2468 2833 2522 inebriari
2882 2484 2997 2522 non
3038 2468 3223 2533 liceat,
3283 2469 3379 2521 sed
3426 2467 3654 2538 fugien-

2246 2557 2383 2611 dum
2414 2558 2501 2611 sit.

2038 2649 2119 2700 l3.
2149 2647 2225 2699 De
2255 2645 2365 2699 illis
2396 2645 2493 2715 qui
2534 2661 2637 2716 per
2683 2643 3018 2698 ebrietatem
3068 2644 3346 2698 vomitum
3394 2643 3652 2698 fecerint.

2042 2736 2122 2787 14.
2152 2736 2226 2787 De
2252 2734 2449 2788 eadem
2484 2750 2557 2786 re.

2158 2824 2235 2875 De
2267 2822 2376 2875 illis
2407 2821 2506 2891 qui
2536 2838 2640 2891 per
2670 2821 2999 2892 superbiam
3031 2822 3171 2875 alios
3203 2821 3510 2875 inebriant.

2042 2914 2122 2964 16.
2167 2910 2327 2974 Quod
2359 2911 2630 2980 fugienda
2660 2911 2731 2963 sit
2752 2912 3015 2964 ebrietas.

2039 3002 2119 3051 17.
2155 3000 2292 3053 Item
2319 2986 2402 3053 de.
2419 3000 2712 3053 ebrietate.

2427 3089 2627 3144 Indicis
2660 3088 3021 3159 capitulorum
3044 3088 3191 3153 ﬁnis.

2120 3246 2403 3253 ————.—_.

1506 3374 2347 3477 BURCHABDI

1160 3556 1564 3612 ECCLESI/E
1614 3558 2244 3613 WORMACIENSIS
2296 3558 2661 3613 EPISCOPI

364 3731 1356 3864 DECRETORUM
1482 3732 1924 3860 LIBER
2041 3733 2672 3865 DECIMUS
2808 3730 3469 3875 QUARTUS

1316 3967 1416 4031 DE
1465 3964 1836 4031 CRAPULA
1882 3967 1985 4031 ET
2036 3967 2515 4034 EBRIETATE.

643 4265 782 4319 ABG
795 4264 1125 4319 UMENTUM
1186 4266 1396 4319 LIBRI.

248 4353 413 4407 Libro
500 4354 606 4406 hoc
689 4353 759 4407 de
814 4353 1165 4407 detestandis
1248 4353 1419 4418 vitiis,
1483 4355 1717 4423 crapula
1812 4358 1867 4407 et

169 4442 465 4507 ebrietate,
500 4442 763 4495 tractatio
785 4441 1124 4509 instituitur,
1160 4459 1403 4513 quaeque
1438 4442 1551 4495 illis
1583 4443 1683 4513 qui
1715 4443 1867 4497 hisce

170 4530 325 4584 vitiis
354 4529 725 4600 implicantur
754 4546 923 4599 paena
955 4530 1310 4600 injungenda
1339 4530 1430 4594 sit,
1465 4531 1721 4584 docetur.

296 4620 431 4673 CAP.
468 4619 487 4672 I
519 4648 585 4660 —
616 4619 771 4684 Quod
792 4621 1015 4687 crapula
1046 4621 1273 4673 multum
1308 4622 1380 4673 sit
1409 4620 1758 4675 Christianis.

873 4693 1167 4744 contraria.

238 4778 356 4849 (Ea:
381 4777 536 4831 dictis
586 4777 901 4849 Benedicti.)
936 4778 1081 4832 Nihil
1115 4778 1193 4831 sic
1239 4778 1588 4833 contrarium
1649 4785 1735 4834 est
1773 4780 1871 4834 ho-

169 4866 315 4920 mini
348 4866 670 4921 Christiano
705 4866 995 4936 quomodo
1028 4867 1261 4936 crapula
1289 4870 1345 4920 et
1396 4868 1661 4934 ebrietas,
1725 4868 1872 4923 sicut

170 4954 250 5009 ait
267 4954 546 5009 Dominus
576 4954 637 5007 in
668 4954 970 5024 Evangelio
1002 4972 1013 5008 :
1047 4955 1242 5009 Videte
1265 4972 1335 5009 ne
1358 4963 1668 5025 graventur
1698 4958 1869 5011 corda

170 5047 358 5098 vestra
386 5043 445 5096 in
474 5044 709 5114 crapula
738 5048 795 5097 et
831 5043 1123 5097 ebrietate.

296 5134 426 5188 Car.
463 5133 533 5185 II.
567 5162 632 5171 —
670 5134 736 5187 Ut
758 5134 961 5186 malum
990 5134 1266 5187 ebrietatis
1296 5134 1509 5187 omnino
1529 5136 1743 5188 vitetur.

242 5223 351 5292 (Ea:
396 5222 593 5276 decret.
636 5220 926 5289 Eutychia.
965 5238 1086 5291 pa.,
1119 5224 1295 5291 capite
1333 5224 1410 5289 9.)
1447 5222 1714 5291 Magnum
1749 5240 1863 5277 ma-

168 5312 287 5365 lum
340 5298 653 5376 ebrietatis,
731 5310 882 5364 unde
932 5311 1126 5364 omnia
1170 5311 1304 5363 vitia
1352 5311 1656 5381 pullulant,
1707 5313 1866 5365 Chri-

170 5400 372 5453 stianis
403 5399 586 5453 modis
612 5399 879 5453 omnibus
900 5415 1096 5453 cavere
1116 5400 1503 5470 praecipimus.
1537 5400 1644 5463 Qui
1679 5406 1867 5454 autem

172 5490 278 5544 hoc
310 5488 491 5541 vitare
547 5487 811 5555 noluerit,
848 5488 1454 5541 excommunicandum
1503 5504 1624 5540 esse
1672 5488 1865 5542 decre-

172 5578 380 5644 vimus,
408 5593 587 5646 usque
616 5577 684 5631 ad
716 5592 1029 5646 congruam
1063 5577 1545 5631 emendationem.

1900 4267 1939 4321 C
1980 4267 2107 4321 CAP.
2139 4267 2228 4320 III.
2264 4298 2332 4306 —
2373 4267 2528 4332 Quod
2565 4270 2801 4336 episcopi
2846 4271 2894 4320 et
2938 4282 3122 4320 eorum
3150 4268 3391 4320 ministri
3439 4267 3673 4335 crapula

2327 4343 2376 4391 et
2405 4339 2659 4392 ebrietate
2688 4354 2793 4392 non
2823 4338 3050 4392 debeant
3080 4340 3326 4404 gravari.

2050 4443 2157 4513 (Ea:
2186 4444 2381 4499 decret.
2431 4447 2690 4515 ejusdem,
2733 4448 2909 4515 capite
2944 4445 3016 4513 9.)
3063 4444 3320 4515 Episcopi
3349 4447 3407 4496 et
3435 4442 3532 4497 Dei
3564 4441 3673 4494 mi-

1980 4532 2143 4585 nistri
2192 4549 2308 4585 non
2343 4533 2552 4588 debent
2608 4533 3182 4588 commessationibus
3242 4538 3297 4585 et
3352 4530 3675 4585 vinolentiis

1979 4620 2153 4673 nimis
2200 4622 2552 4689 incumbere,
2610 4624 2705 4677 sed
2749 4624 3113 4677 considerent
3172 4620 3514 4675 sententiam
3567 4621 3674 4671 Do-

1981 4710 2122 4763 mini
2150 4709 2388 4763 dicentis
2418 4728 2430 4764 :
2492 4713 2776 4765 Attendite
2812 4729 2880 4765 ne
2913 4716 3220 4781 graventur
3267 4710 3439 4763 corda
3493 4713 3678 4761 vestra

1980 4797 2037 4851 in
2071 4800 2302 4868 crapula
2354 4804 2409 4853 et
2457 4800 2746 4856 ebrietate.
2810 4802 3092 4854 Moderata
3156 4799 3307 4853 enim
3366 4798 3555 4852 cibum
3624 4800 3680 4849 et

1981 4887 2360 4941 necessarium
2412 4893 2702 4957 sumptum
2745 4894 2993 4954 sumant,
3030 4892 3091 4941 ut
3131 4888 3294 4957 juxta
3324 4886 3675 4956 prostqum

1982 4976 2157 5030 sobrii
2185 4976 2319 5043 sint,
2353 4982 2410 5031 et
2440 4977 2624 5046 parati
2660 4978 2731 5030 ad
2764 4977 3055 5031 servitium
3096 4975 3343 5031 Domini.

2442 5101 2569 5155 CAP.
2605 5103 2690 5154 IV.
2716 5133 2784 5142 —-
2816 5106 2890 5157 De
2910 5102 3096 5155 eadem
3134 5118 3210 5156 re.

2053 5228 2160 5291 (Ea:
2191 5226 2408 5278 concilio
2467 5225 2751 5283 Cabillon..
2810 5228 2986 5293 capite
3030 5225 3135 5294 l0.)
3188 5226 3257 5279 Ut
3313 5224 3677 5279 sobrietatem

1982 5314 2305 5366 sacerdotes
2374 5318 2628 5379 teneant,
2679 5318 2735 5365 et
2788 5312 2934 5365 hanc
3008 5312 3334 5366 habendam
3408 5312 3675 5366 ﬁdelibus

1981 5401 2295 5470 prmdirent
2326 5418 2338 5455 :
2374 5401 2469 5471 qui
2517 5417 2631 5454 non
2665 5406 2850 5470 potest
2884 5400 3059 5452 libere
3127 5401 3492 5453 sobrietatem
3525 5416 3674 5469 prae-

1982 5487 2192 5554 dicare,
2229 5489 2416 5559 quise
2467 5506 2623 5542 mero
2675 5505 2855 5559 usque
2886 5488 2954 5542 ad
3003 5488 3410 5543 alienationem
3464 5490 3672 5543 mentis

1904 5578 1946 5629 D
1984 5577 2316 5647 ingurgitat.
2361 5579 2479 5631 Hoc
2512 5584 2569 5632 et
2614 5579 2683 5631 de
2715 5577 3303 5643 commessationibus,
3352 5583 3409 5631 et
3460 5578 3680 5631 cmteris
