3944 6330
260 334 354 385 891
1325 327 1726 382 BURCHARDI
1769 324 2299 381 WORMACIENSIS
2339 323 2672 378 EPISCOPI.

3659 327 3774 378 89‘2

257 451 512 521 pestibus
586 449 658 503 ad
715 447 1174 518 gastrimargiam
1252 445 1689 516 pertinentibus,
1759 445 1952 498 obser-
1988 446 2030 498 Δ
2070 443 2318 512 conjuge
2349 455 2470 506 sua,
2513 444 2569 493 et
2589 441 2748 508 prole
2778 440 2912 492 velit
2941 440 3236 493 vobiscum
3276 441 3517 510 spiritali
3555 443 3774 512 gaudio

257 539 505 594 vandum
540 543 642 591 est.

731 626 860 679 CAP.
905 625 967 676 V.
1003 655 1068 660 —-
1097 625 1173 675 De
1194 624 1376 676 eadem
1405 639 1480 676 re.

329 717 433 784 (Ea:
457 730 648 768 canon.
677 715 1057 783 apostolorum,
1087 713 1230 765 titul.
1267 713 1380 776 42.)
1436 711 1766 781 Episcopus,
1827 725 1954 780 pre-

255 805 464 872 sbyter,
496 811 596 856 aut
625 804 894 856 diaconus
929 801 1066 854 alea:
1094 806 1263 870 atque
1306 801 1568 854 ebrietati
1598 800 1955 870 ideservieus,

255 897 356 945 aut
385 892 625 953 desinat,
665 895 764 944 aut
801 894 950 942 certe
995 887 1319 942 damnetur.
1381 889 1795 952 Subdiaconus,
1862 891 1959 939 aut

261 981 456 1042 lector,
488 985 585 1033 aut
625 983 818 1032 cantor
886 976 1092 1029 similia
1142 976 1371 1044 faciens,
1433 981 1530 1030 aut
1580 977 1819 1042 desinat,
1860 979 1958 1029 aut

257 1068 662 1122 communione
693 1066 965 1137 privetur.
997 1064 1273 1118 Similiter
1302 1065 1473 1118 etiam
1516 1065 1709 1118 laicus.

711 1156 836 1208 CAP.
869 1153 956 1205 VI.
991 1183 1060 1191 —
1093 1154 1173 1206 De
1202 1154 1385 1207 eadem
1416 1171 1492 1208 re.

328 1243 434 1314 (Ea:
487 1244 685 1305 eodem,
763 1245 940 1312 capite
986 1241 1100 1312 43.)
1149 1243 1205 1296 Si
1267 1243 1394 1313 quis
1459 1241 1782 1311 episc0pus,
1859 1245 1958 1294 aut

257 1332 464 1403 aliquis
509 1333 826 1400 ordinatus,
867 1333 926 1385 in
977 1331 1394 1386 consuetudine
1459 1330 1717 1384 ebriosus
1763 1329 1953 1398 fuerit,

258 1427 354 1475 aut
384 1422 629 1490 desinat,
663 1427 759 1475 aut
788 1423 1126 1494 deponatur.

257 1530 384 1584 CAP.
408 1529 521 1582 VlI.
544 1557 616 1569 —
643 1531 838 1594 Quales
862 1533 1093 1654 οοηυᾶυῗ
1115 1527 1452 1582 sacerdotum
1491 1527 1662 1596 epulis
1701 1528 1955 1580 interesse

1015 1617 1040 1653 e
1079 1605 1221 1652 eant.

1015 1605 1221 1653 coeant.

331 1686 438 1756 (Ea:
464 1687 659 1740 decret.
693 1689 914 1742 Eusebii
953 1705 1069 1757 pa.,
1111 1689 1288 1756 capite
1329 1685 1439 1754 l0.)
1474 1686 1711 1754 Oportet
1740 1684 1956 1754 episco-
1991 1725 2027 1776 Β

257 1791 398 1846 pum
447 1777 756 1830 moderatis
827 1778 1012 1848 epulis
1090 1781 1420 1830 contentum
1500 1791 1641 1840 esse,
1709 1789 1954 1843 suosque

258 1864 522 1918 convivas
553 1865 620 1918 ad
660 1867 1074 1920 comedendum
1127 1869 1181 1918 et
1211 1864 1521 1934 potandum
1564 1879 1680 1916 non
1723 1879 1952 1932 urgere,

258 1951 400 2022 quin
447 1953 634 2023 potius
667 1970 892 2025 semper
949 1954 1267 2007 sobrietatis
1299 1953 1552 2022 praebeat
1602 1949 1952 2021 exemplum.

258 2042 680 2096 Removeantur
705 2043 775 2096 ab
822 2042 945 2112 ejus
974 2041 1230 2096 convivio
1279 2045 1482 2093 cuncta
1511 2039 1821 2110 turpidinis
1861 2055 1956 2091 ar-

257 2135 550 2200 gumenta,
583 2147 698 2184 non
755 2131 975 2184 ludicra
1031 2130 1371 2201 spectacula,
1420 2145 1536 2182 non
1603 2134 1956 2181 acromatum

260 2217 605 2288 vaniloquia,
641 2235 758 2273 non
819 2219 1109 2272 fatuorum
1156 2217 1532 2286 stultiloquia,
1581 2233 1700 2270 non
1756 2217 1958 2270 scurri-

256 2306 401 2361 lium
471 2307 849 2360 admittantnr
905 2307 1211 2378 prastigia.
1264 2306 1466 2359 Adsint
1525 2305 1837 2375 peregrini,
1901 2309 1958 2359 et

256 2411 563 2464 pauperes,
616 2399 670 2448 et
723 2395 961 2460 debiles,
1023 2396 1122 2465 qui
1190 2394 1258 2447 de
1334 2393 1667 2447 sacerdotali
1760 2409 1958 2446 mensa

258 2482 549 2537 Christum
604 2483 1005 2537 benedicentes
1073 2481 1534 2536 benedictionem
1613 2481 1954 2551 percipiant.

257 2571 546 2626 Recitetur
599 2589 756 2625 sacra
838 2571 1026 2632 lectio,
1126 2571 1504 2640 subsequatur
1581 2571 1722 2623 vivae
1805 2571 1957 2624 vocis

257 2659 594 2724 exhortatio,
629 2665 692 2712 ut
728 2676 844 2713 non
889 2664 1114 2711 tantum
1148 2657 1430 2727 corporali
1473 2658 1617 2726 cibo,
1670 2658 1787 2711 imo
1835 2674 1960 2711 ver-

257 2747 343 2801 bis
382 2747 654 2817 spiritalis
703 2749 976 2800 alimento
1036 2748 1398 2800 convivantes
1439 2763 1494 2800 se
1547 2747 1790 2800 refectos
1823 2763 1955 2816 gra-

256 2837 532 2903 tulentur,
557 2840 620 2890 nt
641 2837 700 2889 in
723 2836 989 2890 omnibus
1011 2835 1423 2889 honoriﬁcetur
1445 2837 1614 2902 Deus,
1637 2851 1742 2906 per
1764 2837 1957 2890 Jesum

260 2924 547 2978 Christum
576 2925 886 2978 Dominum
927 2929 1207 2978 nostrum.

703 3014 832 3067 CAP.
854 3013 990 3066 VIII.
1015 3043 1083 3050 ———
1113 3015 1188 3066 De
1213 3011 1397 3065 eadem
1433 3027 1510 3064 re.

334 3100 444 3170 (Ea:
522 3102 883 3169 pamitentiali
969 3099 1214 3167 Theodo.)
1275 3099 1544 3153 Sacerdos
1618 3099 1860 3170 quilibet
1913 3100 1962 3154 si

259 3187 580 3243 inebrietur
617 3205 721 3258 per
773 3189 1182 3258 ignorantiam,
1235 3193 1455 3258 septem
1503 3189 1621 3242 dies
1664 3189 1956 3258 poeniteat,

259 3279 319 3332 in
367 3295 516 3348 pane
574 3283 630 3332 et
687 3295 870 3349 aqua;
929 3279 976 3331 si
1020 3295 1124 3348 per
1167 3277 1598 3348 negligentiam,
1673 3293 1741 3330 xv
1808 3277 1956 3345 dies;

260 3369 307 3420 si
328 3383 430 3436 per
461 3373 855 3437 contemptum
887 3383 958 3420 XL
987 3367 1126 3421 dies.
1160 3366 1442 3420 Diaconus
1493 3367 1584 3419 vel
1621 3367 1956 3434 monachus,

259 3455 572 3508 secundum
603 3455 885 3521 ordinem,
921 3459 981 3508 ut
1029 3454 1305 3524 scriptum
1360 3459 1466 3521 est,
1501 3469 1600 3507 seu
1637 3459 1693 3507 et
1749 3455 1960 3525 reliqui

257 3543 467 3611 clerici,
493 3550 550 3597 et
581 3543 829 3597 ministri
853 3545 1014 3614 juxta
1063 3543 1348 3606 ordinem,
1384 3543 1601 3612 judicio
1651 3544 1958 3598 sacerdotis

258 3632 594 3703 poeniteant.
630 3631 782 3686 Laici
803 3633 956 3686 velut
983 3635 1110 3685 vota
1141 3648 1256 3685 non
1278 3631 1552 3684 habentes
1585 3629 1634 3685 si
1679 3631 1962 3687 inebrian-

260 3727 374 3787 tur,
421 3725 740 3790 arguantur
791 3738 825 3774 a
879 3721 1186 3784 sacerdote,
1248 3720 1403 3790 quod
1452 3719 1660 3773 ebriosi
1715 3737 1957 3791 regnum

263 3809 364 3863 Dei
407 3825 525 3862 non
583 3809 977 3878 possidebunt,
1030 3817 1086 3862 et
1135 3809 1403 3862 interitus
1457 3809 1528 3862 sit
1586 3810 1849 3878 ebrietas,
1907 3817 1962 3866 et

261 3898 566 3967 compellat
599 3914 692 3950 eos
727 3897 1024 3966 poenitere.
1063 3896 1168 3961 Qui
1199 3897 1348 3968 cogit
1397 3897 1688 3952 hominem
1741 3906 1801 3952 ut
1865 3901 1958 3953 in-

262 3985 513 4040 ebrietur
534 3986 906 4040 humanitatis
958 3986 1159 4055 gratia,
1227 3987 1532 4041 accerrime
1591 3988 1956 4058 corripiatur,

262 4079 318 4128 et
385 4091 460 4128 vn
544 4075 666 4128 dies
731 4074 1041 4143 paeniteat;
1100 4075 1144 4127 si
1193 4092 1293 4146 per
1348 4082 1761 4146 contemptum,
1849 4093 1960 4131 xxx

261 4163 400 4216 dies.
438 4163 637 4216 Nullus
665 4163 1021 4217 Christianus
1052 4163 1226 4217 alium
1272 4165 1656 4219 Christianum
1707 4165 1836 4234 plus
1867 4165 1957 4218 bi-

262 4252 396 4342 bere
445 4257 613 4342 cogat
661 4268 832 4342 quam
858 4253 1388 4342 naturassufticiat.
1445 4253 1605 4316 Quod
1650 4253 1697 4342 si
1739 4253 1954 4320 fecerit,
1985 4290 2028 4342 Β

256 4339 422 4408 juxta
449 4339 506 4393 id
538 4340 692 4410 quod
723 4339 782 4392 in
815 4341 1192 4410 pcenitentiali
1223 4341 1485 4408 habetur,
1519 4340 1812 4410 poeniteat.

724 4428 851 4482 CAP.
889 4429 973 4482 IX.
1006 4461 1074 4468 —
1110 4432 1178 4484 De
1202 4429 1387 4482 eadem
1421 4443 1496 4481 re.

333 4515 446 4584 (Ea:
468 4515 629 4570 dictis
668 4518 955 4571 Fructuosi
1001 4520 1282 4586 episcopi.)
1315 4515 1372 4569 Si
1421 4515 1547 4585 quis
1587 4516 1960 4572 ecclesiastica

263 4605 536 4674 praeditus
560 4605 942 4672 ordinatione,
1005 4610 1104 4659 aut
1153 4604 1466 4658 monachus
1504 4610 1765 4674 repertus
1787 4607 1961 4661 fuerit

262 4693 544 4758 ebriosus,
585 4694 646 4746 in
696 4711 844 4763 pane
893 4701 949 4748 et
999 4710 1150 4763 aqua
1199 4692 1380 4746 tribus
1419 4694 1694 4762 poeniteat
1746 4697 1960 4750 mensi-

261 4783 385 4836 bus.

733 4869 861 4924 CAP.
899 4871 959 4923 Χ.
985 4897 1052 4909 --
1083 4869 1165 4921 De
1194 4868 1376 4922 eadem
1407 4885 1483 4924 re.

333 4959 441 5031 (Ea:
497 4959 609 5013 dec.
666 4961 940 5027 Eutychia
989 4973 1170 5026 papae,
1242 4961 1418 5027 capite
1475 4961 1586 5026 13.)
1637 4959 1954 5015 Observan-

260 5045 397 5100 dum
431 5051 515 5101 est
542 5047 722 5112 vobis,
757 5050 820 5099 ut
882 5051 937 5098 et
993 5062 1090 5098 vos
1147 5046 1217 5098 ab
1269 5047 1544 5101 ebrietate
1601 5048 1958 5112 abstineatis,

260 5139 316 5186 et
346 5139 410 5188 nt
437 5135 634 5205 plebes
684 5133 927 5188 sudditae
974 5133 1316 5202 abstineant,
1360 5135 1700 5204 praedicetis.
1742 5137 1806 5189 Et
1856 5153 1958 5190 ne-

262 5239 373 5293 que
403 5239 506 5293 per
531 5224 794 5277 tabernas
826 5221 967 5274 eatis
995 5221 1265 5289 bibendo,
1300 5229 1400 5276 aut
1444 5224 1821 5286 comedendo,
1865 5241 1960 5279 ne-

259 5329 370 5382 que
399 5313 619 5380 domos,
648 5317 746 5366 aut
773 5312 924 5366 vicos
955 5311 1284 5365 curiositate
1334 5313 1590 5382 qualibet
1619 5315 1953 5383 peragratis,

260 5417 447 5470 neque
477 5419 608 5455 cum
660 5399 930 5466 foeminis,
975 5405 1072 5453 aut
1101 5416 1227 5454 cum
1291 5401 1642 5471 quibuslibet
1697 5403 1958 5472 personis

261 5487 504 5557 impuris
557 5488 812 5542 convivia
842 5487 1170 5555 exerceatis,
1207 5488 1316 5542 nisi
1371 5490 1517 5543 forte
1549 5491 1958 5560 paterfamilias

261 5576 504 5645 quilibet
542 5593 646 5650 vos
700 5577 768 5630 ad
827 5577 1064 5630 domum
1123 5595 1280 5631 suam
1321 5579 1666 5649 invitaverit,
1723 5586 1778 5633 et
1828 5597 1958 5634 cum

2069 531 2269 594 laetari,
2298 533 2354 582 et
2405 529 2710 582 verborum
2759 534 3079 582 vestrorum
3123 529 3495 583 refectionem
3543 532 3766 602 accipe-

2069 637 2147 686 re,
2181 623 2235 672 et
2275 617 2435 670 vobis
2488 617 2854 670 refectionem
2903 619 3189 671 carnalem
3243 619 3535 672 cbaritalis
3581 619 3772 672 officio

2067 709 2360 774 exhibere.
2401 707 2636 776 Oportet
2665 707 2840 772 enim,
2873 707 3012 761 utsi
3065 707 3296 777 quando
3335 707 3581 778 quilibet
3633 709 3776 761 tide-

2065 796 2230 862 lium,
2263 794 2588 848 carnalibus
2633 811 2734 846 vos
2765 794 2944 848 reﬁcit
3000 795 3206 864 epulis,
3240 811 3275 848 a
3339 796 3498 850 \obis
3547 796 3776 850 reﬁcia-

2065 890 2158 940 tur
2189 884 2371 954 epulis
2391 883 2762 953 spiritalibus.

2065 991 2192 1046 CAP.
2227 991 2313 1045 ΧΙ.
2350 1020 2419 1028 -
2475 991 2578 1056 Qui
2604 990 2782 1043 ebrius
2807 991 2997 1114 fuerit,
3033 995 3095 1044 ut
3133 990 3263 1044 ordo
3301 993 3532 1058 patitur,
3579 993 3765 1060 perni-

2869 1077 2930 1114 ea
2963 1101 2976 1114 .

2847 1067 2976 1115 teat.

2135 1151 2243 1222 (Ea:
2269 1152 2489 1206 concilio
2520 1151 2816 1218 Agathen.,
2850 1155 3026 1220 capite
3063 1151 3166 1219 l0.)
3195 1152 3392 1221 Itaque
3421 1167 3552 1205 eum
3597 1166 3775 1220 quem

2064 1239 2286 1292 ebrium
2313 1239 2486 1292 fuisse
2543 1239 2880 1304 constiterit,
2941 1245 3002 1293 ut
3036 1240 3172 1292 ordo
3227 1240 3460 1310 patitur,
3527 1245 3624 1292 aut
3673 1239 3774 1292 tri-

2063 1329 2220 1399 ginta
2249 1327 2472 1381 dierum
2522 1328 2710 1398 spacio
2761 1344 2794 1380 θ.
2837 1329 3242 1382 communione
3283 1328 3591 1381 statuimus
3637 1329 3778 1381 sub-

2063 1417 2431 1482 movendum,
2465 1421 2562 1470 aut
2593 1417 2872 1486 corporali
2925 1417 3180 1470 dandum
3223 1417 3520 1487 supplicio.

2065 1523 2190 1577 CAP.
2222 1523 2335 1576 XII.
2391 1551 2460 1562 —
2495 1522 2650 1588 Quod
2691 1525 2816 1576 vino
2849 1523 3114 1576 inebriari
3157 1538 3264 1577 non
3321 1525 3464 1581 licet.
3523 1521 3618 1576 sed
3675 1523 3774 1588 fu-

2645 1615 2647 1617 '
2719 1594 2974 1661 giendum
3014 1597 3106 1647 sit.

2137 1683 2245 1752 (Ea.-
2283 1681 2443 1735 dictis
2477 1681 2740 1751 August)
2795 1684 2948 1751 Fuge
2987 1682 3184 1735 vinum
3239 1681 3394 1734 velut
3460 1696 3772 1749 venenum,

2069 1788 2138 1824 ne
2169 1772 2412 1824 ebrietas
2437 1777 2668 1842 superet
2699 1777 2774 1837 te,
2825 1773 3289 1842 expoliatumqne
3343 1771 3651 1824 virtutibus
3719 1775 3776 1824 te

2065 1861 2286 1914 nudum
2309 1859 2536 1914 efﬁciat.
2567 1860 2774 1914 Vinum
2805 1862 2981 1924 enim,
3019 1865 3080 1914 ut
3108 1864 3302 1913 sancta
3347 1859 3640 1929 Scriptura
3679 1859 3778 1912 di-

2065 1949 2158 2013 cit,
2176 1954 2496 2018 apostatare
2512 1948 2646 2002 facit
2657 1949 2828 2001 etiam
2843 1949 3148 2018 sapientes.
3165 1949 3407 2002 Attende
3439 1949 3554 2001 Noe
3582 1947 3778 2000 virum

2065 2038 2379 2107 sapientem
2410 2041 2468 2090 et
2497 2042 2776 2104 sanctum,
2811 2037 3101 2107 quomodo
3134 2053 3236 2106 per
3265 2037 3602 2090 ebrietatem
3663 2053 3778 2089 nu-

2066 2129 2228 2182 datus
2276 2133 2378 2195 est,
2424 2127 2734 2181 dormiens.
2783 2129 3020 2182 Attende
3067 2133 3124 2182 et
3185 2128 3328 2182 Loth
3365 2127 3775 2198 patriarcham,

2067 2217 2166 2287 qui
2199 2234 2301 2286 per
2333 2216 2668 2270 ebrietatem
2721 2217 3088 2286 impudenter
3125 2233 3182 2269 se
3212 2217 3572 2269 commiscuit
3623 2216 3778 2270 ﬁlia-

2063 2306 2192 2359 bus.
2231 2306 2369 2359 Hinc
2398 2307 2596 2359 beatus
2635 2305 2874 2359 Basilius
2924 2305 3060 2358 dicit
3095 2321 3107 2358 :
3157 2306 3316 2358 Multi
3345 2321 3450 2375 per
3495 2305 3696 2358 vinum
3747 2321 3780 2358 a

2067 2393 2424 2446 daemonibus
2457 2395 2605 2463 capti
2639 2399 2774 2448 sunt
2815 2411 2828 2447 :
2859 2411 2963 2447 nec
3001 2399 3089 2447 est
3129 2394 3282 2447 aliud
3331 2393 3574 2447 ebrietas
3597 2409 3776 2462 quam

2065 2481 2567 2534 manifestissimus
2616 2482 2861 2535 daemon.
2899 2481 3039 2536 Hinc
3077 2482 3359 2551 propheta
3407 2471 3524 2535 ait:
3574 2481 3778 2535 Forni-

2067 2570 2213 2623 catio
2247 2575 2298 2623 et
2323 2569 2568 2624 ebrietas
2627 2571 2814 2624 aufert
2861 2587 2978 2623 cor.
3027 2570 3282 2624 Ebrietas
3329 2570 3482 2624 enim
3537 2575 3776 2639 pertur-

2067 2657 2357 2712 bationem
2392 2659 2562 2728 parit,
2597 2658 2784 2728 gignit
2811 2658 3019 2710 mentis
3061 2659 3334 2725 furorem,
3376 2663 3432 2711 et
3475 2658 3778 2711 ﬂammam

2068 2747 2302 2800 suscitat
2331 2746 2603 2801 libidinis.
2629 2747 2893 2817 Apostolo
2915 2751 3056 2800 teste
3091 2763 3103 2801 :
3165 2747 3352 2800 Nolite
3391 2747 3671 2800 inebriari
3695 2747 3778 2800 vi-

2067 2851 2166 2900 no,
2204 2835 2264 2887 in
2291 2851 2404 2908 quo
2450 2841 2536 2888 est
2574 2835 2812 2889 luxuria.
2863 2835 2920 2889 Si
2967 2835 3096 2906 quis
3144 2839 3336 2888 autem
3391 2840 3588 2888 contra
3647 2835 3778 2888 haec

2067 2923 2265 2976 fecerit
2307 2927 2631 2976 sanctorum
2678 2928 2904 2990 statuta,
2958 2923 3190 2994 dignam
3237 2940 3300 2976 ac
3345 2922 3582 2992 longam
3641 2928 3779 2992 agat

1991 3002 2030 3060 C
2069 3011 2516 3081 paenitentiam:
2575 3012 2710 3082 quia
2745 3029 2922 3066 unum
2980 3019 3064 3066 est
3096 3029 3161 3065 ex
3215 3013 3306 3066 his
3357 3011 3596 3082 peccatis
3641 3029 3778 3081 quas

2065 3100 2361 3154 hominem
2409 3117 2442 3154 a
2491 3117 2668 3170 regno
2719 3101 2818 3154 Dei
2883 3105 3173 3172 separant,
3227 3100 3449 3154 dicente
3515 3101 3776 3171 apostolo

2069 3189 2244 3243 Paulo
2276 3206 2289 3242 :
2325 3191 2518 3260 Neque
2551 3189 2760 3243 ebriosi
2792 3206 3035 3260 regnum
3073 3190 3172 3244 Dei
3203 3189 3594 3260 possidebunt.

2068 3275 2196 3330 CAP.
2229 3277 2365 3331 XIII.
2403 3278 2487 3330 De
2515 3279 2628 3330 illis
2659 3279 2756 3345 qui
2779 3293 2877 3346 per
2897 3278 3212 3332 ebrietatem
3235 3281 3494 3331 vomitum
3533 3281 3775 3344 faciunt.

2140 3365 2247 3435 (Ea:
2276 3367 2637 3434 paruitentiali
2681 3367 2959 3437 Romano.)
2993 3367 3100 3430 Qui
3147 3383 3250 3436 per
3306 3367 3640 3420 ebrietatem
3679 3385 3778 3420 vo-

2067 3455 2273 3509 mitum
2325 3455 2478 3522 facit,
2515 3455 2562 3508 si
2621 3457 2919 3526 presbyter
2950 3462 3048 3509 aut
3086 3456 3359 3510 diaconus
3389 3461 3495 3524 est,
3535 3473 3603 3510 x1.
3655 3457 3780 3510 dies

2065 3545 2356 3615 poeniteat.
2409 3543 2466 3598 Si
2497 3545 2810 3598 monachus
2861 3561 2966 3598 xxx
3022 3545 3142 3599 dies
3167 3545 3471 3616 poeniteat;
3527 3545 3575 3598 si
3655 3546 3778 3599 cle-

2065 3633 2240 3700 ricus,
2271 3649 2338 3686 xx
2361 3633 2512 3698 dies;
2546 3634 2592 3686 si
2621 3634 2815 3698 laicus,
2849 3650 2920 3687 xv
2959 3635 3100 3702 dies,

2509 3723 2633 3776 CAP.
2659 3724 2790 3777 XIV.
2819 3753 2888 3762 ο-
2929 3726 3000 3777 De
3030 3724 3212 3778 eadem
3241 3739 3316 3777 re.

2141 3813 2243 3874 (Ea:
2279 3813 2646 3879 pmnitentiuli
2711 3813 2866 3866 Beda:
2909 3813 3255 3880 presbyteri.)
3313 3810 3536 3878 Laicus,
3585 3811 3630 3864 si
3671 3827 3779 3882 per

2068 3899 2404 3952 ebrietatem
2465 3899 2744 3953 vomitum
2803 3900 2954 3968 facit,
3013 3907 3124 3954 tres
3170 3917 3199 3954 a
3250 3916 3440 3967 carne,
3495 3904 3552 3954 et
3615 3900 3771 3966 vino,

2069 3993 2124 4041 et
2153 3986 2391 4040 cervisia
2417 3989 2714 4043 abstineat.

2069 4076 2193 4130 CAP.
2224 4076 2328 4130 XV.
2359 4107 2427 4115 —-
2461 4077 2540 4130 De
2569 4078 2682 4131 illis
2711 4080 2808 4144 qui
2837 4093 2931 4145 per
2967 4077 3274 4144 superbiam
3315 4078 3450 4131 alios
3473 4078 3770 4131 inebriunt.

2141 4165 2248 4235 (Ea:
2273 4165 2496 4234 eodem.)
2543 4165 2597 4220 Si
2632 4165 2759 4234 quis
2791 4181 2891 4233 per
2920 4165 3238 4234 nequitiam
3270 4167 3447 4220 alium
3501 4165 3769 4234 inebriat,

2068 4252 2449 4323 quadraginta
2480 4253 2600 4305 dies
2628 4253 2914 4322 pmniteat.
2959 4252 3115 4316 Quod
3148 4253 3194 4306 si
3241 4253 3298 4306 in
3357 4255 3775 4308 consuetudine

2067 4340 2353 4408 habuerit,
2390 4341 2798 4394 communione
2829 4341 3104 4410 privetur,
3153 4342 3334 4396 donec
3375 4343 3549 4412 digne
3580 4345 3774 4412 paeni-

2068 4433 2204 4494 teat,
2237 4433 2293 4482 et
2321 4429 2780 4483 emendationem
2821 4429 3132 4500 promittat.

2281 4515 2579 4572 ΟΑΡᾹΧἯ.
2613 4547 2683 4556 —-
2715 4517 2868 4583 Quod
2904 4517 3173 4585 fugienda
3196 4519 3268 4572 sit
3300 4518 3551 4572 ebrietas.

2139 4609 2249 4673 (Ea:
2271 4606 2415 4660 decr.
2451 4607 2731 4662 Clementis
2761 4622 2918 4676 pap,
2941 4608 3118 4674 capite
3150 4605 3262 4676 35.)
3295 4605 3642 4660 Ebrietatem
3662 4623 3768 4677 0p-

2067 4694 2203 4766 pido
2259 4694 2622 4764 prohibebat,
2654 4695 2957 4765 propheta,
3003 4700 3058 4746 et
3098 4695 3350 4748 ebriosos
3397 4711 3658 4764 corpore,
3716 4701 3776 4749 et

2067 4783 2262 4836 animo
2323 4789 2580 4836 mortuos
2633 4799 2752 4837 esse
2817 4783 3183 4854 praedicabat.
3259 4785 3337 4837 De
3403 4783 3614 4854 quibus
3666 4801 3774 4853 per

2067 4873 2398 4943 exemplum
2449 4872 2682 4926 aiebat:
2757 4874 2852 4926 Vas
2899 4872 2997 4943 qui
3073 4871 3422 4942 consurgitis
3481 4888 3650 4925 mane
3699 4875 3772 4927 ad

2067 4961 2401 5014 ebrietatem
2435 4963 2783 5029 sectandam,
2818 4965 2874 5014 et
2901 4961 3222 5030 potandum
3264 4977 3448 5030 usque
3475 4961 3543 5013 ad
3563 4975 3774 5031 vespe-

2069 5055 2300 5116 ram,ut
2341 5049 2470 5103 vino
2519 5050 2790 5104 aestuetis.
2847 5051 3099 5120 Cithara,
3133 5054 3188 5102 et
3243 5050 3386 5119 lyra,
3444 5055 3501 5103 et
3547 5054 3776 5120 tympa-

2068 5154 2230 5204 num,
2263 5142 2320 5192 et
2343 5138 2504 5205 tibia,
2532 5144 2588 5192 et
2625 5139 2824 5192 vinum
2849 5138 2910 5192 in
2950 5139 3221 5193 conviviis
3267 5138 3486 5205 vestris,
3533 5143 3590 5191 et
3627 5155 3780 5208 opus

2070 5227 2297 5281 Domini
2327 5244 2444 5281 non
2481 5227 2786 5297 respicitis,
2821 5244 2923 5281 nec
2956 5244 3131 5299 opera
3174 5243 3450 5280 manuum
3482 5227 3604 5297 ejus
3633 5245 3781 5283 con-

2067 5315 2344 5369 sideratis.
2365 5316 2652 5370 Etiterum
2676 5319 2796 5370 :Vas
2815 5317 2913 5388 qui
2931 5322 3194 5387 potentes
3211 5315 3345 5369 estis
3364 5317 3434 5369 ad
3451 5315 3776 5370 bibendum

2069 5405 2286 5471 vinum,
2329 5411 2386 5458 et
2415 5405 2519 5458 viri
2553 5406 2726 5459 fortes
2757 5405 2828 5459 ad
2874 5406 3220 5458 miscendam
3271 5403 3626 5470 ebrietatem,
3670 5406 3778 5474 qui

2065 5493 2388 5564 jnstilicatis
2415 5494 2660 5564 impium
2713 5511 2818 5565 pro
2849 5496 3205 5562 muneribus,
3237 5499 3292 5546 et
3315 5493 3602 5563 justitiam
3628 5493 3778 5562 justi

2070 5581 2304 5636 aufertis
2336 5581 2406 5634 ab
2441 5599 2526 5635 eo.
2573 5585 2812 5652 Propter
2842 5583 2971 5648 hoc,
3032 5583 3176 5635 sicut
3211 5583 3443 5634 devorat
3496 5581 3776 5649 stipulam
