3944 6304
120 324 218 375 893

918 321 1390 380 DECRETORUM
1435 326 1624 380 LIBRI
1659 327 1766 382 XX.
1800 357 1868 365 —
1902 326 2114 380 LIBER
2154 323 2456 379 DECIMUS
2493 324 2809 386 QUINTUS.

3521 327 3628 378 891

118 443 501 515 linguaignis,
536 449 591 497 et
631 446 783 497 calor
812 446 1060 499 flamma:
1083 447 1286 511 exurit,
1320 447 1397 500 sic
1426 449 1586 503 radix
1616 466 1815 503 eorum
1848 455 1889 506 Α
1930 448 2118 503 Esaias
2145 448 2222 500 sic
2260 446 2465 516 arguit,
2505 447 2699 500 dicens
2728 463 2739 499 :
2773 448 2863 499 Vae
2899 446 2998 516 qui
3053 447 3390 517 consurgitis
3456 465 3626 501 mane

117 533 277 602 quasi
308 533 499 586 favilla
556 533 682 598 erit,
738 540 790 587 et
844 552 1079 603 germen
1120 553 1340 601 eorum,
1377 543 1437 589 ut
1488 538 1672 606 pulvis
1726 557 1819 591 as-

116 622 336 674 cendet.
372 622 719 690 Abjecerunt
751 624 903 674 enim
936 626 1121 692 legem
1176 626 1403 677 Domini
1446 627 1817 694 exercituum,

117 714 170 761 et
200 709 498 778 eloquium
527 711 705 762 sancti
734 712 897 764 Israel
936 713 1493 783 blasphemaverunt.
1528 716 1657 768 Ideo
1698 716 1817 769 ira-

118 802 204 850 tus
228 804 312 850 est
344 798 510 851 furor
552 799 779 851 Domini
812 800 869 852 in
902 803 1116 869 populo
1158 818 1277 866 suo,
1316 806 1371 854 et
1399 803 1649 855 extendit
1707 818 1821 854 ma-

116 902 255 938 num
280 902 442 938 suam
483 903 656 956 super
695 904 846 953 eum,
874 893 929 941 et
966 889 1244 958 percussit
1286 906 1438 956 eum,
1499 891 1820 943 conturbati

117 977 245 1027 sunt
277 985 522 1039 montes,
576 981 630 1028 et
674 976 823 1029 facta
874 982 1008 1029 sunt
1040 977 1339 1030 morticina
1384 994 1606 1046 eorum,
1656 980 1820 1049 quasi

116 1067 330 1116 stercus
357 1064 418 1117 in
450 1064 637 1116 medio
684 1066 1022 1133 platearum.
1066 1066 1128 1117 In
1168 1066 1435 1119 omnibus
1464 1066 1551 1120 his
1592 1084 1708 1120 non
1738 1073 1822 1121 est

117 1152 387 1205 adversus
422 1152 584 1205 furor
613 1152 755 1222 ejus,
790 1154 884 1206 sed
911 1154 1095 1206 adhuc
1144 1170 1349 1206 manus
1392 1155 1513 1225 ejus
1571 1160 1815 1208 extensa.

455 1242 584 1295 CAP.
620 1244 774 1296 XVII.
810 1272 879 1280 —
908 1245 1047 1295 Item
1094 1243 1159 1295 de
1196 1244 1469 1296 ebrietate.

185 1328 447 1394 (Sanctus
494 1330 733 1383 Isidorus
780 1330 914 1384 dicit
944 1330 981 1397 :)
1038 1331 1186 1384 Escae
1257 1333 1570 1401 crapulam,
1652 1336 1821 1400 potus

116 1417 472 1483 ebrietatem,
532 1422 822 1487 generant.
873 1419 1122 1472 Ebrietas
1183 1424 1373 1472 autem
1430 1420 1821 1489 perturbatio—

115 1522 246 1559 nem
272 1506 459 1576 gignit
496 1508 725 1572 mentis,
757 1507 1012 1560 furorem
1042 1508 1248 1574 cordis,
1303 1508 1597 1563 ﬂammam
1635 1508 1824 1562 libidi-

115 1594 223 1648 nis.
258 1594 516 1647 Ebrietas
566 1594 648 1649 ita
678 1601 928 1649 mentem
960 1597 1191 1663 alienat,
1228 1602 1287 1650 ut
1327 1596 1423 1650 ubi
1458 1598 1529 1651 sit
1584 1598 1818 1651 nesciat.

118 1685 275 1738 Unie
307 1684 480 1737 etiam
543 1686 757 1737 malum
804 1701 921 1738 non
971 1686 1230 1751 sentitur,
1286 1686 1437 1755 quod
1486 1703 1589 1755 per
1640 1686 1821 1740 ebrie-

118 1779 297 1826 tatem
331 1774 723 1827 committitur.
758 1775 965 1827 Verum
1024 1780 1127 1840 est,
1160 1775 1311 1844 quod
1335 1775 1499 1844 juxta
1565 1776 1822 1845 prophe-

117 1868 234 1916 tam
265 1861 523 1916 dicitur:
580 1862 902 1916 Fornicatio
959 1868 1013 1916 et
1079 1864 1323 1917 ebrietas
1380 1864 1630 1917 auferret
1704 1880 1819 1917 cor.

122 1950 441 2005 Fornicatio
495 1949 668 2015 enim,
728 1950 873 2003 sicut
933 1951 1011 2004 ait
1075 1952 1363 2015 Salomon,
1432 1951 1677 2005 infatuat
1733 1969 1820 2005 sa-

118 2040 393 2110 pientem.
458 2040 729 2106 Ebrietas,
787 2040 934 2093 sicut
982 2040 1043 2093 in
1089 2040 1232 2093 Loth
1282 2056 1476 2092 sensus
1539 2040 1821 2094 rationem

119 2128 387 2198 captivat.
434 2128 593 2181 Unde
638 2132 692 2180 et
752 2128 814 2181 in
842 2128 1165 2181 Proverbiis
1206 2146 1217 2183 :

120 2218 219 2287 qui
250 2217 509 2270 iracundi
550 2222 702 2282 sunt,
736 2217 930 2269 vinum
964 2234 1078 2270 non
1110 2218 1329 2281 bibant,
1374 2234 1465 2284 ne,
1499 2234 1629 2270 cum
1666 2218 1827 2271 bibe-

120 2306 253 2371 rint,
312 2304 716 2358 obliviscantur
765 2306 1125 2375 sapientiam.
1211 2306 1504 2376 Plerisque
1563 2309 1685 2359 laus
1744 2311 1828 2360 est

119 2395 369 2447 multum
400 2393 616 2460 bibere,
649 2398 704 2447 et
734 2410 847 2447 non
886 2394 1180 2448 inebriari.
1238 2396 1491 2449 Audiant
1527 2396 1588 2448 hi
1629 2396 1826 2449 adver-

123 2500 251 2537 sum
275 2499 334 2535 se
366 2483 645 2536 dicentem
673 2484 1012 2553 prophetam
1046 2501 1058 2537 :
1095 2486 1186 2537 Vae
1233 2484 1331 2554 qui
1385 2488 1642 2554 potentes
1695 2487 1826 2538 estis

124 2572 190 2625 ad
240 2572 556 2625 bibendum
609 2573 829 2639 vinum,
889 2577 943 2625 et
989 2572 1096 2625 viri
1135 2573 1308 2626 fortes
1350 2572 1416 2625 ad
1479 2572 1826 2626 miscendam

123 2659 480 2713 ebrietatem.
507 2659 649 2712 Vino
676 2662 857 2714 multo
880 2661 1124 2729 deditos,
1148 2665 1204 2715 et
1228 2660 1521 2715 luxuriose
1552 2660 1824 2728 viventes,

1270 2131 1553 2197 Potentes,
1614 2129 1822 2199 inquit,
1874 2172 1881 2177 .

1930 538 1999 590 ad
2054 536 2388 589 ebrietatem
2436 535 2785 601 sectandam,
2838 540 2894 587 et
2946 535 3261 604 potandum
3312 552 3492 605 usque
3558 537 3627 589 ad

1929 631 2329 695 vesperam,ut
2360 624 2490 677 vino
2533 624 2803 677 mstuetis.
2840 625 2915 676 De
2963 624 3189 687 talibus,
3233 628 3288 676 et
3340 624 3447 676 alio
3504 625 3624 677 loco

1930 714 2137 767 dicitur
2170 729 2182 766 :
2218 714 2307 765 Va)
2349 712 2471 775 tibi,
2527 711 2722 763 civitas
2776 710 2937 778 cujus
2996 727 3097 762 rex
3151 710 3378 779 juvenis
3435 716 3537 777 est,
3571 717 3629 765 et

1929 803 2091 871 cujus
2122 801 2407 871 principes
2440 816 2607 853 mane
2640 800 2956 852 comedent.
2995 799 3155 851 Multi
3194 799 3349 851 enim
3379 817 3412 852 a
3461 816 3627 852 mane

1929 906 2111 960 usque
2142 890 2210 942 ad
2251 889 2383 940 solis
2414 888 2758 952 occubitum,
2793 886 3054 940 ebrietati
3085 892 3141 939 et
3174 887 3326 956 gulae
3368 887 3629 956 volupta-

1927 979 2079 1032 tibus
2132 977 2403 1043 serviunt,
2443 992 2549 1028 nec
2605 976 2935 1045 intelligunt
2980 991 3080 1027 cur
3145 976 3265 1027 nati
3312 981 3480 1028 sunt:
3532 976 3627 1029 sed

1928 1065 2342 1119 consuetudine
2374 1063 2605 1117 beluina
2653 1063 2887 1129 detenti,
2933 1063 3173 1115 luxuriae
3224 1068 3445 1115 tantum
3509 1067 3632 1115 tota

1928 1154 2036 1219 die,
2065 1152 2361 1222 epulisque
2395 1151 2730 1203 inserviunt.
2773 1150 2993 1203 Clamat
3029 1151 3147 1203 Joel
3192 1151 3492 1219 propheta,
3541 1150 3630 1202 his

1930 1242 2029 1311 qui
2104 1238 2363 1292 ebrietati
2416 1239 2763 1305 deserviunt,
2819 1239 3053 1292 dicens:
3133 1238 3625 1308 Expergiscimini,

1930 1329 2093 1393 ebrii,
2125 1334 2181 1381 et
2210 1329 2360 1391 ﬂete,
2392 1332 2447 1380 et
2475 1328 2710 1391 ululate,
2741 1343 2937 1380 omnes
2969 1327 3067 1396 qui
3111 1327 3301 1379 bibitis
3332 1328 3526 1378 vinum
3568 1326 3625 1378 in

1931 1418 2308 1471 dulcedinem.
2340 1416 2461 1479 Quo
2503 1416 2852 1481 testimonio,
2902 1431 3018 1468 non
3069 1416 3145 1468 ait
3195 1419 3441 1481 tantum,
3496 1414 3628 1468 ﬂete

1932 1522 2130 1561 omnes
2162 1506 2260 1575 qui
2290 1505 2485 1559 bibitis
2517 1505 2737 1571 vinum,
2780 1509 2841 1558 ut
2872 1504 3068 1557 bibere
3118 1504 3353 1557 omnino
3393 1520 3511 1556 non
3553 1503 3629 1555 li-

1931 1600 2073 1660 ceat,
2108 1595 2203 1647 sed
2243 1593 2449 1664 adjecit
2492 1592 2554 1646 in
2594 1593 2972 1659 dulcedinem,
3008 1592 3163 1662 quod
3213 1593 3285 1645 ad
3325 1592 3631 1661 voluptuo-

1932 1701 2053 1737 sam
2111 1683 2378 1754 pertinet,
2413 1685 2469 1734 et
2515 1681 2820 1751 prodigam
2853 1681 3209 1734 elfusionem.
3248 1682 3387 1733 Nam
3448 1696 3628 1750 quan-

1931 1778 2053 1827 tum
2085 1772 2219 1825 satis
2252 1776 2337 1825 est
2375 1769 2698 1824 necessitati
2756 1770 2957 1823 edocet
3010 1767 3369 1823 Timotheum
3435 1766 3631 1820 bibere

1932 1862 2237 1931 Apostolus
2267 1860 2458 1913 dicens
2488 1876 2501 1913 :
2532 1858 2678 1911 ‘Vino
2711 1857 2935 1911 modico
2970 1862 3147 1909 utere.
3182 1858 3307 1909 Non
3349 1856 3529 1909 solum
3564 1870 3631 1907 ex

1933 1950 2065 2003 vino
2116 1948 2475 2002 inebriantur
2506 1948 2787 2013 homines,
2835 1947 2930 2000 sed
2962 1946 3131 1998 etiam
3179 1961 3243 1998 ex
3275 1944 3496 1998 casteris
3525 1961 3629 2013 po-

1931 2038 2093 2092 tandi
2124 2036 2453 2107 generibus,
2484 2052 2611 2106 quae
2640 2036 2794 2088 vario
2827 2035 2995 2088 modo
3039 2034 3436 2087 conﬁciuntur.
3473 2033 3631 2086 Unde

1936 2134 1992 2181 et
2019 2125 2314 2190 Nazaraeis,
2344 2124 2443 2195 qui
2470 2142 2527 2177 se
2549 2123 2978 2177 sanctiﬁcabant
2996 2123 3239 2176 Domino
3275 2125 3630 2192 praeceptum

1936 2221 2022 2269 est
2066 2215 2265 2267 vinum
2324 2219 2379 2265 et
2431 2212 2669 2266 siceram
2725 2228 2842 2264 non
2897 2211 3130 2265 bibere?
3189 2216 3427 2277 utraque
3474 2208 3630 2263 enim

1936 2308 2145 2357 statum
2178 2302 2385 2356 mentis
2417 2307 2693 2363 evertunt.
2759 2304 2816 2353 et
2867 2301 3118 2354 ebriosos
3148 2300 3379 2353 faciunt.
3444 2299 3633 2352 Luxu—

1936 2393 2082 2446 riam
2106 2392 2318 2462 quippe
2349 2391 2534 2444 carnis
2584 2397 2827 2460 utraque
2855 2390 3153 2461 aequaliter
3185 2389 3449 2458 gignunt.
3496 2387 3630 2450 Qui-

1939 2483 2070 2536 dam
2105 2482 2487 2548 continentes,
2521 2480 2668 2533 sicut
2699 2495 2904 2549 panem
2947 2494 3075 2530 cum
3116 2478 3369 2547 pondere
3433 2476 3628 2542 edunt,

1938 2572 2015 2624 ita
2048 2575 2103 2624 et
2154 2586 2362 2640 aquam
2409 2585 2539 2621 cum
2589 2584 2858 2620 mensura
2904 2573 3159 2629 sumunt,
3216 2569 3529 2618 asserentes
3560 2565 3631 2616 ad

1939 2658 2331 2714 castimoniam
2382 2658 2587 2727 carnis,
2637 2658 2811 2711 etiam
2859 2655 3258 2709 abstinentiam
3302 2653 3624 2707 convenire.

1388 2800 1563 2839 FINIS
1606 2800 1786 2839 LIBRI
1827 2797 2050 2837 DECIMI
2098 2796 2361 2843 QUARTI.

802 3047 1098 3119 INDEX
1154 3046 1841 3118 CAPITULOBUM
1902 3044 2156 3116 LIBRI
2220 3041 2553 3114 DECIMI
2614 3040 2970 3125 QUINTI.

128 3189 257 3243 CAP.
295 3192 344 3242 1.
371 3187 632 3257 Episcopi
661 3187 988 3258 impositam
1023 3205 1054 3241 a
1102 3189 1216 3241 Deo
1248 3188 1354 3241 sibi
1386 3205 1582 3242 curam
1611 3190 1672 3243 in
1721 3206 1828 3259 po-
1869 3190 1908 3243 C
1941 3190 2024 3240 19.
2064 3186 2319 3250 Qualiter
2342 3185 2688 3239 studendum
2729 3184 2802 3237 sit
2840 3183 3069 3252 regibus
3117 3181 3493 3246 sacerdotum,
3545 3179 3633 3232 vel

193 3277 349 3347 pulis
380 3275 649 3343 habeant,
690 3292 1010 3346 pauperum
1052 3292 1420 3345 oppressores
1467 3293 1583 3330 non
1619 3278 1824 3331 ferant.

124 3370 175 3419 2.
213 3367 291 3419 De
314 3365 427 3418 illis
450 3365 548 3435 qui
578 3365 639 3418 in
671 3365 974 3435 episcopiis
995 3366 1252 3434 praedam
1283 3365 1541 3418 fecerint.

199 3458 251 3509 3.
286 3455 358 3508 Ut
388 3454 641 3523 episcopi
697 3458 1004 3524 potestates
1061 3454 1408 3508 admoneant
1439 3458 1499 3506 ut
1545 3468 1825 3523 pauperes

199 3538 329 3597 non
351 3542 701 3612 opprimant.

126 3635 179 3688 4.
218 3634 297 3687 De
328 3633 527 3685 eadem
557 3648 639 3685 re.

129 3726 182 3775 5.
239 3723 316 3775 De
357 3720 710 3773 secularibus
783 3719 1093 3773 Ecclesiam
1140 3719 1229 3772 vel
1290 3718 1561 3773 clericum
1609 3718 1826 3789 injuste

202 3808 708 3864 calumniantibus.

131 3902 183 3954 6.
223 3900 295 3954 Ut
321 3902 746 3968 contemptores
776 3913 1061 3951 canonum
1094 3897 1680 3952 excommunicentur.

131 3995 182 4043 7.
220 3990 295 4042 De
317 3986 854 4057 praevaricatoribus
886 3987 1209 4040 divinarum
1238 3989 1451 4058 legum.

131 4082 184 4133 8.
220 4078 385 4142 Quod
432 4093 548 4131 non
576 4076 747 4130 liceat
790 4076 1144 4147 imperatori,
1192 4078 1280 4130 vel
1318 4076 1585 4147 cuiquam
1627 4080 1829 4147 poten-

202 4172 332 4222 tum
362 4165 578 4236 aliquid
624 4182 793 4236 agere
822 4171 1019 4219 contra
1066 4166 1321 4220 divinum
1367 4167 1724 4231 mandatum,
1776 4172 1833 4220 et

204 4256 362 4327 quod
412 4255 693 4324 judicium
736 4255 1012 4325 injustum
1064 4256 1220 4325 regio
1271 4261 1427 4310 metu
1478 4256 1827 4321 ordinatum,

204 4361 323 4399 non
352 4344 554 4397 valeat.

132 4448 185 4499 9.
229 4444 300 4497 Ut
330 4456 501 4496 nemo
534 4444 735 4494 contra
763 4455 1007 4494 canones
1038 4455 1159 4494 esse
1190 4445 1523 4511 praesumat.

135 4542 220 4594 10.
253 4541 331 4593 De
356 4538 728 4608 imperatoria
756 4539 905 4609 lege.

140 4641 221 4691 11.
257 4636 498 4700 Quando
541 4637 816 4691 canonica
857 4636 1229 4705 ventilentur,
1280 4637 1389 4691 nisi
1433 4638 1545 4692 sint
1579 4637 1831 4711 religiosi

205 4725 333 4779 laici
364 4741 479 4778 non
508 4724 796 4777 intersint.

136 4826 219 4877 12.
254 4822 326 4875 Ut
363 4820 491 4873 laici
524 4820 583 4873 in
613 4821 850 4891 synodo,
884 4821 994 4874 nisi
1040 4821 1258 4875 clericis
1306 4822 1666 4892 jubentibus,
1728 4823 1829 4877 do-

204 4927 332 4965 cere
357 4926 474 4963 non
500 4910 763 4963 audeant.

136 5010 219 5062 13.
255 5008 326 5061 Ut
356 5006 605 5077 populus
627 5006 917 5060 docendus
944 5007 1033 5074 sit,
1077 5024 1192 5061 non
1228 5009 1576 5079 sequendus.

135 5104 220 5159 14.
255 5105 334 5157 De
367 5103 463 5157 illo
488 5103 587 5174 qui
618 5108 816 5158 contra
845 5104 1137 5159 decretum
1168 5106 1423 5176 episcopi
1445 5106 1686 5160 venerit.

137 5205 220 5256 15.
255 5202 651 5255 Admoneatur
710 5202 1044 5272 imperator,
1105 5209 1169 5257 ut
1222 5204 1544 5258 constitutis
1604 5208 1829 5274 aposto-

204 5290 330 5345 lica!
369 5290 519 5343 sedis
554 5291 927 5361 obtemperet.

138 5392 221 5443 16.
257 5390 549 5444 Generalis
579 5390 892 5443 admonitio
921 5406 1141 5460 regum.

138 5492 223 5542 17.
255 5487 381 5540 Alia
411 5487 726 5540 admonitio
759 5487 1106 5557 principum,
1140 5536 1145 5541 .

138 5587 223 5637 18.
252 5585 396 5637 Item
424 5584 747 5637 adhortatio
775 5584 1125 5654 principum.

2010 3277 2206 3346 populi
2238 3280 2470 3346 peccata
2500 3275 2711 3329 ulcisci.

1937 3368 2023 3420 20.
2062 3368 2138 3419 De
2170 3366 2368 3419 eadem
2398 3382 2479 3418 re.

1936 3457 2023 3508 21.
2057 3454 2221 3517 Quod
2265 3455 2573 3507 multorum
2628 3452 2882 3504 solamen
2932 3450 3027 3519 sit,
3077 3449 3124 3502 si
3173 3448 3482 3520 prudentes
3524 3447 3632 3500 viri

2008 3543 2237 3613 regibus
2259 3543 2608 3596 adhaereant.

1936 3635 2025 3685 22.
2062 3633 2128 3685 Ut
2154 3647 2355 3701 regum
2389 3629 2696 3684 adversarii
2724 3630 3311 3682 excommunicentur.

1937 3724 2024 3775 23.
2061 3723 2135 3775 De
2168 3721 2278 3775 illis
2310 3721 2408 3791 qui
2440 3719 2684 3791 principi
2716 3736 2833 3772 non
2861 3717 3204 3771 obedierint.

1937 3812 2024 3864 2st.
2061 3813 2138 3864 De
2172 3811 2285 3863 illis
2340 3810 2529 3880 quiin
2573 3808 2909 3863 adversitate
2966 3807 3214 3877 proprias
3272 3803 3476 3875 gentis,
3538 3806 3635 3857 aut

2008 3900 2207 3969 patriae
2234 3899 2544 3969 culpabiles
2566 3897 2956 3952 inveniuntur.

1937 3992 2023 4042 25.
2056 3990 2125 4042 Ut
2156 3989 2348 4041 nullus
2403 3992 2716 4057 praesumat
2746 3986 3003 4056 principe
3026 3984 3249 4037 vivente
3305 3982 3481 4035 alium
3530 3980 3633 4034 eli-

2009 4094 2141 4146 gere
2172 4093 2387 4146 regem.

1936 4169 2024 4219 26.
2065 4167 2133 4219 Ut
2162 4182 2331 4217 nemo
2359 4163 2621 4217 intendat
2664 4163 2722 4215 in
2752 4162 3048 4216 interitum
3070 4159 3241 4230 regis.

1938 4258 2025 4307 27.
2062 4254 2135 4306 De
2166 4252 2430 4306 ﬁdelibus
2460 4267 2686 4321 regum.

1938 4345 2025 4397 28.
2065 4342 2141 4394 De
2178 4356 2383 4411 regum
2410 4340 2628 4393 sobole.

1940 4434 2027 4486 29.
2064 4429 2227 4493 Quod
2284 4428 2565 4499 quidquid
2614 4429 2935 4481 commotus
2975 4424 3204 4478 animus
3253 4423 3468 4488 fecerit,
3528 4422 3636 4475 hoc

2007 4520 2228 4589 justum
2267 4521 2447 4587 putat.

1939 4610 2025 4662 30.
2075 4606 2234 4670 Quod
2292 4604 2420 4659 laici
2476 4604 2861 4675 presbyteros,
2922 4602 3022 4673 qui
3066 4601 3346 4657 Ecclesias
3400 4600 3635 4654 illorum

2011 4699 2224 4763 tenent,
2248 4695 2374 4761 "_non
2405 4694 2558 4748 aliud
2618 4709 2792 4764 quam
2837 4691 3095 4745 divinum
3154 4690 3408 4745 ofﬁcium
3466 4704 3635 4758 agere

2010 4789 2235 4855 cogant.

1940 4878 2027 4930 31.
2086 4875 2152 4928 Ut
2178 4872 2363 4928 Judaei
2385 4888 2557 4942 super
2577 4868 2928 4925 Christianos
2950 4885 3064 4922 non
3096 4871 3402 4939 ponantur.

1942 4968 2029 5020 32.
2074 4963 2237 5028 Quod
2293 4967 2487 5016 sancta
2527 4959 2771 5015 Ecclesia
2808 4974 2990 5012 unum
3047 4964 3272 5028 patrem
3330 4956 3535 5010 habeat
3577 4954 3638 5008 in

2013 5052 2183 5106 caelis.

1944 5146 2029 5197 33.
2083 5143 2162 5195 De
2188 5141 2285 5194 illo
2318 5140 2417 5211 qui
2474 5156 2578 5210 pro
2619 5136 2863 5191 catholia
2907 5134 3018 5189 ﬁde
3074 5132 3473 5188 tribulationes
3531 5147 3639 5201 pa-

2017 5230 2175 5283 titur.

1946 5320 2032 5373 34.
2088 5321 2164 5372 De
2196 5317 2536 5384 haeredibus,
2569 5317 2613 5369 si
2655 5317 2815 5385 jussa
2845 5311 3152 5379 “testatoris
3202 5327 3314 5364 non
3371 5309 3639 5380 impleve—
3688 5324 3700 5343 ι

2016 5408 2152 5473 rint,
2187 5412 2247 5460 ut
2278 5408 2581 5477 episcopus
2608 5404 2940 5475 adimpleat.

1948 5500 2032 5551 35.
2101 5498 2171 5549 Ut
2203 5496 2331 5549 laici
2363 5496 2622 5566 quamvis
2650 5492 2909 5563 religiosi
2938 5488 3315 5545 ecclesiastica
3362 5503 3477 5540 non
3523 5486 3636 5539 dis-

2019 5589 2255 5651 ponanL
