3944 6306
303 311 407 364 895

291 436 379 486 36.
415 434 490 486 De
523 431 633 486 illis
664 432 764 502 qui
795 448 884 484 res
909 432 1166 485 Ecclesiae
1197 448 1228 483 a
1258 431 1490 499 regibus
1523 435 1741 501 petunt.

292 523 379 574 3‘7.
414 523 489 574 De
519 537 609 587 eo,
644 521 688 572 si
719 520 1019 590 episcopus
1077 518 1542 584 ecclesiasticum,
1591 523 1646 572 et
1672 534 1859 572 comes
1903 534 1994 571 se-

363 611 553 662 cularc
585 609 857 678 placitum
893 625 1005 662 una
1037 608 1128 661 die
1163 606 1532 660 condixcrint.

294 700 381 752 38.
420 699 496 751 De
533 698 762 767 regibus
789 698 932 751 bene
964 696 1308 768 regentibus.

295 788 384 839 39.
411 786 487 838 De
519 787 716 838 eadem
749 801 829 838 re.
1087 781 1090 784 ’

295 874 384 928 40.
429 874 506 927 De
535 873 812 944 patientia
843 888 1062 944 regum.

1388 307 1791 364 BURCHARDI
1833 305 2360 362 WORMACIENSIS
2397 303 2726 360 EPISCOPI.
3709 307 3809 358 89f;

2017 433 2062 484 Α
2100 431 2186 484 41.
2232 432 2308 484 De
2339 429 2557 483 delictis
2587 445 2808 499 regum,
2854 445 2950 482 seu
2987 431 3281 499 exemplis.

2102 521 2188 573 42.
2224 520 2383 583 Quod
2405 519 2806 588 regeslegibus
2842 522 3160 572 teneantur.

2103 610 2189 661 43.
2231 611 2304 660 De
2335 607 2633 678 disciplina
2665 623 2867 676 regum
2893 607 2952 659 in
2985 606 3244 660 Ecclesia.

2102 697 2189 752 44.
2221 697 2334 752 Cur
2363 698 2508 751 Deus
2563 695 2708 749 alios
2753 696 2820 749 ad
2874 695 3220 761 libertatem,
3288 694 3428 748 alios
3486 699 3683 750 autem
3747 697 3812 750 ad

2174 784 2503 839 servitutem
2533 784 2907 839 discrevisset.

2329 855 2340 864 ’
2562 871 2771 926 Indicis
2806 870 3169 939 capitulorum
3193 872 3336 937 ﬁnis.

1627 1189 2468 1306 BURCHABDI

1295 1391 1920 1448 WORMACIENSIS
1979 1391 2385 1448 ECCLESIxE
2443 1393 2814 1448 EPISCOPI

493 1586 1493 1716 DECRETORUM
1634 1585 2076 1716 LIBER
2213 1585 2846 1718 DECIMUS
2984 1583 3610 1728 QUINTUS

1832 1815 1932 1881 DE
1981 1815 2266 1883 LAICIS.

772 2148 1257 2204 ARGUMENTUM
1300 2150 1504 2204 LIBRI.

365 2235 536 2290 Libro
586 2235 695 2290 hoc
744 2235 813 2291 de
890 2237 1049 2290 laicis
1107 2237 1296 2291 omnis
1352 2235 1695 2291 conditionis
1733 2233 1992 2290 tractatio

293 2323 635 2392 instituitur,
667 2329 785 2379 tam
814 2327 882 2380 de
912 2327 980 2380 iis
1007 2327 1103 2397 qui
1135 2331 1410 2396 praesunt,
1438 2330 1502 2380 ut
1530 2325 1990 2396 imperatoribus,

292 2411 548 2481 regibus,
579 2412 954 2483 principibus,
1001 2429 1172 2484 quam
1225 2413 1312 2466 his
1342 2413 1442 2484 qui
1489 2413 1696 2467 horum
1750 2412 1992 2484 imperio

297 2499 536 2570 subjecti
567 2507 716 2554 sunt.

299 2588 426 2642 CAP.
456 2589 497 2644 Ι.
532 2620 598 2628 -—
631 2590 894 2660 Episcopi
942 2606 1060 2644 cum
1091 2593 1398 2658 impositam
1424 2607 1459 2643 a
1490 2593 1612 2643 'Deo
1663 2589 1770 2643 sibi
1810 2605 1995 2643 curam

367 2663 425 2712 in
447 2661 664 2784 ptopulis
717 2663 967 2723 habeant,
1019 2678 1318 2730 pauperum
1371 2676 1708 2731 oppressores
1752 2676 1857 2714 non
1905 2664 1995 2726 fe-

367 2746 468 2784 ran
501 2770 513 2783 .

365 2746 468 2784 ran
475 2746 494 2784 ι
501 2770 513 2783 ο

369 2819 476 2888 (Ea:
514 2821 732 2874 concilio
758 2821 994 2874 Toletan.
1029 2823 1080 2884 5,
1113 2822 1287 2889 capite
1326 2820 1434 2890 32.)
1468 2820 1730 2891 Episcopi
1761 2819 1820 2873 in
1871 2834 1999 2890 pro-

299 2907 558 2975 tegendis
585 2909 812 2977 populis
855 2925 918 2961 ac
973 2909 1368 2969 defendendis.
1420 2909 1748 2980 impositam
1794 2926 1824 2961 a
1887 2910 1998 2961 Deo

300 2993 407 3047 sibi
437 3011 632 3049 curam
664 3012 778 3048 non
807 2996 1118 3066 ambigant.
1165 2999 1408 3069 Ideoque
1454 2999 1592 3051 dum
1639 2996 2001 3066 conspiciunt

296 3081 538 3151 judices,
575 3098 637 3136 ac
668 3087 930 3154 potentes
977 3101 1296 3155 pauperum
1339 3101 1704 3156 oppressores
1736 3085 1997 3150 existere,

302 3169 462 3239 prius
491 3185 588 3223 eos
621 3171 960 3225 sacerdotali
995 3174 1390 3227 admonitione
1431 3174 1778 3242 redarguant
1811 3189 1824 3227 :
1868 3178 1924 3227 et
1953 3173 2001 3226 si

305 3260 752 3329 contempserint
778 3262 1102 3329 emendare,
1141 3263 1714 3316 anathematizentur.

308 3346 434 3400 CAP.
457 3347 518 3400 lI.
550 3377 617 3387 —
645 3351 716 3402 De
740 3351 849 3403 illis
897 3353 992 3418 qui
1036 3354 1094 3404 in
1123 3355 1408 3420 episcopiis
1453 3353 1697 3420 praedam
1752 3354 1998 3419 fecerint.

2027 2148 2066 2202 Β
2105 2147 2516 2202 catholicorum
2563 2145 2987 2213 communione,
3055 2145 3164 2200 nisi
3223 2144 3394 2216 digne
3451 2145 3810 2217 paenituerit,

2101 2240 2375 2290 arceatur.

2102 2326 2231 2382 CAP.
2256 2327 2344 2380 VI.
2379 2357 2447 2366 —
2473 2328 2540 2382 Ut
2569 2328 2949 2394 contemptores
2971 2339 3232 2379 canonum
3262 2326 3809 2378 emcommunicentur.

2173 2418 2281 2482 (Ea:
2319 2415 2505 2468 concil.
2567 2413 2849 2482 Carthag.,
2882 2415 3057 2482 capite
3092 2416 3194 2476 15.)
3237 2413 3309 2466 Ut
3356 2411 3485 2466 laici
3542 2416 3814 2465 contem-

2101 2507 2290 2574 ptores
2332 2519 2617 2557 canonum
2665 2501 3234 2554 excommunicentur
3274 2516 3287 2554 :
3333 2500 3521 2554 clerici
3587 2501 3813 2554 honore

2100 2592 2414 2662 priventur.

2174 2684 2300 2735 CAP.
2327 2682 2442 2734 VII.
2463 2710 2532 2720 —
2551 2683 2626 2735 De
2649 2678 3166 2749 praevaricatoribus
3193 2678 3507 2731 divinarum
3536 2679 3738 2745 legum.

2175 2769 2284 2840 (Ea:
2333 2771 2520 2824 concil.
2568 2768 2719 2837 apud
2769 2766 3122 2832 Lauriacum,
3189 2768 3366 2835 capite
3429 2769 3534 2826 10.)
3577 2767 3636 2820 Si
3679 2767 3815 2838 quis

2104 2857 2366 2928 publicus
2398 2856 2606 2910 divina:
2661 2855 2800 2924 legis
2860 2855 3280 2925 praevaricator,
3313 2855 3398 2908 vel
3457 2871 3561 2924 pro
3621 2855 3810 2908 mani-

2107 2945 2262 3000 festis
2317 2944 2652 2998 criminibus
2710 2949 3036 2996 sanctorum
3091 2959 3374 2995 canonum
3438 2947 3812 3014 contemptor

2106 3038 2368 3105 repertus
2394 3033 2588 3097 fuerit,
2621 3048 2684 3086 ac
2715 3036 3039 3086 sanctorum
3096 3034 3328 3084 Patrum
3373 3031 3814 3084 constitutioni-

2109 3121 2212 3174 bus
2253 3121 2652 3185 contradictor,
2717 3125 2773 3174 et
2829 3120 2876 3174 si
2932 3105 3342 3173 monitionibus
3385 3119 3813 3189 episcopalibus

2111 3208 2510 3278 obtemperare
2541 3207 2846 3273 distulerit,
2879 3207 3417 3260 anathematizetur.

2112 3297 2240 3351 CAP.
2276 3297 2416 3351 VIII.
2447 3326 2519 3337 —
2549 3297 2703 3362 Quod
2732 3312 2838 3350 non
2865 3297 3024 3349 liceat
3054 3297 3388 3364 imperatori,
3436 3295 3518 3348 vel
3550 3297 3812 3364 cuiquam

2178 3373 2472 3436 potentum,
2545 3368 2758 3436 aliquid
2829 3382 2986 3433 agere
3053 3371 3242 3420 contra
3333 3366 3579 3419 divinum
3657 3381 3813 3419 man-

380 3436 483 3504 (Erc
508 3439 730 3491 concilio
761 3440 1051 3507 Carthag.,
1107 3443 1284 3508 capite
1326 3439 1402 3510 8.)
1433 3441 1502 3494 Ut
1544 3440 1590 3493 si
1618 3441 1745 3510 quis
1800 3457 2001 3511 quem-
2034 3431 2074 3485 C
2178 3431 2390 3492 datum.

305 3523 444 3579 libet
463 3526 848 3595 expoliaverit,
895 3532 952 3580 et
995 3529 1341 3582 admonente
1381 3529 1653 3599 episcopo
1697 3544 1810 3582 non
1870 3529 1997 3582 red-

309 3612 541 3679 diderit,
569 3617 1113 3670 excommunicetur.

311 3717 438 3772 CAP.
473 3719 569 3772 III.
601 3748 670 3759 —
712 3723 777 3774 Ut
807 3723 1045 3789 episcopi
1091 3725 1381 3788 potestates
1411 3721 1735 3776 admoneant
1772 3727 1831 3776 ut
1853 3738 2001 3792 pau-

728 3807 884 3860 peres
904 3808 1007 3845 non
1029 3794 1356 3860 opprimant.

385 3879 492 3945 (Ea:
520 3879 737 3933 concilio
769 3881 1076 3944 Aurelian,
1111 3883 1284 3949 capite
1311 3880 1388 3950 4.)
1423 3882 1490 3935 Ut
1519 3880 1742 3951 judices
1772 3885 1868 3936 aut
1905 3899 2004 3950 po-

308 3968 541 4019 testates
568 3966 668 4036 qui
718 3984 1000 4038 pauperes
1055 3969 1410 4038 opprimunt,
1467 3969 1510 4023 si
1578 3970 1913 4024 commoniti
1971 3955 2004 4022 ἐι

307 4055 573 4124 pontiﬁce
615 4072 716 4108 suo
757 4071 875 4109 non
913 4058 1362 4125 emendaverint,
1412 4059 1999 4114 excommuniceutur.

772 4145 897 4198 CAP.
932 4146 1016 4199 ιν.
1048 4177 1115 4186 -
1149 4149 1221 4201 De
1249 4149 1434 4202 eadem
1463 4164 1536 4203 re.

383 4234 491 4297 (Ea:
510 4231 733 4286 concilio
765 4236 1028 4301 Mogunt.,
1089 4239 1263 4306 capite
1293 4239 1371 4307 8.)
1434 4239 1502 4291 Ut
1555 4237 1802 4307 episcopi
1837 4242 2004 4307 pote-

312 4324 514 4374 statem
549 4321 795 4375 habeant
844 4339 933 4376 res
964 4325 1367 4378 ecclesiasticas
1419 4325 1752 4396 prmvidere,
1804 4341 2003 4394 regere

312 4413 370 4462 et
399 4410 742 4480 gubernare,
775 4417 943 4482 atque
975 4413 1326 4483 dispensare,
1367 4414 1683 4468 secundum
1719 4431 2002 4468 canonum

314 4499 730 4553 auctoritatem.
765 4501 1039 4555 Volumus
1069 4507 1132 4555 ut
1179 4501 1303 4555 laici
1335 4503 1391 4554 in
1428 4518 1627 4555 eorum
1679 4503 2002 4558 ministerio

313 4586 580 4639 obediant
604 4587 882 4658 episcopis
913 4590 982 4642 ad
1013 4589 1290 4659 regendas
1324 4591 1594 4644 Ecclesias
1641 4591 1758 4657 Dei,
1803 4591 2004 4646 viduas

315 4677 370 4725 et
421 4673 702 4741 orphanos
761 4676 1169 4742 defendendos,
1199 4683 1254 4729 et
1283 4682 1344 4729 ut
1390 4678 1716 4732 obcdientes
1759 4681 1875 4734 sint
1920 4682 2000 4734 eis
2037 4713 2076 4766 ι)

315 4759 383 4814 ad
417 4776 617 4813 eorum
675 4761 1158 4817 Christianitatem
1215 4766 1571 4834 servandam,
1633 4773 1688 4820 et
1753 4768 2008 4840 episcopi

316 4848 736 4902 consentientes
757 4851 1082 4916 comitibus,
1115 4857 1172 4904 et
1221 4851 1511 4921 judicibus
1544 4855 1614 4908 ad
1649 4856 1897 4923 justitias
1927 4857 2008 4910 fa-

317 4936 569 5002 ciendas,
603 4941 658 4990 et
685 4943 748 4990 ut
777 4939 1104 4993 nullatenus
1138 4956 1241 5010 per
1268 4941 1592 5012 aliquorum
1625 4945 2006 5010 mendacium,

316 5027 406 5078 vel
439 5025 642 5080 falsum
691 5028 1105 5094 testiinonium,
1153 5045 1339 5100 neque
1399 5032 1736 5102 perjurium,
1769 5039 1865 5088 aut
1911 5051 2013 5106 per

319 5114 624 5185 premium
647 5116 734 5170 lex
759 5117 913 5185 justa
943 5117 1001 5170 in
1033 5117 1225 5187 aliquo
1258 5119 1616 5188 depravetur.

319 5221 446 5275 CAP.
511 5219 572 5272 V.
633 5251 701 5261 —
753 5225 828 5276 De
873 5223 1206 5276 secutoribus
1259 5225 1549 5279 Ecclesium
1625 5227 1708 5280 vel
1761 5227 2013 5282 clericum

815 5295 1018 5362 injuste
1041 5295 1514 5349 calumniantibus.

394 5382 502 5447 (Em
521 5383 742 5436 concilio
767 5383 1063 5449 Agathen.,
1098 5386 1276 5450 capite
1311 5384 1420 5450 32.)
1448 5384 1500 5437 Si
1535 5385 1635 5454 qui
1667 5386 2011 5440 secularium

320 5483 425 5536 pro
455 5470 742 5524 calumnia
777 5471 1077 5524 Ecclesiam
1134 5476 1233 5524 aut
1271 5471 1538 5526 clericum
1597 5473 1836 5544 fatigare
1890 5480 2012 5529 ten-

322 5558 543 5622 taverit,
575 5564 631 5611 et
661 5561 872 5614 evictus
898 5559 1091 5623 fuerit,
1150 5561 1222 5614 ab
1282 5561 1538 5615 Ecclesiae
1591 5563 1904 5631 liminibus,
1961 5571 2015 5619 et

2182 3531 2290 3598 (Ea:
2355 3527 2496 3581 decr.
2558 3526 2800 3582 Adriani
2843 3541 3021 3595 papae,
3095 3527 3271 3594 capite
3327 3527 3435 3590 16.)
3497 3525 3620 3578 Non
3675 3524 3815 3578 licet

2112 3632 2246 3686 ergo
2273 3615 2628 3686 imperatori,
2686 3615 2771 3668 vel
2802 3614 3071 3684 cuiquam
3111 3615 3381 3684 pietatem
3439 3613 3810 3680 custodienti,

2111 3704 2328 3775 aliquid
2382 3708 2582 3758 contra
2629 3704 2896 3756 mandata
2941 3702 3253 3756 divinitatis
3300 3717 3671 3772 prazsumere,
3707 3718 3815 3756 nec

2113 3794 2428 3864 quidquam
2459 3809 2571 3863 quo
2622 3779 2971 3862 Evangelicis
3000 3791 3462 3862 propheticisque
3510 3807 3610 3843 seu
3670 3808 3812 3860 apo-

2113 3881 2323 3936 stolicis
2369 3882 2582 3952 regulis
2665 3881 2947 3950 obvietur,
3027 3897 3212 3950 agere.
3297 3880 3576 3950 lnjustum
3653 3879 3811 3933 enim

2107 3970 2412 4040 judicium,
2443 3973 2498 4022 et
2539 3969 2807 4023 difﬁnitio
2840 3970 3069 4039 injusta,
3115 3969 3274 4038 regio
3306 3973 3479 4031 metu,
3511 3969 3599 4022 vel
3645 3971 3808 4039 jussu

2115 4058 2268 4129 quod
2349 4063 2548 4111 contra
2629 4058 3014 4128 evangelicam
3086 4063 3143 4110 et
3212 4057 3629 4128 propheticam,
3713 4063 3814 4111 aut

2113 4163 2145 4200 a
2189 4146 2469 4216 judicibus
2546 4146 2804 4200 ordinata
2851 4162 2966 4199 non
3022 4146 3248 4200 valeat:
3323 4161 3426 4199 nec
3489 4146 3810 4216 quidquam

2114 4236 2476 4305 apostolicam
2527 4235 2868 4302 doctrinam,
2949 4234 3530 4305 constitutionemque
3605 4251 3810 4288 eorum

2115 4325 2230 4378 sive
2261 4328 2584 4377 sanctorum
2622 4325 2853 4377 Patrum
2885 4328 3072 4377 actum
3105 4323 3278 4377 fuerit
3322 4324 3492 4377 stabit
3526 4340 3538 4378 :
3574 4328 3631 4377 et
3654 4324 3809 4394 quod

2112 4413 2184 4466 ah
2216 4412 2546 4467 inﬁdelibus
2603 4416 2699 4465 aut
2730 4412 3012 4466 haereticis
3060 4412 3271 4466 factum
3325 4411 3516 4478 fuerit,
3566 4412 3808 4466 omnino

2115 4500 2446 4554 cassabitur.

2186 4589 2311 4644 CAP.
2338 4590 2420 4643 1X.
2444 4619 2510 4630 —
2543 4591 2609 4643 Ut
2635 4604 2784 4643 nemo
2812 4593 2999 4642 contra
3027 4604 3252 4644 canones
3277 4604 3388 4643 esse
3415 4593 3732 4658 prwsumat.

2188 4678 2306 4748 (Ea:
2366 4681 2550 4734 concil.
2608 4679 2812 4744 Tibur.,
2862 4681 3038 4746 capite
3081 4680 3185 4746 10.)
3246 4679 3316 4733 Ut
3369 4679 3808 4733 constitutiones

2120 4773 2320 4822 Contra
2365 4783 2611 4820 canones
2653 4773 2710 4822 et
2770 4768 2995 4820 decreta
3039 4769 3351 4837 prmsulum
3401 4768 3817 4832 Romanorum,

2118 4857 2207 4911 vel
2235 4857 2414 4910 bonos
2440 4872 2627 4911 mores
2657 4857 2871 4911 nullius
2901 4856 3016 4910 sint
3044 4857 3339 4910 momenti.

2476 4945 2602 4999 CAP.
2633 4947 2692 5000 X.
2728 4976 2794 4984 —
2834 4949 2906 5000 De
2934 4947 3288 5014 imperatoria
3328 4947 3455 5010 lege.

2195 5033 2317 5100 (Em
2346 5032 2488 5088 decr.
2523 5035 2611 5088 Pii
2652 5050 2828 5104 papa,
2887 5035 3063 5102 capite
3127 5036 3204 5100 3.)
3257 5033 3364 5086 Lex
3403 5032 3824 5103 imperatorum

2123 5137 2238 5175 non
2266 5126 2349 5175 est
2381 5139 2551 5192 supra
2576 5123 2757 5192 legem
2791 5121 2911 5188 Dei,
2936 5123 3034 5176 sed
3065 5123 3284 5176 subtus.

2125 5229 2252 5283 CAP.
2286 5229 2374 5282 XI.
2419 5258 2487 5271 —-
2537 5229 2762 5297 ()uanrlo
2828 5231 3086 5282 canonica
3138 5229 3491 5295 ventilantur,
3545 5231 3658 5283 nisi
3714 5231 3833 5284 sint

2532 5300 2801 5365 religiosi,
2845 5302 2975 5353 laici
2998 5316 3104 5353 non
3136 5303 3408 5353 intersint.

2197 5389 2327 5459 (Ecc-
2357 5389 2544 5442 concil.
2594 5387 2887 5453 Cabillon,
2941 5391 3122 5457 capite
3164 5388 3238 5457 6.)
3297 5388 3536 5451 Quando
3589 5404 3656 5440 ea
3694 5405 3832 5458 qua}

2126 5477 2402 5531 canonica
2460 5481 2594 5530 sunt
2647 5477 3016 5544 ventilantur,
3073 5478 3160 5530 vel
3231 5477 3461 5547 quando
3537 5478 3833 5545 regularia

2127 5565 2549 5631 examinantur,
2629 5582 2818 5637 neque
2865 5567 3088 5636 aliquos
3147 5567 3318 5620 laicos
3359 5566 3636 5620 interesse
3713 5569 3829 5621 nisi
