3944 6302
151 316 252 367 897

946 312 1418 391 DECRETORUM
1461 316 1653 370 LIBRI
1689 315 1795 370 XX.
1840 345 1909 354 —
1947 313 2163 370 LIBER
2202 316 2517 372 DECIMUS
2550 318 2865 380 QUINTUS.

3552 328 3655 380 898

148 435 447 505 religiosos
489 403 727 505 oportet,
768 428 837 489 et
864 434 975 488 nisi
1019 436 1126 489 hos
1169 437 1588 506 tantummodo,
1641 436 1741 507 qui
1785 436 1847 489 in
1877 438 1919 489 A
1960 435 2203 506 gratiam
2228 436 2473 491 sollicita
2521 444 2710 491 mente
2758 440 3000 507 custodi,
3052 441 3427 496 Christianam
3479 444 3653 497 ﬁdem

150 525 383 594 propria
412 525 779 594 appellantur
811 541 1075 593 persona.

148 614 278 666 CAP.
310 614 424 667 ΧΠ.
453 643 518 652 —
545 615 607 666 Ut
643 614 773 665 laici
792 615 850 665 in
878 613 1107 682 synodo,
1142 615 1253 667 nisi
1275 615 1481 668 clericis
1509 613 1846 683 jubentibus,

681 684 865 736 docere
902 701 1007 737 non
1056 684 1312 737 audeant.

219 772 329 842 (Ea:
357 773 546 826 concil.
597 772 878 839 Carthag.,
929 772 1277 841 capiteilS.)
1326 771 1475 825 Laici
1521 772 1579 825 in
1630 771 1848 842 synodo

149 861 529 930 praesentibus
585 860 822 926 clericis,
882 860 994 913 nisi
1047 859 1189 930 ipsis
1244 860 1602 931 jubentibus,
1644 861 1848 915 docere

152 965 269 1002 non
298 949 571 1002 audeant.

186 1038 312 1092 CAP.
337 1037 480 1091 XIII.
522 1067 590 1077 —
622 1040 689 1091 Ut
702 1038 937 1106 populus
958 1039 1031 1091 sit
1055 1036 1341 1103 docendus,
1365 1052 1470 1091 non
1489 1038 1808 1106 sequendus.

222 1126 330 1195 (Ea:
350 1125 759 1180 decret.Cclest.
808 1142 986 1194 papae,
1012 1127 1189 1193 capite
1242 1124 1357 1194 22.)
1418 1126 1713 1179 Docendus
1766 1132 1850 1179 est

147 1216 415 1285 populus,
459 1231 573 1267 non
633 1214 992 1284 sequendus:
1049 1229 1266 1283 nosque
1298 1213 1345 1266 si
1387 1214 1648 1267 nesciunt
1695 1215 1847 1284 quod

144 1304 331 1369 liceat,
375 1303 582 1374 quidve
612 1319 726 1356 non
772 1303 1354 1368 liceatcommonere,
1409 1319 1527 1355 non
1591 1302 1680 1356 his
1705 1319 1847 1356 con-

144 1407 377 1445 sensum
432 1391 688 1459 praebere
756 1391 1052 1444 debemus.
1112 1390 1381 1460 Quisquis
1421 1408 1552 1443 vero
1610 1397 1847 1444 conatus

139 1480 315 1534 fuerit
346 1485 565 1533 tentare
584 1479 895 1549 prohibita,
928 1479 1135 1532 sentiet
1153 1496 1451 1533 censuram
1485 1480 1843 1534 canonicam.

205 1570 339 1625 CAP.
371 1569 504 1624 XIV.
538 1597 603 1607 ——
665 1570 737 1622 De
766 1567 863 1622 illo
918 1571 1013 1634 qui
1054 1574 1242 1691 gontra
1291 1568 1559 1622 decretum
1613 1570 1850 1638 episcopi

873 1653 1061 1691 veneri
1093 1677 1106 1691 .

873 1653 1106 1692 venerit.

211 1710 456 1775 (Gregor.
485 1709 621 1762 dicit
653 1706 690 1778 :)
747 1707 806 1762 Si
863 1709 992 1778 quis
1049 1709 1268 1763 venerit
1315 1713 1514 1764 contra
1551 1710 1842 1764 decretum
1876 1715 1916 1769 Β

142 1796 419 1866 episcopi,
453 1797 523 1850 ab
550 1796 795 1851 Ecclesia
817 1796 1135 1866 abjiciatur.

146 1886 275 1940 Car.
305 1886 412 1939 XV.
450 1916 518 1924 —
546 1886 918 1939 Admoneatur
944 1887 1258 1954 imperator,
1285 1890 1345 1939 ut
1375 1888 1682 1941 constitutis
1719 1902 1847 1955 apo-

625 1959 823 2010 stolica:
850 1957 993 2010 sedis
1015 1958 1353 2023 obtemperet.

214 2029 335 2099 (Ea:
362 2028 554 2081 decret.
582 2029 839 2081 Anastas.
894 2036 1097 2096 papae.)
1147 2028 1289 2080 Illud
1321 2043 1454 2081 vero
1496 2027 1843 2097 peculiarius

144 2133 249 2188 pro
280 2131 477 2171 amore
521 2115 751 2185 imperii
796 2114 985 2182 vestri,
1021 2121 1077 2169 et
1106 2115 1460 2168 beatitudine
1504 2131 1678 2185 quam
1716 2132 1845 2168 con-

142 2205 307 2276 sequi
337 2206 545 2276 poterit
576 2220 839 2274 regnum,
887 2220 991 2273 pro
1049 2204 1360 2272 apostolico
1406 2203 1592 2256 ofﬁcio
1633 2203 1841 2272 praedi-

144 2310 361 2359 camus,
423 2299 484 2347 ut
534 2293 679 2346 sicut
730 2292 907 2358 decet,
961 2295 1017 2344 et
1072 2291 1315 2361 Spiritus
1371 2296 1597 2345 sanctus
1645 2291 1838 2358 dictat,

143 2382 379 2436 monitis
406 2382 616 2435 nostris
647 2380 971 2435 obedientia
999 2380 1342 2449 praebeatur,
1378 2383 1440 2432 ut
1464 2380 1617 2433 bona
1647 2380 1843 2432 omnia

138 2476 325 2524 vestra
355 2470 677 2541 respublica
706 2474 1110 2539 consequatur,
1146 2468 1292 2521 sicut
1338 2467 1399 2521 in
1450 2467 1640 2521 Exodo
1699 2484 1842 2537 pro—

140 2558 409 2611 mittitur.
443 2557 500 2611 Si
534 2557 782 2611 audieris
804 2573 999 2609 vocem
1055 2554 1284 2609 Domini
1342 2555 1439 2608 Dei
1484 2555 1652 2621 tui,et
1713 2572 1839 2624 quas

139 2647 370 2715 placent
426 2646 627 2699 feceris
674 2662 863 2698 coram
936 2661 1022 2711 eo,
1087 2649 1142 2697 et
1195 2643 1481 2697 obedieris
1543 2644 1840 2713 praeceptis

139 2735 280 2801 ejus,
315 2738 371 2787 et
418 2734 753 2787 custodieris
785 2750 1017 2787 omnem
1066 2732 1346 2803 justitiam
1405 2732 1547 2802 ejus,
1610 2747 1837 2785 omnem

139 2822 537 2877 inﬁrmitatem
570 2839 743 2892 quam
787 2822 1093 2891 importavi
1124 2821 1418 2891 ngj'ptiis,
1473 2836 1587 2873 non
1626 2820 1840 2890 impor-

138 2912 273 2965 tabo
321 2912 381 2965 in
429 2916 506 2965 te.
566 2912 680 2980 Ego
739 2910 893 2964 enim
945 2926 1071 2963 sum
1135 2910 1425 2975 Dominus,
1470 2910 1569 2979 qui
1623 2910 1840 2962 salvum

139 3000 286 3053 facio
318 3006 393 3054 te.
428 3002 493 3054 Et
534 3000 650 3052 illic
696 2999 905 3053 iterum
953 2999 1090 3051 tuba
1130 2998 1527 3067 potentissima
1572 2997 1834 3052 canitur:
1874 2996 1912 3049 C

147 3090 212 3143 Et
242 3106 417 3155 nunc,
475 3089 666 3154 Israel,
727 3088 863 3158 quid
900 3087 1173 3140 Dominus
1220 3087 1364 3139 Deus
1416 3090 1548 3140 tuus
1590 3088 1839 3156 postulat

147 3195 179 3232 a
210 3183 265 3232 te
295 3178 475 3247 aliud,
508 3194 678 3248 quam
711 3183 774 3231 ut
830 3178 1033 3231 timeas
1084 3176 1394 3233 Dominum
1428 3178 1610 3229 Deum
1648 3180 1835 3242 tuum,

143 3272 200 3321 et
230 3268 488 3321 ambules
526 3266 584 3321 in
617 3266 881 3321 omnibus
912 3265 1014 3319 viis
1054 3266 1195 3336 ejus,
1261 3270 1318 3319 et
1369 3264 1572 3333 diligas
1624 3280 1756 3317 eum
1785 3266 1839 3316 et

137 3356 353 3409 servias
407 3356 652 3409 Domino
708 3356 820 3408 Deo
849 3359 948 3407 tuo
1009 3371 1076 3407 ex
1108 3359 1222 3407 toto
1278 3353 1447 3406 corde
1497 3357 1553 3405 et
1605 3368 1673 3405 ex
1719 3356 1839 3406 tota

138 3450 332 3499 mente
385 3447 521 3498 tua?
576 3444 805 3498 Custodi
867 3448 1151 3513 praécepta
1213 3440 1442 3495 Domini
1490 3440 1591 3494 Dei
1644 3440 1725 3493 tui
1783 3446 1841 3494 et

130 3532 402 3600 justitias,
428 3548 565 3601 quas
610 3549 715 3600 ego
760 3531 1040 3584 mandabo
1093 3530 1222 3584 tibi.
1281 3531 1410 3583 Haec
1466 3546 1557 3583 me
1625 3545 1836 3600 sugge-

136 3626 361 3674 rentem
427 3620 805 3690 frequentius,
859 3636 971 3672 non
1030 3623 1261 3689 spernat
1314 3618 1493 3688 pietas
1524 3623 1637 3680 tua,
1704 3625 1836 3670 ante

132 3711 325 3763 oculos
358 3708 576 3763 habens
611 3708 841 3762 Domini
872 3708 931 3761 in
966 3707 1270 3777 Evangelio
1301 3707 1473 3759 verba
1506 3721 1518 3759 :
1580 3704 1687 3769 Qui
1738 3723 1837 3759 vos

136 3797 315 3862 audit,
345 3814 436 3850 me
487 3797 663 3863 audit,
697 3802 754 3850 et
809 3796 911 3867 qui
954 3813 1050 3849 vos
1110 3795 1349 3865 spernit,
1409 3810 1501 3847 me
1566 3792 1831 3862 spernit:

134 3892 193 3940 et
219 3886 320 3956 qui
347 3902 437 3939 me
468 3886 700 3955 spernit,
738 3885 956 3954 spernit
1008 3900 1140 3937 eum
1174 3884 1275 3954 qui
1314 3899 1405 3937 me
1466 3882 1639 3935 misit.
1692 3883 1832 3935 Nam

133 3980 192 4028 et
229 3975 529 4044 Apostolus
555 3973 861 4027 concinens
886 3972 1399 4034 Salvatorinostro,
1432 3971 1510 4024 ita
1541 3969 1827 4040 loquitur:

134 4064 496 4133 Quapropter
528 4062 627 4133 qui
665 4064 787 4115 haec
807 4062 1039 4131 spernit,
1105 4077 1221 4114 non
1251 4060 1547 4113 hominem
1614 4061 1833 4129 spernit

133 4153 231 4205 sed
291 4152 493 4218 Deum,
552 4150 651 4221 qui
710 4150 866 4205 dedit
922 4149 1189 4219 spiritum
1251 4164 1418 4202 suum
1475 4152 1733 4200 sanctum
1772 4147 1833 4200 in

132 4240 319 4293 nobis.
398 4241 598 4293 Pectus
652 4238 973 4292 clementia:
1058 4244 1275 4303 vestras,
1355 4235 1665 4289 sacrarium
1750 4239 1831 4288 est

129 4328 375 4398 publicae
446 4327 751 4393 felicitatis,
829 4330 891 4379 ut
965 4342 1068 4396 per
1155 4325 1484 4378 instantiam
1564 4327 1828 4391 vestram,

128 4434 301 4488 quam
360 4417 515 4469 velut
566 4415 840 4469 vicarium
912 4414 1214 4486 praesidere
1266 4413 1439 4485 jussit
1493 4412 1553 4466 in
1642 4413 1827 4466 terriS'

129 4505 492 4575 evangelicis,
552 4504 990 4574 apostolicisque
1049 4503 1352 4574 praeceptis
1395 4518 1512 4556 non
1566 4501 1707 4555 dura
1735 4517 1829 4554 su-

128 4595 331 4663 perbia
392 4593 710 4661 resistatur,
742 4593 841 4646 sed
895 4609 996 4663 per
1041 4592 1445 4658 obedientiam,
1502 4606 1630 4661 qua).
1698 4594 1833 4644 sunt

128 4683 443 4748 salutifera,
476 4681 891 4752 compleantur.

344 4772 472 4825 CAP.
504 4772 637 4825 XVI.
670 4801 739 4809 -—
771 4771 1046 4825 Generalis
1075 4769 1372 4823 admonitio
1407 4782 1613 4835 regum.

202 4862 314 4930 (Ea:
345 4862 533 4927 rcgist.
569 4859 642 4913 ad
696 4859 1047 4913 Adilbcrcum
1104 4874 1281 4925 regem
1338 4861 1687 4923 Francorum,
1738 4871 1827 4908 ca-

121 4952 240 5019 pite
286 4950 439 5018 '26-1.)
516 4950 753 5017 PrOpter
820 4949 927 5002 hoc
990 4947 1351 5017 omnipotens
1428 4948 1574 5000 Deus
1646 4944 1828 4998 bonos

127 5054 389 5109 quosque
422 5038 488 5090 ad
529 5037 875 5107 populorum
936 5036 1215 5106 regimina
1267 5034 1548 5105 perducit,
1606 5037 1667 5087 ut
1726 5050 1828 5103 per

125 5143 225 5181 eos
270 5126 559 5187 omnibus,
616 5125 823 5195 quibus
880 5125 1100 5195 praelati
1184 5123 1419 5189 fuerint,
1499 5122 1648 5176 dona
1710 5138 1826 5175 suae

126 5215 424 5284 potestatis
499 5214 838 5284 impendat:
910 5214 1063 5284 quod
1125 5214 1184 5266 in
1270 5213 1579 5282 Anglorum
1654 5215 1826 5280 gente

123 5304 338 5358 factum
397 5303 783 5374 cognovimus,
843 5302 934 5355 cui
994 5310 1179 5356 vestra
1232 5301 1417 5371 gloria
1465 5298 1673 5353 idcirco
1744 5302 1827 5351 est

122 5393 450 5465 praeposita,
484 5398 543 5445 ut
571 5393 719 5445 bona
747 5408 875 5462 qum
908 5392 1063 5445 vobis
1110 5407 1376 5445 concessa
1433 5392 1583 5455 sunt,
1654 5386 1825 5440 etiam

123 5482 414 5552 subjectae,
449 5481 608 5533 vobis
639 5481 796 5549 genti
825 5497 1072 5549 superno
1091 5478 1368 5533 beneﬁcio
1410 5480 1818 5530 rcstaurentur.

124 5570 191 5625 Et
218 5570 372 5637 ideo,
404 5569 652 5639 gloriose
683 5569 786 5636 ﬁli,
838 5585 963 5623 eam
992 5584 1165 5639 quam
1207 5567 1476 5638 accepisti
1526 5564 1817 5629 divinitus,

1863 4279 1904 4331 D

1957 525 2017 577 in
2048 525 2278 594 populis
2327 525 2432 578 tibi
2480 526 2721 579 subditis
2750 532 2807 579 et
2837 528 3141 581 extendere
3172 529 3374 582 festina
3405 547 3419 584 :
3467 534 3653 586 zelum

1957 613 2315 666 rectitudinis
2362 619 2477 666 tuae
2530 614 2589 667 iu
2622 631 2820 668 eorum
2888 616 3261 669 conversione
3309 619 3650 688 multiplica,

1958 700 2243 754 idolorum
2272 701 2457 754 cultus
2488 701 2817 772 insequens,
2863 703 3130 756 fanorum
3180 705 3419 759 {ediﬁcia
3449 712 3652 759 everte.

1956 786 2328 842 Subditorum
2357 805 2543 841 mores
2570 790 2627 843 in
2669 806 2878 859 magna
2926 792 3048 845 vita:
3103 793 3394 847 mundicia
3459 796 3657 847 exhor-

1956 876 2149 943 tando,
2184 878 2468 945 terrendo,
2500 878 2855 948 corrigendo,
2879 884 2934 932 et
2978 880 3115 933 boni
3157 881 3347 951 operis
3401 884 3659 953 exempla

1956 966 2347 1032 monstrando,
2382 968 2705 1035 aediﬁca,ut
2740 968 2905 1021 illum
2945 968 3351 1023 retributorem
3398 971 3658 1024 invenias

1954 1054 2014 1107 in
2033 1055 2194 1118 coelo,
2226 1055 2385 1124 cujus
2415 1072 2627 1109 nomen
2655 1062 2824 1126 atque
2874 1058 3264 1127 cognitionem
3332 1060 3658 1114 dilataveris

1955 1141 2014 1194 in
2034 1149 2206 1197 terra.
2260 1145 2383 1213 Ipse
2416 1145 2571 1198 enim
2626 1150 2823 1198 vestrae
2880 1162 3107 1216 quoque
3166 1148 3364 1216 glorias
3415 1165 3651 1217 nomen,

1954 1230 2127 1283 etiam
2158 1232 2397 1300 posteris
2424 1232 2727 1300 gloriosius
2766 1233 2982 1300 reddet,
3032 1234 3192 1303 cujus
3232 1251 3329 1287 vos
3372 1235 3652 1289 honorem

1955 1320 2230 1388 quaeritis,
2285 1326 2342 1373 et
2387 1321 2686 1373 reservatis
2732 1322 2790 1373 in
2829 1321 3116 1390 gentibus.
3174 1323 3262 1377 Sic
3306 1325 3459 1377 enim
3509 1326 3653 1378 Con-

1954 1408 2235 1461 stantinus
2284 1410 2574 1478 quondam
2607 1410 2898 1478 piissimus
2945 1410 3279 1479 imperator,
3333 1413 3653 1466 Romanam

1956 1496 2214 1564 rempub.
2271 1512 2304 1549 a
2359 1497 2639 1566 perversis
2697 1497 2983 1551 idolorum
3059 1499 3305 1552 cultibus
3361 1517 3648 1568 revocans,

1953 1584 2336 1654 omnipotenti
2371 1587 2483 1638 Deo
2515 1590 2707 1638 nostro
2765 1587 2895 1640 Jesu
2943 1586 3163 1640 Christo
3220 1603 3412 1641 secum
3459 1589 3655 1643 subdi-

1956 1672 2059 1738 dit,
2118 1688 2292 1743 seque
2366 1690 2498 1727 cum
2564 1673 2831 1742 subjectis
2899 1676 3130 1744 populis
3186 1680 3304 1729 tota
3381 1677 3453 1731 ad
3522 1694 3654 1731 eum

1956 1764 2145 1813 mente
2171 1761 2467 1814 convertit.
2530 1762 2687 1815 Unde
2742 1762 2955 1816 factum
3015 1768 3119 1828 est,
3165 1770 3229 1817 ut
3285 1764 3654 1835 antiquorum

1955 1848 2279 1918 principum
2310 1866 2521 1902 nomen
2552 1850 2669 1902 suis
2692 1850 2779 1902 vir
2826 1851 2922 1905 ille
2953 1851 3220 1905 laudibus
3285 1853 3556 1921 vinceret,
3587 1853 3657 1924 let

1953 1941 2110 1990 tanto
2142 1936 2199 1990 in
2251 1938 2522 2007 opinione
2576 1954 2948 2008 praecessores
2996 1956 3149 2007 suos,
3208 1945 3421 2009 quanto
3472 1946 3528 1996 et
3593 1942 3653 1995 in

1952 2024 2104 2078 bono
2135 2042 2309 2094 opere
2340 2031 2651 2094 superaret.
2686 2028 2748 2079 Et
2788 2043 2941 2079 nunc
2988 2027 3182 2097 itaque
3241 2036 3426 2083 vestra
3468 2029 3654 2098 gloria

1952 2114 2341 2183 cognitionem
2369 2114 2540 2167 unius
2588 2113 2705 2177 Dei,
2765 2115 2967 2182 Patris,
3008 2120 3064 2169 et
3117 2116 3263 2183 Filii,
3324 2122 3379 2171 et
3410 2117 3654 2188 Spiritus

1952 2202 2152 2265 sancti,
2182 2203 2407 2272 regibus
2434 2218 2498 2255 ac
2550 2202 2775 2272 populis
2808 2203 3041 2256 sibimet
3089 2204 3356 2273 subjectis
3423 2206 3653 2260 festinet

1952 2290 2273 2358 infundere,
2309 2297 2371 2344 ut
2416 2290 2683 2361 antiquos
2732 2292 2915 2360 gentis
2978 2308 3096 2345 suae
3156 2308 3319 2362 reges
3373 2294 3651 2361 ,laudibus

1952 2393 2016 2431 ac
2056 2378 2274 2432 meritis
2325 2384 2623 2431 transeat:
2685 2385 2742 2432 et
2799 2381 3027 2449 quando
3088 2380 3147 2433 in
3208 2381 3479 2451 subjectis
3536 2382 3652 2435 suis

1952 2468 2125 2520 etiam
2167 2467 2351 2520 aliena
2399 2471 2630 2536 peccata
2662 2468 2982 2533 deterserit,
3007 2474 3162 2522 tanto
3197 2470 3371 2523 etiam
3402 2471 3470 2523 de
3518 2486 3651 2539 pec-

1953 2556 2090 2609 catis
2121 2556 2368 2625 propriis
2397 2561 2528 2609 ante
2560 2556 2972 2625 omnipotentis
3014 2558 3113 2610 Dei
3148 2559 3379 2612 terrible
3412 2575 3649 2613 examen

1952 2645 2204 2697 securior
2234 2644 2349 2699 ﬁat.
2389 2647 2668 2698 Prmterea
2698 2646 2840 2698 scire
2898 2652 3139 2699 vestram
3175 2646 3415 2715 gloriam
3476 2648 3647 2700 volu-

1952 2750 2099 2795 mus,
2129 2733 2265 2802 quia
2292 2733 2439 2787 sicut
2469 2734 2527 2786 in
2561 2733 2850 2803 Scriptura
2880 2750 3037 2787 sacra
3063 2752 3130 2787 ex
3180 2735 3364 2788 verbis
3420 2736 3649 2790 Domini

1954 2821 2366 2891 omnipotentis
2419 2820 2802 2891 agnoscimus,
2885 2822 3186 2891 prwsentis
3259 2823 3455 2876 mundi
3526 2824 3647 2893 jam

1952 2909 2412 2979 terminusjuxta
2440 2914 2541 2973 est,
2579 2914 2633 2963 et
2665 2916 2993 2963 sanctorum
3041 2927 3282 2981 regnum
3340 2915 3646 2966 venturum

1951 3006 2055 3062 est,
2089 2998 2239 3067 quod
2270 2998 2427 3050 nullo
2456 3014 2709 3067 unquam
2760 2998 2965 3067 poterit
3015 3000 3130 3053 ﬁne
3189 2999 3363 3054 ﬁniri.
3422 3004 3646 3071 Appro-

1949 3087 2267 3156 pinquante
2315 3091 2507 3140 autem
2561 3086 2757 3140 eodem
2793 3088 2989 3141 mundi
3016 3088 3284 3155 termino,
3322 3089 3503 3142 multa
3531 3088 3646 3143 im-

1952 3174 2173 3228 minent
2204 3191 2331 3244 que:
2382 3179 2546 3227 antea
2608 3192 2723 3228 non
2768 3176 3016 3242 fuerunt,
3079 3176 3339 3230 videlicet
3382 3177 3647 3231 immuta-

1947 3263 2135 3316 tiones
2162 3263 2325 3329 aeris,
2360 3268 2716 3334 terroresque
2750 3265 2818 3316 de
2849 3266 3011 3330 caelo,
3069 3270 3124 3318 et
3154 3271 3353 3318 contra
3412 3267 3647 3319 ordina—

1948 3352 2163 3405 tionem
2266 3357 2591 3420 temporum
2683 3357 3071 3421 tempestates,
3166 3354 3332 3419 bella,
3443 3356 3642 3421 fames,

1947 3440 2308 3509 pestilentiae,
2374 3445 2730 3493 terrmmotus
2761 3458 2861 3511 per
2904 3441 3047 3506 loca,
3108 3459 3237 3511 quae
3290 3448 3480 3496 tamen
3531 3459 3645 3496 non

1948 3529 2141 3583 omnia
2172 3528 2378 3582 nostris
2410 3528 2608 3582 diebus
2641 3534 2879 3582 ventura
2908 3537 3058 3593 sunt,
3094 3530 3190 3583 sed
3234 3536 3361 3599 post
3420 3536 3644 3585 nostros

1947 3618 2066 3671 dies
2098 3618 2533 3687 subsequentur.
2562 3617 2667 3670 Vos
2696 3617 2890 3687 itaque
2931 3617 2975 3669 si
3008 3634 3119 3687 qua
3151 3634 3215 3671 ex
3265 3619 3353 3671 his
3415 3618 3643 3672 evenire

1944 3706 2006 3759 in
2063 3711 2213 3760 terra
2262 3709 2445 3759 vestra
2499 3706 2853 3775 cognoscitis,
2913 3707 3071 3758 nullo
3153 3707 3322 3760 modo
3390 3712 3640 3761 vestrum

1945 3795 2201 3848 animum
2249 3794 2592 3864 perturbetis
2628 3793 2801 3863 :quia
2840 3794 3047 3847 idcirco
3084 3796 3205 3847 haec
3239 3796 3404 3865 signa
3432 3780 3501 3849 de
3528 3796 3643 3849 ﬁne

1942 3884 2118 3936 seculi
2150 3885 2598 3954 prmmittuntur,
2635 3887 2695 3936 ut
2742 3883 2810 3935 de
2855 3882 3155 3936 animabus
3187 3885 3393 3937 nostris
3435 3885 3640 3939 debea-

1945 3987 2071 4024 mus
2131 3988 2250 4025 esse
2319 3970 2561 4036 solliciti,
2630 3971 2699 4023 de
2758 3972 2953 4023 mortis
3036 3970 3176 4024 hora
3252 3973 3518 4042 suspecti,
3589 3977 3645 4026 et

1946 4065 2184 4113 venturo
2226 4060 2426 4129 judicii
2483 4060 2543 4113 in
2596 4059 2759 4113 bonis
2807 4059 3024 4112 actibus
3080 4060 3449 4115 inveniantur
3517 4076 3643 4115 esse

1943 4148 2261 4218 praepositi.

2174 4236 2302 4289 CAP.
2327 4236 2479 4289 XVII.
2502 4266 2571 4274 -—
2600 4237 2725 4291 Alia
2747 4235 3045 4289 admonitio
3074 4237 3407 4304 principum.

2015 4324 2126 4391 (Ea:
2174 4327 2359 4392 regist.
2422 4325 2496 4378 ad
2550 4326 2837 4379 Justinam
2906 4327 3217 4393 imperator.
3272 4325 3491 4390 Siciliae,
3546 4342 3637 4380 ca-

1936 4414 2051 4481 pite
2073 4413 2148 4483 2.)
2181 4413 2338 4476 Quod
2374 4412 2571 4483 lingua
2597 4413 2874 4483 loquitur,
2907 4418 3205 4465 attestatur
3246 4413 3590 4467 conscientia
3623 4432 3636 4469 :

1942 4501 2078 4570 quia
2098 4502 2316 4555 dudum
2350 4518 2444 4554 vos
2476 4506 2530 4555 et
2572 4502 2785 4556 nullius
2818 4502 3111 4571 dignitatis
3166 4502 3636 4572 occupationibus

1937 4589 2258 4659 implicatos
2317 4589 2562 4642 multum
2621 4589 2814 4658 dilexi,
2888 4591 3248 4659 multumque
3338 4598 3641 4645 veneratus

1940 4694 2086 4732 sum.
2124 4680 2250 4746 Ipsa
2306 4694 2555 4746 namque
2586 4677 2841 4732 incessus
2889 4679 3056 4734 vestri
3090 4679 3364 4733 modestia
3402 4680 3638 4751 quibus-

1939 4767 2070 4819 dam
2102 4766 2400 4819 conatibus
2457 4766 2736 4837 exigebat,
2776 4771 2837 4820 ut
2886 4767 3046 4836 diligi
3102 4767 3276 4821 etiam
3309 4785 3339 4821 a
3406 4770 3638 4821 nolente

1937 4854 2241 4909 debuisset.
2308 4856 2372 4907 Et
2416 4872 2544 4907 cum
2604 4872 2700 4908 vos
2744 4856 2965 4909 venisse
2996 4856 3065 4910 ad
3122 4857 3634 4911 administrandam

1938 4948 2246 5012 praeturam
2277 4941 2481 4995 Sicilire
2514 4942 2793 5009 audirem,
2854 4944 3011 4997 valde
3083 4944 3311 5013 gavisus
3378 4961 3546 4999 sum:
3583 4952 3641 4999 et

1937 5032 2072 5102 quia
2093 5031 2383 5102 quandam
2413 5030 2561 5083 inter
2604 5048 2698 5084 vos
2738 5037 2910 5102 atque
2968 5032 3372 5087 ecclesiasticos
3435 5034 3636 5087 simul-

1934 5120 2207 5173 tationem
2248 5120 2552 5187 subrepere
2602 5121 2874 5189 comperi,
2937 5121 3437 5176 vehementissime
3498 5138 3636 5176 con-

1934 5210 2191 5262 tristatus
2222 5222 2367 5260 sum.
2430 5207 2588 5260 Nunc
2636 5224 2768 5260 vero
2811 5209 2964 5277 quia,
3000 5216 3057 5263 et
3110 5226 3207 5263 vos
3269 5210 3637 5264 administra-

1935 5296 2106 5351 tionis
2137 5312 2291 5363 cura,
2326 5300 2382 5349 et
2412 5312 2501 5349 me
2548 5295 2800 5349 studium
2838 5296 3008 5365 hujus
3043 5297 3336 5367 regiminis
3374 5304 3630 5368 occupat,

1934 5386 1991 5439 in
2019 5392 2240 5439 tantum
2275 5402 2377 5438 nos
2426 5390 2573 5437 recte
2632 5383 2872 5453 diligere
2928 5386 3253 5454 specialiter
3304 5404 3630 5457 possumus,

1932 5475 1991 5527 in
2047 5481 2327 5544 quantum
2404 5471 2762 5541 generalitati
2819 5471 3055 5525 minime
3112 5490 3401 5527 uocemus.
3476 5475 3631 5528 Unde

1933 5578 2037 5631 per
2094 5562 2549 5631 omnipotentem
2615 5558 2920 5614 Dominum
2970 5575 3131 5627 rogo,
3196 5562 3255 5615 in
3296 5562 3458 5633 cujus
3512 5566 3634 5616 tre-
