3944 6306
317 319 419 373 899

1396 310 1799 367 BURCHARDI
1842 307 2369 365 WORMACIENSIS
2406 307 2736 364 EPISCOPI.

3719 314 3823 367 900

314 438 522 492 mendo
538 436 757 508 judicio
788 438 1117 489 nostrorum
1146 437 1377 491 actuum
1424 431 1670 503 posituri
1727 430 2004 485 rationem
2035 433 2080 485 A
2120 429 2327 485 debeat
2354 430 2681 485 emendare.
2713 431 2827 485 Nec
2855 430 3012 485 enim
3033 430 3449 487 dissimulanda
3502 439 3639 488 sunt
3697 450 3829 505 quae

315 542 535 590 sumus,
558 530 623 579 ut
654 525 775 594 ejus
800 527 1125 593 respectum
1153 537 1379 593 semper
1423 520 1609 590 gloria
1646 524 1832 574 vestra
1879 524 2011 573 ante

314 616 510 668 oculos
539 614 768 681 habeat,
800 617 857 666 et
900 627 1198 681 nunquam
1228 609 1545 681 quodlibet,
1579 625 1644 663 ex
1693 625 1807 679 quo
1863 608 2015 662 inter

314 720 416 757 nos
440 703 530 755 vel
579 717 756 772 parva
801 700 1076 754 dissensio
1126 698 1440 769 proveniat,
1504 697 1782 751 admittat.
1848 697 2016 751 Nulla

312 807 411 845 vos
446 792 602 844 lucra
628 790 700 843 ad
747 787 1084 858 injustitiam
1130 787 1484 857 pertrahant,
1537 786 1719 849 Quam
1769 784 1845 839 sit
1899 783 2017 837 vita

308 878 499 933 brevis
527 877 780 949 aspicite,
807 876 876 930 ad
908 892 1081 946 quem
1120 876 1466 947 quandoque
1503 874 1643 929 ituri
1680 874 1812 928 estis
1861 872 2014 943 judi-

311 983 459 1036 cem,
491 966 589 1038 qui
607 964 971 1036 judiciariam
1000 968 1338 1035 potestatem
1361 963 1580 1035 geritis,
1614 963 1881 1034 cogitate.
1922 962 2017 1015 So-

309 1056 481 1110 lerter
527 1069 663 1123 ergo
717 1052 1059 1107 intuendum
1090 1056 1177 1106 est
1232 1052 1385 1122 quod
1457 1056 1658 1105 cuncta
1710 1052 1866 1104 lucra
1922 1049 2016 1103 hic

310 1142 711 1213 relinquimus,
796 1146 849 1195 et
908 1142 1053 1194 solas
1131 1140 1648 1211 dispensativorum
1721 1140 2015 1193 lucrorum

308 1249 496 1300 causa,
525 1230 819 1285 nobiscum
859 1230 927 1283 ad
968 1230 1251 1300 judicium
1278 1229 1670 1301 deportamus.
1719 1229 1822 1282 Illa
1876 1243 2013 1297 ergo

306 1320 473 1375 nobis
528 1324 661 1373 sunt
705 1318 1005 1373 commoda
1065 1319 1393 1390 quaerenda,
1448 1334 1580 1389 quae
1646 1331 2012 1387 nequaquam

308 1426 463 1463 mors
493 1409 724 1467 adimat,
754 1408 850 1462 sed
885 1424 1155 1462 mansura
1195 1407 1257 1462 in
1306 1411 1651 1479 perpetuum
1715 1404 2015 1478 praesentis

305 1497 436 1552 vita:
454 1496 583 1551 ﬁnis
614 1496 894 1551 ostendat.

486 1586 615 1640 CAP.
650 1585 838 1639 XVIII.
878 1614 948 1623 —
978 1586 1120 1638 Item
1145 1585 1457 1639 adhortatio
1490 1586 1823 1654 principum.

378 1676 497 1742 (Εαῖ
524 1690 638 1740 1‘99-
682 1674 840 1741 Greg.
888 1673 962 1727 ad
1017 1674 1358 1729 Gennadium
1387 1675 1689 1727 Patricium
1742 1676 1794 1726 et
1832 1674 2011 1769 βίων·
2044 1714 2087 1769 Β

308 1762 485 1825 chum,
518 1763 695 1829 capite
721 1760 830 1830 73.)
861 1760 917 1814 Si
941 1776 1059 1814 non
1089 1777 1153 1814 ex
1175 1761 1309 1814 ﬁdei
1339 1762 1567 1831 merito,
1589 1765 1644 1815 et
1672 1760 2009 1817 Christianae

304 1847 601 1917 religionis
624 1848 809 1917 gratia
836 1851 1009 1900 tautae
1041 1847 1389 1903 excellentiae
1419 1853 1621 1903 vestra:
1672 1848 2015 1902 bellicorum

308 1940 539 1989 actuum
591 1934 943 2005 prosperitas
988 1935 1259 2005 eveniret,
1303 1952 1420 1990 non
1478 1953 1839 2009 summopere
1902 1936 2011 1990 mi-

306 2024 488 2077 randa
540 2023 787 2085 fuerant,
841 2038 972 2076 cum
1044 2023 1289 2077 sciamus
1344 2024 1468 2078 huic
1526 2024 1700 2078 etiam
1762 2023 2012 2095 antiquis

304 2111 589 2166 bellorum
621 2111 862 2165 ducibus
920 2111 1092 2165 fuisse
1143 2128 1424 2166 concessa.
1473 2112 1580 2167 Sed
1611 2128 1742 2166 cum
1791 2112 2011 2167 futuras

307 2199 719 2269 DeoIargiente
760 2199 1022 2253 victorias
1050 2215 1166 2253 non
1193 2200 1407 2253 carnali
1464 2200 1845 2271 providentia,
1914 2203 2012 2256 sed

304 2286 490 2358 magis
520 2287 875 2341 orationibus
903 2287 1245 2358 praevenitis,
1267 2288 1333 2343 ﬁt
1372 2291 1437 2342 ut
1481 2288 1589 2342 hoc
1617 2289 1677 2342 in
1717 2294 2012 2360 stuporem

303 2376 516 2443 veniat,
553 2376 707 2446 quod
746 2377 930 2447 gloria
958 2381 1142 2430 vestra
1196 2394 1313 2433 non
1342 2382 1570 2431 terreno
1624 2377 1881 2445 consilio,
1914 2379 2012 2433 sed

309 2465 427 2520 Deo
458 2465 706 2534 desuper
732 2464 1008 2536 largiente
1040 2465 1309 2519 discedat.
1346 2465 1429 2519 Ibi
1483 2465 1636 2519 enim
1676 2466 2008 2521 meritorum

305 2557 626 2607 vestrorum
660 2553 867 2624 loquax
908 2569 1023 2606 non
1057 2553 1321 2607 discurrit
1342 2554 1556 2623 opinio,
1604 2570 1732 2625 qua:
1764 2561 1817 2610 et
1865 2555 2012 2609 bella

305 2658 406 2695 vos
460 2642 794 2712 frequenter
852 2648 1146 2712 appetere,
1190 2659 1310 2698 non
1360 2644 1640 2698 desiderio
1734 2644 2011 2699 fundendi

306 2731 624 2802 sanguinis,
656 2747 753 2784 sec
806 2731 1112 2785 dilatandaa
1159 2748 1327 2785 causa
1369 2732 1718 2802 reipublicae,
1773 2733 1833 2786 in
1897 2749 2011 2804 qua

307 2820 487 2873 Deum
509 2819 619 2873 coli
654 2819 1054 2890 conspicimus,
1087 2820 1442 2891 loqueretur,
1489 2827 1773 2892 quatenus
1801 2820 2008 2878 Christi

305 2925 518 2962 nomen
550 2924 653 2978 per
709 2908 964 2962 subditas
1003 2913 1222 2978 gentes,
1251 2909 1385 2963 ﬁdei
1444 2910 1849 2980 praedicatione
1903 2910 2013 2965 cir-

2125 518 2364 573 dicimus
2397 536 2410 573 :
2443 518 2577 589 quia
2601 518 2702 589 qui
2732 519 3037 573 emendare
3067 524 3255 589 potest
3308 524 3363 573 et
3389 521 3651 592 negligit,
3694 537 3829 592 par-

2123 607 2352 678 ticipem
2382 625 2438 661 se
2469 609 2670 679 procul
2699 607 2872 663 dubio
2917 608 3108 662 delicti
3150 608 3468 663 constituit.
3526 610 3830 664 Providete

2125 713 2260 767 ergo
2286 696 2494 750 animae
2531 701 2752 763 vestrae,
2788 697 3081 766 providete
3109 697 3416 767 nepotibus
3447 714 3592 768 quos
3620 699 3833 769 cupitis

2126 801 2365 855 regnare
2391 784 2648 849 feliciter,
2677 784 2973 855 providete
3018 785 3340 855 provinciis,
3405 790 3460 839 et
3488 787 3833 856 priusquam

2125 878 2347 929 creator
2377 878 2570 927 noster
2601 889 2835 926 manum
2866 890 3025 927 suam
3053 874 3122 927 ad
3178 874 3501 929 feriendum
3560 876 3831 943 excutiat,

2126 962 2196 1017 de
2227 960 2578 1015 correctione
2612 960 2784 1031 hujus
2834 961 3061 1015 sceleris
3091 962 3504 1016 studiosissime
3559 964 3833 1034 cogitate,

2127 1067 2197 1104 ne
2227 1053 2387 1104 tanto
2417 1050 2785 1120 postmodum
2817 1050 2999 1103 acrius
3032 1050 3215 1118 feriat,
3255 1057 3469 1122 quanto
3503 1053 3670 1107 modo
3704 1052 3835 1107 diu-

2123 1139 2238 1193 tius
2288 1143 2345 1192 et
2396 1140 2708 1192 clementer
2759 1143 3066 1208 exspectat.
3143 1140 3352 1195 Scitote
3440 1146 3635 1195 autem
3696 1141 3840 1211 quia

2127 1241 2401 1296 magnum
2442 1228 2557 1280 Deo
2588 1230 2783 1280 nostro
2814 1227 3156 1282 sacriﬁcium
3186 1228 3525 1298 placationis
3554 1230 3834 1297 offeretis,

2126 1314 2172 1368 si
2231 1315 2375 1369 tanti
2424 1315 2612 1369 labem
2665 1315 2954 1381 facinoris,
3004 1316 3074 1370 de
3121 1316 3323 1370 vestris
3382 1317 3549 1372 citius
3611 1316 3831 1372 ﬁnibus

2126 1403 2454 1474 amputatis.
2485 1404 2694 1458 Datum
2763 1404 2857 1458 die
2912 1421 2970 1472 x,
3052 1405 3289 1459 Kalend.
3383 1406 3542 1476 Julii,
3624 1406 3833 1461 indict.

2126 1497 2350 1563 quarta.

2587 1582 2714 1637 CAP.
2743 1584 2846 1637 XX.
2869 1613 2939 1633 —
2958 1582 3041 1636 De
3065 1582 3250 1637 eadem
3277 1598 3353 1636 re.

2197 1670 2309 1740 (Ea:
2335 1686 2449 1740 reg.
2503 1672 2667 1740 Greg.
2708 1671 2782 1724 ad
2832 1666 3182 1725 Tendericum
3243 1686 3420 1738 regem
3467 1671 3833 1741 Francorum,

2124 1762 2299 1829 capite
2326 1759 2478 1831 273.)
2499 1759 2861 1814 Excellentiae
2887 1765 3090 1814 vestrae
3128 1760 3299 1815 iudex
3346 1760 3535 1815 cordis
3564 1760 3836 1831 epistola,

2123 1854 2337 1919 quanta
2367 1848 2427 1902 in
2457 1848 2617 1903 vobis
2645 1849 2860 1919 fulgeat
2915 1865 3045 1903 cum
3096 1850 3255 1919 regia
3314 1853 3615 1921 potestate,
3686 1865 3840 1919 pru-

2123 1937 2338 2003 dentia,
2361 1936 2442 1991 ita
2469 1937 2743 1991 luculenti
2791 1937 2955 2007 copia
3008 1938 3287 1992 sermonis
3335 1937 3582 2005 edocuit,
3632 1942 3699 1992 ut
3739 1938 3843 1992 du-

2121 2025 2284 2079 bium
2314 2041 2432 2079 esse
2460 2042 2577 2079 non
2620 2026 2827 2092 Valeat,
2859 2026 3141 2098 quidquid
3198 2026 3486 2081 laudabile
3541 2027 3609 2081 de
3664 2025 3836 2080 vobis

2119 2114 2275 2167 fama
2305 2114 2638 2168 narraverit.
2672 2115 2740 2168 Et
2769 2114 3043 2185 quoniam
3073 2115 3527 2169 adhortationem
3568 2119 3836 2168 nostram

2121 2202 2295 2273 regiis
2344 2202 2573 2273 animis,
2622 2219 2725 2273 per
2797 2203 2982 2257 laudis
3037 2204 3483 2275 praedicamenta
3545 2203 3839 2274 placuisse

2121 2291 2406 2362 signastis,
2437 2296 2502 2345 ut
2526 2291 2807 2362 quidquid
2869 2292 2941 2346 ad
2995 2293 3094 2346 Dei
3124 2292 3302 2346 nostri
3360 2293 3597 2359 cultum,
3666 2292 3841 2363 quid-

2120 2380 2259 2451 quid
2282 2380 2661 2434 Ecclesiarum
2728 2381 3127 2448 reverentiam,
3186 2380 3469 2452 quidquid
3526 2382 3597 2435 ad
3648 2381 3839 2434 hono-

2120 2485 2244 2523 rem
2273 2468 2561 2539 pertinere
2610 2468 2951 2539 cognoscitis
2998 2470 3375 2537 sacerdotum,
3409 2468 3660 2524 studiose
3724 2473 3840 2523 sta-

2119 2559 2226 2625 tui,
2262 2562 2317 2612 et
2345 2558 2531 2613 velitis
2578 2559 2637 2611 in
2668 2558 2937 2612 omnibus
2985 2559 3290 2626 custodire,
3341 2559 3546 2612 iterata
3595 2574 3695 2612 vos
3727 2575 3836 2629 per

2121 2651 2367 2701 vestram
2406 2647 2728 2701 mercedem
2760 2647 3159 2702 adhortatione
3191 2648 3505 2718 pulsamus,
3571 2651 3635 2700 ut
3683 2663 3837 2700 con-

2118 2734 2347 2804 gregari
2376 2733 2655 2805 synodum
2678 2734 2946 2803 jubeatis,
3008 2739 3063 2787 et
3103 2734 3249 2788 sicut
3302 2734 3520 2788 dudum
3593 2733 3835 2804 scripsi-

2117 2837 2269 2891 mus,
2325 2822 2646 2892 corporalia
2725 2822 3115 2877 sacerdotibus
3161 2822 3318 2883 vitia,
3354 2826 3411 2876 et
3469 2822 3835 2893 Symoniacm

2117 2910 2348 2966 haeresis
2371 2911 2736 2981 pravitatem,
2760 2911 3019 2965 omnium
3047 2911 3449 2981 episcoporum
3481 2911 3833 2965 deﬁnitione

305 3012 436 3050 cum
487 3013 714 3067 quaque
752 2996 1115 3051 discurreret.
1169 2998 1325 3052 Sicut
1363 2998 1516 3051 enim
1572 3000 1854 3053 exteriora
1907 3016 2006 3054 vos
2039 2996 2079 3050 C
2118 2999 2400 3068 damnari,
2431 3003 2600 3070 atque
2648 3016 2681 3053 a
2729 3000 2894 3070 regni
2926 3000 3100 3054 vestri
3131 3000 3423 3070 amputari
3451 2998 3687 3067 ﬁnibus,
3739 2999 3829 3054 fa-

304 3085 585 3153 virtutum
624 3100 799 3155 opera
829 3085 1147 3139 eminentes
1178 3086 1239 3139 in
1280 3086 1385 3140 hac
1443 3087 1556 3140 vita
1604 3088 1999 3143 constituunt:

303 3173 387 3228 ita
416 3177 471 3227 ct
499 3172 861 3227 interuorum
917 3180 1277 3243 ornamenta,
1326 3189 1395 3228 ex
1424 3175 1591 3230 corde
1622 3177 1839 3231 mundo
1878 3193 2007 3248 pro-

305 3261 581 3321 cedentia.
615 3260 674 3314 in
714 3260 905 3315 futura
937 3261 1052 3316 vita
1089 3263 1403 3317 caelestium
1444 3263 1784 3334 gaudiorum
1836 3266 2009 3337 parti-

303 3350 589 3420 cipatione
618 3350 956 3421 gloriﬁcant.

308 3455 435 3509 CAP.
469 3455 597 3509 XIX.
642 3486 703 3494 —
732 3455 975 3521 Qualiter
1012 3456 1337 3511 studendum
1365 3459 1441 3511 sit
1493 3458 1710 3524 regibus
1761 3459 2006 3515 sacerdo-

694 3531 806 3580 tum
829 3528 909 3580 vel
925 3529 1117 3596 populi
1140 3534 1361 3596 peccata
1396 3529 1604 3583 ulcisci.

376 3616 487 3680 (Ea:
541 3629 657 3682 reg.
739 3614 899 3680 Grcg.
958 3615 1032 3668 ad
1096 3617 1480 3670 Brunihildam
1528 3620 1775 3685 reginam
1832 3620 2008 3674 Fran-

300 3717 505 3768 corum,
560 3703 735 3770 capite
763 3701 915 3773 272.)
956 3703 1096 3757 Cum
1130 3704 1405 3775 scriptum
1436 3705 1523 3772 sit,
1560 3706 1787 3761 Justitia
1825 3709 2009 3763 elevat

303 3795 559 3860 gentem,
618 3790 860 3844 miseros
924 3796 1119 3845 autem
1175 3794 1420 3863 populos
1495 3794 1630 3849 facit
1685 3802 2005 3867 peccatum,

303 3883 440 3932 tunc
465 3893 707 3947 regnum
742 3878 984 3932 stabiliri
1029 3879 1299 3947 creditur,
1358 3897 1489 3936 cum
1540 3882 1710 3953 culpa
1757 3899 1881 3954 qua:
1912 3899 2005 3939 co-

304 3965 615 4036 gnoscitur,
638 3964 806 4019 citius
827 3967 1183 4021 emendatur.
1216 3970 1521 4025 Multorum
1552 3971 1730 4041 igitur
1782 3972 1855 4026 ad
1904 3989 2008 4027 nos

301 4053 581 4107 relatione
614 4053 893 4123 pervenit,
927 4054 1083 4126 quod
1101 4055 1287 4111 dicere
1310 4058 1433 4111 sine
1471 4059 1781 4113 afﬂictione
1822 4060 2007 4114 cordis

302 4142 482 4196 nimia
510 4158 628 4196 non
655 4142 928 4209 valemus,
954 4143 1035 4197 ita
1091 4146 1367 4215 quosdam
1418 4148 1741 4202 sacerdotes
1793 4148 1855 4202 in
1894 4149 2007 4203 illis

300 4230 559 4302 partibus
588 4231 873 4302 impudice
903 4248 968 4286 ac
996 4234 1263 4307 nequiter
1310 4236 1655 4303 conversari,
1706 4241 1772 4290 ut
1810 4241 1867 4291 et
1904 4255 2005 4292 au-

300 4318 420 4372 dire
452 4318 616 4372 nobis
667 4320 1061 4390 opprobrium,
1106 4326 1162 4375 et
1208 4323 1577 4377 lamentabile
1629 4324 1705 4377 sit
1772 4325 2005 4380 referre.

304 4408 384 4461 Ne
407 4423 544 4477 ergo
586 4412 891 4478 postquam
946 4409 1120 4480 hujus
1166 4413 1441 4481 nequitia:
1494 4411 1789 4483 hucusque
1822 4430 1881 4467 se
1929 4418 2008 4468 te-

299 4492 486 4547 tendit
514 4492 731 4563 opinio,
774 4494 960 4549 aliena
990 4497 1237 4566 pravitas
1286 4506 1383 4550 aut
1430 4503 1686 4552 nostram
1728 4499 2004 4566 animam,

303 4586 404 4635 aut
452 4587 703 4635 vestrum
756 4598 1001 4653 regnum
1057 4585 1274 4656 peccati
1317 4584 1407 4639 sui
1452 4587 1641 4656 jaculo
1693 4588 1879 4657 feriat,
1914 4605 2005 4642 ar-

300 4670 503 4724 denter
532 4671 603 4724 ad
650 4671 773 4724 haec
823 4673 1099 4726 debemus
1129 4672 1455 4727 ulciscenda
1505 4692 1866 4747 consurgere,
1934 4693 2007 4732 ne

300 4774 615 4828 paucorum
670 4759 868 4826 fames,
922 4761 1234 4814 multorum
1288 4778 1410 4815 esse
1494 4765 1671 4834 possit
1736 4766 2003 4836 perditio.

301 4849 445 4903 Nam
485 4864 654 4903 causa
682 4854 814 4903 sunt
842 4848 1028 4903 ruinae
1059 4849 1260 4919 populi
1308 4852 1628 4907 sacerdotes
1664 4855 1822 4909 mali.
1869 4856 2005 4919 Quis

299 4938 455 4992 enim
485 4954 589 5007 pro
631 4937 836 5007 populi
866 4938 1111 5006 peccatis
1169 4955 1227 4991 se
1280 4939 1621 4995 intercessor
1664 4943 1912 5013 objiciat,
1957 4944 2006 4997 si

299 5025 557 5079 sacerdos
581 5024 682 5096 qui
728 5040 962 5079 exorare
1006 5024 1279 5079 debuerat
1335 5028 1599 5097 graviora
1644 5032 2005 5086 committat?

299 5111 406 5166 Sed
437 5113 713 5182 quoniam
757 5128 855 5166 eos
906 5129 1152 5183 quorum
1205 5116 1329 5168 huic
1384 5116 1596 5171 locutio
1643 5125 1727 5174 est
1756 5120 2000 5191 insequi,

301 5217 405 5253 nec
432 5200 755 5255 sollicitudo
783 5200 852 5254 ad
883 5201 1332 5271 requisitionem,
1366 5221 1470 5259 nec
1501 5207 1653 5259 zelus
1706 5208 1912 5263 excitat
1935 5209 2001 5262 ad

298 5288 648 5342 vindictam:
706 5289 917 5357 scripta
990 5290 1061 5343 ad
1128 5306 1232 5345 nos
1299 5299 1484 5347 vestra
1541 5296 1879 5363 discurrant,
1940 5304 2004 5352 ut

299 5394 605 5447 personam
637 5378 683 5431 si
727 5379 1036 5449 praecipitis
1082 5397 1211 5434 cum
1255 5388 1457 5436 vestrae
1509 5386 1858 5439 auctoritatis
1921 5406 2003 5442 as-

286 5460 468 5519 sensu
500 5467 977 5535 trausmittamus,
1035 5484 1165 5538 quas
1207 5487 1321 5524 una
1379 5489 1508 5525 cum
1557 5474 1683 5527 aliis
1731 5477 1999 5530 sacerdo-

302 5554 453 5608 tibus
481 5555 603 5609 haec
622 5561 679 5609 et
705 5555 991 5611 subtiliter
1021 5573 1299 5628 quaerere,
1337 5563 1393 5615 et
1447 5562 1763 5617 secundum
1820 5566 1997 5620 Deum

2111 3087 2292 3155 ciatis,
2320 3103 2424 3141 nec
2455 3088 2585 3157 plus
2634 3086 2750 3140 illis
2805 3103 2911 3158 per
2948 3088 3251 3157 pecuniam
3291 3087 3570 3155 obtinere,

2111 3179 2399 3247 praecepta
2456 3176 2753 3230 Dominica
2809 3176 3151 3247 praecipiunt
3229 3176 3597 3248 permittatis.
3683 3178 3833 3232 Nam

3647 3104 3835 3159 quam

2114 3264 2253 3318 dum
2276 3262 2464 3318 omnis
2490 3263 2727 3318 avaritia
2754 3264 3045 3320 idolorum
3093 3265 3167 3319 sit
3221 3265 3482 3332 servitus,
3557 3264 3835 3336 quisquis

2112 3351 2260 3406 hanc
2287 3351 2350 3406 in
2387 3351 2590 3407 dandis
2640 3353 2960 3407 honoribus
3010 3358 3069 3409 et
3114 3353 3361 3408 maxime
3429 3353 3834 3409 ecclesiasticis

2112 3440 2417 3511 vigilanter
2458 3457 2577 3495 non
2606 3448 2910 3512 praecavet,
2945 3434 3304 3497 inﬁdelitatis
3330 3442 3641 3513 perditioni
3686 3444 3833 3498 sub-

2106 3529 2323 3599 jicitur,
2348 3529 2523 3584 etiam
2552 3530 2600 3583 si
2627 3536 2823 3584 tenere
2841 3531 3017 3585 ﬁdem
3048 3547 3222 3602 quam
3255 3531 3499 3603 negligit
3528 3531 3824 3589 videatur.

2113 3618 2270 3673 Sicut
2292 3634 2429 3688 ergo
2450 3623 2648 3673 contra
2681 3618 2992 3673 exteriores
3016 3619 3229 3686 hostes,
3285 3620 3367 3674 ita
3415 3635 3649 3691 quoque
3682 3636 3829 3674 con-

2112 3709 2203 3759 tra
2260 3706 2560 3760 interiores
2617 3706 2940 3761 animarum
2999 3708 3353 3762 adversarios
3411 3708 3635 3763 studete
3701 3724 3827 3763 esse

2114 3793 2363 3861 solliciti,
2402 3799 2465 3848 ut
2493 3810 2596 3863 per
2634 3795 2742 3848 hoc
2775 3795 2927 3865 quod
2961 3795 3062 3848 Dei
3117 3795 3300 3849 nostri
3352 3794 3601 3849 inimicis
3631 3796 3827 3850 ﬁdeli-

2114 3886 2201 3935 ter
2225 3888 2598 3953 repugnatur,
2628 3888 2686 3937 et
2730 3883 2823 3937 hic
2851 3883 3097 3938 feliciter
3124 3885 3303 3955 ipsius
3344 3884 3705 3955 protectione
3741 3902 3829 3940 re-

2115 3972 2320 4041 gnetis,
2357 3976 2414 4025 et
2437 3972 2508 4026 ad
2563 3978 2779 4027 aeterna
2808 3973 3176 4044 postmodum
3238 3973 3448 4045 gaudia
3502 3974 3624 4046 ejus
3677 3973 3824 4029 duce

2116 4060 2300 4129 gratia
2330 4061 2591 4116 veniatis.

2115 4150 2244 4205 Csn.
2274 4149 2404 4204 XXI.
2429 4180 2495 4190 —
2527 4150 2679 4219 Quod
2707 4151 2999 4209 multorum
3026 4152 3261 4206 solamen
3293 4154 3385 4221 sit,
3426 4154 3478 4207 si
3519 4152 3823 4222 prudentes

2612 4242 2722 4295 viri
2740 4240 2954 4309 regibus
2985 4241 3317 4296 adhaereant.

2191 4328 2303 4397 (Ea:
2342 4343 2467 4397 rege
2508 4329 2675 4396 Grcg.
2722 4330 2796 4384 ad
2860 4331 3299 4400 Asclepiodotum
3350 4331 3655 4385 Patricium
3704 4336 3824 4385 An-

2115 4418 2277 4486 glcr.,
2300 4420 2477 4486 capite
2505 4416 2653 4488 271.)
2677 4418 2990 4473 Prudentes
3020 4418 3195 4485 viros,
3235 4418 3380 4472 sicut
3398 4418 3551 4485 estis,
3587 4418 3824 4488 regibus

2115 4506 2427 4571 adhaerere,
2456 4506 2768 4559 multorum
2797 4506 3055 4560 solamen
3085 4511 3185 4560 est.
3223 4507 3365 4560 Nam
3388 4506 3525 4560 dum
3553 4507 3823 4575 praestari

2116 4594 2224 4648 sibi
2252 4594 2443 4647 locum
2499 4594 2567 4648 ad
2621 4595 2828 4649 animm
2856 4597 3053 4650 datum
3098 4595 3406 4649 utilitatem
3460 4595 3820 4665 intelligunt,

2115 4687 2334 4737 certum
2367 4686 2467 4751 est,
2502 4683 2637 4753 quia
2678 4684 2958 4739 mercedis
2996 4700 3191 4739 causas
3223 4684 3334 4738 alia
3358 4684 3456 4738 ubi
3513 4684 3826 4739 inveniunt

2114 4789 2233 4826 non
2263 4778 2628 4842 praeponunt.

2114 4862 2243 4916 CAP.
2279 4861 2432 4917 XXII.
2468 4891 2529 4901 —
2567 4863 2635 4916 Ut
2676 4877 2865 4929 regum
2911 4862 3222 4917 adversarii
3267 4864 3820 4920 excommunicentur.

2183 4949 2294 5018 (Ea:
2349 4951 2570 5005 concilio
2612 4950 2762 5019 apud
2812 4952 3163 5019 Lauriacum,
3205 4956 3380 5021 capite
3432 4952 3539 5022 I3.)
3572 4951 3631 5007 Si
3691 4954 3826 5023 quis

2113 5037 2381 5109 potestati
2431 5038 2607 5109 regiae
2663 5055 2780 5093 non
2846 5043 2929 5093 est
2985 5040 3149 5111 juxta
3213 5040 3552 5109 Apostolum
3618 5040 3734 5093 nisi
3788 5058 3830 5095 ει

2116 5126 2248 5195 Deo,
2304 5127 2623 5181 contumaci
2652 5135 2706 5184 et
2760 5127 2957 5181 inflato
3019 5128 3224 5199 spiritu
3255 5128 3667 5194 contradicere,
3730 5131 3827 5184 vel

2113 5215 2395 5282 resistere,
2452 5217 2903 5287 praesumpserit,
2938 5223 2997 5271 et
3034 5218 3155 5287 ejus
3192 5217 3363 5289 justis
3413 5221 3470 5271 et
3507 5217 3829 5272 rationabi-

2110 5302 2260 5358 libus
2287 5304 2545 5374 imperiis
2578 5307 2888 5359 secundum
2922 5306 3101 5359 Deum
3158 5312 3215 5360 et
3259 5305 3660 5359 auctoritatem
3718 5308 3826 5361 Ec-

2111 5391 2485 5445 clesiasticam
2535 5394 2934 5463 obtemperare
2966 5394 3235 5463 noluerit,
3276 5394 3821 5451 anathematizetur.

2182 5480 2308 5535 Cap.
2344 5482 2525 5534 XXIII.
2558 5511 2627 5520 —
2658 5485 2732 5536 De
2758 5482 2873 5537 illis
2900 5486 2998 5551 qui
3017 5486 3267 5553 principi
3286 5499 3393 5537 non
3414 5483 3740 5538 obedierent.

2184 5567 2296 5639 (Ea:
2325 5570 2548 5625 concilio
2584 5570 2854 5642 Toletan.)
2884 5571 2948 5626 In
2979 5571 3127 5626 libro
3169 5587 3374 5643 regum
3412 5571 3625 5642 legitur
3656 5589 3669 5627 :
3704 5574 3823 5638 Qui
