3944 6308
146 321 234 370 901
945 319 1418 374 DECRETORUM
1462 319 1646 374 LIBRI
1682 320 1790 374 ΧΧ.
1826 350 1894 360 --
1938 322 2147 375 LIBER
2187 319 2494 375 DECIMUS
2533 321 2847 384 QUINTUS.

3545 327 3648 377 902

138 459 251 495 non
282 441 566 496 obedierit
611 439 880 511 principi,
923 446 1109 495 morte
1148 441 1446 496 moriatur.
1489 445 1551 496 In
1597 443 1836 498 concilio
1868 446 1912 498 A
1954 447 2010 497 et
2062 459 2214 497 nunc
2265 443 2345 496 ita
2388 459 2493 513 pro
2542 444 2712 497 unius
2771 445 3048 516 cujusque
3077 447 3324 500 utilitate
3371 447 3654 518 principis

137 535 331 584 autem
352 529 663 600 Agathensi
693 529 1026 600 praecipitur
1065 535 1129 584 ut
1158 531 1693 586 anathematizetur.

137 638 265 692 CAP.
300 638 478 692 XXIV.
505 666 574 674 —
606 638 677 690 De
695 637 808 690 illis
839 638 937 704 qui
955 639 1014 690 in
1051 637 1384 693 adversitate
1405 641 1645 707 propriae
1664 639 1837 706 gentis

457 712 554 760 aut
581 710 781 776 patria
823 708 1120 775 culpabiles
1148 711 1515 763 inveniuntur.

206 797 315 868 (Ea?
340 794 558 865 eodem.)
591 794 764 848 Nobis
795 794 972 864 igitur
1018 795 1165 849 ratio
1218 798 1502 866 persuasit
1549 797 1839 868 synodalis

136 886 462 950 decernere,
495 889 559 939 ut
605 883 930 954 quicunque
986 883 1198 938 laicoru
1227 901 1265 937 n
1317 885 1654 940 adversitate
1711 902 1842 956 pro-

134 975 276 1045 prius
326 973 534 1044 gentis,
582 977 680 1026 aut
729 972 953 1042 patrias,
1010 974 1100 1027 vel
1179 973 1351 1043 regite
1402 975 1700 1044 potestatis
1769 973 1842 1027 ad

135 1068 357 1117 exteras
389 1066 576 1131 partes
621 1077 680 1115 se
723 1061 1070 1115 cOnferendo
1112 1063 1314 1116 noxius
1361 1063 1536 1117 fuerit
1561 1063 1710 1117 ultra
1745 1079 1841 1117 re-

134 1157 353 1223 pertus,
385 1155 664 1221 perpetua
692 1150 766 1203 sit
820 1151 1408 1206 excommunicatione
1439 1152 1761 1219 damnatus,
1785 1154 1841 1205 et

132 1255 432 1310 nunquam
456 1239 540 1292 illi
560 1244 771 1308 praeter
799 1239 858 1293 iu
885 1239 1086 1293 ultimo
1117 1241 1318 1294 mortis
1354 1257 1470 1294 suae
1511 1241 1839 1294 communio

132 1329 442 1382 tribuatur.

135 1417 263 1470 Car.
291 1417 439 1470 XXV.
471 1444 542 1457 —
560 1417 628 1470 Ut
643 1417 825 1470 nullus
844 1421 1142 1484 prwsumat
1158 1419 1410 1487 principe
1429 1418 1638 1471 vivente
1671 1417 1840 1471 alium

773 1489 966 1554 eligere
994 1504 1190 1556 regem.

205 1576 319 1645 (Ea:
365 1574 544 1628 eodem
598 1576 817 1629 concilio
876 1581 931 1642 7,
990 1578 1166 1644 capite
1226 1577 1337 1644 l7.)
1394 1575 1732 1646 Quanquam
1768 1574 1839 1628 .in

130 1663 372 1717 concilio
401 1663 673 1718 anteriori
732 1663 886 1735 quod
943 1680 1126 1718 annos
1185 1665 1373 1734 primo
1438 1663 1840 1734 gloriosissimi

130 1751 410 1822 principis
443 1752 624 1806 nostri
654 1752 915 1806 habitum
970 1758 1074 1819 est,
1111 1753 1180 1807 de
1212 1753 1545 1821 hujusmodi
1570 1769 1630 1806 re
1659 1752 1839 1806 fuerit
1873 1740 1911 1792 Β

134 1841 506 1910 promulgata
553 1841 880 1895 sententia:
943 1846 1136 1895 tamen
1192 1842 1378 1910 placet
1428 1841 1632 1895 iterata
1677 1841 1843 1910 juxta

133 1928 290 1999 quod
323 1928 590 1983 convenit
620 1929 922 1982 custodire.
958 1930 1156 2000 Itaque
1199 1929 1348 1998 regis
1380 1928 1492 1982 vita
1524 1933 1839 1994 constante,

131 2018 328 2070 nullus
359 2017 468 2071 sibi
500 2018 693 2088 aliquo
743 2034 933 2088 opere,
983 2018 1070 2072 vel
1121 2016 1552 2082 deliberatione,
1611 2033 1710 2070 seu
1743 2033 1841 2070 cu-

125 2106 455 2176 juscunque
486 2106 785 2175 dignitatis
835 2106 1029 2167 laicus,
1080 2122 1182 2159 seu
1229 2105 1413 2176 gradu
1458 2105 1838 2176 episcopatus,

131 2192 498 2264 presbyterii,
523 2198 622 2246 aut
663 2192 909 2247 diaconii
936 2198 1320 2259 consecratus,
1383 2192 1688 2263 cmterique
1736 2194 1844 2246 cle-

133 2281 349 2335 ricatus
377 2281 581 2335 ofﬁciis
632 2281 878 2348 deditus,
955 2281 1215 2335 futurum
1270 2297 1465 2350 regem
1521 2281 1840 2349 provideat,

133 2374 336 2424 contra
365 2369 606 2424 viventis
646 2369 797 2440 regis
829 2369 1156 2436 utilitatem,
1193 2373 1247 2423 et
1277 2371 1468 2439 procul
1517 2369 1689 2423 dubio
1742 2387 1840 2423 vo-

131 2459 440 2527 luntatem,
491 2458 906 2522 blandimento,
966 2459 1055 2512 vel
1112 2457 1377 2512 suasione
1427 2474 1530 2527 per
1581 2459 1840 2511 eamdem

132 2563 320 2616 spem,
351 2551 453 2600 aut
481 2547 620 2600 alios
650 2548 707 2600 in
739 2563 797 2600 se
829 2547 1037 2613 trahat,
1071 2551 1169 2600 aut
1211 2546 1332 2617 ipse
1390 2546 1452 2599 in
1500 2545 1680 2600 alium
1745 2563 1844 2600 ac-

134 2639 414 2708 quiescat.
449 2637 717 2708 Iniquum
767 2637 924 2690 enim
948 2641 1003 2690 et
1041 2637 1201 2690 valde
1238 2637 1552 2691 execrabile
1592 2654 1624 2691 a
1679 2637 1839 2692 Chri-

134 2727 341 2781 stianis
379 2726 548 2781 debet
574 2726 794 2792 haberi,
843 2725 1025 2780 futuri
1055 2726 1330 2795 temporis
1369 2725 1584 2779 illicitis
1614 2725 1840 2795 prospi-

135 2833 287 2883 cere,
321 2821 381 2870 et
412 2816 538 2870 vitae
570 2833 686 2870 suae
717 2816 950 2886 ignaros
973 2821 1212 2868 ventura
1245 2816 1566 2886 disponere.
1603 2817 1763 2879 Quod
1795 2815 1842 2868 si

140 2905 452 2975 quisquam
476 2905 596 2974 jam
629 2904 759 2957 talia
790 2904 990 2974 iniqua
1042 2903 1450 2956 deliberatione
1506 2919 1637 2956 cum
1693 2920 1836 2973 quo-

135 3009 368 3062 cunque
401 2997 486 3046 est
533 2991 854 3056 meditatus,
890 2992 996 3044 hoc
1027 2990 1135 3044 sibi
1165 2990 1390 3044 noverit
1411 3007 1531 3044 esse
1572 2990 1833 3044 sacerdo-
1871 3017 1911 3068 ρ

134 3081 238 3135 tali
270 3080 665 3135 moderatione
698 3095 1048 3145 concessum,
1106 3083 1168 3131 ut
1223 3079 1268 3131 si
1299 3077 1603 3132 venialiter
1632 3079 1836 3149 poscit,

135 3169 245 3223 hoc
277 3171 398 3222 sine
431 3185 593 3222 mora
647 3168 946 3239 prazsentis
986 3167 1260 3238 principis
1319 3167 1554 3222 auribus
1617 3168 1847 3221 studeat

135 3258 455 3327 publicare.
491 3257 548 3312 Si
595 3261 788 3310 autem
837 3257 1095 3310 obtineat
1127 3263 1182 3310 et
1243 3255 1676 3310 deliberationis
1727 3271 1846 3309 suae

137 3347 618 3409 machinamenta,
656 3345 842 3399 noluit
865 3345 1073 3412 dicere,
1104 3345 1355 3415 pessimo
1378 3346 1659 3414 plectatur
1702 3361 1846 3399 ana-

140 3437 418 3490 themate.

213 3525 342 3578 CAP.
375 3523 548 3579 XXVI.
585 3552 647 3562 —
675 3524 740 3577 Ut
768 3537 917 3577 nemo
943 3521 1189 3576 intendat
1208 3521 1265 3575 in
1287 3523 1571 3576 interitum
1607 3522 1771 3588 regis.

213 3615 323 3679 (Ea:
351 3612 549 3679 eodem,
583 3613 760 3678 capite
787 3610 896 3677 l8.)
928 3611 1048 3664 Jam
1083 3610 1320 3680 quidem
1380 3611 1441 3663 in
1488 3607 1846 3663 antecedenti

141 3700 451 3756 universali
481 3700 719 3770 synodo,
769 3699 936 3753 saluti
999 3704 1328 3752 nostrorum
1355 3699 1679 3769 principum
1711 3713 1848 3752 con-

140 3795 253 3844 stat
275 3806 394 3842 esse
452 3788 798 3854 consultum,
828 3787 923 3841 sed
975 3787 1117 3841 libet
1154 3787 1361 3841 iterare
1405 3787 1550 3841 bene
1610 3785 1844 3852 sancita,

141 3883 200 3933 et
245 3878 419 3949 digna
471 3877 804 3931 auctoritate
881 3875 1108 3929 munire
1175 3876 1480 3930 salubriter
1565 3875 1844 3929 ordinata.

142 3967 397 4037 Ideoque
427 3969 814 4020 contestamur
842 3981 1032 4018 coram
1066 3966 1200 4030 Deo,
1235 3969 1292 4017 et
1320 3964 1478 4017 omni
1515 3963 1715 4018 ordine
1754 3980 1850 4018 an-

141 4057 428 4126 gelorum,
486 4070 679 4108 coram
733 4054 1148 4124 prophetarum
1203 4057 1376 4123 atque
1435 4054 1844 4123 apostolorum,

141 4146 231 4198 vel
258 4143 518 4198 omnium
549 4147 865 4212 martyrum
915 4142 1107 4206 choro,
1150 4158 1341 4195 coram
1381 4142 1538 4196 omni
1574 4141 1850 4196 catholica

142 4232 410 4298 Ecclesia,
446 4236 503 4285 et
530 4230 738 4286 Christi
772 4247 1053 4284 annorum
1096 4236 1262 4293 cmtu,
1294 4236 1361 4284 ut
1385 4248 1554 4284 nemo
1588 4231 1848 4285 intendat

1949 533 2315 586 moderentur
2339 533 2702 599 discretione,
2735 533 2882 587 sicut
2922 551 3018 587 eos
3049 537 3402 604 prospexerit
3455 553 3652 590 neces-

1948 621 2126 674 sarios
2156 637 2278 674 esse
2307 620 2523 689 patriae.
2556 626 2613 674 et
2642 621 2721 674 sic
2745 621 2858 674 illis
2905 621 3270 692 impartiatur
3307 624 3652 693 benignitas,

1951 709 2091 762 utin
2135 709 2355 762 caeteris
2413 713 2639 762 maneat
2671 711 2873 779 gratia,
2930 715 2985 764 et
3034 715 3302 780 potestas,
3372 718 3656 782 quatenus

1949 795 2028 849 ita
2054 796 2248 850 omnia
2277 796 2338 850 in
2368 797 2706 866 rebusjuste
2738 799 3059 869 conquisita
3098 800 3412 866 lucrentur,
3450 805 3511 853 ut
3545 817 3652 870 po-

1952 885 2115 939 steris
2143 885 2529 956 relinquendi,
2561 888 2646 940 vel
2679 888 2886 958 quibus
2917 889 3184 942 voluntas
3211 905 3411 942 eorum
3454 890 3655 943 decre-

1951 974 2049 1038 vit,
2082 974 2430 1041 conferendi,
2481 980 2796 1044 spontaneo
2839 976 3099 1030 fruantur
3147 977 3404 1030 arbitrio.
3475 976 3653 1030 Caete-

1948 1076 2102 1122 rum,
2125 1062 2171 1114 si
2201 1063 2450 1116 inﬁdelis
2481 1063 2786 1134 quisquam
2808 1064 2866 1117 in
2885 1065 3071 1134 capite
3101 1065 3282 1134 regio,
3309 1070 3405 1118 aut
3434 1063 3655 1118 inutilis

1949 1150 2010 1204 in
2044 1151 2213 1204 rebus
2244 1151 2563 1205 commissis
2613 1153 2909 1222 exstiterit,
2958 1153 3018 1206 in
3069 1153 3390 1207 clementiae
3451 1157 3652 1206 vestrm

1951 1256 2127 1293 manu
2157 1240 2448 1309 potestatis
2478 1247 2618 1293 nutu
2650 1245 2868 1294 constet
2923 1241 3253 1310 hujusmodi
3317 1240 3650 1294 moderatio.

1955 1329 2053 1380 Fas
2083 1333 2168 1382 est
2197 1329 2352 1381 enim
2407 1328 2712 1382 indubiam
2757 1329 3038 1382 deducere
3079 1331 3172 1400 jus
3211 1329 3524 1399 potestatis,
3561 1327 3654 1381 cui

1950 1416 2208 1469 omnium
2230 1417 2571 1485 gubernatio
2604 1434 2852 1486 superno
2870 1423 3087 1471 constat
3108 1418 3368 1487 delegata
3411 1416 3650 1487 judicio.

1949 1506 2108 1569 Quod
2140 1505 2184 1558 si
2214 1511 2338 1574 post
2370 1507 2494 1575 ejus
2517 1507 2827 1558 discessum
2859 1506 3144 1576 quispiam
3173 1511 3431 1576 repertus
3479 1505 3653 1560 fuerit

1948 1596 2079 1646 vitae
2099 1593 2271 1647 fuisse
2300 1594 2568 1662 inﬁdelis,
2595 1593 2874 1664 quidquid
2905 1595 3169 1665 largitate
3193 1593 3370 1664 ipsius
3388 1595 3448 1647 in
3479 1595 3650 1647 rebus

1951 1682 2169 1748 habuit,
2199 1683 2532 1752 conquisitis
2564 1689 2772 1750 careat,
2803 1683 3257 1750 conﬁscandum,
3289 1687 3345 1738 et
3387 1682 3651 1737 ﬁdelibus

1954 1770 2338 1842 largiendum.

2279 1893 2408 1948 CAP.
2443 1894 2671 1948 XXVIII.
2714 1923 2782 1932 —-
2812 1851 2886 1948 ᾖε
2908 1909 3095 1960 regum
3123 1894 3313 1948 sobole.

2023 2018 2143 2084 (Ea:
2181 2018 2380 2084 eodem,
2413 2019 2588 2087 capite
2613 2017 2890 2087 lG.)Sicut
2913 2017 3214 2071 insolentia
3249 2019 3529 2071 malorum
3563 2033 3656 2071 re-

1951 2121 2089 2176 gum
2107 2106 2302 2160 odiosa
2330 2123 2555 2177 semper
2575 2111 2630 2160 et
2650 2107 2979 2160 execrabilis
3011 2106 3202 2161 existit
3222 2106 3489 2178 subjectis
3524 2123 3537 2160 :
3570 2107 3652 2161 ita

1951 2195 2236 2248 bonorum
2268 2196 2506 2264 provida
2544 2195 2756 2248 utilitas
2787 2195 3048 2249 amabilis
3101 2195 3346 2249 efﬁcitur
3398 2196 3647 2266 populis.

1952 2282 2224 2346 Quocirca
2313 2283 2442 2354 quis
2519 2283 2684 2347 ferat,
2745 2289 2844 2338 aut
2899 2285 3027 2355 quis
3103 2285 3278 2340 talem
3361 2289 3651 2338 errantem

1953 2371 2340 2426 Christianum
2368 2373 2577 2438 videat,
2607 2373 2707 2443 qui
2736 2373 2954 2443 regiam
3006 2373 3284 2439 sobolem,
3307 2378 3408 2428 aut
3463 2379 3652 2444 poste-

1950 2461 2176 2514 ritatem
2211 2463 2450 2514 conetur
2500 2462 2788 2530 expoliare
2821 2463 3012 2529 rebus,
3046 2467 3143 2515 aut
3193 2463 3420 2532 privare
3469 2462 3651 2532 digni-

1949 2549 2200 2604 tatibus?
2241 2550 2400 2613 Quod
2459 2549 2665 2603 deinde
2724 2566 2794 2602 ne
2851 2551 2968 2612 ﬁat,
3014 2551 3298 2619 generalis
3351 2554 3654 2620 promatur

1952 2637 2228 2707 principis
2259 2637 2390 2690 ﬁliis
2417 2638 2698 2690 sententia
2736 2643 2952 2705 nostra,
3007 2638 3063 2691 id
3095 2643 3200 2696 est.
3247 2639 3315 2692 de
3355 2638 3650 2708 praesentis

1954 2725 2419 2778 excellentissimi
2447 2725 2716 2780 Cintilani
2749 2726 2900 2796 regis
2931 2727 3260 2796 posteritate
3283 2727 3492 2780 dentur
3524 2731 3656 2796 apta

1957 2830 1990 2866 a
2017 2813 2180 2865 nobis
2215 2815 2462 2879 decreta,
2498 2818 2562 2866 ut
2599 2830 2666 2866 ea
2696 2830 2823 2884 qua:
2858 2815 3108 2883 synodus
3155 2816 3448 2884 prteterito
3499 2831 3650 2867 anno

1957 2903 2017 2955 in
2051 2902 2154 2955 hac
2184 2902 2430 2955 Ecclesia
2477 2902 2669 2956 habita
2726 2904 3042 2970 constituit,
3083 2905 3232 2957 circa
3285 2920 3517 2957 omnem
3548 2920 3649 2974 po-

1955 2991 2267 3044 steritatem
2298 2991 2421 3060 ejus
2449 2991 2789 3044 universitas
2828 2992 2990 3062 regni
3025 2992 3113 3045 sui
3177 2997 3492 3055 conservet,
3548 2993 3655 3046 hoc

1957 3083 2061 3146 est,
2096 3084 2156 3131 ut
2185 3079 2512 3148 praebeatur
2536 3079 2668 3132 ﬁliis
2699 3081 2822 3150 ejus
2844 3080 3071 3134 dilectio
3099 3081 3350 3150 benigna
3380 3085 3435 3134 et
3464 3079 3653 3150 ﬁrma,

1956 3171 2011 3220 et
2038 3167 2386 3235 tribuantur,
2424 3168 2524 3221 ubi
2563 3168 2675 3221 loci
2722 3169 3123 3238 opportunitas
3157 3168 3498 3232 exhibuerit,
3551 3170 3657 3223 de-

1952 3254 2239 3308 fensiones
2260 3256 2328 3308 ad
2343 3255 2694 3309 adminicula
2712 3256 2887 3325 justa,
2913 3272 2984 3309 ne
3006 3258 3074 3309 de
3095 3257 3266 3309 rebus
3293 3258 3445 3327 juste
3467 3256 3659 3328 profli-

1953 3344 2119 3415 gatis,
2154 3349 2251 3398 aut
2282 3350 2586 3414 parentum
2643 3345 2920 3415 dignitate
2984 3346 3324 3415 procuratis,
3357 3348 3444 3400 vel
3475 3348 3652 3417 largi-

1954 3438 2068 3487 tate
2095 3432 2421 3503 principum
2451 3438 2550 3486 aut
2584 3433 2822 3503 alicujus
2853 3433 3150 3504 impensis,
3187 3439 3286 3487 aut
3317 3434 3492 3488 etiam
3518 3451 3653 3505 pro-

1956 3521 2166 3593 pietate
2198 3520 2424 3588 debitis,
2466 3521 2803 3574 fraudentur
2835 3521 3089 3591 qualibet
3117 3521 3323 3576 insidia
3372 3523 3657 3576 callidita-

1956 3610 2049 3678 tis,
2082 3625 2221 3663 neve
2255 3626 2284 3662 a
2308 3625 2600 3679 quoquam
2650 3610 2898 3663 laedendi
2944 3627 3038 3664 eos
3083 3610 3452 3681 praebeantur
3483 3627 3660 3682 argu-

1955 3704 2148 3752 menta
2199 3697 2684 3751 machinationis:
2743 3697 2878 3768 quia
2919 3697 3157 3768 dignum
3208 3705 3314 3765 est,
3365 3705 3430 3753 ut
3494 3700 3656 3769 cujus

1955 3787 2235 3858 regimine
2263 3787 2542 3842 habemus
2590 3787 2975 3849 securitatem,
3030 3788 3154 3858 ejus
3205 3789 3526 3859 posteritati
3559 3789 3656 3844 de-

1957 3881 2108 3930 creto
2136 3875 2364 3930 concilii
2385 3876 2785 3947 impertiamus
2815 3877 3088 3948 quietem.

1958 4020 2085 4073 Car.
2114 4019 2288 4073 XXIX.
2311 4048 2381 4058 —
2413 4018 2569 4084 Quod
2588 4018 2861 4086 quidquid
2880 4023 3170 4073 commotus
3199 4021 3414 4074 animus
3443 4021 3655 4089 fecerit,

2544 4090 2638 4143 hoc
2662 4091 2873 4158 justum
2892 4094 3067 4156 putet.

2028 4211 2136 4282 (Ea:
2178 4227 2318 4278 rege.
2379 4213 2536 4281 Greg.
2598 4212 3042 4268 ad'Mauricium
3085 4214 3419 4278 Augustum,
3482 4217 3659 4282 capite

139 4321 202 4375 in
224 4321 522 4375 interitum
545 4320 710 4389 regis,
734 4335 902 4373 nemo
919 4319 1092 4372 vitam
1113 4319 1384 4389 principis
1406 4335 1543 4372 nece
1563 4324 1804 4372 attrectel

2025 4301 2101 4370 3.)
2134 4300 2522 4370 Omnipotenti
2554 4301 2668 4354 Deo
2701 4317 2832 4354 reus
2863 4305 2965 4367 est,
2996 4301 3094 4370 qui
3145 4301 3510 4355 serenissima
3553 4303 3657 4356 do-

143 4426 314 4463 nemo
337 4408 501 4479 regni
531 4424 663 4462 eum
685 4407 1086 4478 gubernaculis
1117 4406 1322 4476 privet,
1355 4424 1521 4461 nemo
1549 4407 1844 4478 tyrannica

140 4497 594 4569 praesumptione
624 4497 842 4566 apicem
867 4496 1030 4566 regni
1062 4496 1443 4566 sibiusurpet,
1485 4513 1654 4550 nemo
1697 4513 1840 4566 quo-

141 4585 282 4638 libet
313 4583 772 4636 machinamento
802 4583 863 4636 in
896 4583 1018 4652 ejus
1055 4583 1452 4637 adversitatem
1484 4583 1590 4636 sibi
1638 4584 1842 4654 conju-

144 4679 404 4727 ratorum
439 4687 672 4725 manum
705 4673 963 4726 associet..
984 4668 1155 4735 'Quod
1183 4672 1228 4724 si
1259 4672 1316 4726 in
1340 4673 1611 4742 quopiam
1635 4673 1842 4726 horum

142 4762 451 4833 quisquam
503 4765 830 4814 nostrorum
900 4761 1206 4813 temerario
1261 4777 1400 4812 ausu
1459 4766 1843 4830 prmsumptor

141 4849 443 4916 exstiterit,
477 4850 840 4903 anathemate
870 4849 1060 4903 divino
1106 4865 1426 4919 percussus,
1477 4850 1692 4919 absque
1723 4850 1839 4903 ullo

142 4937 383 4992 remedii
414 4939 556 5004 loco,
595 4937 874 4991 habeatur
902 4937 1314 4990 condemnatus
1357 4942 1571 4990 aeterno
1599 4937 1837 5007 judicio.

456 5044 582 5099 CAP.
629 5045 828 5099 XXVII.
865 5075 930 5083 —
955 5048 1028 5097 De
1056 5044 1304 5112 ﬁdelibus
1325 5060 1532 5111 regum.

215 5134 331 5204 (Ea;
363 5131 588 5202 eodem.)
625 5131 870 5186 Proinde
915 5132 1164 5186 decrevit
1209 5131 1515 5186 concilium
1559 5136 1838 5193 sanctum.

145 5239 346 5276 omnes
376 5221 475 5292 qui
523 5238 628 5290 pro
676 5221 833 5274 ﬁdeli
866 5221 1164 5291 obsequio,
1217 5227 1272 5274 et
1320 5221 1539 5274 sincero
1587 5221 1839 5290 servitio,

142 5310 554 5376 voluntatibus,
589 5310 673 5362 vel
700 5310 873 5379 jussis
911 5310 1210 5379 paruerint
1258 5309 1552 5380 principis,
1609 5314 1841 5378 totaque

145 5399 467 5454 intentione
527 5398 726 5452 salutis
777 5399 900 5469 ejus
955 5399 1289 5466 custodiam,
1349 5398 1434 5453 vel
1486 5397 1841 5467 vigilantiam

147 5487 456 5542 habuerint
484 5486 669 5556 regni,
732 5503 766 5540 a
818 5487 1241 5540 successoribus
1302 5503 1404 5540 nec
1451 5502 1484 5540 a
1540 5485 1838 5555 dignitate,

151 5593 306 5630 neca
336 5575 506 5629 rebus
540 5574 792 5646 pristinis
839 5592 1010 5630 causa
1036 5574 1390 5646 repellantur
1433 5575 1680 5645 injuste:
1744 5575 1841 5628 sed

1957 4390 2110 4443 mino
2143 4389 2200 4441 in
2231 4405 2400 4442 omne
2435 4389 2585 4459 quod
2614 4389 2736 4460 agit
2766 4394 2822 4442 et
2868 4390 3123 4460 loquitur
3174 4406 3350 4460 purus
3388 4406 3505 4443 non
3549 4396 3654 4445 est.

1954 4479 2066 4547 Ego
2097 4482 2287 4532 autem
2321 4477 2590 4547 indignus
2621 4478 2848 4548 pietatis
2888 4485 3088 4531 vestrae
3118 4479 3389 4544 famulus,
3433 4478 3492 4531 in
3554 4479 3660 4533 hac

1953 4566 2316 4636 suggestione
2349 4582 2494 4632 mea,
2518 4582 2703 4635 neque
2735 4573 2794 4619 ut
2816 4568 3113 4636 episcopus
3145 4583 3329 4637 neque
3365 4571 3424 4620 ut
3465 4583 3660 4620 servus

1945 4656 2072 4722 jure
2128 4653 2458 4724 reipublicae
2511 4654 2764 4723 sedjure
2802 4655 3038 4724 privata:
3092 4656 3313 4725 loquor,
3392 4657 3528 4726 quia
3571 4674 3657 4709 se-

1953 4742 2250 4796 renissime
2309 4741 2562 4809 domine,
2651 4749 2709 4796 et
2783 4743 2882 4796 illo
2930 4743 3053 4812 jam
3137 4749 3396 4814 tempore
3481 4745 3663 4798 domi-

1953 4848 2059 4884 nus
2109 4847 2269 4885 meus
2310 4830 2484 4897 fuisti,
2540 4831 2768 4901 quando
2825 4831 3012 4885 adhuc
3061 4833 3332 4887 dominus
3397 4835 3658 4892 omnium

1953 4937 2066 4974 non
2094 4937 2237 4974 eras.
2286 4919 2386 4973 Illa
2442 4920 2892 4990 praepositorum
2949 4920 3275 4976 sollicitudo
3325 4923 3502 4989 utilis,
3555 4923 3652 4976 illa

1952 5014 2034 5062 est
2087 5009 2308 5063 cautela
2362 5009 2684 5076 laudabilis,
2749 5009 2808 5061 in
2868 5025 2981 5079 qua
3044 5015 3228 5064 totum
3309 5011 3456 5064 ratio
3506 5012 3648 5082 agit,

1952 5105 2009 5152 et
2037 5098 2194 5151 furor
2263 5098 2368 5152 sibi
2422 5097 2502 5151 nil
2557 5097 2822 5151 vindicat.
2874 5099 3294 5168 Hestringenda
3350 5115 3486 5170 ergo
3545 5101 3651 5154 sub

1950 5187 2172 5240 ratione
2230 5193 2480 5257 potestas
2527 5191 2610 5241 est
2638 5203 2741 5240 nec
2797 5187 3109 5256 quidquam
3137 5187 3425 5257 agendum
3495 5189 3658 5259 prius

1952 5291 2121 5342 quam
2181 5276 2462 5328 concitata
2545 5276 2613 5330 ad
2670 5276 3143 5347 tranquillitatem
3213 5292 3375 5330 mens
3438 5277 3654 5331 redeat.

1952 5364 2089 5417 Nam
2123 5363 2524 5418 commotionis
2569 5369 2852 5435 tempore,
2895 5364 3116 5435 justum
3164 5369 3322 5435 putat
3373 5365 3458 5420 ira
3499 5367 3655 5436 quod

1951 5451 2165 5506 fecerit.
