3944 6302
321 312 424 362 903

1386 304 1786 358 BURCHARDI
1830 299 2358 358 WORMACIENSIS
2395 298 2737 356 EPISCOPI.

3731 299 3832 352 904

320 433 446 486 CAP.
480 432 625 486 XXX.
653 460 721 468 —
753 428 910 494 Quod
935 429 1063 481 laici
1090 427 1450 496 presbyteros,
1491 429 1586 494 qui
1614 427 1858 496 ecclesias
1887 426 2007 478 ilto-
2040 428 2086 478 A
2124 423 2440 478 offendunt.
2491 421 2942 477 Gubernationes
2987 420 3050 474 in
3088 419 3441 492 quotidianis
3492 420 3622 474 vitae
3679 436 3830 473 com-

390 519 512 556 rum
552 505 748 567 tenent,
771 516 879 554 non
909 499 1065 552 aliud
1086 495 1520 566 quam’divinum
1556 495 1802 566 officium
1836 498 2017 563 facere

391 577 689 713 figimus
736 642 906 708 Aug.)
941 641 1241 695 Admoneo
1273 655 1391 702 vos,
1425 636 1801 702 dilectissimi,
1836 637 2017 690 Deum

321 731 546 798 timere,
571 730 890 784 sacerdotes
922 729 1220 794 honorare,
1265 725 1569 780 reddentes
1615 725 1697 779 eis
1758 725 2016 779 debitum

322 820 658 887 sanctitatis,
690 824 750 872 ut
781 817 937 871 vobis
961 815 1362 886 adjuvantibus
1383 815 1491 884 ipsi
1515 815 1904 869 inconturbati
1933 832 2018 867 va-

320 910 476 964 leant
501 912 670 978 atque
709 906 912 972 securi,
967 905 1235 958 salutaria
1290 903 1624 974 praadicare,
1662 908 1715 956 et
1760 905 2014 970 regulam

325 1004 496 1068 atque
525 997 779 1066 vigorem
815 994 1255 1048 ecclesiasticum
1301 1007 1657 1057 conservare,
1703 991 1784 1044 ita
1825 992 2018 1044 clerici

321 1103 518 1142 omnes
548 1086 662 1138 suis
688 1085 1014 1154 subjaceant
1057 1081 1358 1152 episcopis,
1387 1087 1444 1136 et
1503 1081 1572 1134 ab
1628 1080 1740 1134 illis
1772 1080 2014 1134 docean-

323 1182 432 1230 tur.
468 1176 818 1244 Przeceptum
853 1172 1065 1242 quippe
1099 1175 1182 1224 est
1213 1187 1242 1224 a
1273 1169 1515 1224 Domino
1551 1186 1563 1222 :
1609 1169 1846 1222 Reddite
1887 1185 2014 1238 quae

324 1269 455 1318 sunt
489 1263 742 1329 Ctesaris,
771 1261 996 1326 (lassari,
1030 1265 1237 1329 etquae
1268 1265 1400 1312 sunt
1443 1258 1558 1322 Dei,
1604 1259 1738 1312 Deo.
1770 1260 2012 1326 Aposto-

315 1354 489 1407 licum
521 1357 873 1423 praeceptum
924 1348 1082 1402 vobis
1126 1348 1358 1412 mando,
1393 1353 1454 1401 ut
1496 1348 1688 1400 nullus
1745 1345 2014 1400 secularis

315 1443 585 1496 clericum
615 1441 675 1494 in
701 1456 867 1493 suum
907 1439 1115 1492 habeat
1145 1437 1506 1506 obsequium,
1556 1435 1653 1488 sed
1709 1435 1791 1512 illi
1852 1435 2012 1504 cujus

316 1531 676 1602 signaculum
702 1528 762 1581 in
792 1527 975 1596 capite
1005 1525 1196 1591 habet,
1238 1530 1430 1578 mente
1478 1523 1759 1578 deserviat
1789 1528 1846 1577 et
1882 1539 2012 1576 cor—

316 1619 404 1683 de,
441 1619 712 1672 educatus
757 1617 814 1668 in
845 1615 932 1668 his
963 1631 1090 1685 quae
1116 1632 1146 1666 a
1179 1629 1279 1666 suo
1310 1611 1727 1682 praecipiuntur
1783 1611 2010 1681 episco-

315 1723 411 1777 po.
449 1704 788 1759 Detestabile
823 1707 907 1757 est
935 1702 1084 1755 enim
1133 1705 1188 1754 et
1217 1700 1481 1770 iniquum
1521 1715 1682 1769 opus,
1743 1699 2012 1753 clericum
2043 1711 2082 1764 Β

312 1794 374 1848 in
411 1795 437 1849 J
446 1794 570 1848 udis
610 1791 876 1858 inveniri,
929 1795 1026 1844 aut
1055 1805 1184 1844 cum
1207 1787 1597 1858 accipitribus,
1623 1787 1712 1840 vel
1742 1787 2009 1840 venatio-

313 1882 483 1938 nibus
505 1883 712 1952 degere
742 1881 937 1948 vitam,
985 1879 1271 1948 tantisque
1303 1875 1540 1930 scenicis
1570 1875 1754 1930 causis
1783 1875 2009 1930 saucia-

313 1976 460 2035 tum,
487 1970 557 2024 ad
588 1969 978 2039 episcopatum
1007 1971 1106 2036 aut
1126 1965 1568 2036 presbyterium,
1602 1964 1687 2018 vel
1722 1963 2006 2034 quibusli-

312 2059 408 2114 bet
437 2057 875 2112 sacerdotalibus
906 2054 1110 2109 ofticiis
1167 2053 1454 2120 accedere,
1514 2069 1630 2106 non
1690 2053 1873 2120 bonis,
1906 2053 2004 2106 sed

311 2147 479 2201 malis
509 2146 657 2199 vitiis
696 2146 952 2216 plenum.
979 2142 1262 2213 Scriptum
1296 2157 1544 2212 namque
1600 2146 1686 2194 est
1716 2157 1728 2194 :
1765 2139 1872 2204 Qui
1926 2139 2008 2193 di-

313 2234 492 2306 ligitis
523 2233 853 2301 Dominum,
892 2231 1042 2285 odite
1099 2231 1335 2284 malum.
1369 2231 1510 2284 Nam
1561 2234 1619 2283 et
1656 2229 1763 2283 hoc
1813 2229 2005 2282 horta-

313 2338 446 2376 mur
484 2320 971 2376 Christianitatem
1037 2323 1304 2384 vestram,
1362 2323 1425 2372 ut
1468 2319 1630 2390 juxta
1677 2322 2004 2370 sanctorum

313 2426 598 2464 canonum
647 2409 928 2473 instituta,
984 2423 1091 2461 nec
1146 2407 1408 2461 Ecclesiis
1448 2424 1474 2459 a
1537 2406 1695 2460 vobis
1752 2403 2004 2459 fundatis

314 2499 546 2554 aliunde
572 2499 802 2552 veniens
850 2496 1148 2567 presbyter
1191 2495 1550 2566 suscipiatur,
1597 2494 1706 2548 nisi
1739 2511 1771 2547 a
1806 2498 2003 2547 vestrae

313 2587 572 2642 Ecclesia:
630 2585 802 2639 fuerit
853 2584 1120 2654 episcopo
1169 2588 1552 2648 consecratus,
1616 2587 1713 2636 aut
1776 2598 1842 2634 eo
1896 2597 2002 2652 per

311 2674 806 2730 commendatitias
845 2673 1062 2726 litteras
1101 2672 1462 2742 suscipiatur.
1493 2671 1654 2725 Multi
1684 2670 1837 2724 enim
1871 2671 2003 2724 sibi-

312 2764 571 2834 metipsis
599 2763 916 2829 mendaces,
947 2761 1234 2814 multoties
1265 2761 1411 2814 servi
1443 2760 1778 2831 cujusquam
1806 2759 2002 2827 fugam

310 2853 670 2923 arripientes,
717 2850 967 2904 dominis
1033 2849 1148 2903 suis
1208 2849 1544 2919 semetipsos
1603 2848 1765 2919 quasi
1803 2864 1999 2901 conse-

311 2949 496 2995 cratos
543 2941 905 3011 presbyteros
936 2939 1299 3005 annuntiant,
1335 2939 1472 2992 dum
1522 2953 1638 2991 non
1684 2937 1816 2990 sint.
1858 2937 2001 2990 Sunt

312 3037 504 3086 autem
541 3028 788 3082 ministri
828 3026 1038 3082 diaboli
1070 3032 1125 3080 et
1161 3043 1279 3080 non
1312 3026 1430 3092 Dei,
1464 3031 1520 3081 et
1548 3025 1646 3096 qui
1683 3042 1780 3078 eos
1829 3025 2000 3078 susci-

308 3120 471 3191 piant
501 3117 804 3172 similiter:
843 3117 977 3188 quia
1015 3115 1291 3186 scriptum
1323 3125 1406 3170 est
1444 3131 1456 3169 :
1510 3114 1747 3168 Videbas
1789 3113 1994 3183 furem,

309 3213 365 3261 et
392 3223 520 3261 cum
553 3223 619 3260 eo
649 3206 934 3272 currebas,
956 3211 1060 3258 etc.

310 3299 437 3351 CAP.
475 3297 648 3351 XXXI.
687 3325 746 3335 —
803 3296 869 3348 Ut
903 3293 1093 3347 θαάκί
1138 3307 1302 3416 stuper
1359 3291 1696 3348 Christianos
1733 3306 1840 3345 non
1892 3309 1998 3362 po-

1039 3379 1150 3416 nan
1179 3379 1261 3416 ur.

1039 3379 1261 3417 nuntur.

377 3456 485 3520 (Ea:
515 3454 735 3508 concilio
765 3451 1045 3518 Mctdeusi,
1073 3452 1250 3514 capite
1281 3448 1358 3513 3.)
1404 3449 1481 3502 Ne
1514 3447 1693 3502 Judaei
1749 3447 1993 3500 admini-

307 3541 570 3594 stratorio
601 3557 703 3593 usu
737 3539 839 3592 sub
901 3538 1101 3592 ordine
1157 3536 1475 3590 villicorum
1526 3540 1696 3606 atque
1740 3540 1993 3589 actorum

308 3627 681 3682 Christianam
711 3628 982 3680 familiam
1016 3641 1214 3696 regere
1260 3625 1525 3690 audeant,
1578 3640 1682 3677 nec
1714 3624 1796 3679 eis
1830 3625 1937 3678 hoc
1965 3641 1996 3678 a

305 3732 596 3787 quoquam
628 3716 752 3770 ﬁeri
783 3715 1168 3785 praecipiatur.
1209 3714 1265 3768 Si
1318 3713 1448 3782 quis
1485 3729 1615 3765 vero
1649 3718 1845 3766 contra
1874 3713 1995 3766 haec

304 3821 474 3875 agere
496 3805 940 3875 praesumpserit,
972 3803 1016 3856 si
1047 3803 1364 3872 episcopus,
1399 3801 1717 3872 presbyter,
1749 3806 1845 3856 aut
1882 3801 1996 3855 dia-

305 3909 484 3946 conus
509 3893 700 3960 fuerit,
743 3891 977 3962 proprio
1011 3895 1434 3944 summoveatur
1488 3890 1664 3959 gradu
1701 3905 1714 3943 :
1765 3890 1812 3943 si
1862 3907 1994 3945 vero

305 3980 618 4034 monachus
648 3979 842 4046 fuerit,
883 3977 1290 4032 communione
1315 3977 1586 4048 privetur.
1628 3977 1902 4032 Similiter
1939 3983 1996 4033 et

302 4069 498 4123 laicus.
543 4070 607 4122 Et
659 4068 706 4121 si
756 4067 1238 4140 perseveraverint
1303 4067 1717 4134 inobedientes,
1763 4067 1995 4122 anathe-

303 4158 663 4211 matizentur.

2129 513 2412 566 meatibus
2469 512 2840 582 praelatorum
2898 509 3248 564 adminiculo
3330 509 3618 563 destituta:
3703 509 3830 562 fati-

2127 607 2309 655 scunt.

2129 708 2254 762 CAP.
2279 709 2508 763 XXXIII.
2530 737 2598 748 —
2612 710 2682 762 De
2702 707 2793 761 illo
2815 709 2912 775 qui
2929 722 3028 774 pro
3049 707 3314 761 catholica
3328 706 3435 774 ﬁde
3452 707 3831 760 tribulationes

2849 781 3084 847 patitur.

2196 868 2303 938 (Ea:
2332 869 2551 922 concilio
2592 867 2898 935 Carthagi.,
2947 869 3123 936 capite
3170 865 3277 935 43.)
3312 865 3700 918 Christianum
3736 881 3830 917 ca-

2123 956 2422 1022 tholicum,
2465 955 2564 1026 qui
2595 972 2699 1024 pro
2731 955 3008 1008 catholica
3038 954 3170 1021 ﬁde,
3205 959 3260 1007 et
3291 970 3396 1023 pro
3437 953 3830 1006 ecclesiasticis

2123 1045 2316 1109 rebus,
2349 1050 2404 1098 et
2431 1043 2753 1097 Christiana
2791 1043 3071 1111 religione
3131 1041 3522 1095 tribulationes
3584 1041 3825 1110 patitur,

2123 1133 2282 1186 omni
2326 1133 2544 1185 honore
2577 1148 2609 1185 a
2658 1130 3046 1184 sacerdotibus
3076 1130 3496 1196 honorandum,
3553 1129 3732 1182 etiam
3773 1134 3827 1181 et

2124 1237 2224 1292 per
2245 1221 2552 1274 diaconum
2582 1220 2762 1273 victus
2792 1219 2842 1273 ei
2869 1220 3248 1272 ministretur.

2123 1328 2250 1382 CAP.
2277 1328 2498 1384 XXXIV.
2516 1357 2583 1366 -——
2602 1328 2679 1380 De
2700 1327 3020 1392 ham-edibus,
3045 1326 3264 1394 sijussa
3294 1325 3566 1378 testatoris
3590 1339 3701 1378 non
3728 1326 3826 1377 im-

2448 1400 2733 1466 pleverim,
2763 1402 2825 1451 ut
2857 1400 3135 1466 episcopus
3161 1397 3477 1464 adimpleat.

2192 1488 2300 1558 (Ea:
2327 1488 2548 1542 concilio
2609 1488 2879 1557 Mogunt.,
2935 1487 3207 1554 capitel.)
3269 1483 3327 1538 Si
3382 1483 3639 1537 hezredes
3663 1483 3826 1553 jussa

2122 1575 2406 1630 testatoris
2437 1591 2552 1628 non
2585 1573 3044 1645 adimpleverint,
3089 1573 3160 1628 ab
3216 1572 3482 1643 episcopo
3512 1572 3625 1626 loci
3664 1572 3825 1626 illius

2121 1665 2309 1718 omnis
2338 1681 2447 1730 res,
2480 1681 2608 1734 quae
2638 1664 2726 1716 his
2756 1663 2950 1717 relicta
2969 1668 3070 1726 est,
3107 1662 3378 1716 canonice
3417 1661 3821 1728 interdicatur,

2121 1770 2250 1808 cum
2312 1753 2610 1818 fructibus,
2653 1752 2874 1806 caeteris
2935 1751 3362 1817 emolumentis,
3421 1755 3482 1805 ut
3537 1754 3670 1805 vota
3722 1750 3823 1805 de-

2116 1842 2295 1897 functi
2324 1843 2693 1913 impleantur.

2118 1949 2244 2003 CAP.
2273 1949 2468 2003 XXXV.
2506 1979 2568 1990 —
2603 1951 2668 2003 Ut
2693 1949 2824 2002 laici
2867 1949 3115 2016 quamvis
3160 1948 3401 2016 religiosz
3452 1947 3822 2002 eccksiastica

2736 2035 2842 2073 non
2871 2020 3182 2086 disponant.

2187 2108 2295 2176 (Ea:
2322 2108 2518 2176 eodem,
2579 2109 2756 2176 capite
2811 2111 2886 2174 5.)
2938 2107 3139 2172 Laicis,
3196 2105 3458 2177 quamvis
3507 2105 3818 2176 religiosis,

2112 2196 2270 2249 nullo
2302 2195 2468 2248 modo
2501 2195 2569 2248 de
2592 2193 2986 2248 ecclesiasticis
3017 2193 3381 2247 facultatibus
3427 2193 3646 2264 aliquid
3692 2193 3820 2248 dis-

2111 2283 2365 2353 ponendi
2407 2299 2659 2353 unquam
2692 2283 3034 2336 attribuatur
3062 2282 3317 2336 facultas.

2114 2372 2240 2426 CAP.
2263 2371 2477 2425 XXXVI.
2499 2400 2565 2410 —
2588 2373 2658 2424 De
2675 2372 2786 2424 illis
2809 2373 2906 2440 qui
2923 2385 3007 2423 res
3039 2371 3292 2424 Ecclesiae
3314 2385 3347 2423 a
3366 2370 3584 2436 regibus
3600 2375 3811 2439 petunt.

2183 2463 2293 2525 (Ern
2352 2459 2574 2512 concilio
2617 2459 2980 2525 Lugdunensi,
3014 2462 3191 2528 capite
3232 2458 3344 2528 tl.)
3368 2459 3474 2522 Qui
3506 2474 3594 2511 res
3627 2460 3813 2513 Eccle-

2111 2548 2206 2600 siae
2246 2551 2509 2618 petunta
2559 2546 2808 2616 regibus,
2844 2551 2901 2599 et
2951 2546 3255 2600 horrendae
3313 2546 3640 2616 cupiditatis
3695 2547 3814 2600 im-

2109 2637 2280 2706 pulsu
2310 2635 2602 2705 egentium
2625 2634 3003 2688 substantiam
3029 2634 3284 2704 rapiunt,
3329 2633 3489 2687 irrita
3553 2635 3814 2689 habean-

2115 2735 2205 2778 tur
2235 2740 2364 2794 quae
2395 2723 2677 2788 obtinent,
2713 2727 2769 2776 et
2798 2739 2830 2775 a
2859 2723 3264 2776 communione
3313 2722 3588 2788 Ecclesim,
3649 2723 3816 2793 cujus

2109 2813 2442 2866 facultatem
2478 2811 2702 2864 auferre
2751 2809 3012 2880 cupiunt,
3057 2810 3448 2864 excludantur.

2109 2919 2237 2972 CAP.
2270 2918 2515 2972 XXXVII.
2548 2947 2613 2957 --
2640 2917 2720 2970 De
2763 2931 2840 2981 eo,
2876 2917 2927 2969 si
2975 2917 3251 2984 episc0pus
3299 2916 3740 2983 ecclesiasticum,
3765 2921 3815 2969 et

2250 3004 2441 3053 comes,
2490 2988 2726 3042 seculare
2752 2988 3018 3055 placitum
3048 3002 3158 3039 una
3188 2987 3274 3038 die
3301 2985 3662 3038 condimcrint.

2179 3077 2300 3145 (Ea:
2330 3077 2552 3131 concilio
2589 3076 2852 3140 Triburi.,
2875 3077 2962 3128 cui
2990 3076 3244 3140 interfuit
3299 3089 3397 3126 rem
3469 3073 3810 3142 Arnolphus',

2108 3167 2284 3234 capite
2312 3167 2388 3232 9.)
2412 3166 2551 3218 Cum
2586 3168 2777 3218 autem
2811 3162 3110 3232 episcopus
3150 3161 3451 3216 Ecclesiam
3489 3178 3520 3214 a
3560 3162 3811 3214 Domino

2110 3256 2224 3309 Deo
2274 3254 2380 3308 sibi
2421 3254 2781 3307 commissam
2831 3267 3053 3322 regens,
3115 3251 3504 3321 episcopatum
3560 3251 3809 3314 circum-

2107 3343 2296 3398 eundo
2354 3342 2683 3412 perrexerit,
2746 3345 2803 3395 et
2867 3340 3140 3410 placitum
3190 3339 3461 3392 canonice
3528 3340 3809 3392 constitu-

2105 3435 2228 3486 tum
2291 3431 2623 3497 decreverit,
2675 3430 3072 3500 populumque
3123 3428 3230 3481 sibi
3287 3427 3659 3481 commissum
3709 3429 3810 3482 illo

2105 3519 2452 3589 invitaverit,
2476 3525 2648 3590 atque
2682 3535 2872 3573 comes
2903 3519 3102 3572 eadem
3149 3517 3240 3571 die
3288 3517 3466 3570 sciens
3527 3517 3808 3586 placitum

2105 3610 2174 3663 ab
2204 3611 2468 3679 episcopo
2516 3608 2860 3674 condictum,
2902 3607 2988 3660 vel
3017 3606 3277 3660 nesciens
3329 3604 3602 3675 placitum
3675 3623 3808 3660 cum

2107 3700 2317 3768 populo
2345 3715 2448 3751 suo
2488 3696 2822 3762 condixerit,
2856 3700 2912 3750 et
2944 3697 3135 3750 banno
3166 3695 3301 3749 illuc
3344 3694 3538 3747 venire
3587 3709 3806 3763 prmce-

2103 3787 2273 3857 perit,
2316 3786 2586 3857 placitum
2614 3785 2837 3840 comitis
2883 3801 3081 3839 omnes
3131 3789 3499 3855 postponant,
3528 3788 3583 3836 et
3613 3800 3808 3838 comes

2102 3876 2244 3946 ipse,
2277 3877 2545 3946 idemque
2602 3876 2850 3945 populus
2880 3879 3005 3944 post
3037 3873 3367 3944 episcopum
3414 3873 3616 3926 festiue
3681 3889 3806 3943 per-

2104 3969 2260 4034 gant,
2313 3964 2553 4018 scientes
2608 3980 2667 4016 se
2721 3979 2838 4017 non
2917 3963 3036 4016 illic
3094 3962 3365 4016 seditiosa
3437 3961 3805 4015 contentione

2105 4054 2416 4119 decertare,
2471 4053 2570 4106 sed
2623 4068 2724 4123 pro
2801 4051 2913 4106 fide
2971 4051 3247 4104 catholica
3303 4050 3623 4118 invigilare,
3685 4066 3802 4104 non

2103 4142 2396 4194 cumulum
2444 4140 2812 4210 pecuniarum
2860 4139 2955 4193 sed
2999 4141 3220 4192 lucrum
3285 4153 3632 4208 congregare
3673 4137 3803 4190 ani-

301 4247 429 4301 CAP.
461 4245 658 4300 XXXII.
691 4275 760 4284 —-
785 4243 1153 4324 Quod_sa7_zc_ta
1183 4243 1420 4324 Ecclesia
1450 4259 1617 4298 unum
1647 4243 1866 4298 Patrem
1892 4245 1990 4298 ha-
2022 4271 2064 4324 υ
2105 4246 2350 4324 ξξιᾶτυῐηι
2388 4230 2554 4324 umis
2599 4230 2659 4282 in
2680 4231 2896 4324 Eadm:
2947 4228 3097 4324 δεξθῖιί
3122 4227 3461 4324 ῃειθξυθξὶίξε
3513 4226 3753 4324 θιρίξίοιῖι
3785 4243 3798 4279 ε

937 4316 1057 4370 beat
1086 4318 1143 4369 in
1171 4317 1335 4369 caelis.

369 4406 476 4477 (Ea:
506 4407 728 4461 concilio
765 4406 1047 4472 Cabillon.,
1079 4405 1254 4475 capite
1279 4404 1386 4475 51.)
1419 4405 1561 4469 Quia
1593 4419 1729 4473 ergo
1771 4409 1993 4459 constat

251 4494 353 4552 sin
385 4495 624 4548 Ecclesia
666 4495 1018 4549 diversarum
1068 4494 1462 4548 conditionum
1529 4492 1793 4546 homines
1848 4509 1988 4559 esse,

299 4589 359 4636 ut
388 4590 519 4636 sunt
550 4584 786 4650 nobiles,
821 4589 877 4638 et
906 4584 1205 4654 ignobiles,
1243 4582 1410 4649 servi,
1455 4579 1666 4650 coloni,
1695 4580 1986 4652 inquilini,

297 4677 352 4724 et
379 4677 584 4725 caetera
608 4672 934 4742 hujusmodi
981 4672 1236 4738 nomina,
1267 4675 1510 4740 oportet,
1559 4674 1622 4723 ut
1662 4671 1989 4741 quicunque

297 4760 376 4812 eis
416 4760 638 4830 przelati
683 4765 831 4827 sunt,
877 4759 1090 4826 clerici,
1137 4759 1252 4812 sive
1292 4758 1438 4825 laici,
1492 4758 1802 4812 clementer
1855 4775 1991 4829 erga

297 4864 395 4902 eos
449 4854 640 4919 agant,
688 4853 743 4902 et
801 4848 1240 4906 misericorditer
1287 4863 1384 4900 eos
1438 4851 1699 4913 tractent,
1759 4847 1872 4900 sive
1928 4848 1988 4902 in

295 4938 590 5008 exigendis
621 4938 692 4991 ab
717 4937 797 4990 eis
852 4937 1142 5006 operibus,
1193 4935 1310 4989 sive
1365 4934 1424 4988 in
1480 4935 1822 5004 accipiendis
1885 4936 1985 4989 tri-

289 5023 463 5090 butis,
498 5028 554 5077 et
599 5023 942 5095 quibusdam
1002 5021 1228 5088 debitis,
1283 5022 1578 5093 sciantque
1628 5038 1724 5076 eos
1785 5023 1986 5077 fratres

293 5129 422 5166 suos
453 5129 594 5182 esse,
641 5118 699 5166 et
729 5128 908 5166 unum
965 5116 1184 5181 patrem
1243 5110 1453 5164 habere
1507 5112 1710 5178 Deum,
1761 5112 1851 5165 cui
1909 5113 1987 5166 sic

290 5202 583 5256 clamant:
618 5204 784 5255 Pater
829 5205 1023 5255 noster
1055 5199 1154 5270 qui
1203 5216 1261 5252 es
1319 5199 1377 5252 in
1418 5201 1590 5264 cmlis,
1649 5216 1824 5254 unam
1863 5217 1984 5255 ma-

290 5295 439 5344 trem
469 5296 718 5344 sauctam
763 5289 1084 5354 Ecclesiam,
1118 5305 1246 5358 quae
1295 5305 1391 5342 eos
1440 5291 1780 5342 intemerato
1841 5289 1984 5343 sacri

291 5379 460 5432 fontis
493 5385 652 5431 utero
684 5379 885 5448 gignit.
950 5379 1259 5447 Disciplina
1311 5377 1486 5444 igitur
1525 5378 1604 5430 eis
1657 5378 1982 5431 misericor-

289 5467 541 5533 dissima,
599 5473 653 5520 et
701 5467 1039 5536 gubernatio
1096 5472 1422 5538 opportuna
1482 5467 1808 5521 adhibenda
1877 5473 1977 5522 est.

290 5554 616 5626 Disciplina:
643 5556 702 5611 in
738 5555 1039 5626 disciplina
1074 5562 1131 5610 te
1173 5555 1435 5622 vivendo,
1474 5561 1764 5610 auctorem
1812 5573 1982 5611 suum

2105 4320 2384 4384 Vestrum,
2409 4317 2508 4387 qui
2541 4317 2830 4386 legatione
2862 4315 3088 4370 Domini
3116 4315 3446 4386 fungimini,
3477 4320 3560 4368 est
3593 4315 3798 4368 docere

2103 4407 2388 4477 populos:
2423 4422 2622 4460 eorum
2656 4422 2786 4460 vero
2835 4409 2940 4467 est,
2972 4405 3130 4459 vobis
3173 4404 3405 4458 obedire
3451 4403 3510 4455 in
3561 4405 3694 4457 Deo.
3735 4404 3800 4456 Et

2102 4496 2159 4549 in
2187 4495 2429 4565 epistola
2485 4494 2788 4548 Alexandri
2847 4511 3011 4565 papa:
3065 4493 3374 4546 successori
3425 4492 3700 4545 Evaristi:
3737 4491 3798 4546 Si

2102 4584 2227 4655 quis
2254 4589 2446 4638 autem
2466 4583 2812 4652 legationem
2841 4588 3085 4637 vestram
3133 4582 3395 4651 impedit,
3441 4596 3556 4633 non
3597 4580 3792 4642 unius,

2101 4673 2197 4727 sed
2227 4674 2544 4727 multorum
2569 4671 2891 4742 profectum
2922 4671 3142 4725 avertit.
3179 4671 3244 4724 Et
3281 4669 3426 4723 sicut
3465 4669 3661 4722 multis
3695 4686 3798 4722 no-

2099 4765 2207 4830 cet,
2235 4763 2312 4814 ita
2341 4777 2375 4814 a
2403 4760 2596 4814 multis
2620 4765 2704 4813 est
2735 4760 3061 4830 arguendus
3097 4775 3108 4812 :
3135 4762 3190 4812 et
3221 4757 3353 4828 quia
3411 4757 3510 4811 Dei
3560 4773 3796 4810 causam

2097 4849 2338 4920 impedit
2367 4855 2424 4902 et
2461 4853 2671 4902 statum
2705 4847 2966 4903 Ecclesiae
3019 4848 3338 4912 conturbat,
3372 4847 3500 4900 ideo
3551 4861 3586 4898 a
3641 4846 3794 4899 limi-

2097 4939 2262 4993 nibus
2293 4939 2413 5009 ejus
2451 4943 2729 4992 arceatur.
2764 4939 3127 5008 Quapropter
3164 4937 3357 4990 nullus
3407 4950 3621 5002 comes,
3663 4935 3797 4988 nul-

2096 5028 2299 5098 lusque
2323 5027 2527 5098 judex,
2561 5027 2752 5081 nullus
2784 5027 3020 5080 omnino
3051 5025 3113 5078 in
3143 5025 3429 5089 clericatu,
3485 5025 3570 5077 vel
3630 5041 3800 5078 secu-

2096 5114 2200 5168 lari
2232 5114 2424 5168 habitu
2461 5113 2821 5180 constitutus,
2889 5113 3175 5183 legatione
3236 5111 3638 5181 episcoporum
3686 5112 3800 5164 im-

2095 5203 2306 5273 pediat,
2338 5203 2427 5256 vel
2476 5203 2815 5256 conturbare
2863 5206 3190 5272 praesumat.
3240 5201 3309 5255 Ut
3351 5206 3545 5254 autem
3594 5200 3805 5254 unani-

2096 5291 2262 5345 mitas
2310 5297 2365 5344 et
2395 5291 2696 5345 concordia
2746 5291 2818 5344 sit
2879 5291 3030 5344 inter
3073 5291 3371 5361 episcopos
3423 5294 3482 5342 et
3533 5289 3798 5357 comites,

2096 5380 2325 5450 placuit,
2361 5380 2494 5433 utsi
2529 5380 2656 5450 quis
2699 5379 2998 5450 episcopus
3038 5380 3194 5432 domi
3239 5377 3487 5431 residens
3545 5393 3800 5430 conven-

2094 5475 2217 5523 tum
2244 5469 2446 5540 populi
2471 5485 2589 5522 esse
2612 5469 2873 5534 voluerit,
2937 5472 2994 5522 et
3032 5485 3244 5533 comes,
3302 5467 3682 5519 nihilominus
3739 5470 3801 5520 in

2092 5558 2220 5628 ipsa
2301 5558 2498 5612 eadem
2577 5557 2668 5612 die
2725 5558 3000 5628 placitum
3096 5556 3433 5624 condixerit,
3527 5555 3796 5610 elfectum
