3944 6320
118 359 216 409 905

912 354 1382 409 DECRETORUM
1428 355 1608 410 LIBRI
1650 354 1750 409 XX.
1794 385 1862 396 —
1903 357 2113 412 LIBER
2155 355 2456 410 DECIMUS
2495 356 2811 420 QUINTUS.

3510 361 3611 415 906

115 476 368 529 obtineat
398 476 497 547 qui
528 475 688 547 prior
734 475 1104 531 indicaverat.
1164 476 1329 531 Salva
1377 482 1572 531 tamen
1615 478 1810 548 digni-
1839 480 1882 532 A
1924 478 2164 547 alicujus
2214 493 2278 531 ex
2307 494 2561 548 paupere
2599 477 2800 531 divites
2830 477 2984 543 facit,
3019 482 3077 531 et
3109 478 3263 550 quod
3304 480 3468 551 juxta
3515 498 3615 551 po-

114 569 247 630 tate,
280 570 339 617 et
366 569 645 635 potestate
675 565 949 636 episcopi.

253 653 380 707 CAP.
415 653 684 708 XXXVIII.
722 682 790 691 —-
822 655 899 707 De
922 654 1139 721 regibus
1174 654 1300 708 bene
1336 653 1665 720 regentibus.

180 742 295 810 (Ea:
341 741 503 795 dictis
558 743 615 797 S.
671 742 893 811 Isidor.)
946 742 1088 806 Quia
1144 742 1299 796 intra
1349 744 1605 796 seculum
1665 744 1811 797 bene

111 830 790 900 temporaliterimperat,
822 831 944 883 sine
974 831 1087 883 ﬁne
1111 831 1167 884 in
1198 836 1540 902 perpetuum
1587 837 1808 901 regnat,

111 923 167 972 et
198 919 267 972 de
298 919 479 989 gloria
508 920 681 972 seculi
712 919 903 989 hujus,
938 920 1006 972 ad
1030 926 1300 973 aeternam
1325 925 1637 973 transmeat
1685 922 1809 991 glo-

113 1008 278 1060 riam.
309 1007 417 1071 Qui
447 1023 580 1061 vero
608 1024 781 1078 prave
830 1024 1074 1078 regnum
1102 1013 1382 1075 exercent,
1433 1013 1559 1079 post
1598 1016 1811 1063 vestem

113 1094 446 1165 fulgentem,
490 1102 547 1150 et
575 1096 795 1150 lumina
841 1096 1195 1166 lapillorum,
1246 1096 1387 1150 nudi
1433 1101 1490 1151 et
1528 1096 1722 1150 miseri
1741 1098 1809 1151 ad

110 1183 337 1237 inferna
365 1185 671 1255 torquendi
717 1186 1069 1239 descendunt
1101 1202 1318 1255 regesa
1374 1193 1523 1240 recte
1588 1186 1812 1257 agendo

112 1273 297 1326 vocati
331 1278 482 1340 sunt,
511 1274 756 1344 ideoque
786 1279 936 1327 recte
958 1274 1220 1328 faciendo
1241 1274 1388 1344 regis
1416 1289 1626 1327 nomen
1659 1279 1813 1328 tene-

112 1365 229 1427 tur,
258 1362 545 1432 peccando
576 1362 874 1417 amittitur.
910 1364 1049 1417 Nam
1073 1362 1292 1416 etviros
1315 1368 1537 1416 sanctos
1567 1362 1810 1433 proinde

113 1467 277 1521 reges
300 1451 489 1504 vocari
518 1451 578 1504 in
624 1452 796 1505 sacris
830 1451 1090 1522 eloquiis,
1143 1467 1209 1504 eo
1244 1451 1395 1521 quod
1425 1455 1574 1504 recte
1614 1456 1807 1520 agant,

112 1556 427 1610 sensusque
466 1541 724 1610 proprios
763 1541 907 1595 bene
936 1544 1161 1611 regant,
1190 1544 1247 1594 et
1298 1544 1486 1593 motus
1517 1539 1606 1593 his
1666 1539 1809 1593 resi-

112 1634 326 1683 stentes
356 1628 462 1681 sibi
492 1630 822 1683 rationabili
854 1616 1197 1683 discretione
1239 1632 1604 1698 componant.
1640 1628 1809 1682 Recte

112 1716 287 1787 igitur
312 1718 579 1787 illireges
605 1722 898 1785 vocantur,
933 1717 1033 1789 qui
1062 1723 1179 1771 tam
1217 1717 1571 1786 semetipsos,
1633 1733 1806 1787 quam

112 1806 397 1876 subjectos
444 1806 588 1860 bene
640 1807 889 1877 regendo
949 1807 1280 1860 modiﬁcare
1314 1811 1616 1859 noverunt.
1663 1806 1805 1870 Qui-

112 1895 244 1949 dam
268 1896 456 1965 ipsum
493 1911 699 1949 nomen
723 1895 1037 1967 regimiuis,
1068 1896 1137 1949 ad
1169 1894 1586 1949 immanitatem
1626 1899 1809 1949 trans-

113 1989 344 2039 vertunt
383 1985 772 2039 crudelitatis:
824 1986 1076 2055 dumque
1107 1985 1177 2038 ad
1224 1985 1450 2037 culmen
1515 1983 1810 2054 potestatis

114 2073 393 2138 venerint,
440 2074 498 2126 in
554 2074 896 2143 apostasiam
946 2073 1138 2127 statim
1187 2073 1477 2139 labuntur,
1535 2076 1811 2141 tantoque

111 2179 170 2215 se
201 2166 429 2216 tumore
464 2162 673 2216 mentis
729 2163 1027 2228 extollunt,
1074 2166 1137 2215 ut
1166 2166 1399 2215 cunctos
1437 2160 1693 2214 subditos
1748 2160 1808 2213 in

112 2249 199 2303 sui
228 2249 656 2318 comparatione
688 2249 1022 2319 despiciant,
1058 2264 1269 2320 eosque
1301 2248 1509 2318 quibus
1565 2263 1810 2318 praeesse

112 2337 375 2407 contigit,
407 2354 524 2391 non
554 2343 886 2408 agnoscant.
919 2338 1137 2402 Quibus
1166 2352 1415 2407 congrue
1465 2352 1567 2407 per
1624 2337 1807 2389 Eccle-

111 2428 324 2481 siasten
381 2426 630 2481 dicitur:
699 2428 907 2481 Ducem
956 2431 1011 2480 te
1064 2425 1353 2491 constitui,
1412 2424 1533 2478 noli
1592 2424 1806 2479 extolli.

113 2517 263 2570 Dum
304 2516 504 2569 mundi
555 2531 715 2586 reges
775 2531 833 2568 se
872 2514 1091 2569 caeteris
1122 2513 1487 2568 sublimiores
1533 2514 1807 2581 sentiunt,

113 2606 387 2659 mortales
418 2610 611 2658 tamen
640 2622 698 2658 se
744 2620 867 2657 esse
893 2608 1238 2674 cognoscant
1272 2619 1284 2656 :
1311 2618 1415 2656 nec
1470 2603 1633 2673 regni
1682 2604 1810 2673 glo-

112 2695 283 2759 riam,
312 2693 413 2764 qui
442 2693 501 2747 in
531 2694 719 2747 seculo
751 2693 1152 2760 sublimantur,
1205 2694 1500 2761 aspiciant,
1539 2692 1635 2744 sed
1667 2707 1810 2761 opus

112 2783 267 2854 quod
303 2798 493 2836 secum
526 2783 597 2836 ad
626 2783 839 2836 inferos
870 2782 1196 2853 deportant,
1242 2782 1561 2834 intendant.
1595 2780 1651 2834 Si
1672 2796 1809 2850 ergo

113 2870 395 2925 carebunt
412 2870 584 2940 hujus
614 2871 886 2941 temporis
915 2870 1117 2941 gloria,
1142 2870 1238 2923 illa
1297 2873 1491 2939 agant,
1516 2884 1645 2939 quae
1683 2871 1812 2937 post

111 2959 290 3012 ﬁnem
319 2959 441 3012 sine
490 2958 603 3013 ﬁne
642 2959 990 3029 possideant.
1044 2959 1191 3011 Dum
1245 2958 1553 3027 Apostolus
1615 2956 1809 3009 dicat:

1920 572 2181 621 testatem
2217 586 2249 622 a
2300 568 2527 636 populis
2562 571 2900 637 extorquere
2945 572 3187 635 poterat,
3259 586 3409 638 saepe
3441 570 3613 625 mise-

1920 656 2178 709 ricordiae
2246 655 2549 708 clementia
2607 655 2799 709 donat.
2861 655 3027 709 Dedit
3069 656 3216 709 Deus
3257 658 3614 729 principibus

1918 745 2285 813 przesulatum
2338 760 2439 813 pro
2469 742 2749 812 regimine
2779 742 3123 813 populorum
3170 760 3182 797 :
3224 750 3283 799 et
3352 746 3462 800 illis
3521 764 3616 802 eos

1919 847 2159 901 przeesse
2189 832 2389 897 voluit,
2432 847 2562 883 cum
2621 830 2829 901 quibus
2880 847 2993 884 una
3045 837 3129 885 est
3177 833 3257 887 eis
3321 836 3615 904 nascendi,

1919 920 2314 990 moriendique
2341 919 2613 972 conditio.
2647 918 2917 973 Prudesse
2946 936 3083 990 ergo
3142 922 3313 977 debet
3391 926 3617 993 populis

1918 1008 2291 1078 principatus,
2342 1023 2455 1061 non
2492 1022 2714 1074 nocere,
2774 1023 2878 1061 nec
2920 1008 3269 1064 dominando
3332 1028 3615 1081 premere,

1918 1097 2014 1150 sed
2045 1096 2552 1150 condescendendo
2584 1096 2906 1163 consulere;
2936 1101 2998 1151 ut
3040 1114 3170 1151 vere
3202 1099 3274 1175 sit
3317 1101 3457 1154 utile
3512 1102 3619 1157 hoc

1917 1185 2214 1255 potestatis
2245 1185 2494 1255 insigne,
2544 1188 2601 1239 et
2629 1185 2846 1239 donum
2881 1186 2978 1239 Dei
3022 1202 3127 1256 pro
3173 1187 3417 1245 tuitione
3451 1194 3617 1244 utan-

1916 1277 2010 1326 tur
2033 1274 2421 1328 membrorum
2455 1273 2682 1329 Christi.
2725 1274 2974 1328 Membra
3002 1275 3156 1329 enim
3200 1276 3431 1346 Christi,
3475 1279 3617 1335 ﬁde-

1917 1363 1996 1416 les
2029 1369 2162 1417 sunt
2190 1364 2390 1434 populi
2421 1378 2434 1418 :
2472 1380 2615 1435 quos
2664 1363 2800 1417 dum
2843 1380 2910 1417 ea
2948 1368 3222 1434 potestate
3261 1382 3433 1436 quam
3471 1368 3616 1422 acci-

1918 1452 2105 1522 piunt,
2138 1453 2350 1523 optime
2382 1458 2610 1523 regunt,
2644 1452 2856 1506 bonam
2912 1453 3112 1523 utique
3170 1454 3617 1511 vicissitudinem

1917 1540 2033 1594 Deo
2062 1540 2325 1610 largitori
2368 1541 2695 1595 restituunt.
2753 1541 2942 1595 Bonus
2967 1556 3064 1594 rex
3095 1540 3313 1595 facilius
3342 1543 3411 1596 ad
3445 1544 3616 1614 justi-

1917 1627 2057 1682 tiam
2086 1646 2119 1682 a
2149 1629 2354 1682 delicto
2388 1629 2725 1698 regreditur,
2756 1645 2929 1699 quam
2986 1628 3054 1683 de
3087 1630 3311 1699 justitia
3368 1633 3438 1685 ad
3471 1632 3618 1687 deli-

1919 1721 2074 1771 ctum
2126 1718 2511 1771 transfertur:
2577 1718 2647 1771 Ut
2687 1717 2913 1771 noveris
2965 1717 3074 1771 hoc
3118 1734 3241 1772 esse
3281 1736 3495 1787 casum,
3548 1720 3618 1776 il-

1917 1806 2016 1860 lud
2047 1807 2425 1877 propositum.
2460 1807 2524 1860 In
2555 1807 2849 1877 proposito
2899 1807 3022 1876 ejus
3071 1823 3191 1861 esse
3241 1808 3430 1879 debet,
3468 1825 3620 1864 nun-

1919 1911 2091 1965 quam
2124 1896 2317 1966 egredi
2348 1912 2379 1949 a
2426 1896 2663 1949 veritate
2699 1912 2711 1950 :
2749 1895 2899 1967 quod
2956 1895 3003 1949 si
3033 1913 3167 1951 casu
3211 1898 3458 1953 titubare
3484 1915 3618 1953 con-

1916 1984 2132 2055 tigerit,
2159 2001 2292 2038 mox
2318 2000 2634 2054 resurgere.

2273 2074 2398 2127 CAP.
2430 2073 2536 2127 XL.
2571 2074 2732 2125 —De
2747 2074 3023 2141 patientia
3054 2088 3260 2140 regum.

1987 2164 2107 2226 (Ea:
2165 2162 2326 2216 dictis
2358 2162 2645 2230 ejusdem.)
2700 2162 3046 2232 Plerumque
3096 2164 3364 2233 princeps
3410 2164 3619 2235 justus,

1917 2252 2087 2305 etiam
2120 2251 2403 2304 malorum
2435 2266 2657 2304 errores
2689 2250 3049 2304 dissimulare
3094 2253 3271 2305 novit.
3306 2253 3428 2307 Non
3465 2256 3620 2325 quod

1917 2340 2207 2411 iniquitati
2239 2355 2440 2393 eorum
2500 2338 2846 2405 consentiat,
2894 2340 2991 2392 sed
3040 2341 3195 2410 quod
3226 2346 3426 2410 aptum
3474 2347 3621 2396 tem-

1915 2445 2023 2500 pus
2054 2427 2422 2481 correctionis
2473 2432 2741 2496 expectet,
2801 2428 3031 2497 quando
3082 2444 3282 2481 eorum
3313 2430 3470 2497 vitia,
3533 2432 3621 2485 vel

1919 2515 2222 2570 emendare
2253 2515 2456 2580 valeat,
2492 2516 2571 2567 vel
2608 2513 2833 2583 punire.
2879 2514 3036 2568 Multi
3087 2515 3356 2570 adversus
3408 2517 3621 2588 princi-

1916 2621 2015 2676 pes
2063 2603 2474 2673 conjurationis
2521 2602 2761 2655 crimine
2820 2601 3191 2673 deteguntur,
3243 2606 3340 2659 sed
3381 2607 3621 2676 probare

1917 2692 2111 2746 volens
2151 2693 2297 2745 Deus
2323 2691 2685 2745 clementiam
2716 2690 3066 2761 principum,
3102 2692 3228 2746 illos
3275 2696 3423 2747 male
3462 2697 3617 2765 cogi-

1918 2784 2037 2834 tare
2072 2779 2367 2850 permittit,
2421 2779 2558 2832 istos
2607 2794 2725 2832 non
2775 2778 3001 2833 deserit.
3056 2782 3133 2835 De
3184 2781 3414 2836 illorum
3446 2786 3618 2852 malo,

1920 2869 2065 2923 bene
2097 2868 2216 2921 istis
2266 2868 2445 2922 facit:
2507 2867 2644 2921 dum
2690 2868 2886 2937 culpas
2935 2885 3076 2939 quas
3124 2870 3208 2923 illi
3271 2877 3466 2941 agunt,
3528 2873 3621 2928 isti

1921 2959 2065 3013 mira
2092 2957 2370 3028 patientia
2399 2957 2725 3028 indulgent.
2760 2957 3018 3011 Reddere
3051 2958 3267 3013 malum
3298 2977 3404 3030 pro
3447 2961 3620 3029 malo,

110 3047 238 3100 Non
262 3050 346 3100 est
369 3050 640 3117 potestas,
689 3046 853 3099 nisia
889 3047 1025 3099 Deo.
1076 3044 1374 3109 Quomodo
1419 3060 1521 3114 per
1569 3043 1811 3115 prophe-
1850 3052 1889 3107 C
1921 3046 2250 3102 vicissitudo
2294 3049 2377 3099 est
2424 3046 2686 3116 justitiaa.
2741 3045 2850 3100 Sed
2893 3046 2993 3117 qui
3041 3048 3401 3103 clementiam
3464 3050 3625 3105 addit

106 3141 227 3191 tam
259 3135 327 3189 de
359 3136 700 3206 quibusdam
741 3133 1118 3205 potestatibus
1162 3132 1404 3187 dicitur:
1450 3132 1562 3201 Ipsi
1608 3147 1807 3200 regna-

107 3230 337 3291 verunt,
379 3224 477 3277 sed
528 3241 642 3277 non
698 3240 765 3277 ex
811 3223 944 3276 me?
994 3222 1167 3286 Quasi
1226 3221 1484 3275 diceret:
1538 3221 1657 3274 Non
1717 3234 1807 3272 me

106 3313 390 3385 propitio,
446 3312 641 3377 etiam,
701 3313 795 3366 sed
852 3328 943 3366 me
1000 3312 1167 3365 irato.
1212 3310 1370 3364 Unde
1424 3308 1666 3363 inferius
1707 3324 1810 3377 per
1866 3354 1875 3362 .

108 3404 362 3457 eundem
395 3402 734 3472 Prophetam
765 3400 900 3455 dicit
931 3416 944 3455 :
987 3400 1160 3468 Dabo,
1188 3398 1398 3470 inquit,
1447 3397 1548 3451 tibi
1612 3411 1809 3466 regem

107 3492 169 3545 in
195 3491 390 3545 furore
430 3507 577 3544 meo.
612 3490 735 3555 Quo
766 3488 1121 3543 manifestius
1150 3489 1354 3557 elucet,
1394 3487 1624 3548 bonam,
1686 3500 1812 3538 ma—

108 3581 345 3651 lamque
371 3583 705 3651 potestatem
733 3595 765 3631 a
798 3580 912 3632 Deo
944 3577 1197 3631 ordinari
1227 3592 1241 3630 :
1282 3577 1378 3629 sed
1421 3575 1633 3629 bonam
1673 3590 1812 3644 pro-

109 3670 309 3741 pitius,
347 3670 554 3722 malum
593 3667 789 3721 iratus.
837 3668 1019 3736 Reges
1047 3666 1278 3736 quando
1307 3663 1443 3718 boni
1497 3666 1648 3727 sunt,
1693 3678 1813 3714 mu-

110 3758 271 3814 neris
301 3774 421 3811 esse
453 3757 554 3811 Dei
586 3756 854 3827 :quando
892 3771 1026 3809 vero
1060 3754 1216 3820 mali,
1277 3752 1507 3806 sceleris
1551 3768 1668 3805 esse
1718 3767 1814 3821 po-

112 3847 258 3919 puli.
293 3846 615 3902 Secundum
657 3844 927 3898 meritum
962 3843 1117 3897 enim
1162 3841 1439 3913 plebium,
1490 3839 1813 3911 disponitur

112 3938 227 3991 vita
279 3941 587 4001 rectorum,
668 3938 908 3987 testante
964 3931 1117 3986 Job:
1177 3931 1284 3994 Qui
1368 3944 1607 4001 regnare
1682 3928 1816 3982 facit

106 4025 492 4095 hypocritam,
522 4028 757 4093 propter
779 4026 1011 4093 peccata
1053 4021 1273 4091 populi,
1317 4019 1596 4073 irascente
1660 4017 1815 4072 enim

109 4116 225 4170 Deo
252 4114 426 4168 talem
456 4117 737 4167 rectorem
782 4109 982 4182 populi
1022 4110 1361 4179 suscipiunt,
1416 4109 1647 4179 qualem
1712 4122 1814 4177 pro

106 4207 342 4276 peccato
374 4206 685 4255 merentur.
722 4200 1146 4270 Nonnunquam
1178 4214 1282 4268 pro
1355 4197 1575 4251 malitia
1610 4196 1812 4266 plebis,

109 4292 290 4347 etiam
345 4306 510 4361 reges
568 4293 884 4351 mutantur,
937 4294 993 4341 et
1021 4286 1122 4358 qui
1157 4292 1286 4341 ante
1311 4286 1656 4341 videbantur
1696 4301 1815 4339 esse

112 4380 272 4445 boni,
307 4383 538 4449 accepto
570 4394 749 4448 regno
779 4377 927 4431 ﬁunt
951 4376 1157 4447 iniqui.

503 4468 631 4521 CAP.
679 4467 889 4521 XXXIX.
914 4495 983 4505 —
1014 4468 1087 4519 De
1124 4463 1309 4519 eadem
1346 4480 1424 4518 re.

184 4557 294 4628 (Ea:
324 4557 485 4611 dictis
512 4555 786 4625 ejusdem.)
817 4554 923 4618 Qui
955 4560 1106 4608 recte
1138 4554 1320 4607 utitur
1356 4551 1522 4623 regni
1571 4553 1816 4623 potesta-

111 4652 167 4700 te
199 4646 283 4699 ita
320 4662 378 4699 se
402 4648 670 4716 praestare
715 4643 982 4698 omnibus
1024 4641 1210 4709 debet,
1257 4647 1323 4696 ut
1365 4646 1580 4713 quanto
1637 4639 1819 4709 magis

111 4734 354 4791 honoris
383 4733 718 4788 celsitudine
766 4734 957 4801 claret,
1002 4736 1165 4786 tanto
1214 4731 1521 4801 semetipso
1568 4734 1819 4783 mentem

113 4824 385 4879 humiliet
432 4838 758 4894 proponens
787 4821 894 4876 sibi
947 4822 1275 4891 exemplum
1318 4819 1659 4873 humilitatis
1719 4818 1821 4871 Da-

114 4913 232 4979 vid,
264 4912 404 4983 quid
447 4913 516 4965 de
557 4911 673 4964 suis
724 4910 945 4964 meritis
977 4926 1096 4963 non
1123 4909 1352 4971 tumuit,
1384 4909 1480 4963 sed
1524 4907 1822 4961 humiliter

115 5018 239 5056 sese
291 5000 586 5072 dejiciens,
633 4999 818 5055 dixit:
875 4999 1011 5052 Vilis
1055 4997 1338 5065 incedam,
1375 5002 1430 5050 et
1461 4996 1585 5050 vilis
1652 5011 1823 5066 appa-

115 5091 252 5144 rebo
287 5093 418 5144 ante
466 5091 665 5156 Deum,
717 5089 817 5159 qui
870 5086 1044 5158 elegit
1094 5103 1206 5141 me.
1269 5084 1377 5150 Qui
1433 5090 1583 5138 recte
1638 5085 1822 5138 utitur

116 5180 283 5250 regni
314 5182 619 5249 potestate,
641 5178 884 5232 formam
911 5175 1174 5247 justitiae,
1224 5174 1387 5229 factis
1410 5174 1613 5245 magis,
1647 5190 1822 5244 quam

118 5268 304 5324 verbis
351 5266 627 5321 instituet.
693 5266 805 5321 Iste
868 5265 1029 5319 nulla
1087 5263 1471 5334 prosperitate
1556 5261 1820 5331 erigitur,

113 5359 278 5413 nulla
308 5355 670 5418 adversitate,
725 5354 1012 5409 turbatur.
1069 5354 1197 5407 Non
1256 5351 1525 5406 innititur
1576 5350 1823 5421 prepriis

114 5447 357 5510 viribus,
384 5461 489 5499 nec
515 5461 546 5498 a
575 5444 817 5498 Domino
870 5442 1097 5497 recedet
1120 5457 1216 5496 cor
1272 5443 1414 5511 ejus.
1450 5439 1633 5509 Regni
1661 5439 1821 5493 fasti-

118 5537 303 5608 gium,
336 5533 541 5588 humili
584 5532 852 5604 prasidet
880 5531 1093 5586 animo.
1129 5532 1254 5585 Non
1285 5546 1415 5585 eum
1440 5529 1679 5584 delectat
1719 5527 1826 5583 ini-

122 5626 335 5697 quitas,
362 5638 481 5679 non
510 5622 834 5677 inﬂammat
852 5619 1167 5691 cupiditas:
1219 5617 1341 5674 sine
1394 5613 1826 5675 defraudatione

489 5730 768 5794 PATROL.
822 5727 994 5793 CXL.

1912 3134 2173 3207 justitize,
2206 3150 2322 3187 non
2372 3134 2585 3188 malum
2631 3150 2736 3204 pro
2777 3135 2927 3188 malo
2959 3136 3202 3206 culpatis
3256 3138 3463 3205 reddit,
3524 3140 3623 3194 sed

1916 3224 2133 3280 bonum
2163 3241 2266 3295 pro
2301 3224 2450 3276 malo
2479 3222 2711 3276 offensis
2742 3222 3017 3294 impertit.

2062 3313 2190 3366 CAP.
2233 3312 2360 3365 XLI.
2394 3342 2463 3350 —-
2492 3314 2566 3365 De
2605 3311 2816 3366 delictis
2846 3327 3033 3379 regum
3071 3327 3163 3366 seu
3200 3315 3479 3382 exemplis.

1991 3403 2098 3468 (Ea:
2145 3400 2308 3453 dictis
2331 3399 2613 3467 ejusdem.)
2649 3398 2884 3453 Difﬁcile
2915 3404 3001 3452 est
3040 3399 3358 3470 principem
3401 3404 3626 3474 regredi

1918 3487 1988 3541 ad
2024 3486 2247 3553 melius,
2304 3486 2351 3539 si
2389 3486 2539 3540 vitiis
2590 3487 2766 3541 fuerit
2806 3487 3151 3558 implicatus.
3203 3490 3411 3560 Populi
3469 3492 3625 3547 enim

1918 3579 2237 3646 peccantes,
2261 3574 2515 3644 judicem
2544 3579 2830 3630 metuunt.
2874 3576 3055 3646 Reges
3087 3582 3299 3643 autem,
3343 3579 3451 3633 nisi
3501 3581 3623 3635 solo

1924 3664 2023 3719 Dei
2052 3664 2279 3730 timore,
2342 3669 2614 3733 metuque
2673 3665 2954 3733 gehennae
3014 3672 3405 3733 coerceantur,
3459 3669 3622 3724 liberi

1921 3755 1983 3809 in
2016 3769 2265 3824 praeceps
2313 3757 2619 3823 proruunt,
2655 3756 2710 3807 et
2758 3770 2862 3823 per
2892 3754 3207 3825 abruptum
3254 3756 3524 3827 licentiae,
3570 3758 3631 3813 in

1922 3859 2092 3896 omne
2121 3842 2340 3895 facinus
2369 3841 2638 3896 vitiorum
2689 3841 2981 3897 labuntur.
3017 3843 3241 3908 Quanto
3302 3846 3544 3918 quisque
3572 3838 3630 3903 in

1924 3929 2208 4001 superiori
2235 3931 2577 3984 constitutus
2599 3934 2683 3985 est
2712 3931 2857 3998 loco,
2892 3936 3050 3986 tanto
3074 3933 3133 3987 in
3156 3935 3361 4005 majori
3393 3952 3630 3991 conver-

1925 4023 2084 4073 satur
2111 4019 2388 4090 periculo,
2422 4023 2479 4074 et
2508 4023 2723 4090 quanto
2752 4020 3074 4090 splendoris
3113 4021 3330 4077 honore
3387 4024 3632 4097 quisque

1926 4107 2130 4161 celsior
2161 4113 2265 4174 est,
2326 4112 2510 4175 tanto,
2547 4107 2595 4161 si
2647 4108 2963 4179 delinquat,
3010 4116 3240 4180 peccato
3290 4113 3475 4183 major
3523 4119 3628 4171 est.

1928 4197 2195 4250 Potentes
2252 4195 2427 4262 enim,
2491 4200 2758 4265 potenter
2810 4200 3098 4251 tormenta
3155 4199 3470 4268 patiuntur.
3531 4202 3632 4257 Cui

1929 4283 2084 4339 enim
2110 4284 2239 4354 plus
2269 4283 2668 4351 committitur,
2729 4284 2859 4354 plus
2908 4284 2977 4338 ab
3014 4301 3081 4339 eo
3133 4287 3399 4359 exigitur,
3457 4290 3631 4345 etiam

1930 4390 2060 4428 cum
2110 4389 2378 4427 mensura
2430 4388 2751 4444 poenarum.
2814 4375 3000 4443 Reges
3043 4374 3215 4429 vitam
3272 4377 3631 4434 subditorum

1927 4462 2093 4517 facile
2125 4462 2401 4532 exemplis
2444 4461 2578 4529 suis,
2610 4462 2700 4516 vel
2762 4462 3065 4529 aedificant,
3120 4465 3209 4518 vel
3271 4467 3628 4524 subvertunt.

1930 4552 2063 4606 Ideo
2093 4551 2413 4622 principem
2467 4566 2583 4604 nun
2623 4556 2848 4621 Oportet
2876 4551 3235 4623 delinquere,
3286 4570 3358 4609 ne
3388 4556 3630 4611 formam

1928 4639 2202 4709 peccandi
2232 4638 2400 4693 faciat
2430 4638 2646 4709 peccati
2685 4640 2809 4709 ejus
2853 4639 3141 4711 impunita
3182 4642 3431 4699 licentia.
3490 4646 3632 4701 Nam

1930 4745 2026 4782 rex
2058 4734 2114 4782 et
2137 4728 2233 4799 qui
2292 4728 2407 4781 ruit
2460 4728 2523 4782 in
2574 4727 2746 4795 vitiis,
2778 4728 2889 4782 cito
2912 4730 3062 4783 viam
3113 4731 3360 4786 ostendit
3400 4736 3629 4788 erroris.

1927 4817 2085 4871 Sicut
2111 4816 2323 4887 legitur
2359 4817 2427 4870 de
2459 4816 2824 4884 Hieroboam,
2857 4816 2957 4888 qui
2985 4819 3260 4889 peccavit,
3312 4826 3368 4875 et
3395 4838 3633 4892 peccare

1893 4922 1896 4926 '
1928 4906 2060 4959 fecit
2089 4906 2282 4959 Israel.
2317 4906 2470 4959 Illius
2511 4910 2704 4959 autem
2735 4905 3057 4973 ascribitur,
3106 4908 3379 4980 quicquid
3443 4928 3632 4968 exem-

1929 4994 2025 5063 plo
2057 4994 2180 5063 ejus
2210 5011 2243 5047 a
2287 4994 2528 5048 subditis
2578 4998 2962 5065 perpetratur.
3023 4995 3178 5050 Sicut
3216 5000 3479 5053 nonnulli
3536 5002 3633 5056 bo-

1930 5097 2135 5135 norum
2163 5081 2488 5153 principum
2535 5084 2646 5136 Deo
2698 5083 2905 5153 placita
2962 5083 3107 5137 facta
3172 5092 3509 5157 sequuntur,
3556 5090 3635 5144 ita

1930 5169 2093 5224 facile
2127 5169 2295 5223 multi
2326 5186 2502 5239 prava
2527 5187 2726 5224 eorum
2761 5171 3023 5242 exempla
3052 5176 3341 5227 sectantur
3368 5190 3382 5228 :
3454 5177 3634 5246 pleri-

1933 5274 2045 5329 que
2074 5263 2266 5311 autem
2294 5258 2446 5328 apud
2472 5258 2705 5329 iniquos
2736 5259 3024 5330 principes
3065 5261 3398 5316 necessitate
3449 5265 3635 5334 magis

1936 5363 2108 5418 quam
2140 5350 2271 5400 voto
2303 5346 2438 5399 mali
2477 5347 2744 5417 existunt,
2781 5349 2919 5402 dum
2951 5349 3208 5421 imperiis
3256 5368 3458 5406 eorum
3506 5355 3637 5409 obe-

1937 5435 2120 5489 diunt.
2167 5434 2440 5489 Nonnulli
2471 5439 2683 5500 autem,
2712 5437 2855 5491 sicut
2884 5438 3136 5508 prompti
3176 5445 3306 5493 sunt
3340 5442 3503 5513 sequi
3552 5460 3639 5498 re-

1937 5540 2034 5594 ges
2063 5524 2125 5578 in
2148 5524 2382 5591 malum,
2413 5522 2493 5577 sic
2521 5522 2673 5593 pigri
2695 5530 2828 5578 sunt
2854 5525 3071 5580 imitari
3112 5527 3240 5583 illos
3295 5529 3356 5583 in
3391 5529 3631 5588 bonum.

1937 5614 2097 5683 Saepe
2119 5613 2272 5667 unde
2303 5610 2440 5665 mali
2497 5627 2659 5682 reges
2687 5618 2948 5683 peccant,
2996 5614 3128 5670 inde
3154 5616 3290 5670 boni
3321 5617 3637 5688 justitican-

3241 5730 3323 5788 29
