3944 6306
324 317 429 368 907

1418 313 1817 369 BURCHABDI
1857 311 2386 370 WORMACIENSIS
2425 312 2754 367 EPISCOPI.

3737 318 3834 370 908

294 453 455 504 _mr:
514 437 652 492 dum
705 435 1152 506 praecedentium
1207 435 1574 505 cupiditatem
1625 441 1680 490 et
1745 437 2018 490 malitiam
2053 411 2764 507 Aiprincipalisimponat,
2810 439 2866 490 et
2901 442 2962 490 ut
3003 435 3146 490 bene
3179 435 3458 491 rationem
3507 445 3839 493 mereantur

320 525 634 596 corrigunt.
675 526 816 578 Nam
871 539 932 578 re
988 539 1120 576 vera
1171 524 1415 593 peccatis
1455 541 1656 578 eorum
1702 524 2026 578 communi-

319 618 470 681 cant,
511 613 555 666 si
600 613 749 683 quod
793 612 880 666 illi
924 612 1304 682 diripuerunt,
1349 611 1442 664 isti
1491 618 1796 666 retentant.
1851 613 2026 682 Cujus

319 707 616 773 peccatum
648 701 889 772 quisque
927 700 1200 770 sequitur,
1251 716 1480 754 necesse
1512 707 1596 754 est
1626 705 1689 755 ut
1731 701 1852 770 ejus
1901 718 2026 771 pce-

324 806 458 844 nam
517 794 805 859 sequatur.
867 789 1062 859 Neque
1100 788 1253 841 enim
1315 788 1424 841 erit
1477 787 1666 860 impar
1721 789 2024 860 supplicio,

323 879 485 949 cujus
509 893 699 931 errore
729 877 968 947 quisque
1000 892 1102 946 par
1131 881 1236 945 cst,
1264 892 1329 929 ac
1367 876 1528 930 vitio.

503 966 630 1020 CAP.
661 965 816 1019 XLII.
856 994 928 1005 —
959 965 1110 1034 Quod
1141 979 1290 1033 reges
1313 966 1517 1032 legibus
1537 969 1836 1020 teneantur.

395 1054 517 1123 (E1:
540 1053 701 1107 dictis
740 1053 1024 1121 ejusdem.)
1052 1054 1077 1107 J
1087 1058 1277 1106 ustum
1300 1059 1405 1120 est,
1440 1053 1757 1124 principem
1805 1054 2028 1126 legibus

325 1143 722 1211 obtemperare
770 1142 902 1194 suis.
945 1143 1102 1195 Tunc
1137 1142 1291 1195 enim
1316 1143 1448 1211 jura
1487 1159 1587 1196 sua
1629 1143 1698 1196 ab
1761 1144 2028 1198 omnibus

325 1229 697 1284 custodienda
726 1229 1028 1295 existimet,
1063 1231 1291 1300 quando
1328 1236 1386 1284 et
1430 1231 1553 1301 ipse
1593 1231 1708 1284 illis
1765 1248 2027 1286 reveren-

325 1318 466 1372 tiam
488 1319 723 1388 preebet.
767 1317 1061 1388 Principes
1099 1317 1320 1388 legibus
1360 1319 1544 1372 teneri
1575 1319 1710 1386 suis,
1744 1336 1816 1374 ne
1863 1322 1923 1374 in
1970 1337 2028 1376 se

324 1423 491 1478 posse
551 1408 823 1461 damnare
875 1407 1024 1476 jura,
1080 1423 1209 1477 quae
1262 1407 1321 1460 in
1361 1408 1602 1462 subditis
1655 1409 2024 1465 constituunt.

325 1496 484 1550 Justa
511 1495 663 1548 enim
698 1494 847 1547 vocis
896 1511 1094 1548 eorum
1149 1497 1474 1562 auctoritas,
1519 1497 1564 1550 si
1596 1497 1747 1568 quod
1803 1489 2030 1567 populis

325 1583 657 1654 prohibent,
707 1583 814 1636 sibi
847 1583 1016 1637 licere
1070 1600 1184 1637 non
1216 1584 1530 1653 patiantur.
1583 1586 1696 1640 Sub
1734 1586 2030 1656 religionis

328 1671 630 1741 disciplina
657 1671 830 1724 seculi
861 1676 1170 1741 potestates
1196 1672 1465 1742 subjectae
1511 1679 1661 1726 sunt.
1706 1674 1772 1726 Et
1827 1690 2028 1744 quam-

326 1760 410 1812 vis
440 1759 690 1813 culmine
722 1760 883 1830 regni
923 1761 1040 1813 sint
1088 1760 1342 1830 praediti,
1374 1745 1601 1815 vinculo
1657 1766 1851 1816 tamen
1905 1762 2032 1816 ﬁdei

328 1854 601 1902 tenentur
625 1849 864 1910 astricti,
896 1857 961 1902 ut
1001 1848 1172 1902 ﬁdem
1224 1848 1428 1903 Christi
1461 1849 1581 1902 suis
1619 1849 1840 1920 legibus
1878 1866 2034 1920 prae—

331 1937 540 2003 dicent,
578 1941 636 1990 et
681 1938 863 2006 ipsam
909 1936 1042 1990 ﬁdei
1083 1935 1516 2006 pzedicationem
1565 1938 1822 1993 moribus
1870 1937 2034 1992 bonis

333 2029 691 2078 conservent.

439 2114 563 2167 CAP.
594 2114 780 2168 XLIII.
813 2143 882 2152 ——
918 2114 994 2166 De
1027 2113 1321 2182 disciplina
1349 2129 1536 2181 regum
1569 2117 1627 2168 in
1659 2116 1916 2170 Ecclesia.

419 2204 526 2266 (Ea:
551 2201 714 2256 dictis
743 2202 1029 2272 ejusdem.)
1063 2204 1352 2273 Principes
1380 2204 1572 2258 saeculi
1613 2221 2028 2275 nonnunquam

330 2287 483 2342 intra
538 2287 841 2342 Ecclesiam
899 2291 1196 2359 potestatis
1250 2290 1472 2359 adeptae
1512 2290 1764 2344 culmina
1812 2295 2030 2360 tenent,

334 2381 396 2429 ut
423 2392 522 2445 per
563 2376 812 2441 eandem
862 2382 1230 2446 potestatem,
1284 2377 1644 2448 disciplinam
1692 2378 2029 2432 ecclesiasti-

333 2479 456 2516 cam
507 2463 788 2518 muniant.
844 2466 1127 2519 Caaterum
1176 2466 1327 2519 intra
1375 2466 1678 2520 Ecclesiam
1719 2471 2030 2537 potestates

332 2552 667 2606 necessariae
691 2569 807 2606 non
838 2557 1048 2620 essent,
1080 2554 1188 2608 nisi
1221 2559 1282 2608 ut
1313 2555 1462 2625 quod
1495 2571 1610 2608 non
1643 2557 1917 2625 praevalet
1943 2573 2029 2610 sa-

329 2641 530 2695 cerdos
594 2641 840 2708 efﬁcere,
896 2658 1000 2712 per
1051 2643 1324 2697 doctrinas
1373 2660 1718 2698 sermonem.
1776 2648 2027 2714 potestas

330 2730 440 2784 hoc
489 2730 750 2800 imperet,
806 2747 910 2800 per
967 2730 1283 2802 disciplinas
1353 2736 1654 2792 terrorem,
1716 2733 1875 2803 Sape
1927 2749 2030 2804 per

331 2834 572 2888 regnum
633 2822 950 2886 terrenum,
1010 2821 1236 2875 cceleste
1275 2837 1516 2891 regnum
1547 2821 1790 2892 proiicit,
1829 2826 1890 2875 ut
1929 2823 2030 2892 qui

328 2907 479 2960 intra
511 2908 811 2961 Ecclesiam
873 2908 1041 2978 positi
1099 2914 1296 2962 contra
1355 2909 1524 2964 tidem
1555 2917 1611 2964 et
1663 2910 2026 2980 disciplinam

332 2995 589 3050 Ecclesiae
653 3001 858 3066 agunt,

332 3079 632 3154 ipsamque
687 3084 1046 3155 disciplinam
1109 3102 1281 3156 quam
1336 3087 1589 3140 Ecclesia:
1631 3087 1844 3140 utilitas
1874 3104 2028 3142 exer-

331 3186 459 3225 cere
493 3185 609 3224 non
643 3171 934 3242 praevalet,
986 3171 1298 3226 cervicibus
1343 3172 1724 3243 superborum
1776 3178 2031 3243 potestas

2135 525 2343 578 virtute
2401 523 2698 593 potestatis
2754 523 3071 595 impertiat.
3115 525 3469 596 Cognoscant
3549 528 3837 599 principes

2136 614 2332 676 seculi,
2391 614 2506 667 Deo
2573 613 2779 666 debere
2835 613 3074 667 reddere
3131 631 3190 667 se
3248 615 3550 678 rationem,
3605 624 3839 687 propter

2137 702 2439 756 Ecclesiam
2479 717 2649 772 quam
2685 718 2715 754 a
2747 701 3266 757 Christotuendam
3314 705 3650 775 suscipiunt.
3701 707 3838 760 Nam

2137 790 2251 843 sive
2281 795 2558 860 augeatur
2587 805 2694 860 pax
2748 795 2804 843 et
2833 790 3134 860 disciplina
3183 793 3440 846 Ecclesiae
3491 809 3596 863 per
3643 793 3840 848 ﬁdeles

2135 878 2442 949 principes,
2477 879 2592 931 sive
2641 880 2909 946 solvatur,
2938 880 3034 933 ille
3061 881 3132 934 ab
3175 881 3255 934 eis
3286 881 3571 936 rationem
3639 882 3838 952 exigit,

2136 967 2453 1039 quieorum
2485 967 2753 1037 potestati
2784 984 2946 1021 suam
2991 968 3297 1022 Ecclesiam
3341 969 3602 1024 credidit.

2137 1074 2264 1129 CAP.
2292 1073 2476 1128 XLIII.
2499 1101 2571 1114 —
2592 1073 2698 1129 Cur
2729 1076 2869 1128 Deus
2897 1075 3035 1127 alios
3055 1074 3128 1127 ad
3157 1075 3474 1142 libertatem,
3494 1076 3633 1130 alios
3662 1081 3841 1130 autem

2579 1145 2655 1198 ad
2683 1149 2996 1199 servitutem
3026 1147 3384 1200 discrevisset.

2210 1234 2358 1302 (Item
2394 1232 2682 1302 ejusdem.)
2729 1235 2967 1302 Propter
3021 1239 3314 1303 peccatum
3359 1235 3532 1305 primi
3585 1235 3843 1290 hominis

2138 1321 2390 1376 humano
2421 1322 2619 1391 generi
2648 1338 2814 1392 poena
2844 1322 3116 1376 divinitus
3168 1323 3328 1376 illata
3357 1327 3442 1377 est
3494 1324 3694 1392 servis,
3765 1324 3845 1378 ita

2140 1414 2205 1463 ut
2235 1409 2445 1479 quibus
2472 1409 2672 1479 aspicit
2703 1426 2819 1463 non
2857 1425 3112 1480 congrue
3147 1412 3494 1478 libertatem,
3541 1412 3629 1466 his
3669 1413 3846 1466 mise-

2141 1497 2658 1567 ricordiusirroget
2686 1498 3016 1552 servitutem
3051 1516 3063 1552 :
3093 1504 3149 1552 et
3193 1499 3326 1554 licet
3388 1517 3492 1570 per
3544 1507 3845 1571 peccatum

2141 1585 2410 1639 humanae
2441 1586 2700 1656 originis,
2732 1594 2924 1639 tamen
2955 1603 3156 1657 azquus
3217 1589 3360 1642 Deus
3395 1589 3520 1643 ideo
3568 1590 3843 1643 discrevit

2144 1673 2475 1727 hominibus
2519 1673 2714 1739 vitam,
2748 1675 2886 1727 alios
2935 1692 3126 1729 servos
3175 1677 3543 1743 constituens,
3576 1679 3721 1731 alios
3749 1680 3843 1731 do-

2145 1763 2331 1816 minos
2363 1767 2464 1816 :ut
2497 1761 2725 1816 licentia
2757 1764 2904 1817 male
2949 1765 3159 1834 agendi
3191 1782 3506 1835 servorum,
3561 1771 3845 1835 potestate

2144 1850 2565 1904 dominantium
2597 1851 2996 1922 restringatur.
3039 1853 3180 1907 Nam
3221 1854 3266 1906 si
3307 1870 3502 1907 omnes
3533 1855 3654 1908 sine
3684 1861 3843 1909 metu

2142 1939 2400 2004 fuissent,
2435 1939 2564 2010 quis
2591 1945 2756 2005 esset,
2789 1941 2889 2010 qui
2939 1957 2969 1994 a
3017 1942 3184 1995 malis
3230 1943 3562 2013 quempiam
3609 1944 3845 1998 cohibe-

2143 2028 2266 2082 ret?
2295 2027 2432 2081 Inde
2483 2032 2538 2081 et
2573 2027 2633 2082 in
2677 2028 2946 2098 gentibus
2990 2029 3298 2101 principes,
3350 2047 3628 2102 regesque
3677 2033 3847 2086 electi

2075 2139 2080 2144 ·
2141 2122 2296 2184 sunt,
2346 2121 2409 2169 ut
2444 2121 2661 2170 terrore
2711 2133 2811 2170 suo
2861 2119 3106 2187 populos
3171 2135 3204 2172 a
3270 2119 3420 2173 malo
3493 2127 3844 2187 coercerent,

2141 2209 2310 2275 atque
2353 2205 2420 2259 ad
2474 2211 2625 2259 recte
2657 2206 2961 2259 vivendum
3012 2207 3232 2276 legibus
3279 2208 3609 2264 subderent.
3651 2209 3844 2274 Quan-

2139 2299 2264 2348 tum
2314 2294 2382 2348 ad
2429 2309 2612 2364 paenae
2661 2295 2962 2362 rationem,
2991 2311 3107 2348 non
3152 2301 3237 2349 est
3267 2312 3644 2367 personarum
3686 2315 3843 2352 acce-

2139 2384 2258 2454 ptio
2277 2385 2428 2454 apud
2463 2385 2661 2450 Deum,
2695 2384 2793 2454 qui
2837 2385 3036 2438 mundi
3064 2385 3237 2455 elegit
3282 2385 3562 2456 ignobilia
3606 2392 3662 2441 et
3706 2404 3846 2441 con-

2139 2473 2501 2542 temptibilia,
2528 2478 2582 2526 et
2605 2489 2732 2542 quae
2759 2489 2877 2526 non
2939 2479 3093 2539 sunt,
3149 2479 3212 2528 ut
3260 2490 3325 2528 ea
3381 2491 3508 2545 quae
3559 2482 3711 2543 sunt,
3745 2478 3844 2531 de-

2141 2565 2403 2624 strueret,
2438 2577 2508 2615 ne
2555 2562 2832 2631 glorietur
2881 2561 3070 2615 omnis
3114 2579 3264 2628 caro,
3307 2563 3415 2616 hoc
3443 2568 3544 2630 est,
3597 2566 3845 2619 carnalis

2140 2651 2396 2719 potentia
2426 2667 2618 2704 coram
2659 2651 2776 2704 illo.
2813 2651 2965 2705 Unus
2996 2650 3149 2704 enim
3191 2652 3486 2721 Dominus,
3539 2655 3846 2721 aequaliter

2139 2741 2197 2790 et
2223 2736 2470 2792 dominis
2500 2739 2608 2792 fert
2637 2739 2963 2792 consultum
2994 2742 3050 2792 et
3099 2737 3294 2792 servis.
3329 2739 3524 2792 Melior
3562 2746 3646 2794 est
3701 2740 3845 2793 sub-

2134 2826 2284 2895 jecta
2314 2827 2576 2893 servitus,
2608 2843 2779 2898 quam
2815 2829 2965 2881 elata
2998 2828 3248 2882 libertas.
3303 2829 3461 2882 Multi
3491 2828 3645 2882 enim
3679 2829 3844 2884 inve-

2139 2914 2380 2968 niuntur
2411 2917 2523 2969 Deo
2555 2915 2730 2968 libere
2762 2916 3065 2969 servientes
3099 2916 3204 2970 sub
3242 2916 3490 2970 dominis
3544 2919 3844 2974 constituti
3888 2934 3890 2936 '

945 2995 1136 3067 rigore
1219 2997 1546 3068 principum
1639 3003 2026 3066 conterantur,
2071 2995 2111 3050 C
2139 2999 2460 3069 ﬂagitiosis,
2493 3002 2591 3072 qui
2625 3007 2683 3055 et
2714 3001 2955 3072 subjecti
2984 3007 3116 3056 sunt
3143 3002 3258 3056 illis
3311 3019 3567 3072 corpore,
3610 3005 3844 3074 prmlati

2139 3093 2333 3144 tamen
2365 3095 2501 3143 sunt
2522 3099 2732 3146 mente.

1613 3277 1786 3318 FINIS
1832 3277 2009 3318 LIBRI
2050 3277 2276 3318 DECIMI
2321 3277 2574 3324 QUINTI.

997 3470 1294 3543 INDEX
1368 3470 2061 3544 CAPITULORUM
2137 3471 2394 3544 LIBRI
2472 3471 2804 3544 DECIMI
2868 3472 3164 3547 SEXTI.

328 3605 456 3661 CAP.
509 3608 558 3661 1.
607 3607 682 3660 De
737 3607 1057 3660 rectoribus
1114 3607 1512 3672 Ecclesiarum,
1567 3623 1638 3662 nc
1701 3608 2027 3680 praecipites

399 3694 512 3747 sint
539 3694 598 3746 in
639 3693 921 3747 dictandis
953 3695 1268 3748 sententiis.

327 3785 386 3835 2.
431 3781 500 3835 Ut
528 3786 760 3835 comites
794 3786 849 3836 et
873 3783 1096 3852 judices
1137 3799 1241 3854 pro
1269 3783 1486 3854 judicio
1533 3800 1775 3840 munera
1802 3802 1918 3840 non
1939 3801 2026 3840 ac-

399 3869 635 3937 cipiant.

328 3957 384 4010 3.
423 3959 498 4011 De
527 3957 642 4011 illis
675 3958 773 4029 qui
797 3959 1012 4012 crimen
1056 3959 1385 4030 objecerint,
1414 3967 1469 4016 et
1497 3978 1696 4016 verum
1747 3977 1860 4016 non
1897 3979 2025 4034 pro-

395 4046 676 4100 baverint.

325 4133 376 4188 4.
406 4135 611 4200 Quales
643 4136 714 4190 ad
746 4135 1138 4191 testimonium
1172 4138 1433 4193 accedere
1464 4139 1727 4194 debeant.

325 4226 374 4278 5.
409 4225 489 4279 Ne
519 4225 792 4280 innocens
812 4227 1062 4296 pernicie
1091 4229 1477 4283 accusantium
1537 4230 1872 4284 maculetur.

324 4315 375 4368 6.
404 4314 473 4368 Ut
525 4315 716 4368 nullus
781 4316 1134 4372 describatur
1183 4333 1336 4384 rcus,
1377 4317 1714 4388 priusquam
1783 4318 2018 4374 convin-

393 4405 572 4456 catur.

322 4495 372 4544 7.
411 4492 478 4545 Ut
503 4491 820 4562 presbyteri
876 4510 1010 4547 suos
1067 4492 1448 4564 parochianos
1479 4492 1538 4545 in
1593 4493 1808 4564 synodo
1855 4509 2019 4549 accu-

395 4595 514 4632 sare
542 4579 808 4636 debeant.

323 4667 374 4720 8.
411 4666 487 4720 De
513 4666 624 4720 illis
659 4669 758 4739 qui
802 4667 936 4722 victi
981 4667 1196 4722 fuerint
1225 4666 1446 4739 aliquos
1494 4667 1564 4723 ad
1607 4668 1814 4724 falsum
1861 4671 2020 4726 testi-

393 4756 652 4810 monium
684 4758 997 4810 attraxisse.
1226 4773 1228 4775 ‘

321 4846 371 4898 9.
409 4844 478 4898 Ut
505 4859 594 4897 res
615 4845 799 4912 tinita,
825 4843 1084 4898 refricari
1118 4859 1232 4897 non
1261 4843 1479 4900 debeat.

323 4935 406 4987 10.
439 4933 518 4986 De
546 4932 656 4986 illis
688 4933 788 5003 qui
819 4950 850 4986 a
875 4932 1298 5003 suisjudicibus
1321 4933 1529 5003 pulsati
1560 4949 1679 4988 non
1708 4933 1942 4989 fuerint.

322 5025 405 5076 il.
439 5023 507 5077 Ut
541 5023 735 5076 nullus
766 5021 996 5075 infamis
1040 5022 1374 5092 religiosum
1423 5022 1809 5078 Christianum
1853 5041 2015 5079 accu-

388 5127 511 5166 sare
543 5110 739 5180 possit.

320 5202 403 5253 l2.
441 5201 516 5253 De
538 5199 680 5253 falso
707 5203 849 5252 teste
882 5197 1034 5267 quod
1077 5213 1194 5251 non
1227 5197 1428 5252 debeat
1467 5196 1787 5270 impunitus
1833 5197 2010 5252 abire.

323 5293 404 5345 13.
437 5291 500 5344 Ut
533 5306 703 5343 nemo
732 5289 936 5342 absens
955 5288 1318 5358 dijudicetur.

318 5378 401 5432 14.
432 5380 509 5432 De
540 5377 741 5430 eadem
777 5394 855 5431 re.
1037 5433 1043 5443 ,

319 5468 402 5520 I5.
433 5467 500 5521 Ut
530 5482 698 5520 nemo
732 5466 902 5520 simul
937 5465 1008 5520 sit
1034 5466 1537 5536 accusator,judex
1569 5471 1625 5521 et
1653 5469 1830 5522 testis.

319 5555 404 5610 16.
435 5555 513 5610 De
539 5554 679 5611 falso
703 5554 1034 5610 testimonio
1069 5555 1219 5627 quod
1250 5556 1495 5629 capitale
1524 5555 1600 5612 sit
1629 5557 1867 5613 crimen.

2142 3613 2225 3664 l7.
2257 3609 2329 3662 Ut
2365 3609 2492 3662 falsi
2523 3613 2695 3664 testes
2753 3626 2784 3664 a
2843 3611 3250 3666 communione
3281 3612 3392 3667 nisi
3440 3613 3840 3684 paenituerint,

2206 3697 2321 3752 sint
2348 3698 2746 3752 submovendi.

2139 3789 2222 3841 48.
2271 3786 2341 3841 Ut
2387 3787 2560 3840 falsus
2591 3786 2752 3840 testis
2793 3792 2961 3852 prout
3005 3787 3222 3844 crimen
3253 3793 3338 3844 est
3388 3790 3543 3862 quod
3571 3792 3846 3862 opposuit

2205 3875 2494 3945 puniatur.

2138 3965 2220 4016 19.
2259 3963 2332 4016 De
2373 3961 2659 4034 ingenuis,
2693 3963 2740 4016 si
2771 3963 2830 4018 in
2862 3964 3077 4035 synodo
3113 3971 3467 4022 accusantur.

2133 4052 2226 4105 20.
2269 4052 2334 4106 Ut
2364 4057 2536 4106 testes
2572 4053 2638 4106 ad
2667 4053 3062 4108 testimonium
3112 4072 3228 4110 non
3276 4056 3648 4128 recipiantur,
3698 4073 3842 4128 quos

2203 4147 2494 4196 accusator
2525 4158 2557 4194 a
2589 4141 2759 4196 domo
2789 4158 2892 4196 sua
2921 4143 3277 4213 produxerit.

2050 4248 2092 4302 ι)
2131 4232 2218 4284 2i.
2275 4231 2341 4284 Ut
2368 4231 2560 4284 nullus
2589 4230 2826 4284 clericus
2856 4231 2927 4284 ad
2961 4230 3213 4301 judicem
3269 4232 3602 4302 secularem,
3657 4235 3837 4289 alium

2206 4318 2474 4372 clericum
2501 4335 2762 4373 accusare
2793 4325 3122 4390 praesumat.

2133 4409 2220 4462 22.
2266 4409 2336 4462 Ut
2364 4409 2557 4461 nullus
2601 4407 2773 4478 judex
2814 4408 3084 4462 secularis
3130 4408 3382 4481 aliquem
3421 4411 3840 4467 ecclesiastico-

2202 4513 2330 4551 rum
2360 4497 2703 4568 distringere
2733 4503 3062 4568 praesumat.

2131 4585 2219 4640 23.
2255 4586 2322 4640 Ut
2349 4602 2547 4639 omnes
2577 4601 2762 4640 causa;
2793 4602 2894 4657 per
2948 4586 3349 4642 auctoritatem
3389 4587 3647 4644 veritatis
3693 4606 3833 4644 ven-

2200 4672 2432 4727 tilandte
2463 4673 2594 4726 sint.

2129 4762 2217 4815 24.
2253 4762 2328 4816 De
2357 4761 2578 4816 clericis
2602 4761 2662 4816 in
2691 4761 2832 4816 falso
2861 4761 3188 4817 testimonio
3216 4763 3509 4819 convictis.

2127 4853 2214 4905 25.
2252 4851 2331 4905 De
2355 4850 2670 4922 judicibus.

2126 4942 2213 4993 26.
2251 4941 2327 4996 De
2352 4939 2540 5010 pravis
2555 4939 2865 5010 judicibus.

2125 5029 2209 5082 27.
2245 5030 2322 5083 De
2353 5029 2606 5083 verbosis
2630 5028 2922 5100 judicibus
2945 5033 3000 5082 et
3021 5028 3204 5084 elatis.

2125 5117 2211 5170 28.
2245 5117 2321 5170 De
2354 5117 2595 5188 praemio
2626 5118 3133 5192 remunerationis.

2125 5207 2210 5260 29.
2244 5207 2320 5260 De
2351 5193 2787 5277 oppressoribus
2817 5223 3158 5278 pauperum.

2125 5296 2211 5348 30.
2249 5295 2510 5365 Utjudex
2543 5312 2660 5350 non
2690 5297 2872 5366 prius,
2907 5297 3100 5350 obviet
3143 5313 3244 5350 sua
3275 5297 3562 5351 sententia
3588 5297 3830 5368 litigan-

2192 5383 2364 5452 tibus,
2397 5385 2650 5455 quandiu
2681 5384 2803 5457 ipse
2833 5384 3047 5440 habent
3067 5386 3282 5458 aliquid
3313 5387 3466 5457 quod
3493 5394 3834 5458 preponant

2192 5473 2251 5528 in
2283 5474 2621 5546 quaestione.
