3944 6302
91 320 190 369 909
892 312 1367 370 DECRETORUM
1412 278 1601 370 ILIBRI
1641 315 1748 370 XX.
1793 344 1859 355 -
1903 313 2119 369 LIBER
2160 311 2467 368 DECIMUS
2506 313 2783 368 SEXTUS.
3487 315 3589 368 9i0

92 438 174 491 3l.
214 436 280 491 Ut
312 452 429 491 non
467 435 641 491 iidem
674 434 790 491 sint
818 442 1175 492 accusatores
1221 442 1277 492 et
1319 438 1557 508 judices,
1616 440 1672 493 et
1702 442 1783 492 te-
1814 443 1859 493 A
1899 441 1984 493 35.
2024 440 2101 492 De
2132 437 2242 491 illis
2268 437 2510 491 testibus
2542 436 2642 508 qui
2686 436 2937 507 aliquem
2983 453 3048 490 ex
3076 451 3236 490 sacro
3266 436 3470 492 ordine
3498 453 3587 491 ac-

162 531 275 579 stes
306 526 577 580 accusati.

94 618 177 669 32.
228 616 296 669 Ut
345 615 468 685 ejus
518 614 933 668 accusationem
965 614 1158 668 nullus
1186 613 1349 668 facile
1394 613 1654 685 accipiat,
1688 610 1785 682 qui

160 703 325 757 facile
354 704 560 774 litigat,
585 709 643 758 et
674 709 917 758 accusat.

95 794 179 846 33.
253 792 323 846 Ut
389 792 692 863 episcopus
743 796 1099 846 accusatores
1153 790 1398 845 fratrum
1462 805 1787 844 excommu-

166 880 337 935 nicet.

97 974 183 1025 34.
238 971 318 1025 De
353 969 465 1023 illis
492 968 592 1040 qui
619 968 862 1024 convicti
910 968 1146 1035 fuerint,
1194 968 1466 1021 fratribus
1512 966 1655 1021 falsa
1683 965 1791 1020 cri-

167 1060 328 1114 mina
357 1058 652 1130 objecisse.

1966 543 2161 581 cusare
2194 530 2539 596 pertentant,
2574 531 2630 579 et
2658 530 2721 579 ut
2773 525 2986 596 quique
3032 526 3256 596 optimi,
3289 532 3347 580 et
3375 526 3590 581 ﬁdelio-

1967 632 2056 670 res
2089 617 2149 669 in
2179 614 2576 669 testimonium
2608 620 2992 668 assumantur.

1900 704 1984 757 36.
2024 704 2092 756 Ut
2120 703 2313 755 nullus
2362 702 2634 756 secularis
2689 701 2859 755 alicui
2914 718 2979 755 ex
3032 700 3185 754 clero
3234 700 3351 754 vim
3381 701 3590 755 inferre

1970 794 2299 859 praasumat.

1901 881 1989 933 37.
2020 876 2182 941 Quod
2213 876 2406 931 mariti
2444 892 2651 931 uxores
2680 891 2809 930 suas
2840 893 2905 930 ex
2954 875 3275 947 suspicione
3328 891 3592 932 accusare

1972 966 2211 1038 possint.

2370 1053 2572 1108 Indicis
2598 1053 2958 1122 capitulorum
2983 1055 3131 1122 ﬁnis.

1398 1341 2358 1447 BURCHABDI-

1200 1526 1544 1581 ECCLESIzE
1580 1525 2118 1583 WORMACIENSIS
2156 1524 2487 1580 EPISCOPI.

153 1694 1300 1850 DECEETORUM
1406 1698 1908 1848 LIBER
2019 1692 2765 1848 DECIMUS
2904 1692 3545 1847 SEXTUS

1136 1971 1237 2035 DE
1283 1970 1941 2037 ACCUSATORIBUS
1989 1970 2092 2034 ET
2143 1970 2558 2035 TESTIBUS.

590 2261 1071 2316 ARGUMENTUM
1105 2260 1311 2316 LIBRI.

169 2351 341 2406 Libro
368 2352 476 2405 hoc
508 2351 692 2422 qualis
716 2350 909 2419 judex,
965 2356 1336 2417 accusatores,
1369 2355 1426 2405 et
1473 2355 1646 2406 testes
1679 2368 1800 2406 esse

99 2440 367 2507 debeant,
401 2440 656 2506 docetur,
706 2456 952 2510 quaeque
1000 2440 1337 2509 poenitentia
1393 2439 1464 2494 sit
1508 2440 1801 2511 judicibus

100 2528 199 2598 qui
231 2528 302 2581 ad
335 2529 577 2599 gratiam
620 2527 897 2598 judicant,
947 2527 1482 2598 calumniatoribus,
1538 2532 1593 2582 et
1642 2528 1800 2582 falsis

99 2616 341 2670 testibus
372 2616 745 2687 injuugenda.

102 2706 230 2760 CAP.
277 2706 318 2758 l.
362 2735 432 2745 —
477 2707 553 2759 De
596 2705 890 2758 rectoribus
927 2704 1311 2771 Ecclesiarum,
1369 2720 1434 2759 ne
1492 2707 1799 2775 praecipites

537 2779 647 2830 sint
679 2779 740 2829 in
768 2776 1044 2829 dictandis
1084 2777 1381 2829 sententiis.

174 2866 290 2934 (Ea:
319 2864 481 2919 dictis
511 2865 669 2932 Greg.
698 2863 902 2935 papa.)
933 2864 1309 2933 Summopere
1332 2880 1653 2934 praecavere
1697 2865 1798 2918 de-

102 2954 243 3007 bent
288 2959 536 3007 rectores
596 2942 996 3018 Ecclesiarum,
1057 2958 1113 3006 et
1161 2952 1260 3023 qui
1306 2953 1534 3022 publica
1582 2952 1801 3023 judicia

102 3047 392 3109 exercent,
425 3046 487 3095 ut
518 3042 578 3096 in
608 3042 886 3096 dictandis
939 3041 1237 3095 sententiis
1269 3042 1620 3108 nullatenus,
1654 3042 1799 3095 levi-

102 3136 240 3198 tate,
284 3136 384 3185 aut
427 3131 619 3185 furore
668 3131 843 3197 ducti,
914 3130 1029 3184 sint
1074 3130 1419 3201 praecipites,
1471 3130 1569 3184 sed
1617 3129 1801 3183 causis

102 3221 266 3291 prius
297 3220 607 3291 diligenter
638 3220 942 3287 ventilatis,
975 3236 1105 3273 cum
1145 3236 1235 3273 res
1266 3236 1395 3290 quae
1428 3219 1801 3289 ignorabatur

100 3310 353 3381 pleniter
378 3310 448 3363 ad
479 3309 744 3364 notitiam
781 3307 1021 3373 venerit,
1067 3313 1204 3362 tunc
1236 3307 1427 3361 divina
1458 3312 1514 3360 et
1545 3307 1801 3361 humana

100 3402 196 3456 lex
227 3400 568 3465 resolvatur,
642 3403 698 3452 et
729 3399 1045 3452 secundum
1096 3399 1251 3468 quod
1298 3396 1375 3450 ibi
1422 3396 1797 3450 constitutum

100 3494 206 3555 est,
240 3493 460 3543 remota
491 3503 866 3558 personarum
911 3487 1257 3556 acceptione,
1291 3484 1579 3539 deﬁnitiva
1606 3485 1821 3556 profe-

100 3584 264 3632 ratur
294 3578 592 3631 sententia.
624 3578 765 3630 Hinc
795 3580 878 3629 est
908 3576 1058 3647 quod
1106 3575 1280 3628 Moses
1309 3575 1570 3644 querelas
1600 3573 1802 3644 populi

99 3684 332 3738 semper
360 3666 432 3721 ad
465 3665 795 3731 Dominum,
829 3664 1262 3718 tabernaculum
1304 3664 1618 3734 ingressus,
1654 3662 1803 3716 refe-

99 3758 285 3823 rebat,
341 3760 399 3810 et
440 3757 605 3826 juxta
642 3755 794 3825 quod
842 3754 1120 3808 Dominus
1180 3753 1519 3822 imperabat,
1579 3750 1798 3821 judicia

100 3845 502 3917 proponebat:
564 3844 841 3898 nimirum
896 3859 1004 3896 nos
1056 3842 1382 3907 instituens,
1442 3846 1508 3894 ut
1557 3856 1672 3894 non
1733 3855 1801 3894 ex

100 3935 276 3989 corde
308 3937 526 4001 nostro,
575 3933 670 3986 sed
722 3949 787 3986 ex
818 3936 1105 4003 praecepto
1130 3931 1342 3997 divino,
1371 3928 1802 3984 condemnatio-

103 4024 193 4077 nis
224 4022 314 4076 vel
347 4020 769 4092 justiﬁcationis
800 4020 1142 4074 sententiam
1174 4019 1548 4090 proferamus.

103 4113 237 4166 CAP.
274 4112 343 4165 ll.
399 4140 468 4151 --
501 4113 567 4166 Ut
616 4113 828 4165 comites
866 4115 915 4163 et
950 4109 1164 4178 judices
1209 4124 1312 4178 pro
1336 4108 1549 4177 judicio
1576 4120 1803 4160 munera

743 4197 851 4235 non
881 4183 1174 4249 accipiant.

177 4273 292 4341 (Eat
315 4271 537 4325 concilio
558 4268 855 4332 Cabillon.,
890 4270 1065 4337 capite
1100 4270 1209 4336 21.)
1245 4265 1562 4321 Comitibus
1586 4280 1720 4319 vero
1747 4269 1802 4318 et

97 4360 393 4431 judicibus
440 4359 550 4412 hoc
603 4373 967 4427 summopere
1012 4357 1329 4409 cavendum
1379 4359 1482 4420 est,
1540 4358 1606 4408 ut
1650 4354 1801 4424 juste

96 4449 382 4520 judicent,
418 4452 474 4502 et
503 4461 869 4517 nequaquam
899 4445 961 4499 in
996 4444 1216 4515 judicio
1264 4459 1504 4497 munera
1534 4458 1635 4497 seu
1667 4458 1803 4513 per-

101 4555 271 4593 sonas
313 4536 615 4606 accipiant,
657 4535 880 4589 dicente
932 4534 1173 4588 Domino
1205 4549 1217 4587 :
1244 4534 1368 4587 Non
1400 4530 1639 4601 accipiat
1668 4547 1800 4601 per—

102 4643 307 4683 sonam
338 4641 442 4679 nec
474 4639 713 4678 munera
746 4639 759 4677 :
813 4622 950 4693 quia
994 4638 1234 4676 munera
1285 4623 1570 4674 excaecant
1607 4620 1803 4673 oculos

102 4714 475 4787 sapientium,
521 4719 579 4768 et
627 4716 852 4767 mutant
900 4712 1074 4766 verba
1117 4712 1455 4781 justorum:
1503 4708 1600 4762 sed
1631 4707 1803 4761 mini-

102 4812 270 4872 stros,
334 4820 479 4874 quos
526 4802 788 4868 vicarios,
838 4805 893 4855 et
944 4799 1304 4855 centenarios
1347 4800 1570 4865 vocant,
1616 4797 1802 4866 justos
1834 4833 1875 4886 ο

102 4895 315 4950 habere
344 4893 573 4957 debent,
601 4908 674 4945 ne
710 4890 853 4945 forte
895 4905 1097 4945 eorum
1147 4888 1382 4942 avaritia
1429 4891 1529 4940 aut
1572 4886 1801 4957 rapaci-

100 4990 219 5039 tate
266 4981 515 5052 populus
536 4986 824 5052 gravetur,
859 4984 915 5033 et
944 4978 1165 5033 amissis
1186 4976 1548 5032 facultatibus
1578 4975 1637 5028 in
1656 4992 1797 5045 pau-

102 5077 387 5144 pertatem
447 5070 757 5139 redigatur.
837 5071 1029 5123 Testes
1091 5084 1224 5122 vero
1277 5064 1669 5137 probatissimi
1745 5069 1801 5118 et

102 5160 295 5233 pauci,
330 5161 399 5213 de
430 5160 691 5230 pluribus
722 5175 842 5212 esse
869 5160 1082 5213 debent
1110 5157 1275 5223 tales,
1307 5156 1377 5209 de
1407 5170 1655 5225 quorum
1686 5153 1801 5208 fide

105 5267 224 5306 non
276 5249 591 5305 dubitetur.
649 5248 887 5303 Multum
951 5249 1143 5299 autem
1201 5257 1506 5315 pravorum
1544 5239 1800 5306 testium,

104 5340 419 5410 cupiditate
449 5344 507 5391 et
536 5337 782 5391 falsitate
817 5334 1134 5406 respublica
1170 5332 1408 5387 laaditur.

106 5430 235 5485 CAP.
268 5428 362 5483 ΙΙΙ.
400 5455 468 5468 -
500 5430 572 5481 De
603 5427 713 5481 illis
742 5428 839 5495 qui
861 5423 1397 5495 crimenobjecerint,
1416 5423 1467 5474 et
1484 5433 1668 5473 verum
1698 5432 1806 5471 non

310 5544 313 5545 ν
752 5494 763 5495 ί
792 5494 1161 5566 probaverim.

181 5571 288 5643 (Ex
318 5571 543 5626 concilio
576 5558 864 5636 Arausico,
915 5568 1092 5635 capite
1118 5565 1197 5634 4.)
1230 5564 1337 5629 Qui
1385 5562 1605 5618 crimen
1652 5558 1803 5630 obji-

1828 2264 1868 2319 B
1908 2262 1997 2327 cit,
2026 2264 2164 2318 sciat
2196 2279 2254 2319 se
2282 2262 2661 2334 probaturum
2692 2279 2751 2318 re
2783 2280 2935 2330 vera,
2986 2267 3048 2317 ut
3093 2262 3173 2318 ibi
3206 2280 3375 2319 causa
3404 2265 3602 2319 termi-

1910 2359 2097 2417 netur,
2130 2353 2224 2407 ubi
2257 2353 2473 2406 crimen
2523 2352 2863 2416 admittitur,
2895 2358 2958 2407 ut
3003 2352 3102 2424 qui
3135 2369 3249 2407 non
3278 2354 3605 2423 probaverit

1911 2442 2063 2513 quod
2091 2442 2317 2512 objecit,
2349 2459 2579 2512 poenam
2604 2458 2777 2513 quam
2803 2442 3082 2508 intulerit,
3112 2441 3231 2512 ipse
3260 2442 3528 2513 patiatur.

1910 2548 2038 2602 CAP.
2071 2548 2156 2601 IV.
2191 2579 2256 2586 —
2288 2548 2479 2613 Quales
2509 2550 2584 2601 ad
2611 2550 2973 2602 testimonium
3002 2548 3246 2602 accedere
3284 2548 3528 2603 debeant.

1980 2654 2090 2719 (Ea:
2118 2654 2345 2709 concilio
2366 2654 2514 2722 apud
2547 2653 2843 2708 Theodonis
2872 2655 3061 2707 villam
3081 2654 3283 2720 habito,
3314 2655 3495 2723 capite
3526 2654 3601 2725 3.)

1911 2740 2243 2806 Homicida,
2289 2740 2553 2808 maleﬁci,
2604 2738 2778 2807 fures,
2815 2739 3102 2809 sacrilegi,
3133 2744 3408 2809 raptores,
3442 2756 3604 2793 vene-

1908 2828 2019 2896 tici,
2054 2829 2314 2896 adulteri,
2341 2834 2398 2882 et
2427 2827 2527 2898 qui
2571 2831 2802 2897 raptum
2849 2827 3105 2893 fecerint,
3160 2828 3249 2881 vel
3275 2827 3481 2881 falsum
3514 2832 3601 2881 te-

1908 2916 2245 2970 stimonium
2277 2917 2544 2983 dixerint,
2578 2932 2675 2969 seu
2719 2915 2818 2986 qui
2858 2915 2926 2969 ad
2956 2915 3260 2983 sortilegos
3292 2931 3605 2985 magosque

1909 3006 2282 3072 cucurrerint,
2333 3006 2659 3059 nullatenus
2690 3004 2761 3058 ad
2814 3002 3259 3071 accusationem,
3300 3003 3388 3057 vel
3424 3004 3495 3057 ad
3528 3009 3605 3057 te-

1909 3093 2246 3148 stimonium
2272 3098 2440 3148 erunt
2463 3092 2820 3148 admittendi.

1911 3200 2037 3254 CAP.
2070 3200 2132 3254 V.
2178 3228 2248 3239 -—
2285 3201 2361 3256 Ne
2414 3202 2665 3254 innocens
2709 3201 2947 3267 pernicie
2993 3200 3362 3253 accusantium
3421 3214 3607 3254 macu-

2682 3270 2841 3324 letu-r.

1980 3359 2086 3429 (Ea.
2120 3359 2263 3414 decr.
2297 3360 2489 3414 Felicis
2532 3373 2711 3427 papa,
2758 3360 2934 3427 capite
2986 3360 3088 3426 l5.)
3134 3358 3380 3429 Dignum
3414 3363 3497 3413 est
3544 3364 3607 3413 ut

1908 3447 2025 3502 vita
2053 3448 2376 3502 innocentis
2407 3463 2523 3501 non
2555 3447 2874 3501 maculetur
2901 3446 3153 3517 pernicie
3188 3449 3605 3516 accusantium,

1842 3546 1881 3601 ε
1910 3537 2071 3602 adeo,
2113 3540 2174 3589 ut
2198 3535 2461 3606 quisquis
2508 3550 2540 3589 a
2592 3535 2850 3604 quolibet
2894 3534 3253 3597 criminatur.
3311 3552 3425 3589 non
3474 3542 3604 3592 ante

1914 3630 2206 3679 accusatus
2234 3623 2515 3694 supplicio
2544 3623 2869 3693 deputetur,
2906 3640 3078 3693 quam
3135 3630 3428 3678 accusator
3456 3640 3603 3694 prae-

1912 3719 2186 3774 sentetur,
2219 3719 2391 3783 atque
2420 3716 2484 3766 ut
2532 3716 2590 3766 et
2636 3728 2923 3767 canonum
2955 3713 3237 3767 sententia
3266 3714 3375 3767 erit
3409 3714 3607 3785 exqui-

1912 3808 2070 3857 ratur
2103 3819 2117 3857 :
2150 3808 2215 3856 ut
2240 3801 2287 3854 si
2312 3801 2548 3870 indigna
2571 3800 2642 3854 ad
2682 3802 3063 3855 accusandum
3107 3818 3352 3872 persona
3387 3802 3608 3857 inveni-

1912 3895 2027 3957 tur,
2063 3891 2133 3944 ad
2166 3892 2286 3959 ejus
2315 3890 2734 3943 accusationem
2768 3906 2883 3944 non
2910 3890 3221 3961 judicetur.

1913 3997 2041 4051 CAP.
2076 3997 2164 4050 VI.
2196 4025 2265 4034 -—
2300 3997 2367 4050 Ut
2393 3996 2577 4049 nullus
2599 3994 2939 4049 describatur
2965 4010 3114 4063 reus,
3133 3998 3461 4065 priusquam
3487 4012 3609 4051 con-

2618 4070 2892 4120 vincatur.

1983 4157 2097 4225 (Ea:
2122 4156 2265 4210 decr.
2319 4154 2567 4209 Adriani
2607 4170 2787 4224 papae,
2821 4157 2998 4225 capite
3035 4154 3111 4227 2.)
3130 4154 3310 4209 Iudex
3339 4155 3609 4210 crimino-

1912 4261 2037 4299 sum
2065 4244 2395 4311 discutiens,
2430 4259 2546 4297 non
2577 4248 2708 4297 ante
2738 4242 3079 4297 sententiam
3134 4244 3387 4314 proferat
3432 4243 3609 4298 ﬁniti-

1912 4348 2039 4386 vam
2074 4347 2246 4403 quam
2274 4336 2374 4385 aut
2399 4346 2531 4385 reus
2555 4330 2677 4401 ipse
2718 4330 3081 4397 confiteatur,
3146 4337 3245 4385 aut
3288 4347 3393 4402 per
3437 4335 3610 4386 testes

1912 4422 2148 4476 idoneos
2174 4419 2561 4474 convincatur.

1913 4510 2042 4564 CAP.
2078 4509 2190 4563 Vll.
2223 4538 2291 4547 —
2325 4510 2391 4563 Ut
2414 4508 2722 4578 presbyteri
2749 4523 2871 4562 suos
2914 4511 3275 4579 parochianos
3304 4510 3364 4564 in
3406 4509 3609 4578 synodo

2495 4594 2748 4633 accusare
2778 4580 3024 4635 debeant.

1985 4671 2092 4736 (Ea:
2122 4669 2342 4723 concilio
2372 4669 2630 4735 Mogunt.,
2683 4670 2859 4737 capite
2889 4667 2965 4739 6.)
3017 4669 3080 4722 In
3122 4673 3318 4724 sancto
3368 4669 3609 4725 concilio

1915 4758 2205 4812 decretum
2237 4762 2341 4822 est,
2381 4762 2446 4810 ut
2490 4756 2810 4827 presbyteri
2858 4773 2993 4810 suos
3039 4757 3399 4827 plebesanos,
3432 4764 3488 4811 et
3517 4776 3609 4813 ac-

1915 4863 2135 4913 cusare,
2167 4851 2223 4900 et
2253 4845 2641 4900 testimoniare
2688 4843 2930 4915 possint.
2984 4845 3041 4901 Si
3096 4853 3289 4902 autem
3335 4849 3596 4919 neglexe-

1913 4937 2048 5003 rint,
2078 4935 2167 4989 sui
2196 4935 2406 5006 gradus
2428 4934 2681 5005 periculo
2710 4933 3107 5003 subjacebunt.
3514 4944 3517 4949 '

1913 5043 2042 5096 CAP.
2105 5042 2249 5095 VIll.
2302 5043 2374 5095 De
2428 5041 2541 5093 illis
2597 5040 2693 5106 qui
2745 5040 2973 5092 convicti
3012 5041 3222 5104 fuerint
3276 5042 3486 5109 aliquos
3536 5040 3610 5095 ad

2285 5113 2491 5178 falsum
2532 5113 2892 5164 testimonium
2913 5113 3231 5164 attramisse.

1984 5201 2089 5269 (Em
2118 5201 2340 5255 concilio
2394 5203 2744 5268 Aquisg'ran.
2782 5214 2902 5267 cap.
2956 5198 3031 5269 9.)
3080 5199 3136 5253 Si
3169 5198 3296 5270 quis
3322 5199 3610 5254 convictus

1912 5289 2087 5344 fuerit
2115 5289 2340 5359 aliquos
2372 5290 2441 5342 ad
2475 5289 2681 5342 falsum
2714 5286 3129 5353 testimonium,
3165 5291 3249 5341 vel
3290 5290 3608 5359 perjurium

1914 5378 2229 5444 attraxisse,
2281 5380 2379 5430 aut
2407 5393 2510 5448 per
2556 5368 2969 5448 quamcunque
3016 5378 3445 5446 corruptionem
3475 5378 3609 5432 soli-

1913 5468 2135 5534 citasse,
2171 5467 2290 5539 ipse
2349 5466 2582 5536 quidem
2617 5482 2799 5537 usque
2845 5467 2918 5520 ad
2950 5466 3160 5521 exitum
3196 5482 3307 5519 non
3342 5482 3606 5521 commu-

1914 5557 2083 5612 nicet.
