3944 6302
361 316 456 368 911

500 438 632 494 CAP.
661 439 743 493 IX.
786 468 854 478 —
887 440 954 492 Ut
987 452 1071 492 res
1091 438 1262 507 finita
1284 439 1547 504 refricari
1570 453 1675 492 non
1696 439 1902 492 debeat.

430 527 540 597 (Ea:
584 528 808 582 concilio
857 529 1141 595 Mogunti,
1194 530 1386 597 capite.
1423 527 1499 598 7.)
1527 529 1602 580 De
1658 527 1746 580 his
1796 526 2049 580 crimini-

359 615 466 668 bus
527 617 596 670 de
654 615 863 686 quibus
928 616 1224 668 absolutus
1279 620 1363 669 est
1423 620 1738 684 accusatus,
1799 615 2051 669 refricari

358 705 642 757 accusatio
674 719 792 757 non
824 708 1030 773 potest.

360 809 490 864 CAP.
510 810 568 863 Χ.
590 838 658 848 -
683 812 757 862 De
771 810 881 862 illis
903 809 1168 876 quiasuis
1179 807 1464 876 judicibus
1474 809 1685 878 pulsati
1695 825 1799 863 non
1818 810 2045 876 fuerint.

431 899 540 962 (Em
569 895 713 950 decr.
760 896 983 950 Eusebii
1007 911 1184 965 papa,
1236 899 1415 965 capite
1444 898 1560 968 20.)
1605 899 1867 952 Pulsatus
1917 905 2049 953 ante

360 1000 525 1038 suam
551 983 801 1054 judicem
834 1000 1059 1037 causam
1093 984 1263 1051 dicat,
1297 989 1350 1038 et
1373 1001 1492 1038 non
1543 990 1676 1040 ante
1703 1003 1869 1040 suum
1889 987 2051 1058 judi-

358 1085 479 1122 cem
512 1069 788 1139 pulsatus,
821 1067 865 1120 si
893 1067 1140 1121 voluerit
1186 1073 1370 1122 taceat
1402 1086 1414 1124 :
1449 1073 1505 1123 et
1538 1075 1602 1124 ut
1630 1071 1874 1141 pulsato,
1904 1087 2048 1142 quo-

356 1156 465 1210 ties
495 1156 882 1226 appellaverit,
916 1155 1164 1210 inducia
1196 1157 1422 1211 dentur.

356 1246 485 1300 CAP.
514 1246 602 1298 XI.
634 1275 702 1286 —
734 1247 800 1300 Ut
823 1246 1004 1299 nullus
1043 1247 1272 1311 infamis
1319 1247 1633 1314 religiosum
1671 1247 2048 1305 Christianum

967 1331 1220 1370 accusare
1241 1321 1433 1386 possit.

429 1403 536 1474 (Ea:
567 1405 737 1459 decre.
771 1407 961 1460 Felicis
987 1421 1168 1474 papa,
1191 1408 1366 1474 capite
1397 1406 1467 1477 7.)
1493 1407 1645 1461 Nulli
1660 1406 1860 1461 infami
1887 1412 1944 1462 et
1965 1424 2047 1460 sa-

354 1492 566 1563 crilego
595 1494 662 1548 de
681 1510 1021 1563 quocunque
1043 1494 1455 1564 negotioliceat
1479 1495 1825 1566 quandoque
1843 1496 2043 1550 adver-

352 1597 449 1634 sus
481 1581 810 1651 religiosum
833 1581 1240 1648 Christianum,
1283 1585 1544 1652 quamvis
1574 1585 1827 1650 humilis,
1865 1583 2046 1636 servi-

353 1669 538 1738 lisque
571 1685 815 1738 persona
851 1669 942 1735 sit,
975 1669 1368 1724 testimonium
1402 1670 1590 1724 dicere
1625 1687 1638 1724 :
1671 1687 1777 1725 nec
1806 1671 1874 1725 de
1903 1687 2043 1741 qua-

353 1757 494 1810 libet
522 1773 600 1825 re,
626 1757 869 1824 actione,
916 1758 1291 1828 inscriptione
1323 1759 1706 1813 Christianum
1748 1759 2045 1830 impetere.

358 1863 487 1916 CAP.
514 1865 624 1917 XII.
650 1892 718 1904 —
749 1865 830 1917 De
857 1865 1000 1928 falso
1030 1867 1178 1926 teste,
1211 1863 1356 1932 quod
1382 1879 1485 1918 non
1532 1864 1720 1918 debeat
1747 1867 2049 1936 impunitus

1119 1935 1288 1987 abire.

425 2022 532 2089 (Ea:
562 2021 726 2076 dictis
761 2021 1048 2092 Augusti.)
1102 2023 1293 2076 Falsus
1343 2022 1525 2090 testis,
1575 2023 1712 2077 dicit
1756 2023 2046 2094 Salomon,

355 2127 468 2163 non
503 2111 609 2163 erit
646 2111 982 2179 impunitus.
1017 2110 1123 2174 Qui
1172 2111 1377 2164 falsum
1409 2111 1799 2166 testimonium
1832 2113 2049 2183 profert

353 2203 550 2251 contra
606 2200 928 2268 proximum
979 2215 1168 2264 suum,
1217 2201 1586 2269 extinguetur
1633 2202 1864 2255 lucerna
1921 2202 2047 2272 ejus

353 2285 413 2339 in
443 2286 536 2339 die
564 2287 790 2340 ultimo.
817 2287 918 2351 Qui
955 2295 1108 2342 metu
1146 2288 1448 2357 cujuslibet
1496 2290 1796 2360 potestatis
1833 2292 2044 2344 verita-

355 2381 469 2428 tem
532 2377 791 2441 occultat,
849 2376 992 2429 iram
1052 2375 1148 2429 Dei
1197 2393 1370 2445 super
1422 2393 1480 2430 se
1536 2381 1846 2448 provocat:
1912 2379 2046 2449 quia

355 2463 537 2533 magis
602 2464 764 2518 timet
828 2464 1124 2518 hominem
1199 2481 1373 2535 quam
1468 2467 1667 2520 Deum.
1739 2467 2045 2523 Falsidicus

351 2553 510 2604 testis
560 2553 740 2605 tribus
791 2553 1048 2623 personis
1107 2559 1192 2607 est
1235 2553 1535 2608 obnoxius.
1600 2555 1853 2609 Primum
1906 2557 2040 2623 Deo,

350 2640 514 2709 cujus
556 2643 919 2710 praseutiam
966 2643 1301 2696 contemnit.
1359 2643 1576 2697 Deinde
1619 2644 1817 2713 judici,
1870 2661 2042 2715 quem

350 2729 683 2782 mentiendo
731 2729 910 2797 fallit;
963 2736 1250 2800 postremo
1317 2730 1633 2798 innocenti,
1685 2748 1853 2802 quem
1900 2733 2041 2787 falso

347 2817 676 2871 testimonio
729 2818 902 2871 ladit.
959 2818 1017 2872 Si
1071 2818 1200 2872 falsi
1255 2823 1427 2872 testes
1484 2827 1847 2889 separantur,
1909 2837 2040 2875 mox

351 2906 652 2960 mendaces
683 2905 1076 2961 inveniuntur.
1111 2907 1359 2979 Uterque
1410 2924 1540 2961 reus
1571 2914 1677 2975 est,
1721 2914 1779 2963 et
1817 2911 1918 2980 qui
1945 2927 2042 2963 ve—

347 3082 446 3135 ille
474 3081 746 3152 prodesse
773 3097 887 3134 non
918 3082 1058 3148 vult,
1097 3087 1156 3136 et
1183 3083 1286 3136 iste
1318 3099 1519 3138 nocere
1561 3084 1866 3139 desiderat.
1897 3087 2038 3140 Bea-

347 3175 440 3225 tus
469 3171 630 3240 cujus
686 3171 1080 3228 testimonium
1127 3170 1188 3224 in
1241 3177 1547 3243 conspectu
1596 3173 1694 3227 Dei
1742 3175 2040 3246 probabile

347 3258 690 3313 invenietur.

569 3348 696 3400 CAP.
728 3348 868 3402 XIII.
894 3378 960 3388 -—
996 3350 1062 3404 Ut
1087 3364 1236 3403 nemo
1256 3349 1447 3404 absens
1470 3350 1821 3419 dijudicetur.

413 3436 522 3508 (Ea.-
578 3438 737 3505 epist.
799 3437 1041 3506 Zepheri
1091 3453 1253 3507 papae
1327 3440 1703 3494 Siciliensibus
1770 3444 2040 3512 episcopis

341 3525 558 3594 missa.)
588 3525 764 3578 Nemo
793 3525 997 3579 absens
1019 3525 1311 3596 judicetur
1343 3541 1356 3583 :
1393 3527 1527 3597 quia
1557 3528 1826 3583 humana
1860 3537 1915 3584 et
1946 3531 2036 3585 di-

343 3613 490 3667 vina
528 3613 636 3667 hoc
682 3612 991 3683 prohibent
1033 3614 1208 3684 leges.
1261 3615 1493 3669 Nullum
1529 3632 1779 3687 namque
1815 3635 2035 3688 eorum,

341 3699 401 3754 id
433 3707 538 3766 est,
571 3707 966 3756 accusatorum
999 3703 1282 3756 sententia
1304 3719 1421 3757 non
1449 3721 1483 3758 a
1529 3722 1632 3759 suo
1652 3707 1847 3776 judice
1889 3710 2038 3765 dicta

339 3788 692 3859 constringat
725 3805 738 3842 :
775 3789 910 3861 quia
941 3794 1000 3844 et
1029 3791 1206 3845 seculi
1236 3792 1391 3862 leges
1417 3791 1476 3846 id
1502 3792 1690 3864 ipsum
1718 3795 1847 3850 ﬁeri
1885 3813 2036 3868 pra-

340 3877 582 3948 cipiunt.

780 3967 907 4021 CAP.
937 3967 1071 4022 XIV.
1106 3998 1174 4007 -—
1198 3970 1277 4023 De
1302 3969 1486 4026 eadem
1513 3988 1592 4028 re.

410 4057 519 4123 (Εω
558 4055 702 4111 decr.
739 4057 986 4111 Adriani
1014 4072 1190 4127 papa,
1214 4062 1390 4129 capite
1427 4060 1504 4132 4.)
1535 4063 1782 4117 Caveant
1813 4064 2032 4135 judices

340 4144 618 4213 Ecclesia,
653 4162 724 4199 ne
756 4145 992 4201 absente
1031 4163 1098 4200 eo
1143 4149 1303 4218 cujus
1349 4166 1519 4204 causa
1557 4153 1869 4207 ventilatur
1898 4171 2029 4209 sen-

334 4233 573 4288 tentiam
606 4235 901 4305 proferant
933 4251 945 4289 :
980 4235 1116 4305 quia
1156 4235 1318 4292 irrita
1368 4238 1499 4305 erit,
1542 4239 1660 4294 imo
1694 4247 1750 4294 et
1799 4257 2028 4297 causam

333 4323 394 4376 in
425 4324 639 4392 synodo
666 4339 773 4394 pro
794 4323 940 4378 facto
973 4325 1208 4380 dabunt.

333 4411 463 4466 CAP.
495 4412 602 4466 XV.
655 4440 726 4451 —
775 4414 841 4468 Ut
875 4428 1025 4467 nemo
1077 4415 1241 4538 stimtul
1286 4416 1360 4468 sit
1405 4419 1706 4482 accusator,
1751 4416 1928 4485 judea:
1978 4423 2029 4473 et

1116 4501 1172 4538 es
1199 4500 1264 4538 is.

1116 4500 1264 4539 estis.

403 4570 520 4636 (Em
540 4573 697 4638 epist.
731 4571 1004 4627 Alemand.
1042 4587 1223 4642 papae,
1281 4575 1456 4641 capite
1502 4573 1582 4642 7.)
1632 4574 1807 4630 Nemo
1852 4577 2024 4633 simul

329 4659 401 4714 sit
426 4665 734 4728 accusator,
767 4661 922 4715 testis
954 4677 1016 4715 ac
1040 4662 1236 4731 judex,
1272 4661 1463 4714 nullus
1493 4678 1750 4734 unquam
1797 4681 2022 4735 prasu-

327 4752 448 4802 mat
468 4755 759 4803 accusator
778 4749 948 4803 simul
969 4765 1108 4816 esse,
1136 4749 1404 4820 etjudex,
1429 4754 1485 4804 et
1506 4753 1663 4806 testis
1695 4769 1708 4806 :
1744 4756 2019 4824 quoniam

323 4837 386 4892 in
416 4838 574 4891 omni
606 4839 726 4892 loco
771 4837 978 4908 judicii
1028 4842 1272 4906 quatuor
1321 4855 1596 4908 personas
1651 4858 1879 4896 necesse
1935 4850 2021 4899 est

324 4941 552 4996 semper
581 4927 802 4992 adesse,
837 4927 893 4980 id
927 4930 1028 4992 est,
1057 4925 1281 4996 judices
1309 4928 1536 4994 electos,
1565 4934 1619 4984 et
1640 4935 2017 5002 accusatores,

325 5020 494 5085 atque
514 5015 840 5070 defensores
861 5019 918 5069 et
938 5019 1132 5070 testes.

323 5122 448 5175 CAP.
483 5123 938 5188 XVI.-—Defalso
960 5123 1257 5176 testimonio
1289 5122 1434 5190 quod
1461 5125 1779 5193 capitalesit
1793 5128 2012 5182 crimen.

391 5210 510 5276 (Ex
540 5211 760 5264 concilio
791 5210 1086 5277 Agathen.,
1127 5212 1304 5279 capite
1343 5210 1418 5282 8.)
1453 5212 1724 5267 Noverint
1748 5214 1875 5268 falsi
1897 5221 2017 5269 tes~

319 5303 425 5365 tes,
477 5299 632 5369 quod
679 5297 726 5351 si
770 5298 976 5352 falsum
1048 5300 1441 5354 testimonium
1505 5301 1746 5370 capitale
1796 5304 2014 5359 crimen

318 5403 436 5441 non
467 5393 634 5453 esset,
681 5403 1049 5458 nequaquam
1082 5389 1361 5442 Dominus
1417 5389 1475 5443 in
1505 5389 1813 5461 Evangelio
1862 5391 2013 5448 inter

315 5474 660 5546 principalia
707 5475 946 5529 crimina
996 5476 1102 5530 hoc
1159 5484 1612 5534 annumerasset.
1662 5481 1756 5535 Ait
1806 5482 2007 5539 enim:

319 5563 397 5616 De
444 5563 611 5618 corde
659 5567 870 5618 exeunt
927 5563 1258 5634 homicidia,
1311 5565 1614 5634 adulteria,
1658 5567 1828 5639 furta,
1867 5569 2009 5626 falsa

1443 312 1842 369 BURCIIABDI
1882 313 2418 371 WORMACIENSIS
2456 315 2786 370 EPISCOPI.

3758 323 3852 375 912

2076 441 2122 492 Α
2160 439 2508 494 testimonia.
2531 441 2600 494 Et
2630 439 2759 494 ideo
2809 439 3075 494 similiter
3101 441 3271 496 debet
3323 443 3624 512 panitere,
3673 448 3730 498 et
3760 461 3854 498 ex—

2163 528 2574 582 communicari
2631 528 2804 582 falsus
2853 528 3028 593 testis,
3083 530 3230 584 sicut
3281 532 3524 599 adulter,
3557 539 3618 587 et
3657 533 3768 600 fur,
3806 538 3856 587 et

2161 616 2468 670 homicida.

2162 705 2292 759 CAP.
2326 706 2486 761 XVII.
2509 736 2578 745 —
2606 707 2672 760 Ut
2695 707 2831 772 falsi
2849 710 3002 760 testes
3025 723 3059 760 a
3079 710 3444 763 communione
3465 711 3580 764 nisi
3591 713 3856 779 pamitue-

2684 779 2797 830 rint
2828 780 2939 831 sint
2967 779 3338 834 submovendi.

2231 864 2350 930 (Ea:
2396 866 2620 919 concilio
2670 865 2980 933 Aureliam,
3034 870 3211 936 capite
3254 871 3331 938 5.)
3385 869 3579 922 Falsos
3624 873 3797 922 testes
3827 886 3858 923 a

2158 952 2563 1007 communione
2593 953 2972 1008 ecclesiastica
3021 955 3462 1010 submovendos:
3521 957 3638 1011 nisi
3669 959 3857 1028 pani—

2158 1041 2354 1096 tentia
2383 1042 2768 1096 satisfactione
2797 1042 3040 1096 crimina
3067 1044 3316 1098 admissa
3345 1045 3637 1100 diluerint.

2159 1130 2286 1183 CAP.
2319 1130 2502 1184 XVIII.
2531 1161 2595 1168 —
2613 1132 2676 1184 Ut
2687 1131 2865 1197 falsus
2875 1133 3028 1205 testis
3048 1137 3208 1205 prout
3226 1135 3428 1188 crimen
3447 1139 3524 1188 est
3538 1134 3689 1204 quod
3700 1151 3855 1205 oppo-

2795 1204 2906 1254 suit
2933 1204 3217 1270 puniatur.

2230 1290 2338 1354 (Ea:
2385 1289 2604 1342 concilio
2644 1288 2975 1354 Elibertan.,
3032 1292 3213 1358 capite
3293 1291 3400 1361 10.)
3445 1293 3641 1346 Falsus
3701 1293 3855 1346 testis

2156 1381 2332 1445 prout
2360 1376 2574 1429 crimen
2610 1381 2694 1429 est
2738 1375 3140 1430 abstinebitur.
3198 1377 3253 1431 Si
3285 1383 3477 1433 tamen
3529 1396 3648 1434 non
3684 1381 3858 1434 fuerit

2157 1464 2360 1518 mortis
2393 1465 2545 1535 quod
2577 1465 2802 1532 objecit,
2851 1468 2906 1517 et
2951 1466 3276 1534 probaverit
3319 1469 3472 1538 quod
3525 1470 3623 1523 diu
3654 1470 3853 1530 tacuit,
3918 1477 3919 1498 ξ

2157 1552 2374 1606 biennii
2406 1558 2664 1624 tempore
2699 1551 3092 1606 abstinebitur.
3111 1555 3166 1608 Si
3190 1563 3379 1609 autem
3401 1573 3514 1610 non
3528 1558 3860 1627 probaverit

2156 1641 2212 1694 in
2267 1647 2550 1696 conventu
2589 1642 2946 1708 clericorum,
2998 1642 3213 1712 placuit
3238 1661 3341 1715 per
3391 1646 3854 1717 quinquennium

2081 1729 2120 1783 Β
2159 1731 2446 1785 abstineri.

2228 1822 2356 1876 CAP.
2391 1820 2520 1875 XIX.
2552 1850 2623 1858 —
2655 1822 2725 1873 De
2746 1821 3012 1892 ingenuis,
3036 1823 3086 1876 si
3105 1823 3164 1875 in
3194 1821 3394 1889 synodo
3433 1828 3785 1877 accusantur.

2228 1910 2336 1972 (Ea:
2367 1909 2590 1961 concilio
2643 1909 2908 1974 Triburi.,
2955 1911 3132 1978 capite
3165 1909 3274 1979 l0.)
3319 1910 3530 1963 Nobilis
3559 1911 3740 1966 homo
3773 1913 3852 1964 vel

2155 1995 2463 2065 ingenuus,
2517 1995 2562 2048 si
2610 1997 2668 2049 in
2715 1997 2932 2066 synodo
2979 2003 3295 2063 accusatur,
3323 2004 3380 2052 et
3429 2002 3776 2070 negaverit:
3810 2002 3856 2054 si

2157 2101 2288 2138 eum
2321 2084 2549 2138 ﬁdelem
2591 2102 2711 2138 esse
2743 2085 2946 2153 sciunt,
2982 2103 3110 2140 cum
3151 2087 3454 2142 duodecim
3485 2089 3760 2158 ingenuis
3799 2107 3855 2144 se

2155 2177 2454 2242 expurget.
2483 2173 2540 2227 Si
2571 2178 2738 2226 antea
2779 2173 3168 2244 deprehensus
3221 2175 3400 2230 fuerit
3449 2177 3509 2230 in
3548 2177 3726 2245 furto,
3761 2187 3856 2232 aut

2153 2259 2430 2328 perjurio,
2460 2261 2557 2311 aut
2603 2259 2741 2312 falso
2788 2262 3136 2328 testimonio,
3188 2262 3257 2316 ad
3308 2262 3702 2333 juramentum
3736 2281 3852 2319 non

2155 2347 2510 2412 admittatur,
2535 2347 2630 2401 sed
2663 2348 2806 2401 sicut
2838 2350 2936 2420 qui
2993 2351 3276 2421 ingenuus
3327 2368 3444 2407 non
3471 2358 3570 2413 est,
3604 2354 3852 2408 ferventi

2153 2451 2321 2505 aqua,
2355 2441 2454 2489 aut
2483 2437 2745 2491 candenti
2772 2437 2923 2491 ferro
2955 2455 3012 2492 se
3039 2445 3331 2510 expurget.

2153 2539 2280 2594 CAP.
2314 2541 2415 2594 XX.
2449 2570 2516 2580 —
2554 2542 2620 2594 Ut
2650 2546 2804 2596 testes
2833 2542 2905 2595 ad
2945 2547 3307 2615 testimonium
3335 2561 3440 2599 non
3486 2549 3848 2615 recipiantur,

2401 2627 2532 2680 quos
2560 2619 2840 2668 accusator
2869 2631 2902 2666 a
2929 2614 3083 2670 domo
3109 2631 3210 2670 sua
3244 2616 3591 2684 produxerit.

2224 2701 2330 2768 (Ea:
2367 2701 2546 2754 eodem
2583 2705 2761 2770 capite
2800 2703 2878 2773 5.)
2921 2705 3109 2758 Testes
3162 2705 3229 2758 ad
3296 2706 3691 2760 testimonium
3734 2725 3852 2762 non

2153 2787 2534 2841 admittendos
2563 2789 2662 2858 qui
2708 2805 2812 2842 nec
2851 2791 2917 2844 ad
2963 2791 3383 2845 accusationem
3434 2791 3658 2846 admitti
3701 2810 3850 2863 pra-

2150 2875 2298 2945 cepti
2353 2881 2505 2942 sunt,
2559 2877 2648 2929 vel
2699 2893 2842 2947 quos
2891 2878 3010 2948 ipse
3060 2885 3354 2932 accusator
3393 2880 3462 2933 de
3513 2880 3687 2934 domo
3749 2899 3852 2935 sua

350 2994 577 3046 ritatem
627 2994 892 3061 occultat,
940 2999 996 3047 et
1043 2994 1143 3064 qui
1193 2963 1557 3049 mendacium
1606 2963 1743 3050 dicit
1774 3013 1787 3050 :
1821 2963 1958 3068 quia
1984 3002 2040 3052 et
2079 3015 2118 3068 α
2150 2963 2515 3068 lirofiuxef“;
2555 2965 2640 3018 Ad
2699 2965 3098 3068 testimfiniu'“,
3145 2972 3336 3068 aPFefn
3384 2967 3531 3021 infra
3566 2973 3850 3039 quatuor-

2150 3051 2334 3105 decim
2365 3053 2547 3106 atatis
2581 3069 2777 3118 annos,
2810 3055 3004 3107 nullus
3034 3054 3388 3109 admittatur.

2151 3140 2280 3194 CAP.
2316 3142 2452 3196 XXI.
2491 3171 2555 3180 —
2589 3143 2653 3195 Ut
2684 3143 2867 3195 nullus
2911 3132 3132 3197 clericus
3165 3143 3240 3197 ad
3264 3145 3503 3212 judicem
3551 3148 3846 3201 secularem

2468 3212 2641 3266 alium
2663 3214 2913 3267 clericum
2935 3229 3190 3268 accusare
3204 3221 3518 3284 praesumat.

2221 3299 2326 3364 (Ea:
2349 3301 2571 3354 concilio
2615 3301 2921 3366 Mariscen.,
2960 3305 3136 3371 capite
3166 3304 3238 3372 8.)
3280 3305 3350 3357 Ut
3374 3305 3566 3358 nullus
3603 3306 3846 3360 clericus

2147 3387 2489 3458 adjudicem
2521 3390 2836 3443 secularem
2887 3390 3064 3444 alium
3106 3391 3374 3447 clericum
3407 3409 3694 3461 accusare,
3749 3400 3847 3450 aut

2146 3477 2216 3531 ad
2237 3493 2465 3531 causam
2495 3478 2796 3532 dicendum
2847 3481 3076 3534 trahere
3121 3496 3462 3553 quocunque
3501 3484 3670 3537 modo
3700 3501 3846 3555 pra-

2147 3571 2338 3620 sumat
2371 3583 2384 3620 :
2418 3567 2512 3620 sed
2545 3584 2715 3621 omne
2765 3569 3064 3637 negotium
3105 3569 3462 3638 clericorum,
3515 3577 3612 3625 aut
3637 3572 3699 3626 in
3728 3575 3847 3644 epi-

2147 3653 2304 3724 scopi
2343 3653 2451 3721 sui,
2485 3659 2583 3708 aut
2606 3655 3074 3727 presbyterorum
3103 3673 3228 3710 cum
3261 3658 3645 3713 archidiaconi
3690 3677 3841 3731 pra-

2146 3741 2329 3796 sentia
2358 3743 2609 3797 finiatur.
2639 3743 2800 3808 Quod
2842 3744 2888 3798 si
2937 3745 3293 3817 quiscunque
3325 3748 3560 3801 clericus
3594 3749 3706 3803 hoc
3732 3751 3843 3804 im-

2143 3831 2300 3901 plere
2340 3832 2646 3901 distulerit,
2698 3833 2744 3887 si
2793 3834 2994 3904 junior
3037 3835 3230 3905 fuerit,
3276 3852 3393 3890 una
3449 3838 3638 3892 minus
3658 3839 3728 3893 de
3757 3841 3844 3895 XL

2143 3921 2289 3975 ictus
2336 3922 2593 3992 accipiat.
2643 3923 2700 3978 Si
2748 3939 2882 3977 vero
2933 3925 3288 3994 honoratior,
3335 3927 3573 3997 triginta
3611 3927 3836 3983 dierum

2143 4011 2507 4065 conclusione
2539 4012 2834 4067 multetur.

2143 4098 2272 4155 CAP.
2305 4098 2463 4154 XXII.
2497 4131 2554 4139 —
2595 4103 2661 4155 Ut
2708 4100 2893 4156 nullus
2917 4101 3092 4170 judea:
3112 4103 3370 4157 secularis
3415 4105 3652 4173 aliquem
3679 4108 3842 4161 eccle-

2476 4174 2818 4226 siasticorum
2847 4174 3176 4241 distringere
3199 4181 3516 4243 praesumat.

2212 4257 2323 4324 (Ea:
2360 4261 2582 4313 concilio
2609 4261 2931 4328 Parisiensi,
2963 4265 3139 4330 capite
3188 4260 3300 4332 10.)
3325 4263 3396 4316 Ut
3448 4262 3641 4318 nullus
3683 4265 3839 4336 judi-

2141 4359 2293 4413 cum,
2357 4362 2544 4418 neque
2619 4348 3036 4418 presbyterum,
3099 4366 3287 4420 neque
3345 4351 3671 4420 diaconum,
3742 4359 3841 4409 aut

2139 4434 2406 4492 clericum
2443 4438 2644 4502 ullum,
2675 4442 2772 4490 aut
2801 4438 3060 4507 juniores
3109 4440 3387 4506 Ecclesia,
3425 4441 3544 4496 sine
3599 4443 3840 4498 scientia

2139 4523 2448 4594 pontificis,
2480 4541 2582 4595 per
2631 4542 2690 4579 se
2737 4526 3061 4597 distringat,
3117 4533 3218 4582 aut
3272 4529 3658 4586 condemnare
3694 4549 3840 4602 pra-

2137 4617 2346 4666 sumat.
2406 4614 2570 4677 Quod
2628 4614 2676 4668 si
2727 4615 2942 4680 fecerit,
2999 4616 3070 4669 ab
3121 4617 3366 4671 Ecclesia
3421 4619 3513 4673 cui
3559 4620 3836 4690 injuriam

2136 4700 2392 4771 irrogare
2456 4701 2827 4773 dignoscitur,
2902 4707 3018 4758 tam
3072 4705 3168 4758 diu
3225 4710 3632 4776 sequestratus,
3693 4726 3836 4780 quo-

2134 4805 2320 4861 usque
2353 4794 2574 4844 reatum
2605 4807 2772 4846 suum
2802 4799 3074 4862 agnoscat
3103 4797 3158 4847 et
3183 4795 3458 4849 emendet.

2134 4879 2260 4932 CAP.
2297 4879 2482 4933 XXIll.
2506 4909 2572 4920 -—
2609 4881 2675 4934 Ut
2703 4895 2878 4935 omnes
2908 4897 3082 4936 causa
3105 4898 3203 4951 per
3229 4886 3604 4938 auctoritatem
3625 4888 3832 4941 verita-

2686 4955 2756 5006 tis
2785 4954 3114 5007 ventilandse
3144 4956 3275 5008 sint.

2205 5039 2321 5105 (Ea:
2350 5040 2514 5096 dictis
2543 5044 2784 5110 August.
2818 5045 2878 5097 in
2908 5044 3031 5097 libr.
3064 5047 3136 5098 De
3164 5046 3386 5100 civitate
3421 5043 3569 5116 Dei.)
3619 5045 3833 5103 Omnes

2131 5144 2312 5183 causa
2344 5130 2612 5199 primitus
2643 5147 2744 5202 per
2774 5131 3173 5186 auctoritatem
3199 5133 3452 5186 veritatis
3480 5135 3832 5190 ventilanda

2130 5221 2278 5272 sunt.
2313 5219 2530 5282 Quibus
2563 5219 2694 5284 sint,
2751 5220 2915 5289 cujus
2945 5221 3078 5284 sint,
3123 5222 3416 5291 quomodo
3449 5222 3584 5290 sint,
3628 5225 3832 5294 quales

2129 5304 2264 5372 sint,
2301 5306 2477 5360 docta
2509 5314 2605 5362 aut
2659 5308 2923 5374 indocta,
2975 5325 3184 5379 parva,
3251 5327 3323 5364 an
3372 5326 3620 5381 magna,
3677 5320 3832 5368 nota

2128 5394 2263 5463 sint,
2295 5401 2394 5448 aut
2420 5395 2651 5466 ignota.
2691 5397 2871 5467 Longi
2912 5398 3187 5469 temporis
3227 5414 3300 5452 an
3330 5400 3510 5468 parvi,
3545 5407 3648 5456 aut
3675 5404 3828 5456 auti-

2127 5483 2227 5554 qui
2283 5484 2460 5538 hostis
2494 5485 2913 5541 consuetudine
2970 5494 3210 5558 reperta
3261 5487 3394 5542 sint.
3447 5489 3575 5542 Hac
3631 5491 3828 5546 omnia

2119 5571 2296 5643 judex
2324 5588 2453 5628 cum
2486 5575 2814 5646 aqualitate
2845 5574 3170 5633 discernere
3200 5576 3390 5633 debet.
