3944 6298
90 330 189 381 913

903 325 1383 382 DECRETORUM
1425 330 1613 384 LIBRI
1651 331 1757 386 XX.
1798 360 1867 370 --
1909 330 2118 386 LIBER
2158 330 2463 387 DECIMUS
2501 331 2784 388 SEXTUS.

3481 339 3587 399 914

88 453 211 507 CAP.
245 451 423 507 XXIV.
457 481 523 491 —
568 452 641 505 De
664 450 871 504 clericis
900 450 958 501 in
1000 450 1144 515 falso
1176 451 1472 503 testimonio
1502 451 1777 504 convictis.
1819 452 1864 504 Α
1898 453 2119 505 tantum
2178 450 2494 505 commodis
2546 450 2821 519 cogitant,
2876 467 2990 504 non
3048 451 3116 505 de
3172 452 3400 508 futuris.
3461 455 3588 509 Vita

154 542 263 612 (Ea:
310 541 532 594 concilio
585 539 924 607 Epaonensi,
958 542 1134 606 capite
1160 537 1275 607 76.)
1333 537 1623 592 Statutum
1674 543 1779 604 est,

88 634 145 683 ut
203 630 250 682 si
301 629 431 699 quis
489 627 727 681 clericus
772 626 833 679 in
891 626 1032 679 falso
1096 625 1429 679 testimonio
1487 626 1781 680 convictus

83 718 273 780 fuerit,
310 733 443 769 reus
476 715 704 786 capitali
744 713 983 769 crimine
1032 720 1356 782 censeatur,
1388 718 1445 768 et
1473 714 1647 769 ofﬁcii
1690 730 1780 769 or-

87 807 215 861 dine
248 806 618 877 degradetur.

508 895 633 948 CAP.
669 893 818 947 XXV.
851 922 919 933 —
950 894 1029 947 De
1049 892 1351 961 judicibus.

154 984 266 1053 (Ea:
311 984 473 1037 dictis
504 984 564 1036 S.
613 980 838 1050 Isidor.)
885 981 968 1035 Ad
1014 980 1287 1035 delictum
1337 980 1585 1051 pertinet
1612 981 1779 1050 prin-

84 1073 298 1142 cipum,
350 1072 451 1141 qui
503 1086 708 1140 pravos
749 1070 973 1140 judices
1027 1077 1226 1122 contra
1280 1070 1636 1124 voluntatem
1681 1069 1782 1123 Dei

84 1161 310 1232 populis
354 1160 617 1214 ﬁdelibus
666 1158 1025 1228 praeferunt:
1060 1159 1199 1212 Nam
1230 1159 1375 1212 sicut
1417 1159 1615 1229 populi
1647 1175 1780 1229 pec-

84 1257 274 1306 catum
323 1248 595 1302 delictum
628 1253 728 1315 est,
767 1248 999 1318 quando
1032 1246 1320 1317 principes
1353 1248 1486 1300 mali
1519 1253 1671 1315 sunt,
1704 1248 1782 1301 sic

82 1338 361 1409 principis
411 1342 495 1390 est
547 1342 856 1406 peccatum,
906 1337 1138 1407 quando
1164 1336 1385 1405 judices
1431 1336 1617 1407 iniqui
1662 1336 1778 1390 exi-

84 1432 260 1481 stunt.
317 1428 502 1480 Bonus
545 1426 723 1495 judex
772 1425 918 1478 sicut
966 1441 1170 1478 nocere
1222 1424 1436 1478 civibus
1478 1426 1672 1490 nescit,
1704 1426 1781 1478 ita

82 1516 353 1586 prodesse
403 1514 671 1567 omnibus
704 1512 879 1565 novit.
913 1512 1052 1566 Aliis
1095 1513 1251 1566 enim
1281 1517 1511 1583 praestat
1541 1529 1783 1567 censura

76 1604 339 1675 justitiee,
375 1602 501 1656 aliis
532 1600 805 1656 bonitate.
854 1600 962 1665 Qui
987 1600 1205 1670 judicia
1236 1601 1361 1655 sine
1400 1616 1778 1670 personarum

1891 539 2045 592 enim
2092 539 2195 593 ista
2239 555 2540 610 vesperum
2586 539 2777 593 futura
2807 555 2941 592 vero
2971 555 3137 592 mane
3189 541 3481 611 accipitur.
3522 544 3586 596 Et

1888 627 2035 682 bene
2096 628 2178 682 ait
2230 627 2390 698 quasi
2436 626 2578 696 lupi,
2641 627 2776 697 quia
2825 628 3094 696 luporum
3158 644 3315 681 more
3383 636 3586 684 cuncta

1891 717 2191 787 diripiunt,
2227 723 2281 769 et
2310 717 2399 769 vix
2428 732 2609 786 pauca
2636 715 2989 786 pauperibus
3018 716 3403 788 derelinquat.

2020 805 2146 859 CAP.
2179 806 2377 861 XXVII.
2409 833 2480 845 —
2508 806 2587 859 De
2613 804 2848 858 verbosis
2866 804 3167 873 judicibus,
3202 810 3252 859 et
3278 808 3453 860 etatis.

1962 895 2077 963 (Ea:
2099 895 2236 947 libro
2259 894 2503 960 O/ﬁcior.
2529 894 2585 947 S.
2607 894 2827 959 Isidor.)
2858 894 3086 947 Verbosi
3110 895 3333 963 judices
3356 900 3412 948 et
3432 897 3585 963 elati,
3666 937 3673 944 .

1892 986 1955 1036 ut
1972 983 2255 1052 sapientes
2278 980 2588 1043 videantur,
2615 996 2728 1034 non
2751 981 3061 1035 discutiunt
3081 997 3300 1049 causas,
3327 984 3425 1036 sed
3445 1000 3592 1038 asse-

1892 1077 2045 1136 runt,
2078 1070 2269 1139 sicque
2291 1069 2856 1138 conturbantjudicii
2880 1069 3160 1137 ordinem,
3186 1071 3321 1123 dum
3347 1089 3447 1125 suo
3471 1088 3586 1125 non

1890 1158 2368 1223 contentiolﬁcio,
2384 1159 2565 1210 aliena
2583 1163 2959 1227 praesumunt,
2978 1157 3209 1227 quidam
3231 1158 3589 1228 dumjudica-

1890 1265 1949 1303 re
1965 1247 2602 1317 incipiuntirascuntur,
2630 1246 2929 1315 ipsamque
2947 1247 3148 1315 judicii
3171 1248 3509 1302 sententiam
3529 1248 3585 1302 in

1889 1336 2172 1390 insaniam
2196 1340 2447 1400 vertunt,
2472 1334 2541 1387 de
2569 1335 2776 1403 quibus
2800 1340 2949 1388 recte
2974 1352 3074 1404 per
3088 1337 3427 1406 prophetam
3451 1337 3587 1391 dici-

1890 1431 2002 1493 tur,
2048 1426 2146 1495 qui
2175 1428 2515 1477 convertunt
2557 1424 2619 1476 in
2650 1424 2898 1477 furorem
2928 1424 3230 1494 judicium.
3267 1425 3372 1488 Qui
3404 1426 3585 1479 iratus

1883 1513 2121 1583 judicat,
2153 1511 2213 1565 in
2260 1511 2513 1565 furorem
2554 1510 2834 1579 judicium
2878 1514 3079 1577 mutat,
3114 1516 3169 1565 et
3208 1518 3339 1567 ante
3373 1514 3586 1582 profert

1889 1600 2233 1654 sententiam
2265 1616 2435 1670 quam
2470 1604 2758 1669 agnoscat.
2796 1600 2974 1653 Furor
3019 1600 3079 1653 in
3105 1600 3316 1668 judice,
3353 1601 3584 1655 investi-

82 1694 411 1764 acceptione
459 1691 711 1760 suscipit,
747 1706 863 1743 non
899 1690 1154 1743 inﬁrmat
1185 1689 1490 1760 justitiam,
1525 1690 1777 1743 avarities
1821 1735 1859 1789 Β
1891 1688 2179 1760 gationem
2235 1688 2355 1741 veri
2405 1704 2517 1741 non
2552 1688 2697 1740 valet
2728 1685 3006 1758 attingere
3040 1704 3053 1741 :
3088 1688 3224 1758 quia
3272 1704 3433 1742 mens
3464 1691 3587 1760 ejus

84 1784 337 1849 ﬂamma,
390 1796 495 1835 nec
528 1779 716 1833 studet
751 1779 977 1833 auferre
1008 1778 1192 1843 alteri,
1228 1779 1378 1847 quod
1425 1780 1617 1848 cupiat
1648 1778 1776 1833 sibi.

85 1871 221 1926 Boni
263 1870 509 1941 judices,
557 1868 841 1940 justitiam
873 1868 945 1921 ad
991 1868 1169 1925 solam
1205 1868 1577 1921 obtinendam
1626 1868 1777 1921 salu-

86 1965 201 2014 tem
234 1966 512 2013 aeternam
559 1956 899 2027 suscipiunt,
951 1972 1054 2009 nec
1084 1973 1208 2010 eam
1244 1956 1577 2009 muneribus
1625 1972 1782 2009 acce-

86 2049 199 2119 ptis
231 2046 608 2113 distribuunt,
661 2051 720 2099 ut
748 2046 884 2100 dum
918 2045 986 2099 de
1011 2046 1167 2114 justo
1198 2045 1414 2113 judicio
1448 2045 1785 2114 temporalia

82 2139 212 2207 jura
246 2152 362 2190 non
405 2140 706 2206 appetunt,
754 2134 990 2204 praemio
1024 2138 1236 2188 aeterno
1282 2133 1554 2187 ditentur.
1589 2134 1783 2188 Omnis

88 2227 187 2299 qui
213 2227 369 2296 juste
410 2225 648 2296 judicat,
694 2229 963 2278 stateram
996 2224 1055 2277 in
1086 2239 1259 2277 manu
1292 2227 1491 2293 gestat,
1525 2222 1584 2276 in
1635 2227 1785 2275 utro-

88 2332 197 2387 que
250 2330 431 2386 penso
472 2314 757 2384 justitiam
805 2318 861 2367 et
908 2312 1363 2367 misericordiam
1410 2317 1600 2382 portat
1640 2328 1652 2365 :
1689 2312 1783 2365 sed

87 2422 189 2476 per
242 2403 522 2476 justitiam
567 2402 759 2457 reddit
802 2401 1020 2473 peccati
1051 2401 1413 2463 sententiam,
1463 2417 1567 2471 per
1611 2400 1786 2454 mise-

88 2494 392 2549 ricordiam
446 2492 663 2563 peccati
710 2497 994 2561 temperat
1040 2507 1269 2560 poenam
1303 2507 1315 2544 :
1351 2494 1413 2543 ut
1442 2490 1549 2543 isto
1605 2490 1785 2543 libra-

90 2585 244 2639 mine
272 2582 538 2654 quazdam
568 2597 672 2651 per
700 2582 1029 2650 aequitatem
1062 2580 1326 2647 corrigat,
1361 2580 1623 2649 quedam
1654 2594 1789 2631 vero

89 2691 191 2744 per
236 2672 669 2726 miserationem
698 2670 1014 2739 indulgeat.
1049 2668 1211 2733 Quod
1246 2668 1344 2721 Dei
1365 2666 1578 2738 judicia
1609 2666 1785 2721 oculis

88 2764 204 2818 suis
252 2760 561 2832 praeponit,
597 2775 823 2831 semper
855 2759 1065 2813 timens
1111 2763 1477 2823 tremensque
1524 2756 1585 2809 in
1626 2755 1786 2809 omni

92 2851 326 2921 negotio
376 2849 730 2917 reformidat,
775 2865 847 2903 ne
889 2848 959 2901 de
987 2846 1225 2916 justitiaa
1284 2846 1510 2899 tramite
1553 2844 1787 2900 devians

90 2942 273 3007 cadat,
308 2942 365 2993 et
394 2938 545 2992 unde
576 2953 691 2991 non
725 2936 1094 3007 justiﬁcatur,
1126 2936 1258 2989 inde
1289 2934 1479 3007 potius
1521 2934 1788 2988 condem-

92 3036 281 3085 netur.

395 3117 524 3170 CAP.
561 3116 735 3170 XXVI.
767 3144 838 3155 —
874 3117 945 3168 De
970 3114 1164 3182 pravis
1183 3112 1487 3182 judicibus.

166 3207 291 3274 (Ea:
330 3206 492 3259 dictis
540 3204 826 3273 ejusdem.)
874 3202 1172 3257 Neminem
1206 3202 1514 3253 stultorum
1556 3200 1645 3253 vel
1676 3199 1789 3252 im-

95 3295 411 3365 proborum
461 3298 720 3363 Oportere
761 3291 1008 3362 judicem
1070 3306 1208 3343 esse.
1243 3290 1383 3343 Nam
1428 3289 1634 3342 stultus
1692 3303 1795 3358 per

95 3383 385 3453 ignaviam
404 3382 631 3453 ignorat
653 3379 954 3449 justitiam,
978 3378 1275 3449 improbus
1296 3394 1401 3447 per
1421 3377 1792 3446 cupiditatem

96 3472 417 3541 corrumpit
464 3471 648 3540 ipsam
680 3484 854 3540 quam
903 3468 1042 3522 dicit
1072 3468 1392 3522 veritatem.
1444 3466 1678 3521 Gravius
1706 3465 1789 3518 la-

94 3566 366 3616 cerantur
390 3575 670 3630 pauperes
697 3575 726 3611 a
759 3557 948 3628 pravis
973 3557 1287 3628 judicibus,
1325 3572 1498 3626 quam
1526 3572 1558 3609 a
1582 3570 1793 3608 cruen-

95 3650 337 3704 tissimis
385 3648 666 3703 hostibus.
718 3647 918 3701 Nullus
971 3646 1124 3700 enim
1156 3646 1351 3717 prtedo
1404 3649 1522 3698 tam
1555 3642 1794 3713 cupidus

98 3740 159 3794 in
198 3738 422 3801 alienis,
456 3753 629 3808 quam
671 3736 848 3807 judex
896 3736 1131 3806 iniquus
1161 3735 1219 3789 in
1250 3735 1384 3787 suis.
1419 3734 1689 3788 Latrones
1736 3732 1795 3785 in

96 3828 338 3883 accessis
382 3827 640 3880 faucibus
674 3841 738 3878 ac
782 3824 1081 3879 latebrosis
1105 3825 1360 3893 jacentes
1407 3822 1645 3876 insidias
1688 3839 1795 3892 po-

96 3922 248 3971 nunt
281 3932 294 3970 :
328 3914 423 3968 isti
455 3915 641 3985 palam
678 3911 1007 3983 rapacitatis
1035 3912 1271 3965 avaritia
1300 3910 1557 3965 saeviunt.
1598 3912 1795 3965 Hostes

99 4006 161 4059 in
218 4004 465 4058 aliorum
521 4000 865 4071 sanguinem
908 4005 1134 4055 tantum
1184 3999 1493 4054 intendunt
1535 3998 1795 4068 :judices

98 4093 265 4164 quasi
332 4090 711 4145 crudelissimi
776 4089 1070 4143 carniﬁces
1127 4089 1367 4155 civium,
1429 4088 1794 4158 oppressione

97 4199 202 4236 sua
259 4180 645 4251 subjectorum
688 4178 865 4232 vitam
919 4179 1279 4249 extinguunt.
1327 4176 1435 4242 Qui
1489 4176 1642 4230 enim
1695 4176 1793 4230 de-

100 4274 329 4325 struant
380 4268 545 4323 multi
594 4273 727 4322 sunt
766 4284 778 4323 :
814 4268 928 4321 rari
974 4272 1104 4321 sunt
1145 4268 1241 4337 qui
1297 4267 1539 4337 populos
1600 4267 1794 4336 legum

102 4358 495 4414 moderamine
526 4361 743 4427 regant.
775 4357 1118 4427 Plerumque
1150 4360 1206 4410 et
1228 4355 1364 4409 boni
1388 4354 1611 4424 judices
1637 4359 1790 4417 sunt,

100 4448 200 4501 sed
252 4446 542 4501 ministros
589 4461 819 4516 rapaces
868 4445 1098 4510 habent,
1132 4445 1340 4499 horum
1372 4443 1578 4511 ﬁgura,
1630 4448 1693 4497 ut
1721 4444 1799 4496 ait

100 4537 362 4607 quidam,
395 4538 672 4605 tanquam
720 4534 877 4587 scilla
906 4533 1186 4604 pingitur,
1235 4538 1403 4604 atque
1434 4531 1794 4587 describitur.

98 4629 229 4696 Ipsa
276 4623 510 4694 quidem
560 4624 813 4678 humana
861 4623 1067 4694 specie,
1110 4622 1206 4677 sed
1254 4621 1535 4692 capitibus
1581 4620 1798 4675 caninis

100 4713 354 4768 accincta
407 4717 462 4767 et
508 4712 880 4766 circumdata.
926 4713 1049 4766 Non
1098 4712 1265 4764 aliter
1294 4710 1636 4783 quibusdam
1691 4726 1799 4780 po—

101 4802 406 4857 testatibus
436 4801 661 4868 accidit,
693 4806 758 4855 ut
799 4801 1056 4871 ipsorum
1090 4801 1507 4855 humanitatem
1538 4798 1802 4853 immani-

102 4899 189 4946 tas
249 4890 582 4961 iniquorum
640 4890 927 4945 sociorum
988 4890 1310 4960 perturbet.
1369 4890 1529 4957 Saepe
1577 4887 1799 4958 judices

102 4980 283 5052 pravi,
312 4979 639 5050 cupiditatis
666 4996 854 5045 causa,
890 4984 986 5033 aut
1015 4978 1307 5043 differunt,
1341 4982 1438 5031 aut.
1465 4980 1804 5047 pervertunt

96 5069 338 5141 judicia,
379 5085 481 5122 nec
531 5068 740 5123 ﬁniunt
784 5074 969 5138 coepta
1014 5067 1262 5138 partium
1309 5067 1559 5136 negotia,
1592 5082 1805 5135 quous-

103 5175 218 5231 que
283 5157 572 5227 marsupia
641 5173 841 5211 eorum
909 5157 1008 5227 qui
1076 5161 1381 5210 causentur
1447 5155 1799 5209 exhauriant.

104 5246 347 5313 Quando
380 5246 533 5300 enim
562 5246 843 5316 judicent,
874 5263 989 5300 non
1031 5262 1229 5300 causas
1256 5244 1354 5298 sed
1393 5244 1540 5298 dona
1576 5243 1804 5297 deside-

105 5342 256 5403 rant,
310 5339 367 5389 et
410 5334 558 5389 sicut
605 5335 963 5405 negligentes
995 5340 1127 5389 sunt
1183 5334 1241 5388 in
1276 5333 1625 5387 discussione
1667 5346 1805 5385 cau-

105 5425 381 5491 santium,
416 5423 495 5477 sic
528 5424 588 5477 in
640 5440 839 5477 eorum
868 5424 1078 5478 damno
1107 5422 1336 5478 solliciti
1384 5426 1532 5475 sunt.
1582 5419 1806 5474 Judices

109 5514 291 5587 pravi,
355 5514 521 5585 juxta
585 5514 883 5584 Prophetse
921 5529 1136 5577 vocem,
1201 5512 1367 5584 quasi
1404 5510 1525 5582 lupi
1571 5524 1807 5578 vespere

111 5620 232 5660 non
262 5601 599 5673 relinquunt
642 5600 700 5655 in
735 5616 925 5667 mane,
971 5601 1080 5656 hoc
1107 5604 1212 5666 est,
1246 5600 1316 5655 de
1345 5596 1646 5670 praesentis
1676 5595 1808 5650 vitae

1893 1778 2120 1832 turbata
2170 1777 2383 1845 furore,
2437 1775 2505 1829 ab
2554 1776 2965 1829 inscrutatione
3004 1776 3285 1830 alienatur
3324 1777 3582 1847 justitiaa.

1893 1866 2203 1921 Iracundus
2254 1866 2425 1936 judex
2450 1863 2654 1934 judicii
2700 1879 2938 1918 examen
2967 1865 3136 1934 plene
3186 1865 3443 1919 contueri
3472 1882 3589 1921 non

1892 1955 2086 2009 valet:
2122 1953 2257 2025 quia
2313 1953 2552 2022 caligine
2615 1952 2822 2006 furoris
2876 1968 2993 2006 non
3037 1952 3205 2007 videt.
3257 1952 3361 2016 Qui
3392 1958 3586 2008 autem

1893 2044 2121 2114 repulso
2172 2042 2361 2095 furore
2409 2040 2658 2106 discutit,
2705 2040 2927 2094 facilius
2957 2040 3029 2094 ad
3075 2042 3458 2095 contuendam
3490 2058 3586 2095 ve-

1892 2132 2121 2186 ritatem
2172 2130 2376 2183 mentis
2436 2128 2740 2182 serenitate
2799 2129 3092 2199 consurgit
3132 2145 3144 2183 :
3180 2132 3235 2182 et
3290 2128 3411 2182 sine
3471 2129 3586 2182 ulla

1893 2218 2345 2291 perturbatione,
2380 2218 2451 2272 ad
2498 2216 2783 2289 aequitatis
2829 2217 3271 2287 intelligentiam
3302 2216 3582 2287 pervenit.

2069 2309 2196 2363 CAP.
2230 2307 2455 2362 XXVIII.
2492 2336 2549 2346 ——
2588 2309 2655 2360 De
2680 2308 2902 2375 praemio
2938 2308 3403 2361 remunerationis.

1964 2396 2072 2469 (Ea:
2097 2394 2325 2464 eodem.)
2357 2394 2463 2458 Qui
2513 2401 2667 2448 recte
2688 2394 2910 2463 judicat
2952 2398 3008 2448 et
3038 2394 3345 2464 praemium
3394 2409 3587 2447 remu-

1892 2485 2210 2540 nerationis
2240 2488 2517 2554 expectat,
2550 2483 2812 2537 fraudem
2843 2482 2902 2535 in
2937 2483 3051 2537 Deo
3084 2487 3376 2552 perpetrat
3407 2498 3420 2535 :
3454 2481 3591 2553 quia

1889 2574 2174 2645 justitiam
2224 2587 2398 2644 quam
2452 2571 2629 2641 gratis
2676 2569 2963 2641 impertiri
3021 2570 3211 2637 debet,
3258 2570 3588 2640 acceptione

1894 2660 2153 2734 pecuniae
2196 2660 2408 2715 vendit.
2445 2662 2598 2714 Bona
2642 2660 2789 2712 male
2820 2663 3084 2725 utuntur,
3118 2658 3255 2729 quia
3293 2658 3450 2728 juste
3482 2674 3585 2728 pro

1894 2750 2198 2821 temporali
2229 2751 2384 2803 lucro
2407 2747 2686 2818 judicent.
2734 2748 2896 2801 Tales
2923 2747 3137 2818 quippe
3173 2746 3242 2800 ad
3291 2746 3586 2799 veritatem

1895 2857 2011 2894 non
2057 2839 2294 2909 justitia:
2349 2836 2626 2903 defensio,
2679 2836 2774 2889 sed
2804 2852 2965 2888 amor
3019 2834 3241 2905 prtemii
3293 2839 3585 2904 provocat.

1898 2929 2114 2994 Quibus
2146 2927 2193 2981 si
2232 2942 2361 2995 spes
2408 2925 2631 2979 nummi
2675 2924 3051 2993 subtrahitur,
3103 2923 3401 2977 confestim
3430 2939 3464 2976 a
3487 2922 3590 2993 ju-

1819 3016 1859 3071 C
1897 3017 2064 3072 stitia:
2128 3013 2479 3070 confessione
2531 3012 2827 3079 recedunt.
2896 3010 3164 3082 Acceptio
3213 3026 3588 3066 nummorum

1901 3103 2290 3175 praevaricatio
2333 3100 2587 3156 veritatis
2615 3105 2716 3154 est.
2755 3100 2914 3155 Unde
2944 3106 2999 3153 et
3024 3116 3127 3171 pro
3152 3100 3306 3170 justo
3334 3099 3540 3153 dicitur
3572 3112 3587 3151 :

1899 3194 2007 3257 Qui
2040 3192 2250 3247 excutit
2296 3205 2499 3244 manus
2530 3190 2601 3243 ab
2636 3188 2796 3243 omni
2830 3204 3088 3253 munere,
3125 3188 3229 3242 iste
3263 3188 3323 3242 in
3354 3186 3591 3241 excelsis

1900 3283 2137 3337 habitat.
2196 3280 2358 3336 Dives
2408 3277 2744 3333 muneribus
2790 3278 2902 3331 cito
2945 3277 3263 3346 corrumpit
3311 3276 3587 3346 judicem,

1900 3386 2120 3442 pauper
2175 3373 2369 3423 autem
2419 3368 2556 3422 dum
2611 3382 2731 3420 non
2776 3366 2949 3419 habet
3008 3365 3161 3435 quod
3211 3365 3431 3426 offerat,
3474 3377 3591 3415 non

1901 3461 2084 3515 solum
2113 3458 2302 3512 audiri
2347 3455 2752 3522 contemnitur,
2787 3454 2879 3507 sed
2914 3454 3084 3507 etiam
3131 3458 3188 3507 et
3212 3457 3412 3505 contra
3444 3449 3588 3503 veri-

1900 3554 2075 3603 tatem
2122 3546 2490 3618 opprimitur.
2538 3544 2659 3597 Cito
2707 3543 2948 3596 violatur
2987 3558 3126 3595 auro
3172 3539 3415 3611 justitia,
3462 3539 3591 3591 nul-

1902 3638 2131 3707 lamque
2193 3650 2324 3688 reus
2371 3631 2723 3703 pertimescit
2760 3632 3010 3700 culpam,
3069 3645 3242 3700 quam
3306 3626 3592 3681 redimere

1902 3724 2155 3779 nummis
2203 3722 2503 3777 existimat.
2539 3722 2667 3775 Plus
2714 3720 2867 3773 enim
2907 3719 3126 3772 obtinet
3176 3722 3426 3771 mentem
3459 3730 3591 3767 cen-

1901 3814 2043 3869 soris
2091 3828 2253 3866 amor
2280 3811 2446 3878 lucri,
2488 3826 2661 3880 quam
2714 3808 2955 3880 mquitas
2992 3806 3216 3877 judicii.
3273 3807 3408 3858 'l‘res
3438 3803 3593 3857 enim

1902 3906 2037 3959 sunt
2067 3916 2373 3956 munerum
2405 3899 2781 3969 acceptiones,
2834 3897 3043 3968 quibus
3095 3900 3292 3949 contra
3312 3892 3595 3964 justitiam

1902 3996 2153 4049 humana
2186 3989 2402 4043 vanitas
2452 3988 2682 4054 militat,
2732 3987 2791 4041 id
2826 3990 2928 4054 est,
2978 3986 3141 4040 favor
3182 3982 3593 4047 amicitiarum,

1904 4079 2154 4136 adulatio
2205 4077 2407 4138 laudis,
2452 4081 2509 4129 et
2555 4075 2868 4145 corporalis
2899 4072 3150 4143 acceptio
3182 4070 3455 4125 muneris.
3492 4071 3593 4124 Fa-

1902 4167 2064 4222 cilius
2097 4172 2288 4220 autem
2320 4163 2669 4235 pervertitur
2697 4162 2941 4229 animus,
2975 4161 3059 4215 rei
3090 4175 3365 4229 corporeo
3395 4175 3598 4212 mune-

1905 4273 1987 4323 re,
2041 4270 2213 4325 quam
2257 4252 2455 4323 gratias
2506 4251 2806 4321 laudisque
2856 4251 3071 4304 favore.
3119 4250 3376 4313 Quatuor
3416 4247 3598 4301 modis

1899 4343 2181 4416 judicium
2212 4342 2531 4396 humanum
2571 4339 2922 4394 convertitur
2955 4355 2969 4393 :
3004 4339 3232 4402 timore,
3266 4335 3596 4405 cupiditate,

1907 4434 2057 4499 odio,
2090 4447 2305 4486 amore.
2339 4429 2588 4495 Timore,
2640 4429 2777 4484 dum
2810 4434 2968 4483 metu
3008 4426 3303 4498 potestatis
3333 4424 3594 4494 alicujus,

1904 4521 2201 4577 veritatem
2249 4518 2409 4590 loqui
2449 4518 2822 4589 pavescimus.
2873 4516 3212 4587 Cupiditate,
3267 4513 3404 4567 dum
3448 4528 3595 4582 pras-

1908 4612 2024 4667 mio
2053 4609 2308 4664 muneris
2340 4607 2580 4677 alicujus
2611 4605 3053 4675 corrumpimur.
3088 4602 3250 4671 Odio,
3286 4602 3423 4656 dum
3456 4616 3598 4655 con-

1908 4707 1994 4756 tra
2023 4698 2341 4771 quemlibet
2368 4694 2759 4750 adversarium
2794 4693 3083 4759 molimur,
3125 4691 3288 4760 cujus
3319 4690 3450 4745 odio
3487 4705 3602 4743 cor-

1908 4789 2253 4861 rumpimur.
2302 4790 2533 4851 Amore,
2584 4784 2721 4838 dum
2756 4782 2937 4837 amico
2969 4783 3057 4835 vel
3102 4780 3427 4852 propinquo
3460 4794 3602 4850 prae-

1910 4885 2058 4935 stare
2110 4876 2527 4932 contendimus.
2574 4873 2670 4926 His
2721 4873 2876 4926 enim
2927 4875 3174 4942 quatuor
3219 4869 3402 4924 causis
3447 4882 3600 4939 saepe

1909 4966 2147 5039 aequitas
2172 4965 2436 5019 violatur.

2089 5055 2215 5110 CAP.
2250 5054 2425 5108 XXIX.
2456 5081 2527 5092 —
2556 5052 2638 5106 De
2667 5048 3072 5120 oppressoribus
3097 5060 3420 5117 pauperum.

1983 5146 2101 5215 (Em
2143 5142 2367 5213 eodem.)
2412 5143 2736 5212 Pauperum
2767 5152 3131 5210 oppressores
3177 5140 3313 5189 tunc
3342 5133 3604 5187 sentian-

1913 5241 2007 5290 tur
2035 5232 2283 5304 graviori
2326 5231 2485 5303 digni
2533 5246 2653 5285 esse
2690 5226 2991 5293 sententia,
3037 5225 3267 5295 quando
3299 5222 3606 5293 praevalea-

1915 5323 2031 5378 rint
2060 5322 2147 5377 his
2178 5321 2387 5392 quibus
2421 5320 2668 5375 atrocius
2700 5332 2904 5372 nocere
2933 5313 3237 5368 voluerint.
3273 5313 3415 5366 Nam
3444 5313 3604 5363 tanto

1916 5413 1975 5467 in
2009 5413 2203 5467 futuro
2263 5410 2545 5481 supplicio
2593 5404 3014 5463 condemnandi
3056 5408 3205 5469 sunt,
3250 5403 3463 5472 quanto
3515 5397 3608 5452 hic

1917 5501 2120 5557 fortius
2148 5505 2349 5555 contra
2380 5499 2722 5554 miserorum
2754 5496 2924 5551 vitam
2956 5490 3319 5548 invaluerint.
3356 5487 3605 5543 Audiant

1911 5591 2133 5664 judices
2162 5594 2218 5645 et
2248 5589 2350 5661 qui
2373 5591 2630 5660 praesunt
2658 5586 2911 5659 populis,
2949 5583 3087 5655 quia
3127 5597 3233 5653 pro
3265 5577 3608 5650 temporali:
