3944 6300
342 347 446 398 915

1404 331 1812 390 BURCHARDI
1855 324 2387 383 WORMACIENSIS
2428 320 2756 380 EPISCOPI.
3023 331 3026 334 ’
3739 323 3832 374 916

338 466 446 520 bus
479 462 757 519 molestiis
803 478 946 533 quas
977 457 1240 532 plebibus
1285 457 1574 526 ingerunt,
1608 459 1824 507 esterno
1855 452 2045 506 incen-
2071 452 2118 503 A
2157 453 2417 516 sumunt,
2457 445 2688 517 quibus,
2733 444 2871 498 dum
2919 442 3269 514 prosperitas
3321 444 3524 509 elucet,
3569 443 3848 513 jactanter

341 555 439 609 dio
484 553 912 617 cremabantur,
946 553 1192 603 testante
1249 545 1486 600 Domino
1517 558 1622 612 per
1670 541 1870 594 Isaiam
1901 556 2039 610 pro-

341 644 579 714 phetam
616 659 630 696 :
664 644 848 696 Iratus
878 655 1027 704 sum,
1060 635 1270 707 inquit,
1301 648 1472 704 super
1511 632 1786 702 populum
1823 643 2037 690 meum,

345 737 402 786 et
433 732 565 785 dedi
596 746 691 783 eos
738 729 798 782 in
830 742 1005 781 manu
1034 729 1131 778 tua
1163 739 1178 777 :
1211 738 1326 776 non
1356 719 1598 791 posuisti
1631 720 1682 772 ei
1718 718 2042 772 misericor-

348 819 527 881 diam,
595 816 915 888 aggravasti
973 814 1179 884 jugum
1246 816 1408 864 tuum
1474 809 1660 862 valde.
1735 808 2040 871 Descende,

346 909 407 963 in
457 908 689 978 pulvere
719 906 871 970 sede,
924 908 1068 966 tace,
1123 905 1181 954 et
1217 899 1370 953 intra
1400 898 1461 952 in
1509 896 1793 950 tenebras.
1845 896 2046 948 Veniet

349 1011 522 1067 super
553 1001 604 1048 te
648 994 866 1047 malum
893 996 950 1045 et
979 990 1184 1061 peries,
1223 992 1280 1041 et
1308 987 1490 1040 irruet
1519 1000 1692 1055 super
1715 989 1770 1038 te
1811 988 2044 1054 repente

349 1084 580 1138 miseria
627 1099 798 1154 quam
846 1079 1046 1134 nescis.
1079 1075 1251 1145 Magis
1299 1075 1452 1128 mala
1485 1073 1824 1127 facientibus
1869 1087 2044 1142 quam

349 1172 502 1225 mala
547 1169 914 1241 patientibus,
948 1167 1140 1222 dolere
1188 1164 1482 1218 debemus.
1533 1162 1622 1216 Illi
1665 1162 1819 1214 enim
1872 1175 2046 1231 prava

349 1259 612 1314 faciendo
653 1258 710 1310 in
742 1257 962 1310 malum
1007 1252 1356 1325 proficiunt:
1392 1249 1486 1304 isti
1532 1249 1802 1319 patiendo
1832 1263 1864 1300 a
1896 1247 2046 1299 malo

350 1347 739 1417 corriguntur.
773 1344 922 1397 Deus
949 1346 1142 1395 autem
1191 1355 1296 1409 per
1325 1339 1504 1392 malas
1533 1337 1860 1389 voluntates
1906 1334 2046 1386 alio-

351 1452 503 1503 rum,
536 1435 597 1488 in
646 1434 768 1487 aliis
820 1432 998 1485 multa
1061 1432 1336 1500 operatur
1384 1427 1550 1480 bona.
1615 1423 2045 1494 Malignantium

351 1522 655 1578 hominum
685 1522 969 1580 voluntas,
1005 1531 1375 1588 nequaquam
1415 1519 1609 1585 potest
1638 1512 1888 1583 impleri,
1935 1510 2048 1564 nisi

357 1613 504 1666 Deus
549 1609 772 1664 dederit
832 1612 1196 1679 potestatem.
1260 1605 1400 1658 Nam
1439 1602 1577 1656 dum
1612 1602 1902 1667 homines,
1936 1600 2048 1652 Deo

2149 537 2218 591 de
2249 536 2368 590 suis
2402 534 2618 588 meritis
2649 533 2990 603 gloriantur,
3025 539 3082 586 et
3111 533 3396 587 bonorum
3445 539 3617 604 atque
3665 535 3849 604 justo-

2149 639 2279 678 rum
2323 622 2730 678 afﬂictionibus
2788 621 3118 688 detrahunt,
3179 621 3435 692 dumque
3465 622 3546 676 eis
3613 622 3876 676 adversa.

2151 714 2475 783 contigerit,
2512 729 2641 766 mox
2675 712 2743 764 ad
2767 711 3182 781 blasphemiam
3214 712 3693 781 pusillaniinitate
3727 714 3853 766 ani-

2153 803 2233 856 mi
2315 807 2747 856 convertunlur.
2815 800 3056 863 Quidam
3123 800 3470 870 simplicium
3532 801 3855 855 nescientes

2151 890 2633 960 dispensationem
2681 889 2802 954 Dei,
2849 890 2908 942 in
2969 889 3252 942 malorum
3285 889 3648 958 provectibus
3695 907 3854 943 scan-

2153 979 2496 1045 dalizentur,
2551 977 2807 1032 dicentes
2857 977 3022 1047 juxta
3071 977 3413 1048 Prophetam
3459 994 3471 1031 :
3515 977 3704 1042 Quare
3764 978 3857 1032 via

2153 1068 2465 1136 impiorum
2514 1067 2925 1137 prosperatur?
2974 1067 3124 1120 Bene
3163 1071 3246 1120 est
3276 1067 3543 1121 omnibus
3573 1067 3675 1139 qui
3711 1084 3852 1138 prae-

2152 1157 2497 1220 varicantur,
2560 1159 2614 1208 et
2656 1153 2851 1224 inique
2898 1160 3096 1223 agunt.
3148 1153 3258 1218 Qui
3307 1170 3442 1224 ergo
3492 1155 3600 1208 hoc
3629 1156 3850 1222 dicunt,

2155 1260 2272 1298 non
2322 1245 2624 1310 mirentur,
2673 1242 2826 1313 quod
2857 1258 3166 1312 pravorum
3206 1243 3509 1297 hominum
3554 1249 3854 1314 tempora-

2155 1333 2286 1392 lem.
2328 1337 2384 1386 et
2423 1333 2695 1386 caducam
2760 1331 3090 1385 felicitatem
3149 1330 3452 1400 aspiciunt,
3503 1331 3602 1384 sed
3673 1332 3857 1402 magis

2157 1421 2468 1475 novissima
2529 1436 2728 1474 eorum
2780 1419 3099 1482 intendant,
3153 1423 3366 1490 quanta
3431 1419 3543 1473 illis
3573 1427 3705 1491 post
3752 1422 3859 1474 hoc

2157 1515 2370 1564 (eterna
2424 1508 2704 1580 supplicia
2769 1513 3191 1579 praeparentur,
3246 1507 3470 1561 dicente
3519 1508 3853 1578 propheta:

2159 1599 2378 1652 Ducent
2419 1596 2480 1651 in
2510 1596 2678 1651 bonis
2716 1596 2836 1650 dies
2879 1612 3033 1664 suos,
3065 1602 3124 1650 et
3156 1596 3345 1650 subito
3381 1597 3448 1651 ad
3495 1597 3725 1652 inferna
3752 1598 3858 1652 de-

353 1699 746 1769 permittente,
795 1699 1011 1750 malum
1055 1695 1210 1765 quod
1263 1691 1670 1761 concupiscunt
1721 1688 2048 1760 perficiunt,
2085 1724 2124 1778 Β
2162 1685 2458 1740 scendunt.

355 1787 480 1857 ipse
547 1786 754 1840 dicitur
815 1785 999 1839 facere
1051 1781 1152 1853 qui
1210 1780 1509 1851 permittit.
1581 1778 1718 1832 Inde
1765 1781 1850 1831 est
1896 1775 2050 1845 quod

359 1875 636 1944 scriptum
683 1877 766 1928 est
810 1887 916 1944 per
945 1871 1285 1942 prophetam
1325 1868 1428 1922 :Si
1469 1867 1578 1921 erit
1625 1867 1863 1932 malum,
1896 1863 2052 1935 quod

360 1962 640 2018 Dominus
689 1978 807 2016 non
854 1961 1004 2015 fecit.
1042 1961 1447 2012 Verumtamen
1494 1955 1646 2027 quod
1677 1954 1862 2025 iniqui
1901 1953 2052 2007 mala

360 2056 638 2121 expetunt
704 2051 1021 2114 voluntate,
1089 2047 1303 2102 idcirco
1362 2047 1508 2100 Deus
1569 2043 1901 2114 perficiendi
1956 2042 2054 2096 dat

360 2143 701 2210 potestatem
757 2154 862 2209 per
913 2153 1076 2190 suam
1122 2137 1332 2190 bonam
1393 2133 1743 2186 voluntatem
1798 2131 1936 2202 quia
1981 2131 2051 2185 de

357 2233 556 2282 nostro
588 2229 739 2282 malo
768 2228 888 2297 ipse
920 2227 1102 2280 multa
1133 2229 1403 2294 operatur
1432 2222 1600 2276 bona.
1651 2220 1896 2284 Quidam
1923 2237 2053 2275 cum

364 2315 466 2370 Dei
527 2315 809 2368 voluntati
857 2313 1148 2374 resistunt,
1216 2310 1534 2365 nescientes
1584 2307 1884 2362 consilium
1954 2308 2053 2362 Dei

360 2401 596 2468 faciunt,
643 2403 797 2472 quod
827 2401 1090 2455 noverint
1117 2398 1198 2453 sic
1242 2399 1358 2452 Deo
1389 2397 1639 2467 subjecta
1685 2412 1804 2449 esse
1835 2396 2051 2463 omnia,

361 2493 426 2542 ut
455 2495 512 2543 et
559 2490 668 2560 ipsi
699 2490 795 2560 qui
829 2489 952 2559 ejus
999 2485 1357 2557 dispositioni
1386 2484 1649 2538 resistere
1680 2483 2052 2548 arbitrantur,

361 2577 485 2648 ejus
515 2577 794 2648 impleant
821 2576 1197 2630 voluntatem.
1227 2575 1537 2642 Propterea
1567 2570 1627 2624 in
1652 2571 1759 2624 hac
1785 2570 1901 2623 vita
1921 2571 2056 2624 boni

355 2665 690 2736 judicantur
718 2680 751 2717 a
781 2664 966 2727 malis,
1015 2666 1079 2716 ut
1123 2662 1330 2715 iterum
1358 2659 1417 2713 in
1448 2659 1546 2712 illa
1579 2659 1694 2712 vita
1742 2659 1877 2712 mali
1900 2658 2055 2726 judi-

362 2758 560 2808 centur
598 2769 632 2806 a
661 2752 822 2806 bonis
856 2768 868 2806 :
905 2751 1019 2804 sive
1043 2755 1108 2804 ut
1137 2750 1306 2802 etiam
1340 2747 1415 2801 sit
1444 2747 1535 2802 hic
1564 2746 1729 2801 bonis
1765 2752 2055 2816 tempora-

363 2841 434 2895 lis
463 2840 719 2908 afﬂictio,
762 2845 818 2893 et
847 2839 965 2893 illic
991 2843 1205 2892 aeterna
1235 2835 1638 2890 remuneratio.
1680 2835 1892 2888 Idcirco
1923 2837 2058 2888 sunt

363 2929 667 2983 necessarii
700 2927 856 2992 mali,
892 2932 954 2980 ut
984 2925 1210 2997 quoties
1250 2924 1387 2978 boni
1415 2923 1729 2990 offendunt,
1763 2923 2056 2994 ﬂagellen-

2162 1791 2288 1846 CAP.
2339 1791 2483 1846 XXX.
2527 1819 2595 1829 —
2628 1791 2695 1844 Ut
2730 1789 2907 1859 judea:
2935 1805 3042 1844 non
3065 1793 3218 1859 prius
3248 1791 3420 1845 obviet
3459 1805 3559 1845 sua
3587 1795 3858 1845 sententia

2231 1861 2595 1928 litigantibus,
2627 1861 2874 1928 quandiu
2898 1863 3009 1931 ipsi
3038 1861 3234 1915 habent
3253 1862 3468 1931 aliquid
3493 1863 3636 1930 quod
3650 1879 3856 1932 propo-

2230 1938 2366 1986 nant
2398 1935 2455 1985 in
2485 1936 2794 2002 quaestione.

2233 2040 2345 2107 (Ea:
2374 2039 2516 2092 decr.
2551 2040 2822 2092 Eleuterii
2851 2054 3009 2107 papae
3051 2040 3281 2094 ecclesiis
3309 2055 3408 2108 per
3452 2039 3688 2096 Galliam
3740 2057 3858 2096 con-

2160 2130 2386 2192 stitutis,
2436 2127 2618 2196 capite
2667 2126 2741 2197 3.)
2777 2127 2889 2180 Nec
2932 2126 3292 2196 litigantibus
3326 2128 3502 2197 judex
3534 2128 3694 2198 prius
3723 2129 3862 2183 velit

2161 2233 2262 2271 sua
2311 2215 2595 2269 sententia
2622 2215 2868 2279 obviare,
2914 2215 3024 2268 nisi
3054 2216 3284 2285 quando
3317 2216 3425 2283 ipsi
3453 2217 3572 2287 jam
3609 2219 3860 2288 peractis

2163 2305 2429 2360 omnibus
2460 2303 2600 2358 nihil
2632 2303 2879 2358 habeant
2908 2303 2967 2357 in
2990 2305 3304 2374 quaestione
3333 2306 3482 2376 quod
3504 2312 3856 2376 proponant.

2166 2396 2231 2448 Et
2272 2393 2474 2448 tandiu
2523 2393 2670 2446 actio
2700 2393 3028 2458 ventiletur,
3061 2410 3360 2465 quousque
3402 2394 3485 2448 rei
3535 2395 3744 2449 veritas
3772 2412 3860 2450 re-

2162 2483 2436 2554 periatur.
2487 2484 2838 2552 Frequenter
2866 2482 3219 2551 interrogare
3259 2486 3505 2551 oportet,
3539 2499 3610 2536 ne
3641 2483 3862 2555 aliquid

2164 2571 2616 2642 praetermissum
2661 2570 2806 2624 forte
2853 2574 3171 2637 remaneat,
3207 2570 3360 2640 quod
3405 2571 3631 2624 adnecti
3663 2589 3865 2628 conve-

2163 2659 2303 2715 niat.
2339 2658 2588 2713 Induciw
2619 2659 2775 2712 enim
2807 2675 2923 2712 non
2955 2658 3175 2712 modice
3205 2659 3271 2713 ad
3315 2660 3694 2729 quaerendum
3728 2661 3865 2715 dan-

2165 2748 2253 2803 das
2283 2753 2433 2815 sunt,
2470 2765 2539 2801 ne
2569 2747 2787 2818 aliquid
2837 2763 3082 2818 propere
3115 2748 3204 2817 agi
3235 2764 3269 2800 a
3307 2764 3651 2819 quacunque
3697 2756 3863 2820 parte

2164 2837 2420 2890 videatur
2455 2853 2467 2891 :
2499 2837 2633 2907 quia
2665 2853 2768 2906 per
2806 2836 3234 2906 subreptionem
3266 2838 3445 2890 multa
3489 2840 3860 2907 proveniunt.

2166 2926 2314 2980 Nihil
2363 2931 2557 2979 tamen
2607 2925 2821 2996 absque
2875 2925 3152 2994 legitimo,
3186 2931 3242 2978 et
3268 2925 3475 2979 idoneo
3528 2933 3861 2982 accusatore

363 3021 460 3071 tur
491 3016 561 3070 ab
609 3017 740 3069 illis.
793 3016 933 3070 Hinc
961 3019 1047 3068 est
1085 3012 1238 3084 quod
1268 3015 1444 3067 Assur
1478 3011 1699 3082 virgam
1731 3011 1938 3065 furoris
1969 3011 2058 3064 sui
2092 3003 2130 3057 Ο
2167 3015 2284 3068 ﬁat.
2342 3015 2481 3068 Nam
2528 3018 2581 3068 et
2612 3014 2886 3068 Dominus
2939 3019 3135 3067 noster
3161 3014 3321 3067 Jesus
3345 3013 3602 3069 Christus
3655 3016 3859 3070 ludam

364 3109 608 3160 testatur
639 3104 932 3159 Dominus.
963 3102 1072 3158 Sed
1096 3102 1318 3174 quoties
1347 3100 1427 3154 ita
1457 3101 1542 3166 fit,
1572 3101 1641 3154 de
1677 3100 1776 3154 Dei
1799 3099 2062 3170 indigna-

364 3194 520 3250 tione
568 3193 844 3264 procedit,
876 3197 936 3246 ut
981 3193 1125 3246 Deus
1165 3205 1268 3262 per
1294 3191 1419 3245 illos
1455 3191 1516 3243 in
1547 3205 1641 3243 eos
1672 3189 1883 3256 saeviat,
1917 3205 2060 3260 quos

365 3283 709 3353 ﬂagellando
762 3280 1069 3335 emendare.
1099 3280 1405 3334 desiderat.
1459 3279 1566 3334 Sed
1597 3278 1695 3332 ille
1742 3277 2060 3348 justissima

365 3372 680 3436 voluntate,
736 3370 818 3424 illi
864 3386 997 3422 vero
1049 3385 1199 3438 saepe
1249 3367 1468 3422 crudeli
1514 3367 1835 3421 intentione
1869 3383 1882 3420 :
1915 3365 2061 3420 sicut

365 3476 471 3532 per
513 3461 856 3532 prophetam
898 3457 1106 3514 dicitur
1132 3457 1202 3512 de
1245 3457 1446 3511 eodem
1477 3458 1670 3511 Assur.
1714 3457 1837 3525 Ipse
1865 3459 2059 3509 autem

367 3565 481 3603 non
534 3549 633 3616 sic,
671 3549 770 3602 sed
805 3547 876 3601 ad
922 3546 1333 3601 conterendum
1383 3548 1648 3615 paratum
1679 3548 1761 3597 est
1789 3559 1888 3597 cor
1917 3543 2056 3612 ejus,

368 3643 616 3692 atrocem
650 3651 822 3706 super
869 3652 968 3689 eos
1015 3634 1273 3690 divinum
1313 3632 1564 3688 furorem
1600 3639 1927 3698 venturum,
1961 3631 2061 3703 qui

368 3725 622 3779 existunt
671 3727 1083 3793 persecutores,
1135 3726 1188 3775 et
1220 3719 1456 3773 violenti
1501 3719 1787 3773 fidelibus.
1842 3720 2058 3774 Conso-

369 3813 539 3868 lando
571 3812 724 3866 enim
774 3813 920 3865 Deus
945 3827 1078 3864 suos
1108 3811 1187 3863 ita
1211 3810 1470 3880 judicare
1501 3809 1808 3878 promittit.
1840 3809 2062 3862 Adver-

369 3917 464 3954 sus
509 3917 626 3965 eos,
661 3900 870 3970 inquit,
927 3900 1022 3970 qui
1049 3899 1454 3968 judicaverunt
1502 3902 1580 3963 te,
1621 3913 1727 3966 ego
1766 3897 2056 3967 judicabo,

369 3995 426 4044 et
471 3989 670 4043 cibabo
716 3988 906 4042 hostes
936 3993 1066 4041 tuos
1110 3986 1376 4041 carnibus
1406 3985 1543 4060 suis,
1577 3989 1633 4038 et
1684 3985 1847 4056 quasi
1885 3985 2060 4039 mixto

369 4078 650 4148 sanguine
699 4093 801 4130 suo
853 4077 1309 4130 inebriabuntur.
1363 4074 1544 4130 Habet
1571 4075 1820 4145 aliquem
1865 4091 2056 4137 usum,

369 4173 425 4221 et
455 4167 738 4220 malorum
780 4166 1076 4236 iniquitas,
1121 4164 1272 4235 quod
1305 4163 1538 4217 dilectos
1575 4163 1694 4228 Dei,
1730 4163 1846 4216 suis
1879 4163 2058 4217 mori-

369 4255 474 4309 bus
519 4256 712 4321 laniat,
744 4270 808 4308 ac
838 4271 939 4324 per
991 4254 1099 4308 hoc
1142 4253 1260 4306 vita
1289 4252 1601 4323 impiorum
1648 4251 1755 4304 sibi
1785 4252 2008 4322 deperit
2041 4269 2068 4306 ει
2098 4286 2140 4338 D

359 4345 650 4416 justorum
681 4349 872 4396 autem
910 4341 1152 4412 deperit,
1185 4341 1284 4395 sed
1335 4340 1583 4410 prolicit,
1619 4339 1757 4393 dum
1800 4356 1897 4394 eos
1925 4340 2060 4394 mali

369 4449 474 4503 per
499 4432 882 4486 tribulationis
915 4429 1248 4484 exercitium
1279 4428 1351 4482 ad
1380 4431 1723 4498 praesentem
1753 4427 2058 4482 odiendam

366 4522 562 4587 vitam,
597 4526 654 4574 et
683 4521 936 4574 futuram
967 4518 1403 4572 desiderandam
1446 4516 1733 4570 erudiunt.
1768 4517 2059 4570 Interdum

369 4610 524 4663 enim
574 4609 806 4679 prodest
852 4622 1247 4680 perversorum
1284 4605 1535 4676 pravitas
1595 4605 1831 4659 utilitati
1869 4606 2058 4675 justo-

370 4714 518 4763 rum,
571 4698 707 4751 dum
741 4714 836 4751 eos
865 4695 1088 4750 malitia
1113 4712 1216 4749 sua
1259 4693 1469 4760 erudit,
1503 4699 1559 4748 et
1585 4694 1651 4748 ad
1685 4709 1862 4764 regna
1889 4695 2060 4748 caelo-

367 4803 498 4841 rum
547 4785 896 4857 requirenda
924 4785 1186 4838 molestia
1231 4784 1564 4852 temporalis
1612 4783 1872 4854 impellit.
1926 4785 2060 4838 Pro-

366 4876 536 4930 batur
566 4875 670 4929 hoc
701 4873 980 4944 exemplis
1028 4873 1352 4926 Israeliticae
1377 4872 1580 4942 plebis,
1614 4889 1742 4943 quae
1772 4877 1909 4926 tunc
1949 4873 2060 4927 du-

365 4965 485 5020 rius
540 4965 816 5034 agebatur
855 4963 918 5016 in
983 4964 1240 5033 Egypto,
1303 4962 1530 5032 quando
1589 4962 1888 5032 oportebat
1935 4977 2058 5016 eam

364 5069 469 5125 per
515 5054 703 5106 Mosen
765 5052 831 5106 ad
865 5057 1081 5105 terram
1133 5049 1594 5120 repromissionis
1643 5050 1851 5118 vocari,
1905 5055 1962 5104 et
1994 5067 2059 5105 ex

368 5142 553 5207 malis,
588 5157 717 5212 quas
747 5140 808 5194 in
854 5143 1095 5210 Egypto
1140 5138 1466 5210 patiebatur
1503 5138 1864 5205 descendere,
1907 5144 1958 5192 et
1993 5139 2062 5194 ad

364 5229 710 5301 promissam
741 5229 986 5299 patriam
1040 5227 1329 5281 festinare.
1380 5227 1569 5298 Iniqui
1616 5229 1753 5282 dum
1792 5232 2060 5282 constan-

364 5320 503 5374 tiam
527 5318 669 5390 justi
708 5317 766 5371 in
811 5316 1306 5386 persecutionibus
1348 5315 1464 5368 suis
1499 5315 1800 5386 aspiciunt,
1852 5317 2062 5370 mentis

365 5408 702 5462 confusione
769 5406 1082 5470 tabescunt,
1151 5410 1209 5459 et
1272 5405 1409 5459 dum
1464 5405 1700 5460 adversa
1750 5407 2058 5472 ostentant,

365 5511 473 5552 nec
519 5495 774 5560 vincunt,
807 5494 1039 5548 tandem
1075 5494 1144 5548 de
1172 5511 1230 5548 se
1259 5495 1644 5565 perversitatis
1675 5493 1901 5548 insania
1925 5510 2062 5549 con-

369 5583 712 5642 funduntur.
768 5583 940 5639 Stulti
967 5587 1166 5639 contra
1212 5583 1392 5639 bonos
1437 5583 1687 5639 studium
1717 5599 1946 5655 semper
1971 5600 2059 5638 as-

2166 3103 2354 3157 furem
2403 3118 2525 3156 esse
2584 3101 2798 3156 sciebat
2843 3118 2856 3156 :
2902 3103 3000 3157 sed
3051 3103 3185 3172 quia
3234 3119 3351 3156 non
3402 3109 3488 3156 est
3542 3112 3861 3171 accusatus,

2166 3191 2292 3246 ideo
2355 3208 2470 3246 non
2519 3197 2603 3245 est
2669 3192 2901 3260 ejectus,
2943 3197 3002 3245 et
3053 3191 3330 3263 quidquid
3373 3192 3524 3247 inter
3572 3197 3863 3263 apostolos

2167 3280 2305 3350 egit,
2338 3297 2444 3350 pro
2490 3280 2767 3350 dignitate
2799 3280 3105 3334 ministerii
3138 3286 3326 3334 ratum
3358 3282 3587 3337 mansit.
3641 3285 3786 3339 Nam
3819 3285 3865 3338 si

2167 3370 2322 3438 leges
2389 3368 2566 3422 seculi
2623 3375 2973 3422 accusatores
3038 3370 3360 3439 requirunt,
3413 3375 3628 3442 quanto
3677 3375 3867 3443 magis

2169 3457 2561 3512 ecclesiasticas
2593 3457 2853 3526 regulas?
2898 3459 3114 3512 Docent
3143 3459 3295 3512 enim
3324 3461 3635 3527 terrestria,
3671 3468 3730 3516 et
3762 3463 3866 3516 hu-

2168 3562 2339 3600 mana
2365 3562 2493 3616 quae
2524 3546 2638 3600 sint
2669 3546 3044 3600 ecclesiastica
3073 3551 3245 3618 atque
3269 3549 3538 3603 caelestia.

2169 3652 2298 3707 CAP.
2326 3653 2501 3707 XXXI.
2535 3683 2602 3692 —
2637 3654 2704 3707 Ut
2747 3669 2853 3705 non
2883 3653 3047 3706 iidem
3085 3656 3195 3706 sint
3225 3660 3580 3724 accusatores,
3633 3661 3685 3710 et
3707 3658 3867 3726 judi-

2663 3739 2744 3777 ces
2775 3729 2822 3778 et
2844 3729 2999 3778 testes
3030 3729 3080 3778 et
3105 3729 3367 3780 accusati.

2240 3812 2348 3881 (Εω
2399 3811 2562 3866 dictis
2603 3812 2860 3866 Damasci
2904 3829 3084 3882 papa,
3116 3817 3290 3883 capite
3327 3814 3433 3882 19.)
3484 3816 3866 3871 Accusatores

2169 3915 2304 3953 vero
2337 3903 2392 3952 et
2419 3899 2636 3969 judices
2668 3916 2785 3952 non
2818 3899 2991 3954 iidem
3032 3902 3147 3955 sint
3179 3919 3192 3956 ε
3224 3903 3321 3957 sed
3348 3919 3452 3973 per
3481 3920 3540 3957 se
3573 3911 3866 3959 accusato-

2169 4005 2277 4056 res,
2313 4005 2415 4059 per
2463 4005 2522 4042 se
2545 3989 2785 4059 judices,
2831 4006 2936 4060 per
2992 4007 3049 4043 se
3096 3995 3287 4056 testes,
3323 4007 3424 4062 per
3484 4008 3543 4046 se
3587 3996 3862 4062 accusati,

2171 4077 2566 4149 unusquisque
2595 4077 2655 4130 in
2681 4094 2784 4131 suo
2816 4079 3212 4132 ordinabiliter
3239 4081 3458 4134 ordine.
3496 4082 3636 4134 Nam
3668 4083 3866 4136 inscri-

2170 4167 2286 4238 ptio
2320 4168 2507 4238 prima
2537 4183 2764 4237 semper
2807 4167 2926 4232 ﬁat,
2964 4174 3025 4221 ut
3049 4169 3322 4222 talionem
3350 4170 3733 4224 calumniator
3774 4189 3864 4225 ac-

2171 4255 2363 4325 cipiat.
2416 4254 2559 4319 Quia
2605 4260 2736 4308 ante
2766 4255 3196 4326 inscriptionem
3228 4273 3397 4310 nemo
3439 4258 3611 4312 debet
3651 4259 3872 4329 judica-

2172 4346 2241 4410 ri,
2273 4343 2359 4396 vel
2391 4343 2674 4409 damnari,
2704 4359 2833 4396 cum
2866 4349 2922 4398 et
2951 4345 3146 4398 saeculi
3175 4346 3326 4414 leges
3359 4347 3481 4400 haac
3505 4348 3707 4400 eadem
3741 4349 3871 4402 reti-

2171 4436 2362 4485 neant.
2404 4432 2479 4485 De
2530 4431 2739 4502 quibus
2777 4432 3044 4486 omnibus
3071 4449 3204 4486 vera
3244 4449 3471 4504 semper
3509 4434 3611 4488 ﬁat
3635 4438 3873 4506 aequali-

2171 4525 2276 4586 tas,
2329 4526 2615 4591 quatenus
2667 4521 3043 4574 accusationis
3077 4527 3131 4575 et
3161 4522 3388 4592 judicii,
3435 4540 3500 4577 ac
3553 4525 3872 4579 testimonii

2171 4610 2494 4664 mercedem
2528 4625 2632 4679 per
2659 4610 2956 4663 veritatem
2987 4615 3279 4680 gestorum
3321 4613 3593 4683 consequi
3621 4615 3868 4668 valeant.

2173 4717 2298 4770 CAP.
2344 4716 2542 4770 XXXII.
2579 4746 2646 4754 —
2682 4717 2748 4770 Ut
2775 4716 2894 4784 ejus
2926 4718 3320 4770 accusationem
3365 4719 3548 4772 nullus
3589 4720 3758 4784 facile
3787 4738 3872 4775 ae-

2471 4788 2662 4854 cipiat,
2697 4789 2794 4855 qui
2821 4788 2988 4851 facile
3016 4789 3220 4854 litigat,
3249 4793 3301 4842 et
3327 4795 3566 4843 accusat.

2243 4877 2364 4944 (Ea:
2410 4876 2630 4929 concilio
2671 4874 3050 4942 Wormacien.,
3105 4880 3281 4944 capite
3330 4879 3410 4946 2.)
3445 4878 3574 4947 Ejus
3623 4878 3724 4949 qui
3758 4879 3870 4932 fre-

2172 4969 2414 5034 quenter
2459 4963 2670 5034 litigat,
2702 4968 2758 5016 et
2801 4963 2872 5017 ad
2912 4967 3291 5019 accusandum
3342 4972 3425 5019 est
3467 4967 3668 5033 facilis,
3710 4985 3874 5023 accu-

2173 5053 2451 5106 sationem
2487 5069 2655 5107 nemo
2687 5053 2900 5123 absque
2929 5053 3132 5122 grandi
3174 5055 3434 5109 examine
3465 5056 3724 5126 accipiat.

2171 5160 2299 5216 CAP.
2336 5161 2558 5215 XXXIII.
2607 5190 2676 5199 —
2707 5162 2772 5214 Ut
2799 5163 3078 5230 episcopus
3119 5168 3453 5218 accusatores
3481 5165 3726 5230 fratrum
3769 5182 3869 5222 ea:-

2835 5236 3198 5287 communicet.

2243 5320 2364 5390 (Ea:
2393 5320 2616 5374 concilio
2642 5319 2949 5382 Aureliam,
2975 5324 3152 5390 capite
3184 5323 3258 5394 t.)
3284 5325 3353 5377 Ut
3377 5322 3678 5394 episcopus
3711 5343 3872 5381 accu-

2173 5413 2384 5462 satores
2432 5408 2673 5462 fratrum
2730 5410 3180 5464 excommunicet
3216 5428 3229 5466 :
3259 5417 3316 5466 et
3353 5413 3400 5466 si
3431 5416 3870 5471 emendaverint

2171 5495 2414 5562 vitium,
2464 5495 2701 5566 recipiat
2757 5513 2855 5551 eos
2919 5499 2989 5553 ad
3055 5500 3540 5563 communionem,
3609 5519 3729 5558 non
3794 5507 3865 5560 ad

2170 5585 2408 5639 clerum.
