3944 6338
177 318 298 369 917

974 318 1447 375 DECRETORUM
1489 322 1673 375 LIBRI
1714 323 1818 377 XX.
1862 353 1929 362 —
1973 326 2174 380 LIBER
2220 327 2528 381 DECIMUS
2567 328 2927 384 SEPTIMUS.

3594 337 3696 388 9l8

167 441 307 494 CAP.
330 439 549 494 XXXIV.
574 442 726 495 —De
744 441 856 494 illis
873 456 967 509 qm
999 443 1891 511 convicti/uariatfratribus/uisa
1926 453 1971 505 Α
2003 446 2130 503 CAP.
2148 449 2373 505 XXXVI.
2404 480 2471 489 ——
2502 451 2568 504 Ut
2597 451 2779 504 nullus
2818 451 3092 505 saecularis
3121 452 3289 506 alicui
3322 470 3389 508 ea:
3419 455 3556 510 clero
3586 457 3697 509 vim

750 514 981 566 crimina
1023 513 1299 581 objecisse.

245 599 371 669 (Ea:
396 601 615 653 concilio
645 599 940 666 Agathen.,
980 604 1155 670 capite
1187 604 1258 661 6.)
1290 602 1416 670 Eos,
1465 601 1566 672 qui
1612 602 1883 657 fratribus

166 686 298 739 suis
328 688 591 756 capitalia
620 688 861 740 crimina
895 688 1166 758 objecisse
1196 689 1439 743 convicti
1467 690 1705 758 fuerint,
1760 694 1881 761 pla-

166 777 295 831 cuit
328 794 506 847 usque
539 777 605 830 ad
636 780 852 831 exitum
884 793 1000 831 non
1047 778 1495 846 communicare,
1548 779 1659 834 nisi
1708 780 1883 851 digna

164 866 558 919 satisfactione
592 865 985 936 pmnituerint.

162 953 302 1007 CAP.
337 955 532 1010 ΧΧΧἸ.
557 983 625 994 -
649 958 719 1008 De
738 956 847 1008 illis
871 955 1115 1021 testibus,
1146 957 1243 1025 qui
1260 956 1496 1023 aliquem
1516 972 1583 1010 ea:
1611 972 1765 1013 sacro
1802 974 1885 1011 or-

238 1025 370 1097 dine
425 1040 678 1079 accusare
721 1031 1049 1093 pertentant,
1090 1032 1141 1080 et
1194 1033 1255 1079 ut
1305 1030 1505 1095 quique
1562 1029 1775 1097 optimi,
1833 1033 1883 1082 et

236 1096 511 1164 ﬁdeliores
543 1098 599 1147 in
621 1099 982 1150 testimonium
1005 1102 1372 1150 assumantur.

239 1178 355 1243 (Ea:
412 1178 633 1230 concilio
706 1178 1008 1241 Matiscen.,
1058 1179 1233 1244 capite
1282 1178 1359 1245 5.)
1407 1176 1623 1230 Placuit
1682 1182 1879 1230 sancto

160 1265 496 1331 conventui,
533 1269 593 1316 ut
622 1269 792 1317 testes
825 1265 894 1318 ad
936 1264 1333 1318 testimonium
1383 1265 1688 1319 dicendum
1746 1280 1882 1335 pre-

158 1352 244 1405 tio
275 1368 393 1405 non
442 1354 856 1419 conducantur,
904 1357 962 1405 et
1014 1358 1079 1405 ut
1121 1352 1337 1423 quique
1370 1353 1596 1423 optimi,
1632 1357 1687 1405 et
1738 1353 1878 1405 tide-

160 1440 344 1493 liores
397 1440 456 1493 in
504 1439 898 1494 testimonium
956 1445 1341 1509 assumantur,
1395 1446 1457 1494 ut
1538 1442 1584 1495 is
1654 1446 1881 1494 contra-

160 1545 344 1599 quem
407 1528 798 1582 testimoniare
853 1528 1084 1593 debent,
1154 1528 1369 1581 nullam
1427 1527 1509 1582 eis
1583 1529 1879 1582 infamiam

161 1618 356 1687 possit
410 1617 642 1672 inferre.
676 1620 733 1670 et
779 1620 842 1671 ut
890 1617 1083 1671 nullus
1112 1616 1510 1671 testimonium
1555 1618 1723 1684 dicat,
1771 1616 1881 1673 nisi

154 1706 419 1776 jejunus.

2560 523 2766 586 inferre
2804 527 3120 590 praesumat.

2062 644 2177 708 (Ea:
2214 646 2437 699 concilio
2466 645 2617 714 apud
2666 646 2963 699 Theodonis
3011 646 3199 700 villam
3258 647 3462 715 habito,
3521 653 3697 718 capite

1993 733 2097 799 l0.)
2130 733 2467 805 Quicunque
2508 734 2686 803 judex
2719 739 2817 787 aut
2847 734 3134 788 saecularis
3183 736 3529 807 presbytero,
3599 742 3697 791 aut

1989 820 2249 887 diacono,
2276 827 2375 875 aut
2437 822 2672 876 cuilibet
2728 838 2793 875 ex
2855 824 3025 889 clero,
3087 829 3185 877 aut
3240 824 3308 877 de
3370 824 3695 893 junioribus

1990 909 2205 979 absque
2240 909 2529 963 audientis
2570 911 2840 981 episcopi,
2897 912 2982 964 vel
3013 912 3423 979 archidiaconi,
3474 913 3562 966 vel
3603 930 3694 967 ar-

1989 997 2421 1067 chipresbyteri,
2471 998 2741 1069 injuriam
2785 1000 2994 1053 inferre
3052 1000 3500 1071 praesumpserit,
3556 1017 3693 1055 ana-

1990 1086 2184 1139 thema
2213 1086 2509 1139 habeatur.

1990 1228 2120 1282 CAP.
2149 1226 2394 1281 XXXVII.
2415 1257 2480 1268 —
2501 1227 2653 1298 Quod
2682 1226 2876 1283 mariti
2896 1244 3095 1305 umores
3114 1243 3243 1282 suas
3273 1243 3341 1283 ea:
3384 1232 3692 1299 suspicione

2582 1314 2841 1354 accusare
2861 1305 3090 1367 possint.

2059 1441 2170 1511 (Ea:
2195 1442 2417 1494 concilio
2445 1443 2765 1505 Parisiensi,
2798 1443 2976 1510 capite
2996 1443 3064 1507 3.)
3097 1441 3309 1495 Maritis
3338 1457 3474 1494 sane
3512 1441 3686 1497 etiam

1989 1545 2056 1582 ex
2108 1528 2428 1598 suspicione
2484 1545 2687 1582 uxores
2728 1544 2989 1583 accusare
3047 1529 3391 1600 permissum
3445 1535 3545 1595 est,
3634 1536 3687 1586 et

1989 1616 2096 1688 ipsi
2128 1618 2257 1686 plus
2304 1617 2523 1671 ceteris
2553 1616 2622 1671 de
2653 1617 2954 1681 adulterio,
2985 1623 3043 1672 et
3089 1633 3351 1672 accusare
3419 1624 3687 1689 possunt,

1990 1710 2045 1758 et
2073 1704 2399 1758 defendere.

1464 1818 1641 1858 FINIS
1686 1819 1864 1858 LIBRI
1913 1818 2137 1857 DECIMI
2182 1817 2390 1858 SEXTI.

800 2071 1096 2144 INDEX
1169 2071 1859 2145 CAPITULORUM
1935 2072 2189 2145 LIBRI
2267 2072 2601 2145 DECIMI
2654 2072 3061 2145 SEPTIMI.

156 2216 289 2271 CAP.
326 2218 375 2269 l.
415 2215 491 2269 De
521 2214 783 2276 muliere.
816 2231 947 2285 quae
976 2231 1107 2269 cum
1166 2214 1390 2269 duobus
1423 2214 1694 2273 fratribus
1754 2216 1870 2271 for-
1907 2217 1944 2270 Β
1984 2219 2073 2271 22.
2110 2217 2186 2271 De
2217 2216 2417 2271 eadem
2449 2232 2531 2270 re.

231 2304 424 2358 nicata
446 2308 547 2358 est.

158 2396 212 2446 2.
254 2393 332 2445 De
367 2391 565 2444 eadem
597 2406 676 2445 re.

160 2485 213 2535 3.
249 2481 328 2534 De
361 2481 457 2533 illo
492 2479 592 2550 qui
623 2496 752 2534 cum
784 2479 1007 2534 duabus
1054 2480 1344 2535 sororibus
1390 2479 1704 2535 fornicatus
1760 2482 1863 2546 est,

234 2585 484 2640 quarum
514 2585 629 2623 una
661 2586 803 2623 uxor
846 2569 1049 2623 fuerat.

159 2659 214 2713 4,
259 2660 335 2712 De
365 2658 464 2711 illo
497 2658 687 2728 quise
738 2659 1039 2728 ignorante
1091 2673 1220 2711 cum
1274 2673 1471 2712 sorore
1520 2659 1711 2712 uxoris
1748 2674 1867 2712 suae

238 2748 550 2801 fornicatus
585 2751 687 2801 est.

165 2839 217 2889 ὅ.
248 2837 325 2889 De
356 2835 557 2888 eadem
584 2850 664 2887 re.

163 2928 217 2978 6.
257 2925 335 2977 De
366 2924 563 2977 eadem
591 2939 673 2977 re.

166 3019 216 3068 7.
252 3014 394 3067 Item
416 3013 485 3067 de
535 3011 650 3074 illo,
708 3010 808 3082 qui
862 3026 993 3065 cum
1043 3010 1266 3065 duabus
1314 3010 1605 3066 sororibus
1660 3015 1869 3066 neutra

236 3117 414 3155 uxore
448 3100 763 3154 fornicatus
792 3103 895 3154 est.

164 3194 216 3245 8.
257 3192 330 3245 De
358 3190 455 3243 illo
497 3190 729 3260 quicum
761 3189 980 3242 duabus
1027 3187 1340 3254 sororibus,
1406 3203 1535 3241 cum
1605 3202 1865 3252 noverca,

236 3280 324 3332 vel
354 3294 485 3332 cum
514 3293 708 3331 sorore
738 3294 859 3344 sua,
882 3277 970 3330 vel
1000 3291 1131 3329 cum
1191 3275 1388 3343 amita,
1422 3276 1510 3329 vel
1564 3278 1869 3329 matertera

236 3383 360 3431 sua,
415 3366 501 3419 vel
543 3381 676 3419 cum
732 3365 852 3419 ﬁlia
906 3364 1118 3435 patrui,
1169 3366 1255 3417 vel
1284 3363 1549 3417 avunculi
1597 3363 1705 3431 sui,
1781 3364 1865 3416 vel

240 3471 370 3509 cum
397 3454 513 3509 ﬁlia
536 3455 749 3520 amitae,
782 3454 868 3507 vel
892 3457 1213 3507 materterae
1244 3469 1383 3519 suae,
1411 3452 1497 3505 vel
1536 3468 1665 3505 cum
1699 3456 1867 3521 nepte

239 3560 360 3609 sua,
396 3543 479 3597 vel
513 3559 642 3596 cum
669 3546 1002 3609 commatre,
1038 3542 1124 3595 vel
1155 3558 1282 3594 cum
1342 3539 1518 3594 ﬁliola
1565 3557 1739 3611 quam
1802 3541 1872 3595 de

242 3633 400 3687 fonte
435 3630 703 3702 suscepit,
764 3632 850 3684 vel
884 3636 1017 3685 ante
1079 3630 1408 3701 episcopum
1438 3629 1643 3696 tenuit,
1695 3628 1874 3683 forni-

242 3727 402 3775 catus
432 3726 534 3775 est.

175 3814 222 3866 9.
264 3812 343 3865 De
373 3810 473 3863 illo
540 3807 639 3879 qui
680 3824 811 3862 cum
867 3812 1110 3861 matrem
1152 3806 1354 3861 habuit
1419 3822 1680 3873 uxorem,
1742 3822 1871 3860 cum

243 3899 483 3954 ﬁliastra
503 3897 814 3951 fornicatus
844 3896 1035 3951 fuerit.

180 3991 260 4042 lO.
298 3989 373 4042 De
401 3987 599 4041 eadem
636 4003 715 4041 re.

182 4081 261 4132 ll.
297 4079 373 4131 De
398 4075 495 4130 illo
527 4076 625 4146 qui
655 4091 786 4129 cum
818 4090 1067 4128 noverca
1112 4073 1418 4127 fornicatus
1451 4076 1552 4127 est.

180 4169 259 4221 12.
291 4167 363 4218 De
393 4165 492 4218 illo
535 4165 792 4234 quicum
824 4163 1063 4217 ﬁliastra
1108 4163 1411 4233 ignorante
1463 4165 1643 4216 matre
1690 4159 1873 4215 forni-

247 4259 406 4307 catus
434 4258 538 4306 est.

184 4344 267 4396 l3.
298 4342 375 4395 De
425 4342 523 4394 illo
566 4340 666 4411 qui
714 4344 1074 4410 stupraverat
1119 4338 1428 4410 quandam,
1469 4352 1644 4408 quam
1702 4336 1878 4391 frater

251 4429 371 4500 ejus
411 4433 603 4499 postea
636 4430 875 4483 duxerat
912 4445 1169 4484 uxorem.

188 4518 268 4571 14.
306 4519 380 4571 De
411 4518 610 4571 eadem
642 4533 724 4572 re.

190 4610 270 4661 t5.
304 4607 379 4660 De
410 4606 609 4660 eadem
636 4623 716 4660 re.

192 4699 273 4750 16.
311 4697 385 4749 De
452 4695 693 4750 muliere
720 4710 851 4749 cum
910 4710 1024 4765 qua
1066 4700 1123 4748 et
1154 4699 1332 4765 pater,
1394 4698 1451 4748 et
1498 4692 1650 4747 ﬁlius
1698 4692 1876 4746 forni-

258 4783 368 4836 cati
400 4789 554 4838 sunt.
1903 4790 1947 4843 D

194 4875 275 4926 l7.
308 4872 383 4925 De
426 4871 523 4924 illo
550 4872 649 4941 qui
678 4887 804 4924 cum
841 4886 1017 4924 uxore
1074 4869 1264 4925 fratris
1295 4869 1384 4923 sui
1423 4870 1739 4923 fornicatus
1774 4874 1875 4923 est.

194 4964 271 5015 l8.
311 4961 388 5013 De
416 4959 513 5013 illo
540 4959 639 5029 qui
673 4975 938 5029 sponsam
970 4958 1075 5013 ﬁlii
1105 4959 1192 5011 sui
1218 4958 1585 5029 oppresserit.

196 5052 274 5103 l9.
302 5049 380 5101 De
414 5048 511 5102 illo
534 5048 634 5118 qui
664 5064 795 5102 cum
836 5065 1030 5111 uxore,
1067 5052 1267 5113 matre,
1304 5050 1359 5101 et
1406 5046 1646 5100 ﬁliastra
1712 5044 1887 5100 forni-

260 5141 417 5190 catus
447 5141 532 5190 est
813 5202 820 5208 _

196 5228 279 5281 20.
313 5225 392 5280 De
424 5225 522 5278 illo
550 5226 876 5295 conjugato,
921 5224 1021 5294 qui
1051 5239 1181 5277 cum
1211 5222 1329 5276 ﬁlia
1373 5223 1698 5275 matertera!
1748 5235 1888 5285 suae,

265 5315 349 5367 vel
382 5313 670 5379 avunculi,
720 5314 807 5366 vel
841 5313 1053 5379 amitte,
1097 5312 1185 5368 vel
1228 5310 1419 5382 patrui
1460 5307 1548 5362 sui
1582 5307 1892 5361 fornicatus

250 5403 455 5479 fuerit.

203 5495 285 5545 21.
317 5492 392 5544 De
420 5494 581 5561 patre
630 5494 686 5543 et
714 5490 852 5554 ﬁlio,
912 5489 981 5543 de
1010 5489 1310 5548 avunculo.
1346 5491 1399 5541 et
1454 5486 1523 5540 de
1575 5488 1805 5554 nepote.
1846 5482 1892 5534 si

271 5595 399 5634 cum
436 5596 550 5633 una
578 5578 821 5633 muliere
848 5577 1110 5632 fornicati
1149 5577 1384 5632 fuerint.

1976 2308 2060 2359 23.
2094 2306 2172 2360 De
2202 2305 2316 2359 illis
2348 2303 2447 2375 qui
2487 2302 2733 2357 infantes
2764 2320 2895 2357 suos
2949 2304 3080 2359 ideo
3111 2321 3142 2358 a
3173 2304 3457 2377 baptismo
3505 2306 3681 2361 susci-

2047 2395 2233 2464 piunt,
2270 2400 2332 2447 ut
2358 2397 2697 2462 separentur
2725 2407 2758 2445 a
2782 2393 3143 2464 conjugibus.

1976 2484 2065 2537 24.
2101 2483 2174 2536 De
2201 2482 2401 2535 eadem
2427 2498 2503 2536 re.

1977 2574 2063 2625 25.
2099 2571 2176 2624 De
2209 2570 2409 2623 eadem
2442 2585 2523 2624 re.

1977 2662 2064 2713 26.
2094 2659 2171 2711 De
2208 2658 2407 2712 eadem
2433 2673 2514 2712 re.

1976 2750 2065 2802 27.
2107 2748 2186 2801 De
2227 2746 2583 2814 mulieribus,
2632 2762 2762 2817 qua:
2812 2745 3008 2816 aliquo
3057 2745 3357 2800 molimine
3412 2744 3566 2800 inter
3619 2763 3680 2803 se

2046 2835 2417 2890 fornicantur.

1975 2925 2062 2978 28.
2110 2924 2185 2977 De
2217 2921 2770 2987 sanctimonialibus,
2803 2920 2850 2974 si
2893 2921 3044 2974 inter
3073 2937 3130 2974 se
3150 2920 3528 2977 fornicantur.

1976 3014 2062 3065 29.
2098 3013 2175 3066 De
2208 3011 2465 3078 muliere,
2499 3011 2545 3065 si
2573 3027 2704 3064 cum
2727 3012 2903 3064 altera
2931 3009 3209 3064 fornicata
3232 3009 3426 3065 fuerit.

1978 3103 2064 3155 30.
2102 3101 2177 3154 De
2209 3099 2321 3154 illis
2350 3099 2451 3170 qui
2478 3097 2947 3152 irrationabiliter
2978 3096 3185 3151 versati
3218 3100 3372 3151 sunt.

1978 3192 2063 3243 3t.
2099 3190 2175 3243 De
2210 3187 2411 3242 eadem
2435 3204 2514 3242 re.

1980 3280 2065 3332 32.
2102 3279 2176 3331 De
2202 3276 2315 3330 illis
2335 3277 2435 3347 qui
2467 3291 2598 3329 cum
2627 3274 2946 3345 pecudibus
2977 3273 3351 3327 fornicantur.

1979 3370 2065 3422 33.
2100 3367 2241 3420 Item
2273 3365 2342 3420 de
2381 3364 2819 3435 quadrupedum
2841 3362 3307 3417 fornicatoribus.

1981 3454 2065 3509 34.
2103 3455 2180 3507 De
2212 3453 2325 3506 illis
2346 3453 2445 3523 qui
2476 3452 2854 3518 fornicantur,
2883 3450 3027 3505 sicut
3055 3449 3382 3505 Sodomitas.

1983 3545 2067 3599 35.
2105 3544 2181 3597 De
2213 3542 2431 3595 clericis
2462 3541 2548 3594 vel
2584 3538 2877 3594 monachis
2930 3539 2978 3593 si
3024 3538 3243 3593 fuerint
3289 3537 3677 3593 masculorum

2054 3631 2437 3685 insectatores.

1985 3723 2079 3774 36;
2112 3721 2186 3773 De
2217 3719 2416 3773 eadem
2449 3732 2529 3771 re.

1986 3813 2070 3864 37.
2107 3810 2185 3862 De
2215 3807 2527 3865 eademre.

1986 3907 2070 3958 38.
2104 3905 2245 3957 Item
2280 3903 2348 3957 de
2375 3899 2788 3956 commixtione
2819 3899 3180 3955 animalium.

1986 4003 2071 4056 39.
2118 4001 2193 4054 De
2260 3999 2545 4070 episcopo,
2609 3997 2707 4069 qui
2758 3997 3070 4052 secundum
3122 4000 3389 4051 naturam
3435 3994 3678 4050 fornica-

2056 4094 2147 4143 tus
2173 4087 2365 4141 fuerit.

1982 4188 2073 4240 40.
2108 4186 2180 4239 De
2235 4183 2548 4249 sacerdote,
2605 4180 2705 4252 qni
2752 4198 2855 4252 per
2904 4180 3347 4253 turpiloquium,
3409 4184 3507 4235 aut
3577 4196 3681 4251 per

2055 4276 2420 4345 conspectum
2441 4270 2813 4325 libidinosum
2841 4270 3094 4342 pollutus
3130 4270 3322 4324 fuerit.

1986 4372 2072 4426 41.
2112 4372 2186 4425 De
2217 4370 2413 4423 eadem
2448 4385 2525 4422 re.

1986 4470 2074 4523 42.
2109 4470 2186 4525 De
2211 4467 2323 4521 illis
2384 4465 2485 4537 qui
2513 4481 2616 4536 per
2668 4464 3032 4521 illecebrosas
3086 4466 3378 4535 amplexus
3441 4462 3683 4518 feminas

2058 4558 2344 4628 polluunt.

1986 4657 2075 4711 43.
2128 4656 2206 4709 De
2237 4653 2456 4709 clericis
2512 4652 2614 4725 qui
2672 4667 2775 4722 per
2830 4653 3008 4706 malas
3063 4650 3440 4722 cogitationes
3486 4665 3681 4705 semen

2059 4742 2383 4797 effuderint.

1986 4841 2073 4895 44.
2100 4838 2155 4894 Si
2185 4838 2392 4893 mulier
2422 4836 2626 4892 debeat
2657 4836 2909 4908 separari
2942 4852 2972 4891 a
3029 4836 3146 4891 viro
3179 4851 3303 4905 suo,
3350 4851 3475 4907 quae
3503 4834 3686 4889 ﬁlium

2061 4940 2229 4978 suum
2293 4938 2424 4976 casu
2454 4939 2559 4993 per
2615 4922 3021 4993 negligentiam
3054 4938 3088 4976 a
3142 4921 3294 4975 fonte
3342 4920 3684 4991 jsusceperit.

1991 5023 2077 5077 45.
2108 5023 2185 5075 De
2223 5036 2311 5086 eo,
2372 5018 2472 5090 qui
2512 5018 2826 5089 spiritalem
2888 5017 3059 5072 habet
3107 5020 3478 5085 compatrem,
3528 5015 3691 5084 cujus

2067 5126 2207 5164 uxor
2258 5113 2575 5162 commater
2614 5124 2730 5162 non
2779 5112 2883 5173 est,
2916 5111 2973 5160 et
3022 5121 3089 5159 eo
3134 5102 3424 5172 defuncto,
3472 5101 3520 5155 si
3568 5102 3690 5171 ejus

2067 5200 2299 5253 viduam
2326 5196 2507 5268 possit
2535 5197 2743 5251 ducere
2774 5211 3030 5250 uxorem.

1997 5299 2087 5352 46.
2125 5298 2200 5351 De
2224 5312 2310 5364 eo,
2344 5296 2388 5349 si
2421 5295 2631 5367 aliquis
2678 5311 2796 5348 suae
2845 5291 3116 5364 spiritalis
3154 5288 3481 5344 commatris
3512 5287 3691 5342 ﬁliam

2069 5402 2309 5439 uxorem
2342 5386 2547 5440 ducere
2578 5384 2774 5456 possit.

2001 5485 2089 5537 47.
2124 5482 2201 5536 De
2231 5483 2502 5552 quodam,
2538 5482 2637 5553 qui
2693 5497 2854 5536 suam
2904 5479 3140 5533 ﬁliolam
3189 5476 3505 5549 spiritalem
3561 5462 3706 5529 con-i

2074 5570 2372 5638 stupravit.
