3944 6306
260 269 363 319 919

1333 257 1737 314 BURCHABDI
1779 253 2310 313 WORMACIENSIS
2350 249 2682 310 EPISCOPI.

3661 247 3760 300 920

259 391 348 444 48.
385 389 460 443 De
498 385 747 458 quodam
799 384 995 453 fratre,
1045 382 1144 453 qui
1174 380 1622 454 impugnabatur
1677 397 1710 434 a
1733 380 1936 452 spiritu
1976 383 2021 436 Α
2051 382 2136 434 53.
2172 379 2246 432 De
2277 376 2637 442 mulieribus,
2670 389 2801 447 quae.
2853 375 3052 446 partus
3110 387 3246 426 suos
3301 371 3523 426 occulte
3577 371 3766 426 inter—

330 474 744 531 fornicationis.

260 566 349 619 49.
378 566 454 618 De
497 578 704 634 sponsa
748 560 940 616 fratris
995 559 1104 626 sui,
1153 559 1199 613 si
1239 559 1416 613 frater
1459 573 1584 612 eam
1637 555 1948 611 violaverit.

264 655 348 706 50.
393 651 452 707 Si
480 651 580 722 qui
634 651 702 705 de
744 666 858 704 uno
905 648 964 702 in
1019 648 1196 702 alium
1226 647 1594 717 transmigrat
1658 645 1956 716 episcopa-

333 747 482 808 tum,
538 745 593 795 et
638 738 1120 809 consanguineam
1177 752 1338 790 suam
1396 735 1686 807 polluerit,
1721 735 1809 789 vel
1851 734 1952 788 ali-

335 832 490 901 quod
517 829 731 882 crimen
761 827 998 898 capitale
1027 825 1394 880 commiserit.

267 919 349 972 51.
415 920 492 972 De
526 916 876 983 mulieribus,
940 931 1064 985 quae
1126 915 1357 968 absente
1411 912 1616 967 marito
1686 926 1956 982 concepe-

339 1007 475 1072 rint,
517 1012 574 1061 et
600 1005 798 1060 factum
828 1003 1178 1058 sustulerint.

270 1099 354 1151 52.
390 1097 470 1150 De
521 1094 632 1148 illis
665 1093 998 1148 mulieribus
1036 1107 1166 1164 quae
1201 1091 1348 1146 male
1405 1093 1706 1160 conceptos
1758 1103 1960 1143 necare

339 1185 466 1239 stud
477 1183 680 1238 uerint.

2128 465 2347 520 ficiunt.

2063 557 2147 610 54.
2184 556 2262 608 De
2283 553 2480 608 eadem
2501 568 2580 606 re.

2063 645 2148 698 55.
2184 644 2263 696 De
2293 642 2492 695 eadem
2526 657 2605 693 re.

2065 734 2149 787 56.
2178 732 2256 785 De
2284 730 2627 784 Sodomitico
2659 731 2906 798 peccato.

2066 825 2153 875 57.
2188 821 2264 873 De
2295 818 2407 872 illis
2439 817 2536 889 qui
2564 822 2900 886 conceptum
2945 813 3257 869 excutiunt.

2068 911 2153 964 58.
2190 909 2266 961 De
2298 907 2409 960 illis
2439 905 2540 976 qui
2570 904 2818 958 infantes
2848 919 2980 957 suos
3023 902 3432 974 oppresserint.

2069 1000 2156 1051 59.
2189 997 2267 1050 De
2298 999 2457 1066 patre
2487 1001 2541 1048 et
2570 998 2772 1059 matre,
2807 992 2905 1063 qui
2934 992 3081 1046 ﬁlios
3119 1008 3249 1045 suos
3297 991 3449 1062 apud
3482 1008 3542 1047 se
3604 992 3776 1060 Qmor-

2139 1092 2268 1138 tuos
2298 1081 2640 1136 invenerint.

2070 1176 2157 1228 60.
2196 1175 2271 1226 De
2303 1171 2413 1225 illis
2443 1169 2672 1226 feminis
2695 1180 2828 1241 quae
2853 1169 3118 1223 abortum
3148 1167 3406 1223 fecerint.

1625 1281 1830 1338 Indicis
1872 1281 2232 1350 capitulorum
2265 1279 2388 1346 ﬁnis

1519 1581 2520 1711 BURCHARDI

1267 1799 1674 1856 ECCLESIIE
1728 1793 2357 1854 WORMACIENSIS
2415 1790 2793 1847 EPISCOPI

475 1986 1471 2121 DECRETOBUM
1571 1983 2012 2115 LIBER
2121 1978 2754 2111 DECIMUS
2861 1974 3580 2110 SEPTIMUS

1640 2237 1742 2304 DE
1788 2233 2409 2302 FORNICATIONE.

763 2535 1241 2591 ARGUMENTUM
1294 2534 1496 2589 LIBRI.

355 2635 519 2690 Liber
565 2633 659 2688 hic
742 2633 1205 2697 fornicationem,
1291 2635 1348 2685 et
1418 2630 1699 2684 incestum
1766 2627 1974 2684 diversi

282 2725 507 2795 generis
567 2722 984 2793 complectitur,
1037 2727 1094 2774 et
1146 2736 1275 2790 quae
1327 2719 1624 2786 correctio,
1684 2717 1972 2790 paeniten-

283 2815 474 2884 tiaque
532 2812 620 2881 iis,
679 2811 779 2884 qui
829 2812 917 2866 his
980 2809 1132 2864 vitiis
1181 2814 1315 2864 sunt
1353 2809 1616 2878 involuti,
1677 2809 1974 2874 debeatur,

284 2903 465 2956 docet.

287 3008 412 3062 CAP.
438 3009 479 3063 Ι.
513 3038 579 3047 -
606 3010 677 3062 De
706 3007 946 3072 muliere,
993 3021 1112 3076 quae
1149 3020 1270 3060 cum
1297 3005 1502 3059 duobus
1552 3005 1831 3072 fratribus
1859 3005 1976 3070 for-

973 3080 1160 3130 nicata
1190 3081 1286 3130 est.

310 3175 318 3178 ‘
358 3167 479 3238 (Ea:
507 3167 728 3222 concilio
756 3167 1072 3234 Neocwsar.,
1125 3164 1409 3234 capite2.)
1451 3163 1650 3220 Mulier
1675 3163 1722 3217 si
1756 3163 1978 3218 duobus

285 3256 560 3310 fratribus
619 3255 894 3325 nupserit,
947 3254 1247 3324 abjiciatur
1314 3269 1494 3324 usque
1541 3255 1611 3307 ad
1683 3260 1974 3308 mortem:

285 3351 681 3399 verumtamen
709 3344 770 3397 in
805 3343 958 3397 exitu
990 3349 1224 3414 propter
1255 3343 1723 3409 misericordiam,
1759 3343 1806 3396 si
1845 3359 1976 3413 pro-

287 3434 507 3488 miserit
572 3433 727 3503 quod
779 3433 926 3486 facta
990 3432 1514 3502 incolumis,~hujus
1561 3432 1978 3502 conjunctionis

288 3524 512 3577 vincula
540 3522 828 3589 dissolvat,
879 3523 1128 3575 fructum
1174 3521 1525 3591 poenitentiae
1579 3526 1976 3592 consequatur,

288 3617 343 3666 et
373 3611 701 3667 communio
733 3610 786 3673 ei
836 3611 1200 3664 concedatur.
1253 3609 1410 3673 Quod
1451 3611 1497 3663 si
1554 3609 1826 3664 defecerit
1871 3611 1977 3677 vir,

289 3706 387 3754 aut
415 3701 624 3755 mulier
652 3700 712 3752 in
738 3698 948 3752 talibus
979 3697 1215 3768 nuptiis,
1247 3698 1492 3752 difﬁcilis
1542 3700 1650 3753 erit
1692 3700 1979 3770 paniten-

290 3789 370 3842 tia
399 3788 458 3842 in
498 3789 612 3843 vita
639 3787 1022 3858 permanenti.

753 3893 878 3948 Cap.
913 3894 982 3946 Il.
1015 3922 1082 3934 —
1120 3895 1194 3946 De
1232 3893 1414 3948 eadem
1443 3909 1519 3948 re.

364 4004 482 4074 (Ea:
502 4003 698 4058 decret.
737 4005 970 4058 Martini
1013 4019 1190 4072 papa,
1222 4006 1397 4072 capite
1426 4006 1504 4074 9.)
1537 4004 1594 4059 Si
1626 4020 1740 4076 qua
1779 4005 1986 4060 mulier

293 4090 436 4146 duos
470 4093 690 4158 fratres,
732 4097 829 4146 aut
873 4093 921 4144 si
961 4091 1090 4163 quis
1127 4091 1214 4145 vir
1243 4092 1381 4146 duas
1415 4109 1617 4146 uxores
1675 4093 1919 4160 duxerit,
1954 4109 1987 4147 a

293 4181 695 4236 communione
725 4185 1061 4251 separentur
1083 4197 1259 4252 usque
1282 4183 1350 4236 ad
1378 4188 1644 4236 mortem.
1673 4183 1740 4236 In
1780 4186 1984 4251 morte,

295 4285 396 4339 pro
429 4269 819 4324 misericordia
851 4268 1118 4323 viaticum
1151 4269 1450 4340 accipiant.

298 4377 424 4431 CAP.
460 4377 552 4431 ΙΙΙ.
585 4406 654 4416 —-
683 4379 756 4431 De
781 4377 875 4430 illo
904 4378 1002 4445 qui
1028 4393 1146 4431 cum
1175 4377 1386 4431 duabus
1425 4377 1704 4431 sororibus
1738 4378 1988 4443 fornica-

617 4453 702 4501 tus
747 4454 844 4514 est,
878 4464 1110 4518 quarum
1144 4465 1251 4502 una
1277 4463 1420 4502 umor
1467 4450 1670 4513 fuerat.

371 4534 478 4604 (Ea:
507 4536 726 4589 concilio
751 4537 1064 4603 Aurelian,
1096 4539 1274 4606 capite
1303 4535 1379 4605 6.)
1401 4535 1509 4599 Qui
1535 4533 1833 4590 dormierit
1860 4552 1991 4590 cum

297 4623 518 4678 duabus
560 4623 863 4688 sororibus,
901 4630 959 4678 et
1005 4640 1118 4678 una
1171 4640 1234 4677 ex
1283 4623 1398 4676 illis
1436 4627 1606 4678 antea
1641 4640 1796 4678 uxor
1859 4624 1990 4694 fuit,

300 4718 564 4766 neutram
595 4728 660 4765 ex
693 4711 830 4782 ipsis
859 4712 1065 4766 habeat
1099 4728 1112 4766 :
1149 4727 1251 4765 nec
1300 4711 1410 4781 ipsi
1440 4713 1688 4767 adulteri
1733 4730 1991 4786 unquam

298 4800 423 4871 conj
433 4800 566 4870 ugio
595 4801 952 4871 copulentur.

300 4905 430 4959 CAP.
458 4903 543 4958 ιν.
577 4933 645 4943 -
699 4907 772 4959 De
817 4905 912 4958 illo
938 4905 1036 4971 qui
1076 4917 1131 4956 se
1159 4905 1442 4968 ignorante
1466 4919 1583 4959 cum
1631 4919 1810 4960 sorore
1856 4922 1992 4961 umo-

797 4977 877 5029 ris
915 4989 1025 5030 suae
1065 4975 1369 5040 fornicatus
1399 4979 1498 5029 est.

371 5081 480 5153 (Ea:
509 5080 731 5136 concilio
765 5081 1006 5148 Tribur.,
1039 5095 1159 5149 cap.
1195 5082 1276 5148 8.)
1333 5081 1395 5134 In
1429 5081 1636 5135 lectum
1671 5081 1862 5135 mariti
1893 5082 1991 5136 ab-
2020 5100 2063 5153 ι)

300 5177 461 5226 sente
506 5187 679 5224 uxore
739 5185 897 5224 soror
935 5169 1036 5223 ivit
1095 5169 1330 5224 uxoris:
1373 5187 1548 5241 quam
1606 5170 1703 5224 ille
1756 5187 1993 5226 uxorem

300 5276 461 5316 suam
500 5263 730 5330 putans,
781 5258 1056 5314 dormivit
1100 5274 1230 5312 cum
1261 5275 1345 5313 ea.
1394 5259 1577 5329 Super
1632 5259 1741 5313 hoc
1811 5260 1994 5314 visum

300 5355 402 5418 est,
453 5349 500 5402 si
548 5349 670 5420 ipse
717 5364 821 5418 per
865 5346 1226 5402 securitatem
1258 5364 1449 5402 veram
1487 5348 1597 5402 hoc
1648 5348 1991 5418 probaverit,

299 5439 455 5509 quod
484 5438 696 5492 inscius
723 5437 924 5493 fecerit
947 5437 1054 5490 hoc
1079 5438 1280 5501 scelus,
1321 5436 1718 5508 paenitentiam
1761 5436 1992 5509 quidem

301 5542 430 5598 quae
449 5526 561 5582 sibi
594 5526 840 5582 indicata
867 5525 1040 5580 fuerit
1077 5531 1228 5597 agat,
1263 5523 1582 5595 legitimum
1627 5541 1794 5580 suum
1858 5542 1994 5581 con-

2005 2532 2045 2586 B
2078 2530 2307 2602 jugium
2351 2530 2560 2584 habere
2613 2529 3027 2599 permittatur:
3077 2528 3237 2582 illam
3290 2528 3464 2600 digna
3540 2527 3794 2582 vindicta

2086 2619 2285 2690 afﬂigi,
2310 2622 2366 2673 et
2397 2619 2458 2673 in
2485 2622 2764 2672 aeternum
2798 2616 3062 2688 conjugio
3089 2617 3322 2687 privari.

2555 2707 2683 2761 CAP.
2709 2707 2772 2760 V.
2805 2737 2872 2744 —
2904 2709 2982 2760 De
3011 2706 3194 2759 eadem
3230 2720 3307 2759 re.

2159 2796 2267 2866 (Ea:
2292 2796 2491 2862 eodem,
2524 2797 2700 2867 capite
2731 2796 2806 2866 9.)
2834 2795 2889 2849 Si
2921 2794 3050 2866 quis
3089 2810 3218 2847 cum
3249 2793 3467 2848 duabus
3497 2793 3796 2848 sororibus

2087 2884 2397 2938 fornicatus
2424 2883 2621 2949 fuerit,
2668 2889 2725 2937 et
2769 2900 2930 2937 soror
2990 2899 3244 2936 sororem
3276 2883 3347 2936 ab
3379 2883 3580 2936 eodem
3623 2888 3798 2936 antea

2091 2978 2410 3041 stupratam
2441 2973 2708 3026 nescierit
2739 2973 2823 3026 vel
2873 2973 2919 3025 si
2967 2972 3088 3042 ipse
3137 2987 3396 3025 sororem
3433 2972 3557 3042 ejus
3614 2988 3791 3042 quam

2091 3067 2258 3115 antea
2306 3061 2587 3132 stupravit
2633 3077 2749 3115 non
2777 3060 3139 3129 intellexerit,
3191 3061 3240 3114 si
3282 3061 3456 3130 digne
3500 3061 3794 3130 paenitue-

2089 3149 2224 3214 rint,
2266 3154 2324 3203 et
2355 3149 2400 3202 si
2430 3166 2488 3202 se
2535 3149 2828 3205 continere
2877 3167 2994 3204 non
3049 3148 3350 3213 valuerint,
3409 3154 3538 3220 post
3603 3165 3792 3203 annos

2089 3245 2307 3309 septem
2334 3239 2602 3310 conjugia
2647 3239 2761 3292 illis
2827 3255 2940 3292 non
3000 3244 3302 3308 negentur.
3330 3238 3386 3293 Si
3437 3243 3628 3292 autem
3670 3255 3790 3292 non

2089 3328 2517 3398 ignoraverunt,
2571 3344 2750 3400 usque
2789 3327 2858 3382 ad
2912 3333 3216 3382 mortema
3277 3327 3538 3398 conjugio
3610 3327 3784 3382 absti-

2090 3421 2284 3472 neant.

2551 3505 2677 3559 CAP.
2701 3505 2789 3560 VI.
2822 3534 2891 3544 ——
2924 3508 2998 3560 De
3027 3504 3210 3558 eadem
3247 3520 3323 3558 re.

2164 3593 2269 3663 (Ea:
2293 3593 2496 3660 eodem,
2546 3596 2722 3664 capite
2759 3593 2862 3664 10.)
2897 3594 2955 3648 Si
3007 3594 3134 3664 quis
3164 3610 3293 3647 cum
3324 3593 3546 3647 duabus
3576 3594 3792 3648 sorori-

2092 3681 2197 3737 bus
2250 3682 2562 3736 fornicatus
2595 3683 2788 3749 fuerit,
2820 3683 2906 3736 vir
2947 3682 3148 3736 diebus
3177 3683 3306 3736 vitae
3337 3699 3453 3736 sua:
3497 3683 3788 3753 poeniteat.

2093 3769 2265 3824 Soror
2297 3775 2488 3824 autem
2523 3787 2650 3840 quae
2681 3771 2750 3824 de
2790 3771 2902 3824 alia
2947 3787 3137 3824 sorore
3186 3770 3442 3837 nescivit,
3498 3771 3791 3825 licentiam

2093 3858 2300 3912 habeat
2326 3858 2598 3912 nubendi.

2095 3965 2222 4020 CAP.
2257 3966 2369 4019 VII.
2411 3995 2476 4005 —
2533 3967 2668 4020 Item
2700 3965 2766 4019 de
2817 3966 2910 4020 illo
2959 3967 3055 4034 qui
3090 3982 3212 4020 cum
3261 3965 3475 4020 duabus
3519 3967 3793 4022 sororibus

2517 4042 2714 4090 neutra
2739 4052 2907 4090 umore
2934 4039 3238 4103 fornicatus
3267 4041 3364 4090 est.

2167 4125 2276 4195 (Ea:
2306 4124 2504 4191 eodem,
2535 4127 2712 4195 capite
2754 4125 2864 4192 ll.)
2892 4124 3166 4179 Similiter
3189 4130 3246 4178 et
3274 4124 3344 4178 de
3375 4123 3597 4179 duabus
3630 4142 3790 4179 soro-

2097 4213 2254 4267 ribus
2286 4213 2384 4284 qui
2433 4230 2560 4267 cum
2595 4229 2707 4267 una
2763 4214 2820 4266 in
2879 4213 3159 4266 adulterio
3218 4214 3451 4282 mansit,
3510 4220 3568 4267 et
3623 4213 3792 4268 aliam

2096 4303 2322 4374 publice
2377 4302 2617 4373 accepit,
2675 4319 2791 4356 non
2849 4301 3060 4356 habeat
3111 4302 3413 4356 mulierem
3477 4318 3661 4372 usque
3734 4302 3794 4356 in

2097 4392 2249 4445 diem
2282 4392 2480 4445 mortis
2511 4408 2647 4458 suae,
2693 4396 2750 4445 et
2779 4391 2877 4445 illa
2930 4407 3059 4461 quae
3093 4391 3348 4460 nescivit,
3401 4391 3641 4461 accipiat
3673 4407 3788 4444 ma-

2098 4481 2289 4533 ritum.

2101 4570 2228 4622 CAP.
2255 4568 2389 4622 Vlll.
2427 4599 2495 4607 —
2521 4570 2594 4622 De
2634 4569 2728 4622 illo
2761 4571 2858 4637 qui
2908 4584 3028 4622 cum
3079 4568 3292 4623 duabus
3333 4568 3627 4632 sororibus,
3679 4584 3797 4622 cum

2169 4655 2415 4705 noverca,
2483 4641 2565 4694 vel
2611 4655 2730 4694 cum
2767 4655 2946 4694 sorore
2991 4655 3110 4705 sua,
3166 4641 3248 4693 vel
3293 4655 3412 4693 cum
3470 4643 3662 4706 amita,
3719 4640 3800 4693 vel

2173 4716 2460 4764 matertera
2509 4725 2630 4772 sua,
2671 4712 2752 4763 vel
2808 4727 2927 4764 cum
2983 4711 3101 4777 ﬁlia
3154 4712 3365 4778 patrui,
3411 4711 3490 4764 vel
3541 4711 3801 4764 avunculi

2171 4785 2278 4842 sui.
2322 4783 2404 4835 vel
2458 4797 2577 4834 cum
2605 4783 2723 4850 ﬁlia
2753 4785 2956 4849 amitae,
3011 4783 3092 4834 vel
3142 4787 3444 4834 matertera
3511 4795 3642 4844 suae,
3719 4782 3801 4834 vel

2172 4869 2291 4907 cam
2318 4857 2474 4920 nepte
2511 4868 2630 4919 sua,
2662 4855 2746 4907 vel
2783 4869 2900 4907 cum
2957 4857 3262 4919 commatre,
3311 4853 3394 4906 vel
3449 4867 3568 4905 cum
3631 4853 3804 4920 ﬁliola

2173 4939 2334 4992 quam
2366 4923 2431 4976 de
2475 4925 2624 4989 fonte
2673 4927 2931 4993 suscepit,
2991 4925 3074 4978 vel
3103 4929 3228 4977 ante
3282 4925 3589 4992 episcopum
3632 4925 3805 4977 tenuit

2172 4998 2473 5061 formcatus
2494 4997 2682 5061 fuerit.

2175 5082 2282 5152 (Ea:
2309 5084 2531 5138 concilio
2577 5085 2845 5152 Mogunt.,
2892 5086 3069 5153 capite
3095 5082 3252 5154 3.)Si
3307 5082 3436 5153 quis
3491 5081 3805 5136 fornicatus

2102 5171 2274 5225 fuerit
2326 5187 2456 5224 cum
2525 5171 2744 5224 duabus
2809 5171 3124 5240 sororibus,
3199 5172 3287 5225 vel
3371 5187 3501 5225 cum
3563 5187 3806 5225 noverca

2103 5276 2227 5326 sua,
2262 5260 2349 5312 vel
2406 5275 2534 5312 cum
2592 5275 2786 5314 sorore
2845 5277 2968 5327 sua,
3003 5261 3088 5314 vel
3151 5277 3282 5314 cum
3325 5260 3502 5314 amita
3548 5276 3672 5325 sua,
3713 5260 3804 5314 vel

2104 5365 2232 5403 cum
2294 5352 2598 5402 matertera
2651 5365 2773 5414 sua,
2832 5350 2918 5403 vel
2982 5366 3112 5404 cum
3163 5351 3280 5403 tilia
3335 5347 3522 5420 patrui
3577 5348 3687 5415 sui,
3747 5353 3806 5402 et

2105 5437 2374 5492 avunculi
2403 5437 2512 5503 sui,
2568 5437 2654 5490 vel
2686 5453 2817 5491 cum
2882 5438 3001 5492 ﬁlia
3031 5439 3219 5492 amitae
3274 5455 3413 5506 suae,
3443 5437 3558 5492 sive
3588 5442 3801 5491 mater-

2105 5533 2244 5582 tera:
2275 5543 2409 5591 suae,
2442 5543 2572 5581 cum
2614 5531 2784 5600 nepte
2834 5544 2954 5594 sua,
2988 5529 3070 5582 vel
3127 5545 3258 5582 cum
3315 5532 3627 5582 commatre
3697 5544 3805 5582 sua
