3944 6300
156 302 243 356 911

945 301 1406 357 DECRETOHUM
1450 302 1632 357 LIBRI
1670 303 1774 357 ΧΧ.
1817 332 1885 342 --
1925 304 2131 358 LIBER
2174 304 2480 361 DECIMUS
2518 305 2883 361 SEPTIMUS.

3548 311 3653 363 9‘22

156 424 252 475 aut
277 422 460 477 ﬁliola
490 438 612 489 sua,
640 421 757 477 sive
787 437 961 493 quam
993 422 1063 476 de
1095 422 1249 477 fonte
1284 423 1552 494 suscepit,
1589 424 1675 478 vel
1706 428 1837 479 ante
1869 429 1913 480 A
1955 426 2084 481 CAP.
2117 428 2256 482 XIII.
2279 458 2346 502 έ-
2395 430 2465 482 De
2511 429 2604 502 illo
2632 430 2728 496 qui
2776 433 3124 502 stupraverat
3161 432 3455 500 quamdam
3485 448 3650 502 quam

156 510 487 581 episcopum
534 511 737 580 tenuit,
800 516 856 564 et
914 510 961 564 si
1017 528 1129 581 qua
1183 512 1391 565 mulier
1438 512 1613 567 simili
1672 514 1844 567 modo

156 599 435 653 fornicata
490 598 686 668 fuerit,
739 598 1019 653 abstineat
1072 616 1131 653 se
1187 602 1260 655 ab
1326 601 1589 671 ingressu
1645 602 1848 656 domus

161 688 259 741 Dei
289 705 526 751 annum,
588 695 642 742 et
684 688 883 742 eodem
915 705 1064 743 anno
1115 689 1226 743 nisi
1279 690 1578 743 dominicis
1612 696 1665 744 et
1695 690 1850 745 festis

160 777 362 831 diebus
420 778 785 831 solummodo
838 794 984 846 pane
1031 782 1085 831 et
1141 794 1291 847 aqua
1345 784 1402 833 et
1431 779 1545 833 sale
1605 784 1847 834 utatur:

160 881 318 919 arma
343 882 462 919 non
489 865 655 935 ferat,
687 867 943 919 osculum
975 866 1123 920 nulli
1174 867 1448 936 praebeat,
1510 867 1852 922 sacriﬁcium

161 954 272 1008 nisi
322 970 429 1025 pro
473 955 673 1008 viatico
734 954 972 1008 minime
1013 962 1220 1009 sumat.
1287 955 1394 1010 Sex
1440 955 1647 1010 deinde
1692 956 1855 1010 annis

160 1042 525 1113 ingrediatur
562 1042 794 1113 quidem
844 1044 1079 1098 domum
1132 1044 1231 1099 Dei
1274 1060 1286 1098 :
1344 1045 1440 1097 sed
1479 1044 1766 1111 carnibus,
1801 1050 1858 1099 et

160 1132 315 1198 vino,
375 1148 441 1185 ac
490 1132 670 1186 siccra
719 1132 957 1187 minime
1011 1137 1228 1209 utatur,
1284 1133 1397 1187 nisi
1436 1134 1593 1187 festis
1634 1134 1852 1188 diebus.

163 1222 240 1275 De
273 1221 447 1274 armis
479 1237 609 1275 vero
641 1227 697 1275 et
723 1222 949 1289 osculis,
983 1221 1100 1275 sive
1145 1221 1444 1288 sacriﬁcio,
1495 1222 1642 1276 sicut
1685 1239 1860 1293 supra

161 1309 439 1382 scriptum
488 1314 591 1364 est.
659 1311 861 1365 Postea
940 1326 1075 1365 vero
1147 1310 1369 1364 duobus
1417 1311 1581 1364 annis
1630 1300 1858 1382 quando

160 1414 331 1453 carne
362 1398 624 1465 vescitur,
657 1416 689 1452 a
748 1405 886 1468 potu
935 1399 1092 1453 omni
1132 1416 1247 1470 quo
1280 1399 1553 1453 inebriari
1582 1404 1771 1471 potest
1800 1416 1859 1454 se

160 1486 469 1543 contineat.
509 1489 570 1542 Et
602 1488 648 1541 si
677 1488 885 1541 biberit
915 1493 1136 1558 potum,
1187 1487 1421 1542 minime
1460 1504 1629 1543 carne
1679 1505 1864 1542 vesca-

159 1582 275 1643 tur,
309 1577 522 1647 absque
557 1576 865 1647 pragcipuis
909 1577 1069 1631 festis
1117 1577 1337 1631 diebus.
1390 1578 1466 1631 De
1512 1577 1688 1631 armis
1727 1594 1860 1631 vero

157 1666 249 1720 vel
281 1666 496 1731 osculo,
530 1670 586 1720 et
633 1666 929 1730 sacriﬁcio,
982 1665 1217 1720 modum
1251 1670 1441 1720 teneat
1466 1666 1583 1736 jam
1619 1666 1855 1720 dictum.

161 1756 301 1809 Inde
348 1771 526 1825 usque
571 1754 642 1808 ad
690 1755 910 1810 obitum
962 1772 1154 1824 suum,
1205 1755 1316 1809 nisi
1366 1755 1651 1826 praedictis
1701 1755 1861 1809 festis

162 1842 365 1897 diebus
413 1858 641 1898 acarne
691 1842 1023 1898 abstineat:
1086 1849 1198 1898 tres
1248 1844 1420 1897 ferias
1465 1844 1754 1914 legitimas
1801 1843 1862 1897 in

165 1930 327 1984 omni
371 1931 750 1999 hebdomade,
802 1937 858 1985 et
899 1937 1015 1986 tres
1061 1933 1532 2004 quadragesimus
1591 1934 1651 1986 in
1702 1949 1854 1986 anno

164 2018 420 2091 legitime
469 2021 766 2076 custodiat.
813 2024 891 2076 De
945 2024 1121 2076 armis
1169 2039 1301 2077 vero
1358 2028 1418 2076 ut
1466 2022 1859 2092 supradictum

166 2114 272 2172 est,
310 2114 366 2162 et
391 2125 689 2180 nunquam
719 2110 1027 2180 aliquando
1084 2110 1348 2182 conjugio
1378 2111 1695 2180 copuletur.
1731 2111 1862 2165 llaec

165 2196 366 2251 eadem
439 2197 780 2267 poenitentia
836 2197 1186 2269 imponenda
1240 2204 1322 2252 est
1402 2198 1709 2269 patricidis,
1769 2199 1857 2252 vel

164 2284 491 2353 fratricidis,
524 2286 608 2337 vel
638 2286 1095 2356 consanguineis,
1151 2302 1254 2340 nec
1286 2303 1400 2340 non
1436 2292 1488 2340 et
1520 2286 1620 2357 qui
1652 2291 1857 2356 sponte

165 2389 269 2444 per
339 2374 600 2428 fraudem
667 2378 723 2427 et
777 2375 1097 2440 avaritiam,
1188 2374 1487 2429 hominem
1561 2373 1860 2428 innoxium

166 2461 457 2529 occidunt,
491 2462 642 2533 quod
672 2462 1034 2516 morchidum
1062 2468 1280 2517 vocant.

166 2588 297 2641 CAP.
332 2588 418 2642 IX.
451 2616 520 2627 -—-
550 2590 622 2641 De
653 2588 744 2641 illo
775 2588 871 2655 qui
918 2602 1037 2641 cum
1062 2590 1289 2640 matrem
1336 2586 1585 2641 habuerit
1618 2601 1859 2653 umorem,

550 2674 669 2713 cum
697 2660 936 2728 ﬁtiastra
962 2660 1267 2725 fornicatus
1293 2660 1482 2724 fuerit.

238 2784 350 2849 (Ea:
422 2780 619 2849 eodem,
677 2785 854 2851 capite
898 2780 980 2851 2.)
1028 2782 1086 2836 Si
1141 2782 1269 2853 quis
1326 2782 1558 2835 viduam
1620 2796 1861 2836 uXorem

169 2870 417 2936 duxerit,
453 2874 507 2924 et
555 2876 751 2941 postea
794 2886 923 2924 cum
977 2870 1214 2924 ﬁliastra
1262 2886 1363 2924 sua
1402 2870 1710 2924 fornicatus
1740 2870 1861 2924 fue-

169 2960 264 3025 rit,
307 2975 403 3012 seu
460 2975 587 3012 cum
636 2959 856 3012 duabus
910 2960 1194 3013 sororibus
1247 2959 1636 3019 concubuerit,
1679 2964 1778 3013 aut
1816 2959 1863 3013 si
1899 2998 1940 3053 Ο

172 3064 287 3119 qua
339 3048 562 3101 duobus
610 3047 884 3102 fratribus
934 3047 1212 3117 nupserit,
1270 3064 1365 3100 seu
1413 3063 1544 3101 cum
1592 3052 1756 3117 patre
1813 3052 1869 3101 et

172 3136 294 3192 ﬁlio
338 3136 611 3190 fornicata
660 3136 852 3202 fuerit,
906 3137 1043 3190 tales
1097 3136 1486 3206 copulationes
1534 3138 1866 3191 anathema-

173 3225 340 3280 tizari
368 3230 425 3279 et
453 3225 710 3296 disjungi
751 3224 1141 3296 prazcipimus,
1194 3240 1297 3278 nec
1326 3241 1580 3294 unquam
1622 3226 1869 3295 amplius

174 3313 447 3385 conjugio
479 3314 755 3384 copulari,
800 3314 896 3367 sed
943 3315 1048 3368 sub
1090 3330 1296 3384 magna
1336 3313 1690 3367 districtione
1722 3314 1866 3367 lieai.

653 3421 783 3475 CAP.
818 3422 876 3475 Χ.
909 3449 978 3460 —-
1013 3424 1084 3475 De
1112 3420 1296 3474 eadem
1329 3436 1407 3474 re.

250 3529 372 3595 (Ero
418 3529 639 3582 concilio
678 3528 827 3597 apud
879 3529 1224 3592 Vermeriam,
1275 3529 1450 3595 capite
1495 3529 1606 3596 10.)
1644 3526 1700 3580 Si
1744 3525 1873 3595 quis

181 3633 311 3671 cum
341 3616 577 3671 ﬁliastra
608 3633 710 3670 sua
742 3616 1055 3671 fornicatus
1104 3616 1294 3683 fuerit,
1346 3632 1449 3668 nec
1478 3619 1717 3668 matrem
1771 3632 1874 3669 nec

181 3706 359 3762 ﬁliam
387 3711 572 3777 potest
600 3706 809 3760 habere
842 3722 855 3761 ε
917 3722 1020 3759 nec
1048 3706 1166 3771 illa,
1204 3721 1305 3758 nec
1345 3704 1437 3757 ille
1471 3704 1597 3758 aliis
1627 3720 1684 3757 se
1716 3709 1873 3775 pote-

184 3800 320 3849 runt
368 3795 717 3865 conjungere
787 3796 903 3848 ullo
956 3810 1208 3864 unquam
1273 3799 1551 3862 tempore.
1610 3796 1876 3846 Attamen

186 3900 326 3937 uxor
369 3884 514 3953 ejus,
564 3883 613 3936 si
656 3883 736 3936 ita
783 3882 1047 3945 voluerit,
1102 3886 1158 3935 et
1205 3881 1252 3934 si
1298 3897 1356 3934 se
1405 3880 1699 3935 continere
1756 3896 1875 3933 non

182 3976 392 4042 potest,
429 3972 475 4025 si
527 3977 899 4043 posteaquam
940 3970 1207 4041 cognovit
1248 3969 1404 4040 quod
1452 3986 1582 4023 cum
1627 3969 1746 4023 ﬁlia
1776 3986 1879 4022 sua

183 4061 270 4114 vir
298 4062 422 4132 ejus
452 4061 561 4115 fuit
586 4062 647 4115 in
702 4060 1008 4129 adulterio,
1053 4060 1278 4115 carnale
1309 4058 1716 4112 commercium
1747 4074 1877 4111 cum

184 4166 251 4203 eo
279 4166 394 4204 non
426 4150 645 4217 habuit,
679 4149 727 4203 si
762 4151 881 4204 vult
906 4150 1004 4204 alii
1032 4150 1249 4203 nubere
1283 4152 1488 4219 potest.

260 4276 383 4330 CAP.
414 4276 497 4329 XI.
529 4304 598 4315 —-
629 4276 712 4329 De
733 4274 823 4330 illo
855 4276 952 4343 qui
978 4290 1098 4328 cum
1134 4289 1360 4327 noverca
1383 4274 1687 4339 fornicatus
1713 4275 1807 4325 est.

261 4384 372 4451 (Ea:
410 4381 609 4448 eodem,
644 4384 820 4450 capite
859 4382 973 4450 21.)
1022 4380 1078 4436 Si
1127 4380 1255 4452 quis
1304 4395 1433 4433 cum
1492 4394 1732 4431 noverca
1782 4394 1882 4430 sua

189 4470 508 4538 dormierit,
543 4475 745 4523 neuter
777 4475 1018 4541 possunt
1070 4469 1139 4523 ad
1170 4468 1505 4539 conjugium
1530 4466 1829 4538 pervenire
1866 4482 1879 4520 :

191 4560 288 4613 sed
334 4560 419 4613 vir
468 4560 588 4630 ejus
647 4564 833 4629 potest
886 4558 933 4612 si
985 4558 1108 4613 vult
1163 4558 1333 4612 aliam
1392 4557 1666 4626 accipere,
1723 4555 1768 4608 si
1826 4548 1884 4609 se

191 4649 486 4703 continere
544 4664 659 4702 non
713 4652 921 4718 potest,
974 4648 1241 4701 similiter
1308 4647 1409 4718 qui
1456 4662 1587 4700 cum
1645 4645 1878 4699 ﬁliastra

191 4755 310 4805 sua,
345 4738 433 4791 vel
465 4753 594 4791 cum
634 4753 831 4791 sorore
866 4737 1059 4791 uxoris
1107 4753 1224 4790 suae
1265 4735 1566 4790 dormierit
1596 4739 1742 4788 stare
1774 4750 1882 4804 po-

191 4831 319 4881 tcst.

190 4952 315 5005 Car.
350 4951 462 5005 XII.
495 4979 568 4991 —
598 4951 678 5004 De
694 4952 786 5005 illo
817 4952 913 5021 qui
936 4966 1051 5005 cum
1083 4950 1337 5017 ﬁtiastra,
1377 4948 1663 5016 ignorante
1690 4950 1884 5013 matre,

833 5023 1130 5088 fornicatus
1161 5026 1259 5074 est.

261 5129 371 5200 (Ea:
409 5128 609 5195 eodem,
666 5132 843 5199 capite
890 5128 972 5197 4.)
1034 5127 1091 5183 Si
1139 5127 1268 5198 quis
1299 5141 1428 5179 cum
1458 5129 1638 5178 matre
1669 5128 1723 5177 et
1770 5124 1891 5179 ﬁlia

189 5218 501 5272 fornicatus
526 5222 628 5284 est,
660 5217 963 5288 ignorante
1017 5220 1198 5270 matre
1251 5215 1319 5269 de
1374 5213 1511 5279 ﬁlia,
1562 5214 1618 5266 et
1656 5212 1770 5266 lilia
1819 5212 1889 5267 de

193 5310 398 5372 matre,
431 5305 527 5359 ille
577 5322 872 5376 nunquam
923 5305 1167 5376 accipiat
1210 5318 1441 5357 uxorem
1477 5318 1490 5356 :
1523 5301 1636 5355 illa:
1678 5317 1809 5354 vero
1843 5300 1891 5354 si

194 5394 482 5448 voluerint
529 5394 810 5465 accipiant
864 5393 1116 5449 maritos.
1176 5393 1235 5449 Si
1291 5396 1481 5446 autem
1525 5390 1629 5442 hoc
1659 5387 1892 5442 scierint

193 5484 333 5555 ipsa:
380 5482 654 5553 fmminaa,
708 5484 922 5555 absque
993 5482 1215 5538 maritis
1273 5481 1335 5536 in
1382 5484 1727 5552 perpetuum
1777 5493 1893 5531 ma-

196 5578 389 5628 neant.

2272 500 2453 565 frater
2482 498 2598 567 ejus
2614 503 2805 568 postea
2827 499 3059 554 duxerat
3088 498 3326 555 uxorem.

2029 603 2140 673 (Ea:
2185 604 2385 673 eodem,
2443 607 2619 674 capite
2666 605 2741 676 5.)
2797 605 2856 659 Si
2912 605 3084 659 homo
3141 606 3452 661 fornicatus
3482 608 3653 663 fuerit

1959 706 2087 744 cum
2121 692 2379 755 muliere,
2412 697 2466 745 et
2495 692 2670 745 frater
2725 693 2846 762 ejus
2889 694 3145 747 nesciens
3183 696 3441 749 eamdem
3474 696 3651 750 duxe-

1962 780 2031 832 rit
2063 794 2297 832 uxorem
2343 794 2355 831 :
2402 780 2573 832 frater
2603 796 2669 832 eo
2722 781 2874 851 quod
2907 781 3065 835 fratri
3096 782 3314 835 crimen
3368 784 3651 850 celaverit,

1962 868 2254 937 poeniteat,
2293 872 2349 921 et
2378 874 2507 938 post
2536 870 2933 938 paenitentiam
2977 870 3174 925 nubat.
3229 872 3429 924 Mulier
3465 876 3655 925 autem

1964 973 2144 1027 usque
2201 956 2270 1011 ad
2323 962 2566 1011 mortem
2635 958 2928 1028 poeniteat,
2989 963 3045 1012 et
3088 958 3209 1013 sine
3254 977 3354 1031 spe
3403 959 3657 1031 conjugii
3716 1020 3721 1021 γ

1966 1050 2212 1103 maneat.

2399 1172 2526 1225 CAP.
2561 1172 2689 1226 XIV.
2719 1202 2786 1210 —
2815 1174 2890 1227 De
2927 1171 3110 1226 eadem
3138 1188 3214 1227 re.

2038 1276 2156 1348 (Ea:
2188 1278 2387 1344 eodem,
2420 1280 2595 1347 capite
2623 1277 2703 1346 6.)
2735 1277 2792 1331 Si
2825 1278 2999 1331 frater
3025 1294 3155 1332 cum
3204 1278 3445 1334 muliere
3474 1279 3655 1335 forni-

1967 1373 2123 1422 catus
2168 1367 2359 1433 fuerit,
2407 1372 2463 1421 et
2513 1368 2688 1421 frater
2735 1367 2994 1420 nesciens
3032 1384 3162 1421 cum
3206 1368 3407 1422 eadem
3452 1385 3656 1423 concu-

1966 1457 2174 1522 buerit,
2206 1457 2412 1509 mulier
2468 1456 2668 1510 diebus
2706 1455 2834 1510 vita:
2880 1472 2997 1510 suae
3046 1457 3336 1527 pceniteat,
3380 1463 3513 1528 post
3551 1474 3662 1529 p03-

1971 1545 2271 1601 nitentiam
2303 1550 2514 1613 autem,
2550 1544 2724 1600 frater
2772 1546 3005 1615 ignarus
3050 1546 3279 1601 sceleris
3322 1546 3657 1618 conjugium

1970 1635 2208 1706 accipiat
2239 1635 2287 1688 si
2320 1636 2455 1688 vult.

2398 1741 2525 1796 (lar.
2556 1741 2661 1795 XV.
2700 1771 2765 1781 —
2795 1742 2880 1795 De
2914 1742 3098 1796 eadem
3122 1757 3199 1796 re.

2043 1847 2161 1920 (Em
2191 1849 2410 1903 concilio
2440 1850 2772 1914 Matiscensi,
2821 1849 2994 1917 capite
3042 1847 3113 1919 5.)
3158 1849 3297 1903 Item
3347 1848 3664 1905 indicatum

1970 1942 2054 1991 est
2105 1938 2412 2007 quemdam
2470 1941 2756 2006 stuprasse
2821 1936 3129 2006 quamdam
3175 1936 3450 1990 feminam
3491 1953 3662 2009 quam

1969 2031 2169 2097 postea
2196 2026 2373 2079 frater
2414 2024 2536 2093 ejus
2584 2025 2802 2095 accepit
2854 2041 3109 2078 uxorem.
3151 2026 3485 2079 Statuerunt
3531 2042 3659 2079 eum

1972 2115 2071 2187 qui
2101 2114 2405 2185 stupravit,
2438 2118 2493 2167 et
2522 2130 2555 2166 a
2586 2130 2642 2167 se
2673 2116 2992 2184 stupratam
3022 2113 3184 2168 fratri
3232 2114 3435 2169 celavit
3485 2129 3498 2167 :
3528 2114 3664 2186 quia

1971 2203 2283 2275 geminavit
2360 2208 2677 2273 peccatum,
2739 2201 3077 2273 poenitentia
3162 2201 3494 2256 districtiori
3573 2218 3664 2254 ca-

1972 2294 2319 2365 stigandum.
2383 2292 2729 2363 Conjugium
2798 2292 2909 2344 tale
2967 2290 3198 2344 dissolvi
3268 2295 3554 2361 Oportere,
3611 2295 3691 2351 et,

1972 2382 2200 2436 mulieri
2232 2381 2464 2452 quidem
2500 2396 2793 2450 nunquam
2822 2379 2945 2433 dari
2992 2382 3334 2448 potestatem
3387 2377 3662 2432 nubendi.

1972 2471 2087 2524 Illis
2139 2475 2331 2522 autem
2381 2484 2486 2537 pro
2528 2466 2915 2520 misericordia
2958 2466 3296 2537 conjugium
3341 2465 3665 2535 indulgere,

1970 2559 2067 2613 sed
2098 2574 2228 2613 cum
2262 2557 2616 2628 poenitentia.

1972 2667 2099 2722 CAP.
2131 2666 2266 2722 XVI.
2299 2693 2371 2706 —
2417 2665 2494 2719 De
2518 2664 2741 2718 muliere
2787 2678 2906 2716 cum
2951 2678 3080 2729 qua,
3116 2665 3164 2715 et
3208 2665 3388 2730 pater,
3438 2664 3488 2714 et
3516 2658 3668 2729 ﬁlius

2601 2736 2871 2801 fornicati
2890 2738 3032 2787 sunt.

2044 2845 2160 2917 (Ea:
2190 2844 2409 2899 concilio
2444 2841 2685 2907 Tribur.,
2730 2842 2906 2910 capite
2958 2839 3027 2909 6.)
3060 2838 3304 2903 Quidam
3358 2836 3669 2891 fornicatus

1975 2939 2055 2990 est
2114 2950 2244 2987 cum
2293 2932 2539 3003 quadam
2599 2929 2860 2995 muliere,
2931 2934 3130 2998 postea
3187 2928 3340 2980 ﬁlius
3406 2925 3667 2979 nesciens

1978 3023 2155 3096 patris
2203 3022 2415 3076 factum
2463 3018 2743 3089 stupravit
2786 3017 3068 3071 eamdem.
3121 3015 3282 3080 Quod
3328 3030 3458 3067 cum
3511 3018 3671 3083 pater

1979 3113 2325 3177 rescisceret,
2357 3111 2425 3164 de
2476 3125 2534 3162 se
2560 3108 2797 3178 ﬁlioque
2836 3107 3126 3160 confessus
3182 3109 3284 3159 est.
3337 3104 3668 3159 Statuerunt

1982 3203 2185 3257 melius
2218 3216 2359 3266 esse,
2391 3204 2456 3253 ut
2485 3198 2676 3253 taliter
2722 3197 2895 3266 lapsis
2926 3212 3056 3249 cum
3105 3194 3281 3264 digna
3336 3191 3672 3263 paenitentia

1981 3291 2238 3363 legitima
2268 3288 2675 3360 permittantur
2705 3285 2994 3356 conjugia,
3027 3300 3200 3354 quam
3228 3283 3372 3335 forte
3420 3279 3671 3334 deterius

1982 3381 2339 3451 delinquant.
2372 3375 2699 3432 Fornicaria
2757 3379 2949 3429 autem
2978 3372 3101 3427 sine
3149 3387 3246 3442 spe
3276 3369 3530 3440 conjugii
3557 3384 3672 3421 ma-

1982 3476 2131 3525 neat.

1984 3579 2110 3633 CAP.
2139 3577 2301 3632 XVII.
2330 3605 2398 3615 —
2429 3577 2504 3629 De
2545 3572 2638 3627 illo
2669 3572 2763 3640 qui
2791 3585 2909 3625 cum
2947 3584 3114 3623 umore
3140 3568 3335 3635 fratris
3358 3566 3446 3619 sui
3488 3566 3672 3632 forni-

2689 3648 2840 3697 catus
2870 3645 2965 3695 est.

2058 3756 2161 3823 (Eac
2209 3753 2408 3819 eodem,
2468 3752 2644 3820 capite
2690 3749 2797 3820 12.)
2849 3746 2907 3802 Si
2937 3746 3066 3817 quis
3116 3761 3244 3799 cum
3278 3760 3455 3797 uxore
3487 3741 3675 3797 fratris

1985 3842 2073 3897 sui
2106 3842 2422 3909 dormierit,
2471 3841 2694 3894 adulter
2755 3842 2810 3892 et
2860 3835 3081 3891 moecha
3127 3834 3326 3889 diebus
3371 3831 3503 3886 vitae
3561 3847 3678 3885 suae

1988 3932 2201 4001 absque
2229 3927 2496 3998 conjugio
2543 3929 2790 3980 maneat.
2827 3925 2926 3979 Ille
2963 3940 3093 3978 vero
3140 3923 3302 3994 cujus
3352 3936 3497 3975 uxor
3549 3919 3676 3984 fuit,

1989 4020 2036 4073 si
2066 4020 2205 4085 vult,
2240 4017 2409 4070 aliam
2450 4017 2751 4086 conjugem
2783 4013 3040 4083 accipiat.

1990 4108 2116 4162 CAP.
2151 4106 2334 4160 XVIII.
2362 4133 2423 4143 —
2464 4107 2537 4158 De
2568 4106 2662 4157 illo
2686 4106 2782 4171 qui
2806 4117 3059 4171 Sponsam
3077 4101 3184 4169 ﬁlii
3212 4101 3300 4154 sui
3329 4097 3677 4167 oppresserit.

2063 4198 2183 4267 (Em
2204 4196 2402 4260 eodem,
2451 4196 2629 4262 capite
2691 4195 2802 4262 13.)
2847 4192 2903 4247 Si
2945 4192 3072 4261 quis
3124 4205 3387 4260 sponsam
3435 4187 3541 4241 ﬁlii
3594 4184 3683 4239 sui

1910 4280 1952 4333 D
1992 4283 2358 4356 oppresserit,
2388 4287 2443 4335 et
2466 4286 2662 4351 [pstea
2694 4280 2845 4334 ﬁlius
2892 4280 3015 4349 ejus
3045 4294 3169 4332 eam
3222 4276 3445 4331 duxerit
3477 4291 3490 4328 :
3522 4278 3685 4344 pater

1992 4373 2359 4446 postmodum
2412 4388 2524 4424 non
2580 4370 2788 4423 habeat
2841 4385 3097 4435 uxorem,
3147 4384 3251 4421 nec
3298 4367 3423 4436 ipsa
3479 4363 3685 4419 mulier

1992 4464 2207 4528 virum;
2269 4460 2443 4528 ﬁlius,
2505 4459 2605 4529 qui
2654 4457 2871 4512 facinus
2922 4456 3097 4527 patris
3153 4453 3459 4526 ignoravit,
3512 4452 3685 4506 aliam

1994 4551 2252 4622 accipiat.

1996 4677 2123 4730 CAP.
2158 4675 2282 4730 XIX.
2316 4701 2382 4715 —
2414 4675 2484 4726 De
2511 4670 2608 4727 illo
2639 4672 2734 4739 qui
2772 4685 2889 4723 cum
2932 4684 3122 4731 uxore,
3154 4672 3348 4730 matre,
3380 4672 3430 4722 et
3454 4669 3686 4737 ﬁtiastra

2630 4743 2938 4809 fornicatus
2959 4744 3055 4794 est.

2069 4854 2179 4925 (Ea:
2230 4852 2448 4906 concilio
2504 4851 2769 4915 Mogunt.,
2831 4850 3005 4916 capite
3063 4847 3141 4916 6.)
3184 4846 3240 4901 Si
3286 4846 3413 4917 quis
3458 4844 3691 4898 viduam

1997 4958 2233 4996 uxorem
2265 4938 2510 5002 duxerit,
2558 4941 2613 4991 et
2644 4940 2840 5007 postea
2890 4951 3022 4999 cum
3068 4936 3307 4989 ﬁliastra
3364 4932 3536 4986 fuerit
3576 4932 3691 4985 for-

1997 5033 2239 5098 nicatus,
2289 5044 2389 5082 seu
2438 5043 2563 5081 cum
2632 5024 2851 5079 duabus
2918 5025 3210 5078 sororibus
3275 5027 3417 5078 :aut
3474 5020 3522 5074 si
3579 5036 3692 5091 qua

1997 5138 2127 5176 cum
2186 5119 2409 5174 duobus
2440 5114 2727 5181 fratribus,
2789 5129 2887 5167 seu
2939 5128 3069 5166 cum
3127 5117 3287 5182 patre
3340 5116 3396 5164 et
3443 5109 3563 5164 ﬁlio
3598 5125 3611 5163 :
3645 5108 3691 5162 si

1999 5211 2127 5282 quis
2155 5209 2408 5263 relictam
2443 5208 2650 5270 fratris,
2681 5203 2727 5257 si
2777 5203 2905 5273 quis
2946 5206 3199 5271 neptem,
3235 5204 3333 5252 aut
3365 5213 3691 5264 novercam,

1999 5306 2096 5354 aut
2122 5315 2353 5363 nurum,
2398 5303 2494 5350 aut
2543 5293 2966 5353 consobrinam,
3036 5296 3137 5343 aut
3184 5290 3360 5343 ﬁliam
3402 5286 3690 5351 avunculi,

1999 5396 2098 5443 aut
2127 5389 2250 5457 ejus
2279 5388 2554 5451 relictam,
2587 5389 2684 5437 aut
2731 5381 3055 5453 privignam
3107 5378 3398 5447 polluerit,
3443 5393 3537 5430 eos
3568 5374 3687 5429 dis-

1992 5477 2183 5548 jungi,
2229 5481 2285 5529 et
2315 5475 2550 5529 ulterius
2598 5486 2895 5542 nunquam
2926 5466 3196 5538 conjugio
3227 5465 3504 5537 capulari,
3540 5480 3690 5534 prae-

2000 5566 2265 5636 cipimus.
