3944 6308
301 312 402 365 923

1379 313 1781 370 BURCIIARDI
1820 315 2350 375 WORMACIENSIS
2387 320 2720 377 EPISCOPI.
3704 330 3798 384 924

298 439 425 493 CAP.
459 439 561 494 XX.
593 469 664 522 -_-—
693 442 764 494 De
793 440 901 522 illo.
935 440 1226 522 conjugato
1257 443 1505 522 quicum
1543 441 1659 522 ﬁlia
1699 444 2000 522 matertgrz
2037 445 2082 498 Α
2111 447 2208 498 aut
2254 448 2487 516 propter
2541 445 2822 512 fraudem,
2873 447 3130 518 quandiu
3185 447 3338 504 vivat
3397 451 3796 522 pmnitentiam

369 525 496 576 suae,
530 512 612 564 rel
641 510 921 576 avunculi,
954 513 1036 564 vel
1067 516 1264 576 amitae,
1299 511 1381 564 vel
1405 514 1597 580 patrui
1622 514 1710 565 sui
1752 512 1990 579 fornica-

369 587 454 634 tus
479 586 576 634 est.

370 669 477 736 (Em
498 670 718 722 concilio
752 668 950 722 Tribur
979 707 994 733 ,
1027 670 1203 737 capite
1253 668 1330 738 l.)
1379 668 1800 740 Interrogatum
1831 673 1915 724 est
1941 669 1988 723 si
2063 651 2068 654 l

300 755 428 825 quis
452 771 580 808 cum
616 756 734 810 lilia
764 761 1084 810 matertera:
1133 772 1268 824 sum,
1303 757 1388 810 vel
1431 757 1644 822 amitae,
1677 759 1765 811 vel
1813 775 1989 811 avun-

295 843 430 911 culi,
489 845 573 896 vel
626 844 815 912 patrui
863 844 1256 910 concubuerit,
1301 845 1348 898 si
1399 846 1742 915 conjugatus
1794 846 1986 914 fuerit,

293 930 461 984 liceat
490 947 560 985 ne
593 932 677 985 illi
707 932 940 1012 ulterius
973 932 1051 984 uti
1082 932 1370 1002 conjugio,
1404 940 1501 986 aut
1533 949 1650 986 non
1681 935 1986 1004 conjugato

294 1035 530 1072 uxorem
561 1020 850 1090 accipere?
896 1021 1120 1074 Justum
1163 1026 1330 1085 esset,
1382 1021 1530 1075 sicut
1564 1022 1753 1092 aliqua
1777 1028 1985 1076 statuta

295 1107 548 1176 priorum
583 1109 882 1175 habentur,
918 1113 980 1161 ut
1010 1109 1067 1160 in
1105 1113 1449 1179 perpetuum
1481 1126 1511 1161 a
1543 1110 1812 1180 conjugio
1845 1111 1984 1164 tales

295 1188 632 1250 abstineant.
671 1197 863 1250 Visum
922 1201 1004 1250 est
1051 1197 1321 1251 humanae
1373 1198 1696 1268 fragilitatis
1743 1199 1981 1267 intuitu,

295 1289 357 1337 ut
387 1289 514 1353 post
543 1285 938 1354 paenitentiam
975 1301 1091 1340 non
1139 1287 1372 1357 quidem
1405 1286 1634 1356 penitus
1690 1286 1983 1357 priventur

291 1372 579 1442 conjugio,
610 1374 916 1428 durissimo
966 1381 1158 1428 tamen
1218 1381 1333 1429 tam
1369 1374 1639 1428 immanis
1683 1375 1980 1431 fornicatio

289 1463 624 1530 vindicetur,
701 1463 848 1517 sicut
925 1468 1150 1516 sanctus
1207 1479 1354 1534 papa
1429 1463 1715 1528 Nicolaus,
1773 1469 1829 1517 et
1885 1465 1982 1518 alii

289 1551 531 1604 Romani
578 1551 874 1620 pontifices
941 1557 1284 1620 statuerunt,
1348 1568 1418 1606 ne
1477 1552 1623 1606 forte
1670 1553 1978 1623 desperati,

289 1639 664 1710 multiplicius
696 1647 949 1712 peccent.

290 1745 416 1800 CAP.
454 1747 588 1802 XXI.
621 1775 682 1786 —
739 1748 817 1801 De
851 1752 1028 1816 patre,
1074 1753 1125 1802 et
1165 1750 1299 1816 filio,
1350 1748 1416 1802 de
1461 1749 1744 1814 avunculo,
1807 1754 1858 1803 et
1916 1749 1982 1803 de

465 1822 670 1886 nepote,
691 1821 743 1873 si
771 1834 890 1873 cum
921 1835 1028 1872 una
1047 1821 1268 1874 muliere
1287 1822 1548 1886 fornicati
1574 1822 1804 1886 fuerint.

359 1903 468 1974 (Ea:
493 1908 712 1960 concilio
735 1908 1000 1974 Mogunt.,
1022 1910 1200 1976 capite
1245 1909 1323 1976 5.)
1367 1909 1786 1979 Interrogatum
1822 1913 1908 1962 est
1937 1907 1984 1962 si

288 1997 451 2063 pater
470 2000 527 2048 et
558 1995 732 2060 ﬁlius,
769 1997 853 2049 vel
886 1996 933 2050 si
965 1996 1079 2051 duo
1126 1997 1348 2065 fratres,
1411 1997 1498 2051 vel
1551 1998 1597 2051 si
1649 1999 1982 2063 avunculus,

289 2086 346 2136 et
373 2099 551 2152 nepos
583 2099 716 2138 cum
746 2100 857 2138 una
903 2085 1143 2138 muliere
1197 2085 1462 2139 fornicati
1494 2089 1646 2152 sunt,
1677 2085 1813 2155 quid
1850 2085 1984 2139 inde

287 2169 613 2225 faciendum
664 2172 753 2227 sit.
811 2173 1169 2227 Manifestum
1224 2178 1306 2227 est
1347 2174 1501 2244 quod
1548 2173 1708 2243 gravi
1739 2171 1986 2226 vindicta

288 2259 652 2329 plectendum
696 2267 794 2322 est,
827 2263 980 2331 quod
1029 2278 1197 2332 grave
1240 2261 1462 2316 facinus
1506 2279 1627 2316 esse
1676 2259 1981 2329 reperitur.

291 2347 488 2403 Omnis
518 2350 671 2403 enim
723 2351 944 2404 moecha
975 2349 1354 2418 interdicitur,
1417 2350 1514 2404 ubi
1558 2350 1833 2420 scriptum
1878 2353 1983 2414 est,

291 2451 408 2488 non
463 2437 852 2505 moechaberis,
912 2443 1129 2509 quanto
1180 2439 1362 2508 magis
1409 2454 1538 2492 cum
1598 2442 1861 2506 cognata,
1897 2437 1986 2490 vel

290 2539 418 2576 cum
443 2525 683 2596 conjuge
712 2542 807 2578 seu
835 2527 1150 2580 concubina
1177 2526 1441 2596 cognati?
1475 2528 1615 2580 Hinc
1645 2527 1704 2580 in
1743 2525 1985 2580 Levitico

291 2613 565 2681 scriptum
597 2619 726 2668 est:
783 2615 838 2669 Si
891 2618 1206 2670 moechatus
1263 2616 1434 2669 fuerit
1462 2615 1588 2686 quis
1633 2631 1762 2669 cum
1815 2629 1987 2668 uxore

290 2703 545 2768 alterius,
582 2709 763 2757 morte
817 2705 1158 2772 moriantur,
1216 2711 1272 2759 et
1298 2705 1571 2768 mcechus,
1622 2711 1677 2758 et
1707 2704 1982 2758 adultera.

290 2789 397 2854 Qui
425 2792 726 2846 dormierit
755 2809 882 2846 cum
934 2811 1178 2847 noverca
1217 2810 1336 2860 sua,
1384 2800 1442 2847 et
1488 2810 1617 2847 cum
1670 2809 1820 2846 nuru
1861 2807 1984 2856 sua,

293 2884 348 2931 et
380 2879 475 2950 qui
520 2881 698 2934 ﬁliam
753 2887 810 2935 et
859 2887 1097 2936 matrem
1144 2883 1391 2947 duxerit,
1439 2888 1496 2936 et
1549 2882 1647 2953 qui
1707 2879 1989 2951 acceperit

293 2983 547 3022 sororem
595 2985 778 3036 suam,
821 2976 1003 3023 morte
1059 2971 1396 3024 moriantur.
1452 2970 1508 3024 Si
1551 2970 1703 3023 enim
1754 2969 1813 3022 in
1853 2969 1981 3038 lege

292 3055 709 3125 turpitudinem
766 3057 1018 3111 incestus
1083 3058 1280 3112 mortis
1347 3057 1630 3111 sententia
1694 3056 1982 3110 vindicare

288 3143 476 3213 jussit,
525 3145 814 3215 quomodo
862 3145 922 3200 in
974 3146 1298 3216 Evangelio,
1353 3145 1452 3201 ubi
1499 3161 1723 3199 summa
1760 3145 1985 3216 justitia

293 3237 396 3298 est,
431 3233 787 3287 incestuosus
828 3235 1042 3304 peccati
1091 3235 1489 3306 paenitentiam
1537 3233 1778 3288 evadet?
1828 3235 1984 3288 Unde

292 3323 626 3391 apostolus:
685 3323 910 3377 Irritam
971 3323 1071 3395 qui
1141 3324 1336 3378 fecerit
1385 3325 1568 3395 legem
1641 3323 1800 3390 Mosi,
1855 3323 1979 3377 sine

293 3410 411 3464 ulla
478 3412 846 3466 miseratione
901 3413 1005 3466 sub
1072 3413 1295 3468 duobus
1355 3414 1443 3467 vel
1510 3412 1691 3466 tribus
1746 3412 1985 3466 testibus

297 3499 594 3554 moritur:
665 3505 878 3571 quanto
933 3501 1117 3572 magis
1169 3502 1377 3572 putatis
1427 3501 1716 3556 deteriora
1774 3502 1984 3556 mereri

293 3589 593 3660 supplicia,
644 3589 743 3660 qui
787 3589 992 3644 Filium
1042 3591 1138 3644 Dei
1191 3591 1627 3657 conculcaverit,
1676 3595 1732 3644 et
1757 3591 1984 3661 sangui-

294 3693 424 3730 nem
472 3678 802 3734 testamenti
841 3679 1126 3747 pollutum
1175 3679 1418 3746 duxerit,
1471 3679 1530 3732 in
1582 3695 1695 3750 quo
1734 3679 1984 3734 sanctiﬁ-

293 3769 449 3818 catus
497 3773 599 3832 est,
656 3771 711 3820 et
759 3767 988 3836 spiritui
1036 3767 1238 3837 gratiae
1295 3769 1702 3822 contumeliam
1747 3769 1983 3821 fecerit?

295 3853 477 3923 Igitur
506 3855 834 3908 Theodorus
858 3855 1134 3925 judicavit
1185 3873 1317 3910 eum
1367 3856 1466 3927 qui
1509 3856 1791 3910 incestum
1837 3857 1984 3910 fece-

295 3941 370 3995 rit
416 3943 505 3998 XII
554 3959 735 3996 annos
790 3943 1070 4014 paenitere
1139 3945 1397 3998 debere:
1461 3945 1558 4000 alii
1614 3945 1719 4012 XV,
1774 3945 1869 3998 alii
1921 3945 1984 4011 X,

293 4030 391 4084 alii
447 4038 686 4102 septem.
746 4032 848 4086 Sed
927 4049 1031 4086 nos
1087 4033 1405 4104 priscorum
1461 4041 1689 4105 patrum
1746 4033 1987 4102 vestigia

294 4127 618 4191 sequentes,
678 4121 766 4175 his
822 4121 954 4176 solis
1004 4123 1250 4193 spatium
1315 4123 1665 4193 pcenitentiae
1700 4127 1985 4192 tempere-

294 4224 440 4276 mus,
502 4209 601 4280 qui
655 4210 876 4270 devote.
949 4215 1006 4265 et
1058 4228 1187 4266 cum
1254 4213 1519 4282 lacrymis
1585 4211 1983 4281 paenitentiam

292 4298 515 4368 egerint
549 4315 562 4353 :
594 4299 783 4353 caeteri
811 4299 1110 4354 deﬁnitum
1144 4306 1372 4371 tempus
1405 4301 1726 4354 observant.

712 4407 838 4461 CAP.
867 4407 1020 4461 XXII.
1055 4436 1122 4448 —
1156 4408 1236 4460 De
1264 4406 1449 4460 eadem
1478 4421 1554 4459 re.

364 4511 471 4580 (Em
533 4513 755 4566 concilio
805 4513 956 4581 apud
1009 4514 1360 4578 Vermeriam,
1405 4513 1582 4580 capite
1627 4510 1704 4580 4.)
1747 4511 1802 4566 Si
1852 4511 1982 4582 quis

291 4599 595 4654 filiastrum
697 4605 796 4654 aut
859 4601 1158 4655 ﬁliastram
1225 4615 1384 4653 suam
1455 4605 1586 4652 ante
1653 4599 1982 4671 episcopum

290 4689 362 4742 ad
421 4689 918 4744 conﬁrmationem
995 4689 1264 4754 tenuerit,
1326 4693 1623 4759 separetur
1675 4689 1745 4742 ab
1808 4705 1982 4744 uxore

293 4794 410 4842 sua,
449 4782 505 4831 et
531 4777 700 4832 aliam
733 4794 1030 4850 nunquam
1061 4777 1318 4848 accipiat.
1360 4777 1634 4832 Similiter
1662 4783 1717 4832 et
1753 4779 1979 4834 mulier.

293 4884 421 4938 CAP.
463 4885 642 4938 XXIII.
678 4915 746 4925 —
796 4886 874 4937 De
902 4886 1011 4938 illis
1062 4887 1159 4952 qui
1203 4886 1442 4950 infantes
1493 4899 1615 4938 suos
1647 4884 1765 4939 ideo
1827 4901 1862 4938 a
1891 4886 1982 4940 ba-

444 4960 645 5026 ptismo
669 4959 976 5024 suscipiunt
1004 4961 1064 5009 ut
1090 4962 1410 5023 separentur
1429 4972 1462 5009 a
1489 4956 1828 5024 conjugibus.

361 5047 470 5110 (Em
510 5045 732 5098 concilio
772 5043 1056 5106 Cabillon.,
1088 5045 1266 5112 capite
1296 5043 1374 5110 4.)
1413 5042 1631 5097 Dictum
1673 5043 1845 5097 etiam
1882 5060 1982 5096 uo-

289 5132 377 5186 bis
406 5138 510 5197 est,
538 5133 814 5202 quasdam
857 5131 1117 5185 foeminas
1165 5131 1468 5196 desidiose,
1524 5131 1798 5202 quasdam
1846 5145 1983 5186 vero

293 5220 706 5287 fraudulenter,
767 5226 826 5274 ut
891 5236 924 5273 a
984 5220 1113 5273 viris
1162 5219 1278 5273 suis
1329 5226 1683 5290 separentur,
1721 5220 1985 5290 proprios

293 5309 440 5364 ﬁlios
499 5326 692 5363 coram
739 5309 1022 5379 episcopis
1073 5309 1144 5362 ad
1193 5308 1652 5362 confirmandum
1708 5309 1979 5363 tenuisse.

296 5401 452 5454 Unde
484 5417 584 5453 nos
609 5400 847 5470 dignum
880 5399 1164 5460 duximus,
1223 5399 1359 5452 utsi
1407 5416 1520 5470 qua
1557 5399 1764 5452 mulier
1801 5399 1984 5454 ﬁlium

295 5505 463 5542 suum
499 5488 737 5553 desidia,
769 5494 869 5541 aut
898 5489 1094 5542 fraude
1121 5487 1312 5559 aliqua
1363 5504 1556 5542 coram
1597 5488 1862 5559 episcopo
1907 5495 1987 5543 te-

299 5577 490 5631 nuerit
542 5577 610 5631 ad
666 5577 1124 5632 conﬁrmandum
1179 5582 1417 5648 propter
1466 5577 1744 5632 fallaciam
1797 5595 1981 5644 suam,

2098 538 2247 605 agat,
2286 549 2320 587 a
2349 534 2468 587 viro
2499 539 2694 587 tamen
2727 551 2828 588 suo
2861 552 2977 589 non
3011 543 3330 606 separetur.

2523 623 2652 678 CAP.
2685 625 2858 679 XXIV.
2893 655 2959 664 —
2981 629 3054 680 De
3075 627 3258 681 eadem
3287 643 3364 682 re.

2171 711 2272 777 (Ex
2299 710 2520 765 concilio
2549 713 2816 780 Negant,
2866 715 2922 766 in
2980 714 3217 769 claustro
3245 717 3300 771 S.
3355 717 3564 771 Albani
3583 717 3791 784 habito,

2091 799 2353 863 praesente
2380 794 2648 848 Ludovico
2680 799 2962 864 imperatm
2977 813 3021 860 θ,
3052 801 3230 867 capite
3282 802 3391 865 t0.)
3427 802 3503 854 De
3533 818 3601 855 eo
3635 804 3792 872 quod

2095 881 2505 952 interrogastis,
2541 882 2588 935 si
2648 883 2742 936 ille
2795 885 2894 954 qui
2939 885 3178 940 ﬁliolam
3237 904 3400 941 suam
3444 891 3599 942 ducit
3646 907 3792 944 uxo-

2093 987 2238 1038 rem,
2297 977 2354 1024 et
2404 970 2472 1025 de
2517 987 2584 1024 eo
2635 973 2736 1042 qui
2783 975 3094 1028 concubuit
3137 992 3266 1030 cum
3325 985 3641 1032 commatre
3688 996 3794 1033 sua

2094 1060 2357 1129 spiritali,
2389 1067 2445 1115 et
2493 1063 2562 1117 de
2603 1061 2701 1116 illo
2750 1064 2850 1132 qui
2896 1063 3083 1116 ﬁlium
3137 1081 3304 1118 suum
3355 1067 3684 1136 baptizavit,
3735 1075 3792 1122 et

2092 1150 2254 1220 cujus
2310 1167 2452 1204 uxor
2493 1168 2624 1205 eum
2670 1152 2738 1205 de
2789 1152 2942 1205 fonte
2996 1154 3262 1223 suscepit,
3307 1170 3375 1207 ea
3417 1156 3661 1222 ratione,
3727 1162 3792 1210 ut

2093 1238 2398 1293 discidium
2447 1240 2700 1310 conjugii
2744 1240 2923 1310 ﬁeret,
2974 1241 3022 1294 si
3070 1249 3270 1312 postea
3313 1243 3375 1297 in
3422 1245 3520 1298 tali
3551 1247 3785 1315 copula-

2090 1327 2244 1382 tione
2275 1345 2612 1397 permanere
2643 1335 2874 1400 possent
2929 1329 2999 1384 de
3048 1331 3256 1385 talibus
3308 1333 3388 1387 sic
3437 1334 3787 1404 responden-

2092 1417 2228 1470 dum
2263 1422 2362 1470 est.
2409 1417 2465 1472 Si
2509 1418 2769 1484 ﬁliolam,
2831 1423 2929 1472 aut
2954 1425 3329 1473 commatrem
3362 1435 3521 1474 suam
3555 1420 3785 1490 spirita-

2089 1505 2201 1558 lem
2254 1506 2458 1576 aliquis
2499 1506 2559 1560 in
2613 1506 2946 1576 conjugium
3005 1507 3250 1576 duxerit,
3308 1509 3654 1578 separandos
3687 1524 3784 1561 eos

2090 1607 2209 1645 esse
2258 1593 2657 1662 judicavimus,
2709 1601 2765 1647 et
2815 1595 2974 1664 gravi
3033 1596 3369 1664 paenitentia
3428 1597 3782 1666 plectendos.

2091 1680 2146 1735 Si
2178 1686 2366 1734 autem
2402 1683 2674 1752 conjuges
2734 1683 2976 1752 legitimi
3013 1700 3161 1737 unus
3193 1691 3292 1738 aut
3319 1685 3486 1738 ambo
3519 1701 3586 1738 ex
3619 1683 3787 1738 indu-

2092 1770 2230 1824 stria
2258 1769 2515 1837 fecerint,
2570 1776 2636 1824 ut
2689 1771 2870 1824 ﬁlium
2911 1787 3081 1825 suum
3137 1771 3207 1826 de
3259 1773 3417 1826 fonte
3447 1772 3783 1843 suscipiant,

2089 1863 2155 1913 ut
2187 1858 2484 1912 discidium
2512 1859 2630 1924 ﬁat,
2691 1861 2801 1914 tale
2850 1860 3154 1914 consilium
3201 1861 3424 1915 damus.
3466 1861 3521 1916 Si
3552 1861 3792 1931 innupti

2091 1963 2324 2000 manere
2385 1948 2688 2013 voluerint,
2750 1948 2961 2002 bonum
3020 1955 3121 2002 est.
3177 1949 3274 2003 Sin
3322 1953 3535 2013 autem,
3598 1949 3790 2020 gravis

2091 2036 2425 2107 paenitentia
2454 2035 2773 2090 insidiatori
2820 2037 3174 2107 injungatur,
3206 2045 3263 2092 et
3291 2037 3462 2092 simul
3493 2043 3790 2106 maneant,

2092 2128 2148 2178 et
2192 2124 2240 2177 si
2309 2124 2690 2195 supervixerit
2747 2125 3150 2195 praevaricator
3205 2126 3457 2197 conjugi,
3509 2126 3795 2180 acerrima

2091 2212 2427 2285 paenitentia
2477 2214 2771 2280 multetur,
2827 2221 2882 2267 et
2929 2215 3052 2267 sine
3096 2231 3193 2286 spe
3232 2215 3486 2286 conjugii
3534 2220 3789 2270 maneat.

2520 2302 2646 2356 CAP.
2682 2303 2834 2357 XXV.
2863 2333 2932 2342 —-
2977 2303 3058 2357 De
3087 2304 3270 2358 eadem
3291 2320 3365 2358 re.

2163 2389 2284 2457 (Ea:
2313 2390 2536 2443 concilio
2569 2389 2810 2457 Tribur.,
2841 2393 3018 2459 capite
3049 2391 3124 2462 8.)
3153 2393 3350 2445 Nullus
3381 2392 3680 2462 proprium
3713 2392 3794 2448 ﬁ-

2093 2477 2255 2542 lium,
2293 2483 2392 2531 aut
2448 2478 2628 2532 ﬁliam
2657 2495 2690 2532 a
2721 2479 2877 2533 fonte
2933 2481 3290 2550 baptismatis
3337 2481 3628 2551 suscipiat,
3681 2497 3795 2536 nec

2094 2565 2349 2631 ﬁliolam,
2385 2582 2490 2620 nec
2542 2580 2918 2621 commatrem
2966 2569 3135 2623 ducat
3183 2585 3431 2630 uxorem,
3479 2585 3585 2624 nec
3625 2569 3792 2624 illam

2095 2655 2254 2726 cujus
2291 2656 2468 2709 tiliam
2497 2655 2567 2708 ad
2619 2657 3117 2710 conﬁrmationem
3170 2663 3301 2712 ante
3343 2659 3674 2730 episcopum
3701 2663 3794 2713 te-

2095 2744 2303 2798 nuerit.
2341 2744 2444 2798 Ubi
2475 2750 2670 2798 autem
2690 2745 2902 2799 factum
2935 2745 3111 2799 fuerit
3140 2753 3501 2816 separentur.

2519 2833 2648 2888 CAP.
2674 2835 2851 2888 XXVI.
2877 2863 2944 2876 —
2968 2835 3048 2888 De
3077 2837 3256 2889 eadem
3284 2851 3361 2889 re.

2168 2920 2276 2992 (Ea:
2325 2922 2549 2976 concilio
2597 2924 2866 2991 Mogunt.,
2913 2927 3092 2992 capite
3122 2925 3193 2991 5.)
3244 2924 3427 2988 Quam
3457 2923 3797 2980 detestabile

2016 3010 2055 3064 C
2095 3013 2150 3063 et
2176 3010 2489 3064 execrabile
2526 3011 2706 3064 scelus
2760 3010 2849 3077 sit,
2899 3009 3208 3082 unicuique
3257 3012 3598 3080 Christiano,
3650 3014 3799 3067 ﬁlio-

2095 3099 2207 3151 lam
2244 3114 2404 3152 suam
2432 3104 2826 3169 constuprare,
2858 3103 3098 3152 testatur
3123 3100 3176 3154 S.
3208 3100 3515 3170 Gregorius
3553 3116 3703 3172 papa
3732 3101 3796 3157 in

2095 3187 2333 3257 dialogis
2360 3187 2498 3256 suis,
2536 3188 2630 3241 ubi
2663 3188 2837 3241 refert
2862 3189 3174 3258 quemdam
3204 3189 3497 3244 hominem
3520 3191 3796 3260 polluisse

2093 3274 2328 3329 ﬁliolam
2361 3291 2543 3340 suam,
2583 3279 2638 3329 et
2679 3275 2813 3347 quia
2861 3277 3113 3348 neglexit
3161 3277 3557 3347 paenitentiam
3596 3295 3795 3350 agere,

2093 3363 2280 3417 subito
2334 3363 2644 3418 miserabili
2713 3365 2912 3418 morbo
2997 3371 3293 3435 correptus
3351 3366 3680 3436 expiravit:
3738 3373 3796 3423 et

2094 3452 2340 3520 sepulto,
2365 3467 2504 3504 num
2536 3453 2721 3505 solum
2776 3468 2982 3523 corpus
3031 3453 3127 3507 sed
3179 3453 3353 3508 etiam
3392 3471 3564 3510 omne
3596 3458 3792 3527 sepul-

2093 3555 2252 3593 crum
2286 3539 2436 3607 ignis
2470 3539 2775 3594 invisibilis
2804 3541 3179 3612 consumpsit.

2094 3629 2221 3685 CAP.
2249 3629 2452 3684 XXVII.
2483 3659 2550 3667 ——
2584 3631 2653 3682 De
2680 3630 2995 3683 mulieribus
3025 3646 3144 3698 qua:
3162 3632 3346 3700 aliqua
3363 3632 3631 3686 molimine
3648 3633 3794 3685 inter

2711 3715 2766 3753 se
2801 3703 3168 3767 fornicamur.

2165 3789 2273 3854 (Em
2303 3788 2668 3855 pamitentiali
2715 3788 2963 3851 Theodo.)
3005 3788 3205 3842 Mulier
3250 3804 3596 3860 quocunque
3623 3791 3793 3843 moli-

2096 3877 2273 3942 mine,
2309 3882 2406 3929 aut
2437 3876 2496 3928 in
2531 3892 2589 3928 se
2616 3877 2758 3945 ipsa,
2809 3882 2908 3929 aut
2927 3893 3056 3930 cum
3089 3879 3266 3931 altera
3323 3877 3634 3944 fornicans,
3676 3883 3792 3932 tres

2095 3981 2275 4018 annos
2304 3965 2601 4034 pmniteat.

2096 4054 2223 4108 CAP.
2248 4055 2479 4110 XXVIII.
2508 4083 2577 4092 —
2610 4056 2687 4108 De
2708 4054 3229 4178 sanctimttmialibus,
3262 4057 3313 4109 si
3344 4057 3487 4110 inter
3523 4069 3580 4109 se
3614 4057 3792 4122 forni-

2838 4141 2937 4178 can
2967 4141 3052 4178 ur.

2838 4141 3052 4178 cantur.

2167 4213 2274 4284 (Ea:
2301 4213 2524 4285 eodem.)
2571 4213 2627 4268 Si
2667 4214 3116 4268 sanctimonialis
3164 4229 3293 4268 cum
3337 4213 3446 4268 alia
3477 4213 3791 4268 sanctimo-

2095 4301 2230 4356 niali
2256 4318 2360 4372 per
2392 4302 2628 4374 aliquod
2657 4303 3186 4358 machinamentum
3232 4303 3522 4358 fornicata
3553 4303 3788 4371 fuerint,

2093 4395 2308 4461 septem
2341 4406 2522 4444 annos
2553 4391 2890 4461 pmniteant.

2093 4480 2221 4535 CAP.
2281 4480 2447 4533 XXIX.
2507 4509 2581 4521 —
2627 4483 2700 4534 De
2750 4482 2973 4535 muliere
3015 4482 3066 4533 si
3116 4495 3235 4534 cum
3282 4481 3455 4534 altera
3513 4481 3790 4546 fornicata

2847 4554 3036 4618 fuerit.

2165 4639 2279 4705 (Ea:
2303 4641 2527 4694 concilio
2547 4642 2868 4708 Anquiren.,
2889 4643 3066 4709 capite
3097 4639 3174 4709 8.)
3203 4639 3402 4693 Mulier
3434 4639 3481 4692 si
3511 4655 3642 4692 cum
3673 4639 3790 4693 alia

2095 4728 2335 4782 muliere
2385 4728 2663 4782 fornicata
2700 4729 2890 4794 fuerit,
2967 4734 3083 4782 tres
3128 4745 3306 4782 annos
3352 4728 3644 4799 paeniteat.
3697 4728 3792 4783 Sic

2093 4822 2146 4871 et
2171 4817 2269 4870 illa
2299 4833 2427 4887 qua:
2455 4834 2651 4871 semen
2683 4817 2788 4871 viri
2830 4817 2920 4870 sui
2969 4818 3094 4871 cibo
3144 4817 3364 4888 miscet,
3387 4823 3450 4872 ut
3477 4817 3609 4872 inde
3660 4819 3790 4889 plus

2093 4905 2214 4974 ejus
2246 4905 2486 4974 accipiat
2515 4921 2792 4970 amorem,
2818 4908 3111 4976 pceniteat.

2093 4994 2221 5048 CAP.
2289 4995 2438 5051 XXX.
2493 5025 2562 5035 -ο
2620 4999 2695 5051 De
2736 4998 2848 5050 illis
2919 4999 3016 5065 qui
3063 4995 3521 5052 irrationabiliter
3584 4998 3797 5050 versati

2166 5135 2287 5205 (Ea:
2333 5138 2555 5191 concilio
2604 5073 3104 5208 Anciranfugfpite
3141 5138 3246 5202 t5.)
3285 5139 3361 5191 De
3393 5137 3483 5191 his
3527 5136 3628 5207 qui
3653 5136 3798 5191 irra-

2095 5223 2447 5278 tionabiliter
2477 5227 2680 5280 versati
2734 5232 2884 5294 sunt,
2937 5228 3052 5280 sive
3107 5231 3421 5292 versantur,
3456 5225 3512 5279 id
3545 5230 3648 5290 est,
3693 5226 3797 5296 qui

2093 5328 2222 5365 cum
2308 5315 2609 5385 pecoribus
2671 5322 2726 5370 et
2808 5315 3076 5370 masculis
3143 5333 3201 5369 se
3269 5314 3794 5385 coinquinaverint,

2094 5407 2378 5474 quotquot
2443 5409 2574 5457 ante
2641 5405 2844 5475 viginti
2903 5421 3085 5458 annos
3141 5404 3324 5458 astatis
3387 5405 3498 5457 tale
3571 5405 3796 5458 crimen

2094 5491 2510 5560 commiserint,
2543 5493 2634 5548 XV
2662 5494 2828 5547 annis
2882 5493 3088 5547 exactis
3141 5493 3198 5546 in
3246 5491 3602 5563 paenitentia,
3632 5507 3794 5545 com-

2097 5579 2431 5634 munionem
2450 5582 3145 5637 mereanturorationum:
3171 5580 3374 5636 deinde
3388 5580 3794 5652 quinquennio
