3944 6324
232 356 333 407 925

229 474 293 528 in
335 473 443 528 hac
501 471 909 528 communione
951 472 1242 541 durantes,
1299 479 1437 529 tunc
1480 475 1713 530 demum
1767 476 1922 531 obla-
1948 478 1995 531 Α

228 562 402 616 tionis
434 566 785 616 sacramenta
814 562 1166 633 contingant.
1225 564 1573 618 Discutiatur
1627 570 1820 619 autem
1872 570 1927 619 et

231 652 344 705 vita
391 668 590 705 eorum
637 651 821 722 qualis
866 656 1126 722 tempore
1172 652 1544 721 panitudinis
1573 654 1839 717 extiterit,
1871 658 1929 707 et

227 741 308 795 ita
339 740 791 795 misericordiam
826 747 1270 811 consequantur.
1315 742 1479 806 Quod
1527 742 1574 795 si
1611 743 1925 813 inexplebi-

230 830 363 883 liter
384 830 472 883 his
503 830 717 883 hasere
739 828 1092 902 criminibus,
1123 829 1193 882 ad
1215 831 1495 900 agendam
1527 831 1926 903 panitentiam

229 916 508 985 prolixius
564 921 792 985 tempus
843 916 1153 973 insumant.
1214 918 1503 987 Quotquot
1552 923 1742 971 autem
1802 922 1928 989 post

229 1006 521 1060 XXannos
571 1004 774 1071 atatis,
836 1020 1041 1058 uxores
1088 1005 1386 1071 habentes,
1422 1006 1479 1059 in
1532 1006 1639 1060 hoc
1696 1012 1925 1077 peccato

231 1093 486 1164 prolapsi
551 1099 704 1162 sunt,
775 1094 906 1148 XXV
959 1110 1140 1147 annos
1203 1093 1600 1164 panitentiam
1673 1100 1924 1164 agentes,

231 1183 301 1235 ad
331 1181 605 1235 orationis
632 1181 1093 1234 communionem
1126 1181 1499 1251 recipiantur.
1541 1183 1603 1236 In
1626 1200 1736 1254 qua
1762 1184 1928 1254 quin-

229 1271 487 1340 quennio
564 1270 966 1340 perdurantes,
1030 1274 1168 1323 tunc
1219 1271 1523 1325 oblationis
1574 1276 1928 1326 sacramenta

225 1358 570 1429 percipiant.
604 1358 765 1423 Quod
799 1359 845 1411 si
878 1363 934 1412 et
981 1374 1182 1411 uxores
1212 1358 1507 1427 habentes,
1545 1366 1600 1414 et
1632 1365 1927 1414 transcen-

229 1448 427 1501 dentes
458 1447 1004 1517 quinquagesimum
1049 1464 1264 1501 annum
1316 1449 1499 1503 atatis
1554 1449 1634 1502 ita
1663 1450 1927 1520 delique-

230 1540 378 1602 rent,
422 1536 492 1590 ad
521 1536 734 1589 exitum
780 1536 907 1589 vitae
964 1536 1390 1590 communionis
1445 1538 1689 1607 gratiam
1728 1554 1926 1592 conse-

231 1631 506 1696 quantur.

493 1700 503 1709 ’
648 1712 777 1767 CAP.
818 1713 988 1767 XXXI.
1023 1744 1089 1751 —
1116 1713 1194 1767 De
1221 1713 1404 1768 eadem
1431 1729 1510 1770 re.

303 1802 413 1866 (Ea:
442 1798 639 1865 eodem,
694 1801 870 1868 capite
904 1798 1011 1869 I6.)
1069 1800 1178 1853 Eos
1207 1800 1307 1871 qui
1336 1800 1807 1856 irrationabiliter
1857 1800 1933 1854 vi-

229 1892 460 1954 xerunt,
513 1891 571 1941 et
627 1887 789 1958 lepra
845 1887 1045 1957 injusti
1070 1888 1327 1942 criminis
1379 1890 1520 1943 alios
1578 1891 1931 1961 polluerunt,

229 1976 508 2048 pracepit
547 1981 740 2030 sancta
770 1977 1018 2047 synodus
1056 1977 1208 2031 inter
1232 1994 1328 2031 eos
1362 1994 1547 2046 orare,
1598 1978 1695 2049 qui
1727 1978 1926 2050 spiritu

228 2066 627 2137 periclitantur
652 2063 972 2120 immundo.

306 2155 436 2209 CAP.
470 2154 667 2209 XXXII.
689 2183 761 2195 —
801 2157 874 2208 De
900 2156 1011 2208 illis
1040 2158 1138 2224 qui
1180 2171 1299 2209 cum
1326 2156 1635 2224 'pecudibus
1688 2161 1927 2226 peccant.

305 2243 413 2313 (E413
466 2244 830 2297 Pwnitentiali
878 2244 1097 2312 Theod.)
1157 2244 1264 2307 Qui
1294 2261 1424 2297 cum
1466 2246 1680 2315 pecude
1716 2249 1928 2315 peccat,

231 2332 469 2403 quidam
493 2332 756 2400 judicant
787 2348 966 2386 annos
995 2333 1054 2399 X,
1119 2333 1353 2403 quidam
1408 2338 1649 2401 septem,
1698 2333 1929 2404 quidam

241 2429 380 2488 tres,
424 2420 658 2491 quidam
690 2426 919 2475 centum
951 2420 1090 2488 dies,
1116 2421 1280 2491 juxta
1311 2421 1644 2492 qualitatem
1668 2438 1931 2493 persona

229 2509 528 2580 panitere.

231 2599 362 2653 CAP.
397 2598 624 2651 XXXIII.
665 2598 887 2651 —Item
916 2598 982 2651 de
1026 2597 1442 2666 quadrupedum
1485 2600 1927 2665 fomicatoribus.

306 2688 423 2751 (Ea:
469 2687 836 2740 Panitentiaii
890 2685 1175 2754 Romano.)
1232 2686 1289 2739 Si
1321 2687 1539 2740 inventi
1571 2688 1785 2742 fuerint
1832 2688 1930 2758 qui

234 2789 365 2828 cum
406 2773 893 2843 quadrupedibus,
962 2774 1048 2827 vel
1104 2774 1369 2826 masculis
1414 2780 1608 2829 contra
1665 2782 1930 2830 naturam

234 2867 490 2931 peccant,
525 2862 666 2915 dura
696 2866 751 2914 et
775 2861 1027 2915 districta
1067 2862 1400 2932 paenitentia
1446 2865 1744 2919 coercendi
1775 2870 1926 2919 sunt.

238 2953 597 3021 Quapropter
643 2950 899 3019 episcopi
957 2951 1042 3004 vel
1104 2952 1421 3022 presbyteri
1482 2968 1516 3006 a
1576 2954 1785 3023 quibus
1837 2954 1929 3025 ju-

1012 350 1487 411 DECRETORUM
1526 352 1715 409 LIBRI
1753 356 1858 411 XX.
1894 384 1963 396 --
1995 355 2201 410 LIBER
2237 352 2541 410 DECIMUS
2580 351 2951 409 SEPTIMUS.

3556 411 3568 423 ,
3630 356 3731 409 9‘26

2425 476 2552 531 CAP.
2586 477 2802 532 XXXVI.
2839 505 2901 516 —
2942 479 3014 532 De
3053 478 3235 532 eadem
3253 494 3328 535 re.

2109 565 2223 630 (Ea:
2256 564 2418 619 dictis
2442 566 2499 620 S.
2523 565 2747 634 Isidor.)
2772 564 2829 620 Si
2851 565 2978 637 quis
3001 583 3064 619 ex
3090 566 3396 636 juvenibus
3423 568 3508 621 vel
3540 568 3734 640 aliqua

2037 653 2348 724 suspiciosa
2379 670 2620 725 persona
2652 670 2782 708 cum
2812 655 3064 724 parvulis
3107 654 3330 725 jocatus
3372 656 3565 724 fuerit,
3606 658 3731 712 diu-

2036 747 2204 797 turna
2243 743 2575 814 poenitentia
2606 751 2945 797 macerctur.

2427 828 2551 881 CAP.
2577 828 2820 882 XXXVII.
2853 859 2921 869 —
2951 830 3031 883 De
3056 827 3241 882 eadem
3268 843 3343 883 re.

2111 919 2217 981 (Ea:
2264 916 2425 971 dictis
2455 916 2737 985 ejusdem.)
2787 916 2843 970 Si
2891 916 3284 987 deprehensus
3325 914 3497 969 fuerit
3528 915 3733 985 aliquis

2035 1004 2211 1059 frater
2241 1004 2435 1058 ludere
2484 1021 2611 1058 cum
2645 1005 2857 1075 pueris,
2904 1012 2961 1059 et
2992 1006 3201 1059 habere
3242 1005 3521 1058 amicitias
3551 1005 3735 1058 atatis

2034 1093 2299 1161 infirma,
2332 1093 2500 1147 tertio
2532 1100 2983 1160 commoneatur,
3013 1099 3072 1148 ut
3106 1110 3330 1148 memor
3360 1094 3431 1147 sit
3458 1093 3732 1147 honesta-

2035 1182 2106 1235 tis
2145 1187 2315 1252 atque
2349 1182 2572 1235 timoris
2625 1182 2742 1236 Dei.
2773 1182 2828 1237 Si
2870 1199 2986 1236 non
3018 1183 3334 1250 cessaverit,
3379 1181 3734 1235 severissime

2034 1270 2397 1340 corripiatur.

2108 1358 2234 1411 CAP.
2267 1357 2536 1412 XXXVIII.
2565 1385 2638 1398 —
2665 1358 2805 1411 Item
2860 1357 2925 1410 de
2964 1358 3341 1411 commicctione
3389 1357 3729 1409 animalium.

2106 1448 2215 1511 (Ea:
2243 1446 2609 1500 Paenitentiali
2651 1444 2941 1515 Romano.)
2996 1445 3054 1500 Si
3094 1446 3222 1516 quis
3278 1445 3583 1514 cujuslibet
3612 1444 3734 1496 ani-

2036 1535 2202 1588 malis
2234 1534 2639 1588 commixtione
2693 1534 3027 1603 peccaverit,
3083 1534 3167 1587 XV
3198 1533 3361 1586 annis
3408 1534 3467 1585 in
3498 1532 3731 1585 humili-

2038 1630 2153 1678 tate
2181 1624 2471 1693 subjaceat
2501 1624 2568 1677 ad
2598 1623 2861 1676 Ecclesia
2887 1624 3148 1694 januam.
3182 1623 3250 1676 Et
3293 1626 3423 1692 post
3460 1622 3565 1674 hoc
3602 1620 3730 1673 aliis

2041 1713 2298 1783 quinque
2342 1711 2508 1766 annis
2561 1712 2623 1766 in
2688 1711 2965 1765 orationis
3012 1711 3417 1766 communione
3474 1714 3734 1779 receptus

2042 1801 2441 1873 poenitentiam
2470 1805 2621 1871 agat,
2674 1806 2729 1855 et
2758 1800 2838 1854 sic
2865 1800 3107 1871 gratiam
3156 1798 3500 1853 sacramenti
3543 1796 3732 1867 perci-

2042 1891 2178 1962 piat.
2237 1890 2667 1960 Interrogentur
2696 1895 2884 1944 autem
2916 1889 3013 1942 alii
3071 1890 3141 1943 de
3172 1905 3238 1942 eo
3280 1888 3505 1960 qualem
3558 1885 3734 1939 vitam

2040 1979 2101 2033 in
2147 1979 2487 2050 poenitentia
2515 1978 2718 2049 egerit,
2750 1983 2807 2032 et
2836 1978 2914 2032 sic
2952 1978 3376 2033 communionis
3408 1976 3733 2029 misericor-

2041 2068 2193 2123 diam
2227 2072 2625 2138 consequatur.
2672 2067 2728 2121 Si
2760 2068 2886 2137 quis
2915 2072 3106 2121 autem
3140 2072 3271 2137 post
3303 2064 3504 2135 viginti
3556 2078 3735 2117 annos

2040 2157 2257 2211 habens
2290 2173 2521 2211 uxorem
2554 2156 2684 2210 huic
2714 2161 2943 2226 peccato
2974 2155 3356 2221 succubuerit,
3398 2154 3525 2209 XXV
3555 2168 3736 2206 annos

2040 2246 2355 2300 humilitati
2437 2245 2743 2315 subjaceat,
2823 2250 2881 2299 et
2938 2245 3193 2316 quinque
3243 2244 3407 2297 annis
3466 2240 3737 2295 orationi-

2039 2335 2165 2401 bus,
2194 2341 2251 2389 et
2281 2335 2359 2388 sic
2385 2334 2785 2388 communicet.

2043 2424 2169 2478 CAP.
2202 2424 2416 2478 XXXIX.
2441 2453 2508 2464 —
2535 2425 2609 2477 De
2627 2426 2871 2491 episcopo
2896 2423 2992 2489 qui
3018 2420 3308 2476 secundum
3336 2423 3593 2473 naturam
3620 2419 3735 2485 for-

2678 2512 2892 2563 nicatus
2907 2512 3099 2576 fuerit.

2114 2601 2229 2667 (Ea:
2283 2599 2642 2654 Paenitentiali
2691 2598 2944 2665 Theodo.)
2978 2598 3119 2651 Item
3161 2596 3219 2649 in
3252 2611 3467 2649 canone
3509 2599 3737 2664 aposto-

2040 2691 2228 2744 lorum
2279 2687 2569 2757 judicatur
2626 2691 2691 2740 ut
2745 2687 3062 2757 episcopus,
3108 2686 3423 2756 presbyter,
3465 2684 3739 2737 diaconus

2042 2778 2141 2848 qui
2196 2777 2256 2830 in
2298 2774 2690 2842 fornicatione,
2736 2780 2836 2828 aut
2865 2774 3143 2845 perjurio,
3199 2778 3296 2826 aut
3350 2773 3503 2827 furto
3539 2779 3738 2842 captus

2042 2871 2144 2933 est,
2181 2865 2521 2935 deponatur,
2563 2879 2682 2916 non
2734 2867 2926 2916 tamen
2983 2861 3389 2915 communione
3448 2861 3735 2929 privetur:

2041 2955 2177 3025 quia
2206 2970 2319 3007 non
2355 2953 2573 3023 judicat
2615 2953 2763 3005 Deus
2806 2952 2889 3005 bis
2938 2950 2997 3004 in
3029 2951 3297 3021 idipsum.
3328 2949 3384 3005 Si
3425 2949 3553 3019 quis
3591 2964 3739 3019 pon-

236 3039 452 3093 dicium
486 3037 838 3108 pauitantia
869 3038 1211 3108 injungitur,
1251 3046 1532 3094 conentur
1581 3042 1931 3097 omnimodis
1965 3039 2004 3095 C
2040 3043 2178 3097 tifex
2212 3042 2644 3096 fornicationem
2701 3040 2899 3093 fecerit
2942 3040 3280 3101 naturalem,
3347 3038 3597 3109 synodus
3649 3037 3738 3090 in-

239 3128 347 3181 hoc
377 3127 594 3179 malum
623 3126 891 3180 radicitus
922 3127 1274 3182 abscindere.

239 3217 365 3271 CAP.
393 3217 607 3270 XXXIV.
633 3240 705 3256 -—
737 3217 816 3269 De
840 3217 951 3269 illis
973 3219 1070 3284 qui
1096 3218 1447 3282 fornicamur
1463 3206 1604 3272 sicut
1626 3218 1932 3275 Sodomita.

311 3306 416 3375 (Ea:
481 3305 857 3359 Paenitentiali
929 3304 1146 3369 Theod.)
1221 3306 1328 3370 Qui
1391 3306 1702 3361 fornicatus
1760 3308 1936 3363 fuerit

237 3394 384 3447 sicut
422 3392 752 3460 Sodomita,
810 3392 857 3445 si
914 3410 1106 3447 servus
1158 3400 1258 3456 est,
1297 3400 1353 3448 et
1381 3395 1427 3447 si
1471 3396 1657 3465 scopis
1692 3398 1933 3466 castiga-

238 3484 414 3548 bitur,
447 3482 588 3535 duos
615 3498 816 3550 annos,
871 3483 917 3536 si
947 3483 1090 3536 liber
1141 3490 1225 3537 est
1255 3490 1309 3538 et
1365 3486 1720 3556 conjugalus,
1753 3489 1795 3541 X
1827 3504 1932 3541 an-

236 3588 360 3636 nos,
418 3572 467 3624 si
523 3571 796 3641 privatus,
862 3578 1081 3642 septem
1149 3589 1328 3626 annos
1406 3576 1709 3644 paniteat:
1768 3577 1935 3646 pueri

234 3664 469 3712 centum
514 3659 655 3725 dies,
716 3658 762 3711 si
806 3658 863 3712 in
895 3661 1302 3715 consuetudine
1355 3669 1456 3717 est.
1515 3664 1712 3718 Laicus
1742 3665 1937 3735 conju-

235 3752 425 3818 gatus,
456 3749 501 3802 si
531 3750 589 3802 in
635 3751 1046 3803 consuetudine
1072 3750 1264 3817 habet,
1297 3752 1383 3805 XV
1431 3768 1611 3805 annos
1640 3753 1931 3821 paeniteat.

235 3836 291 3891 Si
324 3853 392 3890 ex
423 3837 720 3892 ordinibus
779 3844 883 3904 est,
941 3845 997 3892 et
1056 3839 1114 3892 in
1145 3840 1558 3894 consuetudine
1612 3842 1802 3907 habet,
1844 3842 1937 3896 de-

236 3925 529 3993 gradatus,
564 3932 628 3979 ut
659 3927 834 3980 laicus
865 3927 1157 3997 paniteat.
1208 3928 1314 3993 Qui
1346 3935 1536 3984 autem
1581 3938 1710 3984 cum
1762 3931 1935 3984 fratre

239 4012 489 4066 naturali
540 4013 851 4067 fornicatus
905 4014 1100 4080 fuerit,
1154 4031 1258 4085 per
1314 4021 1432 4068 tam
1464 4016 1749 4070 sordidam
1778 4032 1935 4069 com-

239 4101 601 4168 mixtionem,
656 4103 727 4156 ab
794 4104 951 4156 omni
984 4120 1153 4157 carne
1220 4121 1278 4157 se
1347 4104 1651 4173 abstineat,
1701 4107 1788 4159 vel
1842 4105 1936 4159 XV

239 4206 418 4243 annos
467 4190 758 4260 poeniteat,
792 4191 839 4244 si
878 4191 1112 4244 clericus
1144 4198 1246 4259 est,
1281 4194 1527 4261 amplius
1579 4194 1716 4263 pelli
1745 4194 1932 4247 debet.

237 4296 365 4351 CAP.
399 4297 587 4351 XXXV.
621 4324 694 4337 —
724 4300 800 4351 De
829 4299 1036 4350 clericis
1070 4299 1151 4351 vel
1180 4299 1477 4365 monachis,
1512 4301 1562 4353 si
1588 4301 1798 4365 fuerint
1821 4316 1931 4354 ma-
1964 4315 2007 4369 ι)

753 4371 1025 4422 sculorum
1051 4370 1415 4423 insectatores.

305 4458 417 4525 (Ea:
443 4458 605 4512 dictis
654 4456 894 4528 Basilii.)
951 4458 1196 4511 Clericus
1234 4459 1319 4511 vel
1375 4459 1688 4512 monachus
1744 4460 1932 4514 adole-

234 4547 517 4600 scentium
544 4547 629 4598 vel
660 4547 1034 4617 parvulorum
1082 4545 1414 4613 insectator,
1465 4549 1549 4601 vel
1592 4548 1691 4618 qui
1716 4550 1930 4617 osculo,

234 4637 318 4689 vel
353 4635 548 4705 aliqua
569 4635 864 4689 occasione
887 4635 1041 4704 turpi
1066 4634 1454 4704 deprehensus
1483 4636 1675 4703 fuerit,
1710 4638 1935 4707 publice

234 4724 587 4790 verberetur,
618 4729 675 4777 et
723 4740 992 4777 coronam
1025 4724 1270 4790 amittat,
1332 4724 1769 4795 decalvatusque
1823 4731 1939 4780 tur-

235 4813 405 4884 piter,
457 4814 836 4882 sputamentis
886 4813 1200 4866 obliuiatur
1260 4814 1318 4867 in
1379 4814 1541 4882 facie,
1581 4815 1936 4886 vinculisque

235 4908 453 4955 artatus
529 4902 749 4969 ferreis,
825 4902 1095 4955 carcerali
1171 4918 1267 4956 sex
1328 4903 1615 4957 mensibus
1672 4905 1939 4974 angustia

237 4996 577 5057 maceretur,
621 4997 677 5045 et
735 4991 923 5044 triduo
973 5007 1075 5061 per
1130 4991 1513 5046 hebdomadas
1561 4992 1816 5062 singulas
1871 5009 1940 5046 ex

236 5096 387 5151 pane
442 5080 753 5134 hordeaceo
803 5081 873 5134 ad
916 5096 1212 5151 vesperam
1266 5080 1574 5135 reficiatur.
1643 5084 1775 5135 Post
1819 5082 1940 5136 hac

238 5169 363 5223 aliis
421 5186 517 5222 sex
560 5169 852 5223 mensibus
909 5169 1014 5223 sub
1062 5168 1306 5223 senioris
1360 5169 1631 5239 spiritalis
1682 5172 1941 5225 custodia

238 5261 537 5326 segregata
597 5257 657 5310 in
711 5256 987 5311 curticula
1044 5258 1272 5327 degens,
1339 5258 1500 5327 operi
1558 5274 1837 5313 manuum
1886 5264 1943 5313 et

238 5345 486 5399 orationi
526 5346 598 5399 sit
624 5346 900 5415 intentus,
933 5346 1142 5417 vigiliis
1172 5351 1227 5399 et
1273 5347 1502 5401 fletibus
1542 5348 1846 5417 subjectus,
1889 5354 1944 5402 et

238 5434 344 5487 sub
373 5435 630 5488 custodia
661 5434 1147 5504 semperduorum
1176 5435 1414 5489 fratrum
1444 5436 1787 5506 spiritalium
1820 5454 1941 5490 am-

237 5522 416 5588 bulet,
454 5524 610 5576 nulla
639 5523 853 5594 privata
902 5522 1211 5591 locutione,
1267 5526 1355 5579 vel
1409 5524 1646 5579 consilio
1676 5525 1944 5596 deinceps

233 5611 543 5680 juvenibus
571 5612 1027 5684 conjungendus.

2044 3133 2251 3187 dicavit
2282 3138 2345 3184 ut
2380 3132 2420 3186 X
2463 3146 2646 3183 annos
2706 3129 3004 3200 poeniteat,
3057 3133 3111 3182 et
3155 3128 3352 3182 multis
3395 3126 3656 3197 lacrymis
3686 3133 3743 3180 et

2043 3220 2423 3291 eleemosynis
2463 3220 2687 3273 veniam
2719 3236 2751 3273 a
2778 3218 3022 3272 Domino
3048 3221 3223 3289 petat.
3272 3216 3575 3286 Presbyter
3625 3232 3738 3269 non

2043 3311 2276 3381 pralato
2312 3308 2572 3362 monachi
2603 3312 2731 3360 voto
2763 3323 2891 3360 cum
2925 3307 3115 3376 puella
3157 3306 3243 3359 vel
3278 3304 3577 3359 meretrice
3606 3321 3738 3374 pec-

2042 3415 2195 3463 cans,
2243 3415 2422 3451 annos
2499 3404 2630 3463 tres,
2693 3402 2747 3449 et
2794 3395 2854 3448 in
2916 3396 3097 3449 tribus
3143 3393 3595 3464 quadragesimis
3654 3410 3737 3446 se-

2042 3488 2308 3553 cundam,
2343 3490 2399 3540 et
2427 3491 2711 3555 quartam,
2742 3489 2797 3538 et
2844 3488 3061 3538 sextam
3111 3483 3335 3548 feriam,
3395 3486 3453 3535 et
3494 3482 3740 3536 Sabbato

2043 3592 2271 3645 semper
2293 3576 2361 3630 de
2390 3575 2534 3627 sicco
2566 3574 2693 3627 cibo
2719 3572 3013 3642 poeniteat.
3039 3571 3093 3626 Si
3116 3587 3243 3624 cum
3266 3570 3472 3623 ancilla
3500 3570 3619 3635 Dei,
3644 3573 3741 3624 aut

2043 3666 2319 3729 masculo,
2342 3665 2468 3733 plus
2491 3661 3035 3731 addaturjejunium
3067 3660 3124 3713 id
3147 3663 3249 3725 est,
3285 3665 3503 3729 septem
3536 3675 3740 3725 annos,

2044 3753 2170 3807 siin
2201 3752 2610 3807 consuetudine
2672 3755 2775 3805 est.
2807 3750 3083 3805 Similiter
3117 3748 3367 3815 diaconi,
3399 3748 3441 3801 si
3476 3746 3743 3800 monachi

2045 3858 2159 3895 non
2191 3847 2342 3908 sunt,
2401 3840 2541 3894 duos
2588 3856 2788 3905 annos,
2846 3839 2991 3892 sicut
3039 3844 3096 3891 et
3143 3836 3409 3891 monachi
3466 3836 3565 3906 qui
3622 3835 3743 3889 sine

2044 3931 2225 4002 gradu
2253 3934 2404 3983 sunt.
2435 3929 2490 3983 Si
2525 3928 2748 3983 diaconi
2782 3926 3042 3980 monachi
3075 3930 3224 3994 sunt,
3282 3931 3500 3995 septem
3541 3940 3738 3978 annos.

2045 4018 2305 4075 Monachi
2333 4035 2462 4072 cum
2522 4018 2701 4088 gradu
2734 4022 2954 4086 septem
3001 4031 3177 4068 annos
3234 4014 3565 4084 paniteant.
3600 4014 3744 4066 Item

2044 4108 2343 4179 episCOpus
2368 4106 2414 4159 si
2444 4106 2567 4160 sine
2599 4110 2728 4159 voto
2764 4104 3029 4159 monachi
3055 4119 3185 4157 cum
3224 4103 3414 4172 puella
3445 4103 3533 4155 vel
3563 4118 3745 4154 mere-

2043 4198 2181 4253 trice
2243 4194 2578 4267 peccaverit,
2638 4195 2679 4248 X
2739 4210 2919 4246 annos
2976 4192 3267 4261 poeniteat.
3306 4191 3553 4244 Clericus
3613 4204 3744 4243 cum

2046 4286 2144 4341 tali
2206 4285 2397 4355 puella
2448 4283 2569 4336 sine
2630 4285 2761 4335 voto
2795 4280 3060 4335 monachi
3106 4280 3151 4333 si
3197 4278 3507 4333 fornicatus
3550 4277 3741 4345 fuerit,

2046 4391 2226 4430 unum
2256 4387 2469 4427 annum
2502 4371 2796 4442 poeniteat,
2847 4370 2894 4423 si
2933 4370 3284 4440 frequenter,
3341 4367 3483 4421 duos
3527 4381 3742 4431 annos;

2046 4480 2172 4518 cum
2209 4462 2481 4516 canonica
2525 4460 2668 4513 duos
2695 4474 2894 4525 annos,
2928 4458 2973 4510 si
3004 4457 3350 4527 frequenter,
3395 4459 3508 4507 tres
3541 4470 3740 4507 annos.

2047 4554 2106 4609 Si
2137 4550 2401 4623 genuerit
2433 4565 2498 4602 ex
2548 4564 2614 4601 ea
2647 4548 2850 4612 lilium,
2885 4551 3133 4617 quatuor
3186 4561 3388 4609 annos,
3420 4542 3516 4596 alii
3547 4542 3745 4596 dicunt

2046 4649 2287 4713 septem.
2323 4638 2656 4693 Theodorus
2708 4635 2877 4690 dixit:
2947 4633 3251 4689 Monachus
3308 4631 3745 4686 fornicationem

2046 4730 2281 4794 faciens,
2344 4730 2559 4796 septem
2614 4738 2795 4775 annos
2846 4721 3140 4792 paniteat.
3202 4721 3344 4774 Item
3390 4719 3541 4773 Beda
3570 4718 3740 4773 dixit:

2047 4817 2354 4872 Monachus
2404 4811 2843 4868 fornicationem
2874 4825 3139 4881 quarens
3169 4813 3226 4863 et
3268 4824 3385 4863 non
3423 4808 3743 4876 inveniens,

2049 4922 2264 4959 annum
2312 4902 2614 4958 dimidium
2644 4899 2934 4971 paniteat.
2962 4899 3105 4951 Item
3137 4898 3430 4953 Romanus
3460 4896 3744 4967 paeniten-

2048 4994 2279 5047 tionalis
2328 4992 2496 5045 dicit:
2556 4989 2860 5044 Monachus
2888 4987 3317 5040 fornicationem
3352 4986 3563 5039 faciens
3613 4984 3743 5038 cum

2050 5083 2346 5136 meretrice
2394 5081 2481 5133 vel
2546 5079 2757 5149 puella,
2816 5081 2949 5143 tres,
3017 5075 3063 5128 si
3122 5091 3251 5129 cum
3300 5074 3721 5127 sanctimoniali

2050 5175 2270 5241 septem
2302 5186 2481 5223 annos
2514 5168 2809 5238 paeniteat.
2857 5167 2996 5219 Item
3031 5163 3208 5218 laicus
3244 5164 3498 5233 privatus
3550 5180 3745 5216 macu-

2052 5260 2175 5313 lans
2226 5275 2463 5312 uxorem
2498 5256 2745 5328 proximi
2805 5254 2912 5322 sui,
2946 5258 3009 5307 ut
3051 5252 3418 5307 adulteritum
3451 5252 3742 5322 paniteat.

2052 5348 2105 5403 Si
2140 5364 2267 5401 cum
2302 5347 2524 5417 virgine
2566 5344 2902 5416 peccaverit,
2959 5348 3197 5412 uterque
3226 5341 3501 5412 paniteat
3527 5356 3743 5394 annum

2055 5452 2252 5489 unum.
2287 5435 2343 5489 Si
2376 5450 2502 5487 cum
2527 5434 2730 5487 ancilla
2762 5432 2883 5499 Dei,
2925 5436 3172 5501 quatuor
3202 5446 3402 5497 annos,
3444 5428 3491 5481 si
3525 5445 3745 5497 genue-

2052 5527 2128 5581 rit
2157 5541 2221 5579 ex
2269 5541 2355 5591 ea,
2390 5528 2609 5594 septem
2660 5538 2839 5576 annos
2872 5520 3165 5591 panileat.
3212 5521 3348 5573 Item
3380 5518 3427 5572 si
3459 5518 3584 5589 quis
3614 5534 3743 5587 pec-

2055 5613 2263 5667 caverit
2323 5611 2467 5665 sicut
2524 5610 2856 5676 Sodomita,
2926 5610 3160 5681 quidam
3219 5611 3260 5665 X
3317 5623 3494 5662 annos
3550 5604 3771 5662 dicunt
