3944 6302
214 311 316 365 92⁸7

1284 305 1695 364 BURCHARDI
1732 305 2260 362 WORMACIENSIS
2299 304 2640 362 EPISCOPI.

3624 310 3732 361 928

211 435 513 506 pmuiteat:
562 433 751 506 quiin
797 432 1217 488 consuetudine
1268 432 1457 498 habet,
1493 432 1738 502 amplius
1769 431 1905 502 pelli
1935 433 1982 486 Α
2019 431 2130 497 die,
2164 433 2305 487 XXX.
2359 430 2466 496 Qui
2513 446 2748 500 peccare
2787 430 3036 485 voluerit
3090 430 3150 484 in
3201 431 3442 498 somnis,
3504 435 3563 486 et
3607 447 3730 487 non

208 525 394 579 debet.
437 523 496 579 Si
517 529 709 578 autem
740 522 798 576 in
831 522 1011 593 gradu
1066 527 1200 576 sunt
1237 521 1644 591 degradentur,
1678 527 1736 574 et
1766 521 1912 574 sicut

211 614 336 668 laici
368 612 702 683 pceniteant.
739 611 834 664 Vir
865 611 965 681 qui
995 611 1145 664 inter
1181 609 1402 665 femora
1432 609 1742 663 fornicatus
1787 609 1910 663 fue-

214 703 305 767 rit,
338 717 551 754 unum:
578 700 624 754 si
656 699 966 765 iteraverit,
993 700 1134 753 duos
1159 715 1338 752 annos
1375 699 1666 768 pmniteat.
1710 698 1765 752 Si
1803 714 1908 752 au-

215 795 330 844 tem
372 792 432 843 in
493 794 653 859 terga
702 787 1012 842 fornicatus
1045 787 1214 841 fuerit
1244 793 1360 840 tres
1403 803 1613 852 annos;
1671 786 1715 839 si
1749 787 1912 857 pueri

216 879 356 932 duos
403 893 603 930 annos.
659 876 923 940 Quicum
981 875 1195 946 pecude
1252 875 1565 929 fornicatus
1614 876 1786 930 fuerit
1826 875 1913 928 vel

212 967 497 1035 jumento,
525 966 566 1019 X
587 980 769 1018 annos
800 965 1088 1033 pmniteat.
1151 963 1388 1033 Oportet
1425 964 1577 1016 enim
1619 963 1912 1018 discretio-

219 1071 348 1110 nem
391 1069 512 1108 esse
567 1053 716 1106 inter
762 1052 1099 1123 qualitatem
1146 1053 1434 1121 pecudum
1470 1053 1554 1104 vel
1589 1052 1911 1117 hominum,

218 1143 363 1196 sicut
391 1142 827 1213 supradiximus.
876 1143 1016 1195 Item
1049 1142 1349 1210 episcopus
1398 1155 1527 1193 cum
1581 1140 1914 1209 quadrupe-

218 1231 383 1286 dibus
413 1246 670 1301 peccans,
722 1231 761 1284 X
806 1245 985 1283 annos
1025 1229 1316 1300 paeniteat,
1349 1233 1406 1281 et
1451 1228 1692 1298 gradum
1749 1228 1912 1281 amit-

220 1323 320 1384 tat,
350 1318 646 1388 presbyter
672 1318 733 1384 V,
776 1317 1050 1371 diaconus
1081 1322 1217 1383 tres,
1250 1315 1491 1370 clericus
1511 1316 1672 1369 duos.

220 1443 348 1497 CAP.
380 1442 486 1498 XL.
516 1471 589 1482 —
625 1445 698 1496 De
751 1441 1024 1495 sacerdote
1067 1443 1165 1510 qui
1215 1456 1313 1509 per
1361 1441 1772 1508 turpiloquium,
1814 1442 1916 1493 aut

359 1529 459 1583 per
505 1517 842 1582 conspectum
895 1512 1243 1566 libidinosum
1284 1513 1526 1580 pollutus
1579 1512 1769 1576 fuerit.

292 1617 400 1687 (Ea:
432 1617 795 1671 Paenitentiali
839 1615 1120 1686 Romano.)
1167 1615 1440 1670 Sacerdos
1469 1613 1568 1684 qui
1598 1629 1702 1684 per
1731 1612 1916 1683 turpi-

221 1706 508 1776 loquium,
562 1721 663 1758 seu
691 1713 995 1775 conspectu
1027 1705 1331 1758 libidinOso
1363 1704 1767 1774 coinquinatus
1796 1703 1918 1757 fue-

221 1795 318 1859 rit,
349 1811 461 1847 uon
498 1799 689 1846 tamen
740 1793 978 1847 voluerit
1008 1793 1308 1857 fornicare,
1363 1795 1403 1848 Χ
1445 1792 1564 1846 dies
1618 1792 1914 1862 paeniteat.

224 1883 542 1953 Presbyter,
575 1882 622 1934 si
649 1883 932 1935 osculatus
967 1886 1056 1935 est
1084 1882 1378 1936 fasminam
1413 1897 1515 1951 per
1547 1880 1914 1942 desiderium,

223 1976 280 2026 et
339 1987 534 2024 semen
591 1970 820 2036 fuderit,
870 1972 953 2025 XX
1009 1971 1128 2024 dies
1176 1971 1465 2041 paeniteat.
1517 1970 1819 2033 Diaconus,
1877 1970 1918 2023 X

223 2061 362 2126 dies,
404 2059 670 2112 similiter
727 2059 1056 2113 monachus.
1109 2058 1356 2113 Clericus
1419 2062 1658 2128 septem.
1722 2057 1920 2110 Laicus

226 2154 491 2219 quatuor.
526 2148 665 2201 Item
713 2146 758 2199 si
790 2146 1088 2217 presbyter
1125 2162 1323 2200 semen
1381 2145 1594 2200 fuderit
1642 2161 1744 2215 per
1771 2144 1923 2215 cogi-

224 2237 502 2290 tationem
533 2242 750 2305 septem
779 2235 898 2290 dies
928 2235 1220 2305 paeniteat,
1271 2236 1319 2289 si
1357 2235 1543 2305 tangit
1574 2250 1702 2288 cum
1749 2250 1922 2287 manu

225 2330 338 2378 tres
400 2324 805 2378 hebdomadas.
877 2323 1186 2394 Episcopus
1251 2323 1296 2376 si
1361 2340 1466 2394 per
1515 2323 1922 2392 cogitationem

226 2412 458 2473 fuderit,
517 2419 764 2482 quatuor
826 2412 1214 2466 hebdomadas
1270 2411 1570 2482 pceniteat.
1633 2411 1690 2466 Si
1742 2410 1926 2480 tangit

226 2517 356 2554 cum
397 2515 570 2553 manu
619 2499 890 2554 diaconus
944 2505 1000 2553 et
1066 2516 1261 2553 semen
1320 2499 1554 2564 fuderit,
1613 2500 1730 2554 XIII
1779 2499 1920 2566 dies,

227 2588 539 2642 monachus
570 2587 850 2642 similiter.
905 2588 1104 2651 Aliter,
1166 2588 1211 2640 si
1257 2587 1515 2656 clericus,
1550 2587 1750 2657 viginti
1779 2588 1918 2653 dies,

228 2682 442 2747 quanto
468 2677 649 2744 magis
682 2676 778 2730 alii
808 2677 1065 2747 gradus?
1121 2676 1176 2731 Si
1235 2676 1673 2748 impugnatione
1716 2675 1922 2730 mentis

228 2766 712 2837 coinquinabitur,
745 2772 961 2838 septem
1019 2766 1141 2820 dies
1170 2768 1463 2836 paeniteat,
1495 2767 1580 2820 vel
1621 2782 1922 2837 quousque

227 2855 500 2924 cogitatio
559 2855 833 2909 vincatur.
870 2856 929 2910 Si
966 2855 1026 2908 in
1071 2857 1286 2909 somnis
1328 2857 1618 2908 voluntate
1673 2856 1924 2925 pollutus

2019 520 2194 575 fuerit
2223 521 2498 589 pollutus,
2529 521 2700 576 XXXV
2732 521 2986 574 Psalmos
3015 522 3226 574 cantet.

2022 606 2150 661 CAP.
2184 608 2368 662 XLIII.
2390 636 2461 647 —
2492 609 2562 661 De
2583 608 2791 661 clericis
2820 609 2917 675 qui
2944 622 3041 675 per
3069 608 3242 660 malas
3275 607 3622 675 cogitationes
3653 621 3731 660 se-

2635 693 2754 730 men
2793 675 3108 745 effuderint.

2095 767 2200 832 (Ea:
2233 767 2594 821 Posnitentiali
2625 764 2912 836 Romano.)
2959 764 3209 820 Clericus
3240 765 3286 818 si
3334 781 3528 819 semen
3558 764 3730 818 fude-

2023 853 2098 908 rit
2136 871 2252 908 non
2305 855 2594 925 tangendo
2652 870 2754 925 per
2793 855 2972 907 malas
3029 855 3454 920 delectationes,
3507 859 3726 924 septem

2024 943 2143 998 dies
2198 943 2486 1014 poeniteat.
2542 943 2599 997 Si
2658 943 2842 1012 tangit
2892 959 3002 996 cun
3050 959 3224 996 manu
3280 943 3363 997 XX
3394 943 3516 996 dies
3549 943 3732 1012 paeni-

2022 1036 2157 1087 teat.
2199 1032 2254 1086 Si
2274 1032 2566 1097 diaconus,
2599 1033 2722 1086 XXX
2764 1031 2916 1097 dies;
2975 1031 3021 1084 si
3052 1031 3368 1102 presbyter,
3415 1032 3729 1085 hebdoma-

2023 1120 2142 1185 das,
2177 1121 2296 1174 IIII.
2325 1120 2623 1190 Presbyter
2653 1120 2700 1172 si
2731 1136 2926 1173 semen
2953 1119 3163 1173 fuderit
3192 1136 3295 1189 per
3315 1119 3726 1190 cogitationem

2023 1214 2244 1280 septem
2284 1208 2404 1262 dies
2432 1210 2724 1279 paeniteat,
2767 1209 3082 1263 monachus
3122 1207 3402 1262 similiter.
3472 1207 3581 1272 Qui
3630 1224 3726 1262 vo-

2025 1296 2270 1352 luntarie
2324 1313 2518 1349 semen
2577 1295 2765 1349 fundit
2818 1295 2878 1350 in
2932 1295 3197 1361 Ecclesia,
3241 1296 3287 1349 si
3345 1297 3585 1350 clericus
3617 1301 3723 1364 est,

2024 1386 2167 1440 Xllll
2201 1385 2339 1439 dies.
2392 1385 2446 1440 Si
2481 1386 2813 1449 monachus,
2861 1390 2959 1438 aut
3006 1385 3294 1451 diaconus,
3324 1387 3446 1440 XXX
3493 1386 3632 1440 dies.
3668 1385 3730 1440 Si

2026 1475 2340 1544 presbyter,
2372 1473 2465 1527 XL
2503 1473 2548 1526 si
2567 1474 2887 1544 episcopus,
2922 1474 2960 1527 L
2995 1473 3114 1527 dies
3142 1473 3434 1543 paeniteat.

2027 1562 2153 1616 CAP.
2195 1563 2370 1617 XLIV.
2420 1591 2492 1603 —
2539 1563 2600 1617 Si
2630 1564 2823 1616 mulier
2853 1562 3041 1618 debeat
3076 1565 3330 1631 separari
3373 1579 3407 1616 a
3441 1565 3558 1616 viro
3605 1577 3728 1628 suo,

2098 1649 2216 1701 quae
2243 1634 2416 1700 ﬁlium
2446 1649 2603 1688 suum
2629 1650 2756 1688 casu
2781 1651 2882 1704 per
2899 1635 3286 1701 negligentiam
3317 1649 3352 1688 a
3399 1635 3550 1701 fonte
3599 1649 3728 1688 sus-

1956 1705 1997 1760 B
2098 1707 2314 1772 ceperit.

2097 1791 2204 1862 (Em
2233 1793 2376 1846 decr.
2425 1792 2736 1857 Deusdedit,
2782 1807 2940 1861 papa:
2988 1791 3263 1848 Gordiano
3309 1793 3553 1862 episcopo
3592 1793 3731 1846 mis-

2025 1882 2152 1949 sis.)
2188 1881 2495 1935 Deusdedit
2524 1886 2730 1934 sancta:
2771 1881 3058 1947 Romanas,
3095 1885 3152 1935 et
3180 1881 3502 1952 apostolicae
3537 1881 3728 1935 Eccle-

2028 1969 2126 2023 sia:
2158 1969 2484 2040 Episcopus,
2548 1970 2834 2024 Gordiano
2894 1970 3260 2039 Hispanensis
3310 1969 3571 2024 Ecclesiae
3627 1985 3730 2022 co-

2027 2059 2312 2130 episcopo,
2341 2064 2398 2112 et
2445 2058 2607 2113 fratri
2636 2059 3020 2112 dilectissimo.
3058 2059 3322 2113 Pervenit
3349 2058 3419 2112 ad
3460 2075 3562 2112 nos
3603 2058 3730 2112 dia-

2027 2164 2204 2202 conus
2253 2151 2454 2212 vester,
2516 2153 2716 2201 vestras
2760 2147 3072 2201 sanctitatis
3103 2147 3401 2218 epistolam
3451 2147 3725 2215 inferens,

2029 2237 2180 2307 quod
2229 2236 2460 2307 quidam
2489 2235 2615 2304 viri,
2648 2236 2820 2289 etiam
2847 2240 2903 2290 et
2961 2235 3225 2290 mulieres
3255 2236 3542 2306 praeterito
3597 2235 3728 2290 sab-

2027 2325 2158 2380 bato
2190 2325 2443 2378 Paschali
2474 2324 2586 2391 die,
2649 2341 2752 2395 pro
2812 2340 3023 2395 magno
3071 2325 3419 2396 populorum
3467 2324 3726 2392 incursu,

2030 2413 2344 2469 nescientes
2379 2429 2513 2468 suos
2539 2413 2686 2468 lilios
2715 2414 3097 2484 suscepissent
3127 2430 3192 2468 ex
3234 2415 3455 2467 lavacro
3503 2419 3725 2467 sancto.

2031 2501 2203 2572 Cupis
2261 2501 2473 2556 etenim
2539 2501 2704 2567 scire,
2765 2501 2812 2554 si
2869 2518 2970 2573 pro
3022 2502 3123 2556 tali
3177 2501 3468 2576 accidenti.
3501 2501 3728 2554 ratione

2031 2591 2272 2645 debeant
2303 2590 2408 2643 viri
2466 2595 2522 2643 et
2550 2591 2817 2644 mulieres
2857 2590 2929 2644 ad
2980 2607 3147 2644 suum
3198 2590 3494 2660 proprium
3556 2606 3728 2643 usum

2031 2678 2238 2744 redire,
2272 2694 2344 2730 an
2395 2694 2528 2731 non.
2593 2679 2703 2732 Nos
2754 2677 2910 2732 enim
2967 2695 3033 2731 ex
3089 2679 3194 2732 hac
3238 2678 3470 2732 tristitia
3518 2679 3727 2744 moesti,

2031 2767 2434 2838 inquisivimus
2490 2767 2748 2836 priorum
2803 2773 3123 2822 nostrorhm
3181 2768 3348 2822 dicta.
3402 2767 3732 2821 Invenimus

2033 2864 2224 2910 autem
2255 2856 2314 2910 in
2368 2857 2594 2910 archivo
2627 2857 2796 2926 hujus
2855 2858 3177 2927 apostolicae
3227 2856 3374 2911 sedis
3425 2856 3543 2926 jam
3593 2856 3731 2910 talia

229 2943 321 3011 sit,
346 2948 558 3012 surgat,
593 2948 897 3013 cantetque
931 2949 1149 3012 septem
1178 2944 1430 2998 Psalmos
1477 2944 1920 3013 poenitentiales,
1957 2987 1997 3042 Ο
2035 2946 2339 3015 contigisse
2401 2945 2460 2999 in
2528 2945 2770 3000 Ecclesia
2848 2945 3140 3012 Hisauriae,
3213 2950 3270 2999 et
3324 2944 3729 3010 Etthesiorum,

228 3031 285 3084 id
319 3035 418 3094 cst,
457 3031 711 3092 Domine,
734 3031 884 3085 nein
914 3031 1130 3085 furore.
1164 3033 1204 3086 Ι.
1265 3032 1416 3085 Beati
1437 3048 1704 3102 quorum.
1735 3032 1922 3085 Domi-

229 3135 321 3186 ne,
352 3135 424 3172 ne
454 3119 514 3172 in
567 3119 779 3172 furore.
836 3120 902 3173 II.
939 3119 1200 3174 Miserere
1237 3119 1372 3186 mei,
1437 3121 1600 3174 Deus.
1660 3121 1922 3186 Domine,

231 3207 456 3262 exaudi.
493 3209 567 3261 De
590 3207 910 3278 profundis.
960 3207 1216 3274 Domine,
1269 3208 1474 3262 exaudi
1503 3211 1588 3261 vel
1619 3209 1922 3279 unusquis-

228 3313 338 3367 que
405 3297 716 3350 secundum
798 3313 960 3350 suam
1019 3297 1307 3363 virtutem,
1360 3301 1416 3351 et
1471 3298 1531 3350 in
1589 3313 1756 3350 mane
1800 3299 1926 3354 XXX

231 3384 482 3439 Psalmos
543 3389 746 3439 cantet.
805 3386 1010 3439 Volens
1061 3392 1253 3439 autem
1313 3385 1373 3439 in
1409 3387 1622 3439 somnis
1667 3403 1922 3456 peccare,

229 3475 348 3528 sive
393 3475 490 3544 qui
545 3475 799 3544 pollutus
849 3475 921 3528 sit
971 3475 1091 3529 sine
1155 3476 1465 3540 voluntate,
1527 3476 1612 3530 XV
1671 3477 1923 3530 Psalmos

228 3567 431 3617 cantet.
463 3564 705 3616 Peccans
735 3579 852 3617 non
906 3563 1177 3635 pollutus,
1249 3563 1453 3634 viginti
1485 3569 1735 3636 quatuor
1771 3566 1924 3619 Psal-

231 3666 372 3706 mos.

672 3755 799 3810 CAP.
832 3756 965 3810 XLI.
993 3785 1066 3798 —
1095 3759 1166 3810 De
1195 3757 1379 3825 eadem
1403 3774 1480 3814 re.

303 3859 411 3931 (Ea:
440 3861 805 3916 Pamitentiali
855 3861 1106 3930 Theodo.)
1143 3863 1281 3916 Item
1312 3862 1372 3916 iu
1429 3879 1627 3917 somno
1665 3880 1926 3934 peccans,

232 3949 276 4002 si
305 3965 370 4004 ex
410 3949 751 4020 cogitatione
795 3951 1050 4020 pollutus
1105 3951 1292 4016 fuerit,
1327 3951 1456 4006 XXV
1518 3953 1769 4007 Psalmos
1808 3971 1933 4008 can-

191 4043 198 4047 “
233 4043 331 4092 tet.
363 4039 426 4092 In
452 4055 656 4093 somno
705 4055 945 4109 peccans
976 4039 1098 4093 sine
1123 4041 1488 4107 cogitatione,
1524 4043 1613 4097 Xll
1654 4044 1926 4098 Psalmos.

233 4129 288 4181 Si
316 4144 512 4182 semen
542 4127 752 4182 fuderit
779 4129 839 4182 in
874 4129 1118 4183 Ecclesia
1156 4146 1256 4201 per
1313 4131 1743 4201 dormitionem,
1804 4148 1932 4185 can-

235 4221 313 4269 tet
361 4215 718 4283 Psalterium,
753 4218 838 4270 vel
882 4221 996 4271 tres
1027 4217 1148 4272 dies
1189 4219 1490 4288 pmniteat:
1523 4221 1570 4274 si
1610 4221 1927 4276 voluntarie

235 4321 428 4359 semen
459 4305 670 4360 fuderit
699 4305 758 4359 in
809 4307 1054 4360 Ecclesia
1092 4309 1244 4362 mala
1295 4309 1662 4379 cogitatione,
1686 4310 1734 4363 si
1765 4310 1927 4363 cleri-

234 4412 349 4460 cus,
392 4395 506 4449 XIV
531 4394 670 4460 dies,
730 4395 1022 4462 diaconus,
1081 4398 1235 4465 XXV,
1287 4398 1586 4469 presbyter
1644 4399 1746 4464 XL,
1812 4399 1933 4469 epi-

233 4498 457 4552 s:opus,
479 4483 538 4548 L,
568 4483 898 4545 monachus,
928 4485 1070 4538 XXX.

234 4591 360 4644 CAP.
416 4588 572 4644 XLII.
627 4620 693 4628 —
724 4592 798 4643 De
836 4591 946 4662 illis
978 4593 1075 4660 qui
1118 4607 1219 4660 per
1267 4592 1599 4647 illecebrosos
1650 4594 1932 4662 amplexus

716 4659 1065 4726 fwminarum
1093 4659 1432 4731 polluuntur.

305 4765 413 4835 (Ea:
463 4767 827 4821 Plenitentiali
875 4768 1038 4823 Beda
1082 4770 1197 4836 pr.)
1246 4767 1377 4833 Qui,
1411 4784 1513 4840 per
1568 4769 1932 4825 illecebrosos

234 4852 532 4921 amplexus
583 4853 851 4921 foeminae,
913 4855 999 4908 vel
1059 4857 1251 4908 osculo
1319 4857 1613 4925 polluitur,
1670 4859 1752 4912 XX
1813 4859 1932 4912 dies

235 4941 526 5008 paeniteat.
561 4942 665 5005 Qui
720 4943 909 5012 tetigit
958 4943 1338 4998 inverecunde
1387 4961 1617 5000 carnem
1673 4947 1932 5016 ejusdem

232 5029 502 5096 foeminas,
526 5034 638 5084 tres
660 5047 884 5086 menses
910 5031 1202 5102 poeniteat.
1236 5033 1342 5097 Qui
1373 5051 1476 5104 per
1510 5036 1931 5107 turpiloquium

234 5119 528 5189 polluitur,
585 5126 805 5190 septem
838 5120 958 5174 dies
1012 5121 1307 5191 poeniteat.
1359 5124 1655 5195 Presbyter
1686 5125 1728 5179 si
1762 5142 1931 5179 oscu-

233 5208 378 5261 latus
435 5207 610 5262 fuerit
660 5210 952 5263 fceminam
1009 5226 1111 5280 per
1141 5211 1505 5265 immundum
1559 5213 1927 5281 desiderium,

230 5296 318 5350 XX
355 5296 475 5350 dies
505 5297 794 5366 paeniteat.
860 5298 915 5352 Si
949 5297 1283 5368 inquinatus
1310 5299 1494 5363 fuerit,
1532 5302 1615 5355 XL
1658 5301 1780 5355 dies
1812 5319 1928 5372 poe-

234 5385 430 5437 niteat.
465 5383 572 5448 Qui
604 5384 662 5437 in
717 5385 961 5438 Ecclesia
992 5402 1095 5455 per
1143 5402 1406 5441 somnum
1465 5390 1762 5458 polluitur,
1819 5396 1930 5444 tres

235 5472 353 5525 dies
384 5471 677 5542 paeniteat.
713 5474 818 5537 Qui
851 5472 910 5526 in
943 5473 1158 5527 somnis
1215 5477 1504 5532 voluntate
1537 5480 1794 5548 pollutus
1823 5484 1925 5542 est,

233 5577 292 5611 su
306 5565 430 5630 rgat
458 5567 516 5614 et
543 5566 731 5614 cantet
760 5566 978 5632 septem
1016 5563 1270 5618 Psalmos
1303 5566 1747 5636 pcenitentiales,
1783 5574 1840 5624 et
1868 5569 1926 5623 iu

2036 3034 2322 3104 simulque
2372 3034 2801 3104 Hierosolymae,
2858 3035 3030 3087 etiam
3075 3033 3316 3087 aliarum
3352 3033 3730 3087 Ecclesiarum

2035 3123 2335 3193 episcopis,
2397 3128 2453 3176 et
2508 3139 2705 3177 earum
2762 3123 3053 3177 civitatum
3119 3123 3188 3177 ab
3249 3124 3354 3177 hac
3421 3122 3732 3192 apostolica

2036 3213 2190 3278 sede,
2221 3212 2540 3266 volentibus
2561 3212 2726 3278 scire,
2764 3211 2810 3266 si
2842 3211 2950 3265 viri
2977 3217 3030 3266 et
3074 3211 3342 3265 mulieres
3375 3211 3634 3264 redirent
3660 3211 3728 3264 ad

2034 3301 2335 3371 proprium
2367 3302 2616 3355 thorum.
2652 3301 2836 3356 Beata;
2879 3301 3172 3354 memoriae
3229 3299 3570 3354 sanctissimi
3616 3315 3727 3368 pa-

2033 3393 2168 3455 tres,
2200 3389 2402 3452 Julius,
2453 3390 2835 3457 Innocentius,
2869 3398 2923 3444 et
2978 3388 3293 3442 Celestinus
3344 3404 3472 3441 cum
3507 3386 3730 3458 episco-

2036 3494 2240 3549 porum
2301 3478 2686 3548 plurimorum
2744 3483 2799 3531 et
2876 3479 3232 3532 sacerdotum
3294 3482 3597 3541 conventu,
3671 3477 3731 3530 in

2038 3567 2282 3622 Ecclesia
2334 3567 2484 3621 beati
2560 3568 2952 3638 apostolorum
3019 3567 3290 3638 principis
3357 3566 3732 3636 prohibentes

2036 3655 2192 3721 talia,
2255 3656 2707 3725 perscripserunt
2757 3660 2815 3709 et
2878 3655 3378 3722 conﬁrmaverunt,
3442 3660 3507 3708 ut
3573 3653 3732 3707 nullo

2040 3745 2208 3798 modo
2256 3760 2315 3797 se
2377 3744 2432 3796 in
2475 3745 2742 3814 conjugio
2784 3745 3104 3813 reciperent
3135 3743 3423 3810 mulieres,
3477 3746 3576 3796 aut
3604 3741 3732 3810 viri,

2041 3833 2139 3904 qui
2163 3849 2266 3902 per
2290 3849 2692 3903 quamcunque
2723 3833 3001 3886 rationem
3045 3833 3400 3902 susciperent
3429 3837 3608 3897 natos,
3636 3830 3736 3885 sed

2039 3927 2372 3991 separarent
2394 3937 2481 3975 se:
2513 3938 2585 3975 ne
2621 3922 2892 3975 suadente
2918 3922 3146 3976 diabolo
3162 3923 3272 3975 tale
3296 3921 3493 3974 vitium
3516 3921 3737 3990 peccari

2039 4011 2311 4064 inolescat
2337 4026 2441 4080 per
2471 4010 2773 4076 mundum,
2823 4015 2880 4064 et
2909 4010 3307 4064 universorum
3338 4025 3496 4064 error
3543 4025 3738 4063 accre-

2041 4100 2175 4149 scat.
2207 4094 2369 4150 Scitis
2400 4093 2536 4165 quia
2566 4095 2853 4166 quomodo
2913 4100 3046 4149 sunt
3102 4099 3320 4165 septem
3369 4094 3518 4147 dona
3556 4093 3736 4147 sancti

2039 4184 2304 4254 Spiritus,
2353 4183 2432 4237 ita
2485 4189 2617 4237 sunt
2670 4189 2888 4255 septem
2943 4183 3094 4238 dona
3126 4182 3415 4254 baptismi.
3447 4182 3736 4253 Aprimo-

1961 4279 2002 4333 D
2042 4271 2252 4343 pabulo
2332 4273 2534 4326 sacrati
2589 4273 2743 4335 salis,
2800 4278 2856 4326 et
2909 4273 3174 4343 ingressu
3222 4277 3430 4326 sancta:
3479 4272 3738 4326 Ecclesiae

2043 4376 2147 4431 usq
2159 4378 2225 4414 ue
2242 4361 2312 4415 ad
2335 4363 2830 4416 confirmationem
2852 4362 3096 4432 Spiritus
3118 4362 3294 4416 sancti
3325 4377 3428 4431 per
3455 4361 3732 4416 Chrisma.

2043 4451 2122 4507 Ab
2171 4451 2277 4504 hoc
2315 4451 2502 4520 primo
2541 4450 2787 4520 Spiritus
2827 4451 3008 4505 sancti
3039 4451 3193 4504 dono
3231 4466 3413 4521 usque
3445 4450 3512 4505 ad
3565 4451 3738 4520 septi-

2044 4555 2224 4608 mum,
2268 4539 2458 4593 nullus
2504 4539 2858 4594 Christianus
2897 4555 3058 4594 suam
3101 4543 3472 4592 commatrem
3501 4536 3559 4589 in
3593 4552 3734 4590 con-

2036 4628 2266 4699 jugium
2320 4629 2573 4699 recipere
2615 4629 2801 4695 debet,
2852 4634 2908 4683 et
2949 4629 3048 4700 qui
3105 4626 3550 4699 praesumpserit,
3611 4642 3740 4680 ana-

2040 4717 2308 4771 thematis
2341 4718 2565 4772 vinculo
2587 4719 2861 4788 religetur
2892 4718 2952 4772 in
2981 4723 3276 4789 perpetuo,
3309 4717 3418 4770 nisi
3450 4715 3738 4787 poeniten-

2040 4806 2180 4860 tiam
2243 4807 2428 4877 egerit
2490 4808 2681 4878 digne.
2746 4808 3005 4862 Mulieres
3067 4823 3200 4861 vero
3265 4823 3393 4860 cum
3458 4809 3738 4875 separatas

2040 4896 2273 4964 fuerint,
2301 4912 2364 4949 ac
2403 4913 2505 4967 pro
2531 4897 2726 4950 illicita
2758 4899 2980 4950 actione
3013 4913 3044 4950 a
3075 4896 3321 4967 propriis
3364 4895 3518 4957 viris,
3552 4900 3736 4948 totam

2041 4985 2406 5055 praecipimus
2458 4985 2710 5056 recipere
2761 4986 2976 5051 dotem,
3013 5001 3185 5056 quam
3243 4985 3300 5038 in
3353 4984 3443 5038 die
3492 4983 3738 5053 nuptiali

2039 5073 2382 5141 receperint,
2423 5079 2480 5127 et
2501 5080 2630 5143 post
2669 5075 2958 5144 expletum
2993 5090 3206 5127 annum
3240 5072 3516 5142 recipiant
3555 5073 3738 5130 alium

2040 5161 2246 5228 virum,
2279 5162 2324 5214 si
2353 5163 2654 5216 voluerint.
2693 5163 2968 5218 Similiter
2989 5170 3043 5216 et
3068 5163 3152 5216 vir
3184 5178 3433 5216 uxorem.

2040 5251 2169 5304 CAP.
2203 5251 2355 5305 XLV.
2391 5281 2456 5291 —
2492 5255 2561 5305 De
2590 5268 2646 5305 eo
2693 5255 2790 5320 qui
2834 5253 3146 5322 spiritalem
3178 5253 3336 5305 habet
3385 5256 3737 5320 compatrem,

2110 5323 2264 5388 cujus
2311 5338 2450 5376 uror
2495 5329 2782 5377 commatcr
2836 5339 2943 5378 non
3001 5330 3099 5388 est,
3157 5329 3210 5378 et
3250 5339 3307 5378 eo
3359 5322 3636 5389 defuncto,
3687 5327 3742 5379 si

2109 5394 2225 5462 ejus
2256 5393 2476 5448 viduam
2511 5396 2684 5462 possit
2713 5396 2904 5449 ducere
2923 5411 3164 5449 umorem.

2111 5483 2223 5551 (Ea:
2259 5485 2480 5537 concilio
2524 5484 2766 5550 Triburi,
2799 5486 2887 5538 cui
2934 5486 3187 5550 inter/uit
3251 5499 3350 5538 rea:
3398 5482 3734 5552 Arnolphus,

2037 5572 2214 5640 capite
2255 5571 2368 5642 47.)
2427 5571 2534 5636 Qui
2568 5572 2887 5643 spiritalem
2937 5577 3291 5644 compatrem
3344 5572 3539 5640 habet,
3571 5571 3738 5643 cujus
