  <div class='ocr_page' id='page_1' title='image "/cluster/home/n/w/nwhite01/storage/ocr_20150623/140/umn.31951002477433x/508.png"; bbox 0 0 3944 6300; ppageno 0'>
   <div class='ocr_carea' id='block_1_1' title="bbox 198 312 302 365">
    <p class='ocr_par' dir='ltr' id='par_1_1' title="bbox 198 312 302 365">
     <span class='ocr_line' id='line_1_1' title="bbox 198 312 302 365; baseline 0.019 -2"><span class='ocrx_word' id='word_1_1' title='bbox 198 312 302 365; x_wconf 81' lang='lat'><strong>929</strong></span> 
     </span>
    </p>
   </div>
   <div class='ocr_carea' id='block_1_2' title="bbox 980 310 2929 368">
    <p class='ocr_par' dir='ltr' id='par_1_2' title="bbox 980 310 2929 368">
     <span class='ocr_line' id='line_1_2' title="bbox 980 310 2929 368; baseline 0.002 -5"><span class='ocrx_word' id='word_1_2' title='bbox 980 310 1460 366; x_wconf 81' lang='lat' dir='ltr'><strong>DECRETORUM</strong></span> <span class='ocrx_word' id='word_1_3' title='bbox 1501 310 1691 366; x_wconf 83' lang='lat' dir='ltr'><strong>LIBRI</strong></span> <span class='ocrx_word' id='word_1_4' title='bbox 1728 311 1834 366; x_wconf 82' lang='lat' dir='ltr'><strong>XX.</strong></span> <span class='ocrx_word' id='word_1_5' title='bbox 1879 340 1945 350; x_wconf 94' lang='lat'><strong>—</strong></span> <span class='ocrx_word' id='word_1_6' title='bbox 1985 310 2192 367; x_wconf 81' lang='lat' dir='ltr'><strong>LIBER</strong></span> <span class='ocrx_word' id='word_1_7' title='bbox 2234 312 2537 368; x_wconf 79' lang='lat' dir='ltr'><strong>DECIMUS</strong></span> <span class='ocrx_word' id='word_1_8' title='bbox 2575 312 2929 368; x_wconf 85' lang='lat' dir='ltr'><strong>SEPTIMUS.</strong></span> 
     </span>
    </p>
   </div>
   <div class='ocr_carea' id='block_1_3' title="bbox 3608 317 3712 369">
    <p class='ocr_par' dir='ltr' id='par_1_3' title="bbox 3608 317 3712 369">
     <span class='ocr_line' id='line_1_3' title="bbox 3608 317 3712 369; baseline 0.019 -2"><span class='ocrx_word' id='word_1_9' title='bbox 3608 317 3712 369; x_wconf 87' lang='lat'><strong>930</strong></span> 
     </span>
    </p>
   </div>
   <div class='ocr_carea' id='block_1_4' title="bbox 197 435 3708 507">
    <p class='ocr_par' dir='ltr' id='par_1_4' title="bbox 197 435 3708 507">
     <span class='ocr_line' id='line_1_4' title="bbox 197 435 3708 507; baseline 0.001 -16"><span class='ocrx_word' id='word_1_10' title='bbox 197 437 387 491; x_wconf 88' lang='lat' dir='ltr'><strong>ﬁlium</strong></span> <span class='ocrx_word' id='word_1_11' title='bbox 420 437 491 491; x_wconf 92' lang='lat' dir='ltr'><strong>de</strong></span> <span class='ocrx_word' id='word_1_12' title='bbox 517 438 739 491; x_wconf 86' lang='lat' dir='ltr'><strong>lavacro</strong></span> <span class='ocrx_word' id='word_1_13' title='bbox 770 451 943 490; x_wconf 65' lang='lat' dir='ltr'><strong>sacras</strong></span> <span class='ocrx_word' id='word_1_14' title='bbox 983 436 1154 490; x_wconf 89' lang='lat' dir='ltr'><strong>fontis</strong></span> <span class='ocrx_word' id='word_1_15' title='bbox 1211 436 1445 507; x_wconf 88' lang='lat' dir='ltr'><strong>accepit,</strong></span> <span class='ocrx_word' id='word_1_16' title='bbox 1480 441 1536 490; x_wconf 93' lang='lat' dir='ltr'><strong>et</strong></span> <span class='ocrx_word' id='word_1_17' title='bbox 1590 438 1713 507; x_wconf 83' lang='lat' dir='ltr'><strong>ejus</strong></span> <span class='ocrx_word' id='word_1_18' title='bbox 1761 452 1907 491; x_wconf 85' lang='lat' dir='ltr'><strong>uxor</strong></span> <span class='ocrx_word' id='word_1_19' title='bbox 1936 440 1979 491; x_wconf 87' lang='lat' dir='ltr'><strong>A</strong></span> <span class='ocrx_word' id='word_1_20' title='bbox 2019 437 2235 492; x_wconf 90' lang='lat' dir='ltr'><strong>lestiam</strong></span> <span class='ocrx_word' id='word_1_21' title='bbox 2271 436 2588 490; x_wconf 84' lang='lat' dir='ltr'><strong>sustinebat</strong></span> <span class='ocrx_word' id='word_1_22' title='bbox 2621 454 2652 489; x_wconf 89' lang='lat' dir='ltr'><strong>a</strong></span> <span class='ocrx_word' id='word_1_23' title='bbox 2693 435 2893 506; x_wconf 82' lang='lat' dir='ltr'><strong>spiritu</strong></span> <span class='ocrx_word' id='word_1_24' title='bbox 2938 436 3348 493; x_wconf 87' lang='lat' dir='ltr'><strong>fornicationis.</strong></span> <span class='ocrx_word' id='word_1_25' title='bbox 3404 439 3558 494; x_wconf 82' lang='lat' dir='ltr'><strong>Abiit</strong></span> <span class='ocrx_word' id='word_1_26' title='bbox 3607 456 3708 493; x_wconf 87' lang='lat' dir='ltr'><strong>au-</strong></span> 
     </span>
    </p>
   </div>
   <div class='ocr_carea' id='block_1_5' title="bbox 196 525 1902 595">
    <p class='ocr_par' dir='ltr' id='par_1_5' title="bbox 196 525 1902 595">
     <span class='ocr_line' id='line_1_5' title="bbox 196 525 1902 595; baseline 0.001 -17"><span class='ocrx_word' id='word_1_27' title='bbox 196 531 512 580; x_wconf 82' lang='lat' dir='ltr'><strong>commater</strong></span> <span class='ocrx_word' id='word_1_28' title='bbox 538 542 653 579; x_wconf 91' lang='lat' dir='ltr'><strong>non</strong></span> <span class='ocrx_word' id='word_1_29' title='bbox 686 531 790 593; x_wconf 90' lang='lat' dir='ltr'><strong>est,</strong></span> <span class='ocrx_word' id='word_1_30' title='bbox 826 525 994 578; x_wconf 88' lang='lat' dir='ltr'><strong>liceat</strong></span> <span class='ocrx_word' id='word_1_31' title='bbox 1024 526 1075 578; x_wconf 91' lang='lat' dir='ltr'><strong>ei</strong></span> <span class='ocrx_word' id='word_1_32' title='bbox 1124 526 1390 579; x_wconf 88' lang='lat' dir='ltr'><strong>defuncto</strong></span> <span class='ocrx_word' id='word_1_33' title='bbox 1446 531 1737 595; x_wconf 88' lang='lat' dir='ltr'><strong>compatre</strong></span> <span class='ocrx_word' id='word_1_34' title='bbox 1799 542 1902 579; x_wconf 91' lang='lat' dir='ltr'><strong>suo</strong></span> 
     </span>
    </p>
   </div>
   <div class='ocr_carea' id='block_1_6' title="bbox 202 614 1906 686">
    <p class='ocr_par' dir='ltr' id='par_1_6' title="bbox 202 614 1906 686">
     <span class='ocr_line' id='line_1_6' title="bbox 202 614 1906 686; baseline 0 -17"><span class='ocrx_word' id='word_1_35' title='bbox 202 617 328 686; x_wconf 85' lang='lat' dir='ltr'><strong>ejus</strong></span> <span class='ocrx_word' id='word_1_36' title='bbox 357 616 587 669; x_wconf 86' lang='lat' dir='ltr'><strong>viduam</strong></span> <span class='ocrx_word' id='word_1_37' title='bbox 657 614 953 668; x_wconf 85' lang='lat' dir='ltr'><strong>ducerein</strong></span> <span class='ocrx_word' id='word_1_38' title='bbox 1014 631 1269 680; x_wconf 81' lang='lat' dir='ltr'><strong>uxorem,</strong></span> <span class='ocrx_word' id='word_1_39' title='bbox 1314 616 1359 667; x_wconf 90' lang='lat' dir='ltr'><strong>si</strong></span> <span class='ocrx_word' id='word_1_40' title='bbox 1414 616 1633 669; x_wconf 88' lang='lat' dir='ltr'><strong>nullam</strong></span> <span class='ocrx_word' id='word_1_41' title='bbox 1691 614 1906 669; x_wconf 82' lang='lat' dir='ltr'><strong>habent</strong></span> 
     </span>
    </p>
   </div>
   <div class='ocr_carea' id='block_1_7' title="bbox 196 704 1902 774">
    <p class='ocr_par' dir='ltr' id='par_1_7' title="bbox 196 704 1902 774">
     <span class='ocr_line' id='line_1_7' title="bbox 196 704 1902 774; baseline -0.001 -17"><span class='ocrx_word' id='word_1_42' title='bbox 196 704 716 774; x_wconf 82' lang='lat' dir='ltr'><strong>consanguinitatis</strong></span> <span class='ocrx_word' id='word_1_43' title='bbox 758 704 1272 774; x_wconf 83' lang='lat' dir='ltr'><strong>propinquitatem.</strong></span> <span class='ocrx_word' id='word_1_44' title='bbox 1324 704 1468 767; x_wconf 87' lang='lat' dir='ltr'><strong>Quid</strong></span> <span class='ocrx_word' id='word_1_45' title='bbox 1522 704 1716 757; x_wconf 84' lang='lat' dir='ltr'><strong>enim?</strong></span> <span class='ocrx_word' id='word_1_46' title='bbox 1748 705 1902 756; x_wconf 85' lang='lat' dir='ltr'><strong>Nun-</strong></span> 
     </span>
    </p>
   </div>
   <div class='ocr_carea' id='block_1_8' title="bbox 198 791 1905 862">
    <p class='ocr_par' dir='ltr' id='par_1_8' title="bbox 198 791 1905 862">
     <span class='ocr_line' id='line_1_8' title="bbox 198 791 1905 862; baseline -0.001 -17"><span class='ocrx_word' id='word_1_47' title='bbox 198 793 335 862; x_wconf 91' lang='lat' dir='ltr'><strong>quid</strong></span> <span class='ocrx_word' id='word_1_48' title='bbox 374 809 489 845; x_wconf 92' lang='lat' dir='ltr'><strong>non</strong></span> <span class='ocrx_word' id='word_1_49' title='bbox 540 797 780 862; x_wconf 91' lang='lat' dir='ltr'><strong>possunt</strong></span> <span class='ocrx_word' id='word_1_50' title='bbox 828 792 1121 861; x_wconf 85' lang='lat' dir='ltr'><strong>conjungi,</strong></span> <span class='ocrx_word' id='word_1_51' title='bbox 1165 807 1309 861; x_wconf 90' lang='lat' dir='ltr'><strong>quos</strong></span> <span class='ocrx_word' id='word_1_52' title='bbox 1359 792 1517 845; x_wconf 89' lang='lat' dir='ltr'><strong>nulla</strong></span> <span class='ocrx_word' id='word_1_53' title='bbox 1561 791 1905 861; x_wconf 81' lang='lat' dir='ltr'><strong>proximitas</strong></span> 
     </span>
    </p>
   </div>
   <div class='ocr_carea' id='block_1_9' title="bbox 197 879 1688 951">
    <p class='ocr_par' dir='ltr' id='par_1_9' title="bbox 197 879 1688 951">
     <span class='ocr_line' id='line_1_9' title="bbox 197 879 1688 951; baseline -0.001 -17"><span class='ocrx_word' id='word_1_54' title='bbox 197 882 464 947; x_wconf 83' lang='lat' dir='ltr'><strong>carnalis,</strong></span> <span class='ocrx_word' id='word_1_55' title='bbox 498 881 583 934; x_wconf 89' lang='lat' dir='ltr'><strong>vel</strong></span> <span class='ocrx_word' id='word_1_56' title='bbox 613 881 669 933; x_wconf 92' lang='lat' dir='ltr'><strong>in</strong></span> <span class='ocrx_word' id='word_1_57' title='bbox 702 881 757 934; x_wconf 93' lang='lat' dir='ltr'><strong>id</strong></span> <span class='ocrx_word' id='word_1_58' title='bbox 790 881 1085 951; x_wconf 81' lang='lat' dir='ltr'><strong>generatio</strong></span> <span class='ocrx_word' id='word_1_59' title='bbox 1120 881 1364 933; x_wconf 89' lang='lat' dir='ltr'><strong>secernit</strong></span> <span class='ocrx_word' id='word_1_60' title='bbox 1395 879 1688 949; x_wconf 87' lang='lat' dir='ltr'><strong>spiritalis.</strong></span> 
     </span>
    </p>
   </div>
   <div class='ocr_carea' id='block_1_10' title="bbox 201 969 1907 1038">
    <p class='ocr_par' dir='ltr' id='par_1_10' title="bbox 201 969 1907 1038">
     <span class='ocr_line' id='line_1_10' title="bbox 201 969 1907 1038; baseline 0 -15"><span class='ocrx_word' id='word_1_61' title='bbox 201 970 333 1024; x_wconf 79' lang='lat' dir='ltr'><strong>CAP.</strong></span> <span class='ocrx_word' id='word_1_62' title='bbox 368 969 542 1023; x_wconf 85' lang='lat' dir='ltr'><strong>XLVI.</strong></span> <span class='ocrx_word' id='word_1_63' title='bbox 577 999 645 1008; x_wconf 92' lang='lat'><strong>—</strong></span> <span class='ocrx_word' id='word_1_64' title='bbox 695 972 769 1022; x_wconf 86' lang='lat' dir='ltr'><strong>De</strong></span> <span class='ocrx_word' id='word_1_65' title='bbox 807 984 879 1030; x_wconf 81' lang='lat' dir='ltr'><strong>eo,</strong></span> <span class='ocrx_word' id='word_1_66' title='bbox 914 972 964 1022; x_wconf 98' lang='lat' dir='ltr'><strong>si</strong></span> <span class='ocrx_word' id='word_1_67' title='bbox 992 970 1195 1038; x_wconf 81' lang='lat' dir='ltr'><strong>aliquis</strong></span> <span class='ocrx_word' id='word_1_68' title='bbox 1224 984 1333 1022; x_wconf 67' lang='lat' dir='ltr'><strong>suae</strong></span> <span class='ocrx_word' id='word_1_69' title='bbox 1363 970 1635 1036; x_wconf 74' lang='lat' dir='ltr'><strong>Spiritalis</strong></span> <span class='ocrx_word' id='word_1_70' title='bbox 1678 984 1907 1023; x_wconf 88' lang='lat' dir='ltr'><strong>comma-</strong></span> 
     </span>
    </p>
   </div>
   <div class='ocr_carea' id='block_1_11' title="bbox 560 1040 1543 1108">
    <p class='ocr_par' dir='ltr' id='par_1_11' title="bbox 560 1040 1543 1108">
     <span class='ocr_line' id='line_1_11' title="bbox 560 1040 1543 1108; baseline -0.001 -14"><span class='ocrx_word' id='word_1_71' title='bbox 560 1042 657 1094; x_wconf 86' lang='lat' dir='ltr'><strong>tris</strong></span> <span class='ocrx_word' id='word_1_72' title='bbox 686 1042 857 1108; x_wconf 80' lang='lat' dir='ltr'><strong>ﬁliam</strong></span> <span class='ocrx_word' id='word_1_73' title='bbox 885 1056 1109 1093; x_wconf 71' lang='lat' dir='ltr'><strong>umorem</strong></span> <span class='ocrx_word' id='word_1_74' title='bbox 1138 1040 1328 1093; x_wconf 87' lang='lat' dir='ltr'><strong>ducere</strong></span> <span class='ocrx_word' id='word_1_75' title='bbox 1355 1043 1543 1107; x_wconf 81' lang='lat' dir='ltr'><strong>possit.</strong></span> 
     </span>
    </p>
   </div>
   <div class='ocr_carea' id='block_1_12' title="bbox 272 1127 1906 1200">
    <p class='ocr_par' dir='ltr' id='par_1_12' title="bbox 272 1127 1906 1200">
     <span class='ocr_line' id='line_1_12' title="bbox 272 1127 1906 1200; baseline -0.002 -15"><span class='ocrx_word' id='word_1_76' title='bbox 272 1129 383 1200; x_wconf 79' lang='lat' dir='ltr'><strong>(Ea:</strong></span> <span class='ocrx_word' id='word_1_77' title='bbox 413 1128 611 1194; x_wconf 87' lang='lat' dir='ltr'><strong>eodem,</strong></span> <span class='ocrx_word' id='word_1_78' title='bbox 659 1132 836 1198; x_wconf 87' lang='lat' dir='ltr'><strong>capite</strong></span> <span class='ocrx_word' id='word_1_79' title='bbox 874 1129 990 1198; x_wconf 84' lang='grc'><strong>48.)</strong></span> <span class='ocrx_word' id='word_1_80' title='bbox 1038 1128 1185 1182; x_wconf 89' lang='lat' dir='ltr'><strong>Illud</strong></span> <span class='ocrx_word' id='word_1_81' title='bbox 1239 1129 1431 1194; x_wconf 90' lang='lat' dir='ltr'><strong>etiam,</strong></span> <span class='ocrx_word' id='word_1_82' title='bbox 1488 1144 1593 1181; x_wconf 91' lang='lat' dir='ltr'><strong>nec</strong></span> <span class='ocrx_word' id='word_1_83' title='bbox 1635 1127 1906 1182; x_wconf 89' lang='lat' dir='ltr'><strong>canonica</strong></span> 
     </span>
    </p>
   </div>
   <div class='ocr_carea' id='block_1_13' title="bbox 199 1217 1906 1287">
    <p class='ocr_par' dir='ltr' id='par_1_13' title="bbox 199 1217 1906 1287">
     <span class='ocr_line' id='line_1_13' title="bbox 199 1217 1906 1287; baseline -0.002 -15"><span class='ocrx_word' id='word_1_84' title='bbox 199 1218 567 1273; x_wconf 85' lang='lat' dir='ltr'><strong>institutione</strong></span> <span class='ocrx_word' id='word_1_85' title='bbox 615 1218 942 1286; x_wconf 85' lang='lat' dir='ltr'><strong>deﬁnimus,</strong></span> <span class='ocrx_word' id='word_1_86' title='bbox 976 1234 1079 1271; x_wconf 91' lang='lat' dir='ltr'><strong>nec</strong></span> <span class='ocrx_word' id='word_1_87' title='bbox 1124 1217 1545 1271; x_wconf 90' lang='lat' dir='ltr'><strong>introductione</strong></span> <span class='ocrx_word' id='word_1_88' title='bbox 1602 1217 1791 1287; x_wconf 88' lang='lat' dir='ltr'><strong>aliqua</strong></span> <span class='ocrx_word' id='word_1_89' title='bbox 1823 1233 1906 1269; x_wconf 92' lang='lat' dir='ltr'><strong>re-</strong></span> 
     </span>
    </p>
   </div>
   <div class='ocr_carea' id='block_1_14' title="bbox 200 1306 1902 1376">
    <p class='ocr_par' dir='ltr' id='par_1_14' title="bbox 200 1306 1902 1376">
     <span class='ocr_line' id='line_1_14' title="bbox 200 1306 1902 1376; baseline -0.001 -15"><span class='ocrx_word' id='word_1_90' title='bbox 200 1308 477 1373; x_wconf 87' lang='lat' dir='ltr'><strong>futamus,</strong></span> <span class='ocrx_word' id='word_1_91' title='bbox 512 1308 609 1360; x_wconf 90' lang='lat' dir='ltr'><strong>sed</strong></span> <span class='ocrx_word' id='word_1_92' title='bbox 639 1312 872 1376; x_wconf 86' lang='lat' dir='ltr'><strong>prepter</strong></span> <span class='ocrx_word' id='word_1_93' title='bbox 904 1323 1000 1360; x_wconf 93' lang='lat' dir='ltr'><strong>eos</strong></span> <span class='ocrx_word' id='word_1_94' title='bbox 1034 1307 1133 1376; x_wconf 90' lang='lat' dir='ltr'><strong>qui</strong></span> <span class='ocrx_word' id='word_1_95' title='bbox 1163 1306 1379 1360; x_wconf 85' lang='lat' dir='ltr'><strong>diverse</strong></span> <span class='ocrx_word' id='word_1_96' title='bbox 1410 1306 1479 1359; x_wconf 90' lang='lat' dir='ltr'><strong>de</strong></span> <span class='ocrx_word' id='word_1_97' title='bbox 1518 1322 1586 1359; x_wconf 93' lang='lat' dir='ltr'><strong>eo</strong></span> <span class='ocrx_word' id='word_1_98' title='bbox 1630 1306 1902 1373; x_wconf 90' lang='lat' dir='ltr'><strong>sentiunt,</strong></span> 
     </span>
    </p>
   </div>
   <div class='ocr_carea' id='block_1_15' title="bbox 201 1394 1905 1467">
    <p class='ocr_par' dir='ltr' id='par_1_15' title="bbox 201 1394 1905 1467">
     <span class='ocr_line' id='line_1_15' title="bbox 201 1394 1905 1467; baseline -0.002 -17"><span class='ocrx_word' id='word_1_99' title='bbox 201 1398 309 1450; x_wconf 92' lang='lat' dir='ltr'><strong>hoc</strong></span> <span class='ocrx_word' id='word_1_100' title='bbox 350 1398 471 1450; x_wconf 92' lang='lat' dir='ltr'><strong>loco</strong></span> <span class='ocrx_word' id='word_1_101' title='bbox 500 1396 715 1467; x_wconf 89' lang='lat' dir='ltr'><strong>aliquid</strong></span> <span class='ocrx_word' id='word_1_102' title='bbox 752 1411 1290 1449; x_wconf 90' lang='lat' dir='ltr'><strong>commemoramus.</strong></span> <span class='ocrx_word' id='word_1_103' title='bbox 1345 1394 1401 1448; x_wconf 92' lang='lat' dir='ltr'><strong>Si</strong></span> <span class='ocrx_word' id='word_1_104' title='bbox 1432 1394 1560 1464; x_wconf 88' lang='lat' dir='ltr'><strong>quis</strong></span> <span class='ocrx_word' id='word_1_105' title='bbox 1590 1410 1708 1448; x_wconf 67' lang='lat' dir='ltr'><strong>suae</strong></span> <span class='ocrx_word' id='word_1_106' title='bbox 1738 1394 1905 1465; x_wconf 82' lang='lat' dir='ltr'><strong>spiri-</strong></span> 
     </span>
    </p>
   </div>
   <div class='ocr_carea' id='block_1_16' title="bbox 200 1482 1906 1553">
    <p class='ocr_par' dir='ltr' id='par_1_16' title="bbox 200 1482 1906 1553">
     <span class='ocr_line' id='line_1_16' title="bbox 200 1482 1906 1553; baseline -0.001 -14"><span class='ocrx_word' id='word_1_107' title='bbox 200 1487 330 1539; x_wconf 85' lang='lat' dir='ltr'><strong>talis</strong></span> <span class='ocrx_word' id='word_1_108' title='bbox 377 1485 709 1539; x_wconf 88' lang='lat' dir='ltr'><strong>commatris</strong></span> <span class='ocrx_word' id='word_1_109' title='bbox 768 1485 941 1538; x_wconf 85' lang='lat' dir='ltr'><strong>tiliam</strong></span> <span class='ocrx_word' id='word_1_110' title='bbox 994 1484 1254 1549; x_wconf 90' lang='lat' dir='ltr'><strong>fortuitu,</strong></span> <span class='ocrx_word' id='word_1_111' title='bbox 1304 1489 1360 1536; x_wconf 91' lang='lat' dir='ltr'><strong>et</strong></span> <span class='ocrx_word' id='word_1_112' title='bbox 1410 1482 1491 1536; x_wconf 91' lang='lat' dir='ltr'><strong>ita</strong></span> <span class='ocrx_word' id='word_1_113' title='bbox 1537 1483 1906 1553; x_wconf 81' lang='lat' dir='ltr'><strong>contingente</strong></span> 
     </span>
    </p>
   </div>
   <div class='ocr_carea' id='block_1_17' title="bbox 201 1571 1907 1644">
    <p class='ocr_par' dir='ltr' id='par_1_17' title="bbox 201 1571 1907 1644">
     <span class='ocr_line' id='line_1_17' title="bbox 201 1571 1907 1644; baseline -0.001 -16"><span class='ocrx_word' id='word_1_114' title='bbox 201 1590 397 1628; x_wconf 90' lang='lat' dir='ltr'><strong>rerum</strong></span> <span class='ocrx_word' id='word_1_115' title='bbox 429 1590 557 1627; x_wconf 88' lang='lat' dir='ltr'><strong>casu</strong></span> <span class='ocrx_word' id='word_1_116' title='bbox 579 1575 635 1627; x_wconf 90' lang='lat' dir='ltr'><strong>in</strong></span> <span class='ocrx_word' id='word_1_117' title='bbox 668 1574 1000 1644; x_wconf 91' lang='lat' dir='ltr'><strong>conjugium</strong></span> <span class='ocrx_word' id='word_1_118' title='bbox 1033 1573 1275 1638; x_wconf 81' lang='lat' dir='ltr'><strong>duxerit,</strong></span> <span class='ocrx_word' id='word_1_119' title='bbox 1327 1571 1566 1625; x_wconf 87' lang='lat' dir='ltr'><strong>concilio</strong></span> <span class='ocrx_word' id='word_1_120' title='bbox 1607 1572 1907 1626; x_wconf 87' lang='lat' dir='ltr'><strong>maturiori</strong></span> 
     </span>
    </p>
   </div>
   <div class='ocr_carea' id='block_1_18' title="bbox 201 1660 1904 1733">
    <p class='ocr_par' dir='ltr' id='par_1_18' title="bbox 201 1660 1904 1733">
     <span class='ocr_line' id='line_1_18' title="bbox 201 1660 1904 1733; baseline 0 -19"><span class='ocrx_word' id='word_1_121' title='bbox 201 1670 446 1731; x_wconf 89' lang='lat' dir='ltr'><strong>servato,</strong></span> <span class='ocrx_word' id='word_1_122' title='bbox 507 1663 734 1731; x_wconf 87' lang='lat' dir='ltr'><strong>habeat,</strong></span> <span class='ocrx_word' id='word_1_123' title='bbox 791 1669 961 1733; x_wconf 88' lang='lat' dir='ltr'><strong>atque</strong></span> <span class='ocrx_word' id='word_1_124' title='bbox 1018 1663 1258 1716; x_wconf 86' lang='lat' dir='ltr'><strong>honeste</strong></span> <span class='ocrx_word' id='word_1_125' title='bbox 1334 1660 1591 1731; x_wconf 86' lang='lat' dir='ltr'><strong>legitimo</strong></span> <span class='ocrx_word' id='word_1_126' title='bbox 1638 1661 1904 1731; x_wconf 90' lang='lat' dir='ltr'><strong>conjugio</strong></span> 
     </span>
    </p>
   </div>
   <div class='ocr_carea' id='block_1_19' title="bbox 202 1752 579 1822">
    <p class='ocr_par' dir='ltr' id='par_1_19' title="bbox 202 1752 579 1822">
     <span class='ocr_line' id='line_1_19' title="bbox 202 1752 579 1822; baseline 0 -17"><span class='ocrx_word' id='word_1_127' title='bbox 202 1768 440 1822; x_wconf 88' lang='lat' dir='ltr'><strong>operam</strong></span> <span class='ocrx_word' id='word_1_128' title='bbox 467 1752 579 1805; x_wconf 89' lang='lat' dir='ltr'><strong>det.</strong></span> 
     </span>
    </p>
   </div>
   <div class='ocr_carea' id='block_1_20' title="bbox 204 1840 1908 1910">
    <p class='ocr_par' dir='ltr' id='par_1_20' title="bbox 204 1840 1908 1910">
     <span class='ocr_line' id='line_1_20' title="bbox 204 1840 1908 1910; baseline -0.002 -14"><span class='ocrx_word' id='word_1_129' title='bbox 204 1843 332 1896; x_wconf 78' lang='lat' dir='ltr'><strong>CAP.</strong></span> <span class='ocrx_word' id='word_1_130' title='bbox 355 1841 556 1894; x_wconf 77' lang='lat' dir='ltr'><strong>XLVII.</strong></span> <span class='ocrx_word' id='word_1_131' title='bbox 581 1871 650 1880; x_wconf 95' lang='lat'>—</span> <span class='ocrx_word' id='word_1_132' title='bbox 674 1842 752 1894; x_wconf 84' lang='lat' dir='ltr'><strong>De</strong></span> <span class='ocrx_word' id='word_1_133' title='bbox 774 1840 1027 1909; x_wconf 83' lang='lat' dir='ltr'><strong>quodam,</strong></span> <span class='ocrx_word' id='word_1_134' title='bbox 1057 1842 1152 1907; x_wconf 86' lang='lat' dir='ltr'><strong>qui</strong></span> <span class='ocrx_word' id='word_1_135' title='bbox 1171 1855 1325 1893; x_wconf 88' lang='lat' dir='ltr'><strong>suam</strong></span> <span class='ocrx_word' id='word_1_136' title='bbox 1344 1841 1570 1910; x_wconf 78' lang='lat' dir='ltr'><strong>ﬁliolam</strong></span> <span class='ocrx_word' id='word_1_137' title='bbox 1603 1840 1908 1909; x_wconf 83' lang='lat' dir='ltr'><strong>spiritalem</strong></span> 
     </span>
    </p>
   </div>
   <div class='ocr_carea' id='block_1_21' title="bbox 857 1914 1249 1978">
    <p class='ocr_par' dir='ltr' id='par_1_21' title="bbox 857 1914 1249 1978">
     <span class='ocr_line' id='line_1_21' title="bbox 857 1914 1249 1978; baseline -0.005 -14"><span class='ocrx_word' id='word_1_138' title='bbox 857 1918 1181 1978; x_wconf 82' lang='lat' dir='ltr'><strong>constuprav</strong></span> <span class='ocrx_word' id='word_1_139' title='bbox 1190 1914 1249 1963; x_wconf 87' lang='lat' dir='ltr'><strong>it.</strong></span> 
     </span>
    </p>
   </div>
   <div class='ocr_carea' id='block_1_22' title="bbox 275 1980 1908 2053">
    <p class='ocr_par' dir='ltr' id='par_1_22' title="bbox 275 1980 1908 2053">
     <span class='ocr_line' id='line_1_22' title="bbox 275 1980 1908 2053; baseline -0.002 -16"><span class='ocrx_word' id='word_1_140' title='bbox 275 1984 384 2051; x_wconf 65' lang='lat' dir='ltr'><strong>(Et</strong></span> <span class='ocrx_word' id='word_1_141' title='bbox 425 1984 631 2053; x_wconf 84' lang='lat' dir='ltr'><strong>Dialog.</strong></span> <span class='ocrx_word' id='word_1_142' title='bbox 693 1982 934 2053; x_wconf 79' lang='lat' dir='ltr'><strong>Gregor.)</strong></span> <span class='ocrx_word' id='word_1_143' title='bbox 988 1982 1265 2035; x_wconf 87' lang='lat' dir='ltr'><strong>Terribile</strong></span> <span class='ocrx_word' id='word_1_144' title='bbox 1323 1982 1492 2036; x_wconf 88' lang='lat' dir='ltr'><strong>etiam</strong></span> <span class='ocrx_word' id='word_1_145' title='bbox 1530 1980 1801 2052; x_wconf 88' lang='lat' dir='ltr'><strong>quiddam</strong></span> <span class='ocrx_word' id='word_1_146' title='bbox 1848 1980 1908 2033; x_wconf 93' lang='lat' dir='ltr'><strong>in</strong></span> 
     </span>
    </p>
   </div>
   <div class='ocr_carea' id='block_1_23' title="bbox 206 2069 1908 2140">
    <p class='ocr_par' dir='ltr' id='par_1_23' title="bbox 206 2069 1908 2140">
     <span class='ocr_line' id='line_1_23' title="bbox 206 2069 1908 2140; baseline -0.001 -17"><span class='ocrx_word' id='word_1_147' title='bbox 206 2071 444 2125; x_wconf 67' lang='lat' dir='ltr'><strong>Valeriae</strong></span> <span class='ocrx_word' id='word_1_148' title='bbox 510 2071 803 2140; x_wconf 85' lang='lat' dir='ltr'><strong>provincia</strong></span> <span class='ocrx_word' id='word_1_149' title='bbox 867 2070 1174 2139; x_wconf 85' lang='lat' dir='ltr'><strong>contigisse</strong></span> <span class='ocrx_word' id='word_1_150' title='bbox 1230 2070 1315 2124; x_wconf 92' lang='lat' dir='ltr'><strong>vir</strong></span> <span class='ocrx_word' id='word_1_151' title='bbox 1378 2071 1507 2123; x_wconf 52' lang='lat' dir='ltr'><strong>vita!</strong></span> <span class='ocrx_word' id='word_1_152' title='bbox 1574 2069 1908 2123; x_wconf 84' lang='lat' dir='ltr'><strong>venerabilis</strong></span> 
     </span>
    </p>
   </div>
   <div class='ocr_carea' id='block_1_24' title="bbox 205 2158 1909 2231">
    <p class='ocr_par' dir='ltr' id='par_1_24' title="bbox 205 2158 1909 2231">
     <span class='ocr_line' id='line_1_24' title="bbox 205 2158 1909 2231; baseline -0.002 -17"><span class='ocrx_word' id='word_1_153' title='bbox 205 2160 576 2214; x_wconf 83' lang='lat' dir='ltr'><strong>Maximianus</strong></span> <span class='ocrx_word' id='word_1_154' title='bbox 605 2160 985 2231; x_wconf 80' lang='lat' dir='ltr'><strong>Syracusanus</strong></span> <span class='ocrx_word' id='word_1_155' title='bbox 1019 2158 1334 2229; x_wconf 88' lang='lat' dir='ltr'><strong>episcopus,</strong></span> <span class='ocrx_word' id='word_1_156' title='bbox 1390 2159 1489 2229; x_wconf 91' lang='lat' dir='ltr'><strong>qui</strong></span> <span class='ocrx_word' id='word_1_157' title='bbox 1536 2159 1631 2212; x_wconf 92' lang='lat' dir='ltr'><strong>diu</strong></span> <span class='ocrx_word' id='word_1_158' title='bbox 1678 2158 1739 2212; x_wconf 91' lang='lat' dir='ltr'><strong>in</strong></span> <span class='ocrx_word' id='word_1_159' title='bbox 1805 2158 1909 2211; x_wconf 90' lang='lat' dir='ltr'><strong>hac</strong></span> 
     </span>
    </p>
   </div>
   <div class='ocr_carea' id='block_1_25' title="bbox 206 2246 1906 2319">
    <p class='ocr_par' dir='ltr' id='par_1_25' title="bbox 206 2246 1906 2319">
     <span class='ocr_line' id='line_1_25' title="bbox 206 2246 1906 2319; baseline -0.003 -16"><span class='ocrx_word' id='word_1_160' title='bbox 206 2250 347 2303; x_wconf 85' lang='lat' dir='ltr'><strong>urbe</strong></span> <span class='ocrx_word' id='word_1_161' title='bbox 389 2266 516 2303; x_wconf 90' lang='lat' dir='ltr'><strong>meo</strong></span> <span class='ocrx_word' id='word_1_162' title='bbox 570 2248 919 2302; x_wconf 84' lang='lat' dir='ltr'><strong>monasterio</strong></span> <span class='ocrx_word' id='word_1_163' title='bbox 986 2248 1235 2319; x_wconf 70' lang='lat' dir='ltr'><strong>praefuit,</strong></span> <span class='ocrx_word' id='word_1_164' title='bbox 1289 2263 1520 2301; x_wconf 71' lang='lat' dir='ltr'><strong>narrare</strong></span> <span class='ocrx_word' id='word_1_165' title='bbox 1591 2246 1906 2314; x_wconf 80' lang='lat' dir='ltr'><strong>consuevit,</strong></span> 
     </span>
    </p>
   </div>
   <div class='ocr_carea' id='block_1_26' title="bbox 208 2334 1908 2406">
    <p class='ocr_par' dir='ltr' id='par_1_26' title="bbox 208 2334 1908 2406">
     <span class='ocr_line' id='line_1_26' title="bbox 208 2334 1908 2406; baseline -0.004 -13"><span class='ocrx_word' id='word_1_166' title='bbox 208 2338 423 2406; x_wconf 88' lang='lat' dir='ltr'><strong>dicens,</strong></span> <span class='ocrx_word' id='word_1_167' title='bbox 473 2338 716 2402; x_wconf 88' lang='lat' dir='ltr'><strong>Quidam</strong></span> <span class='ocrx_word' id='word_1_168' title='bbox 767 2337 1014 2404; x_wconf 86' lang='lat' dir='ltr'><strong>cerialis,</strong></span> <span class='ocrx_word' id='word_1_169' title='bbox 1075 2337 1192 2390; x_wconf 89' lang='lat' dir='ltr'><strong>illic</strong></span> <span class='ocrx_word' id='word_1_170' title='bbox 1222 2336 1602 2390; x_wconf 88' lang='lat' dir='ltr'><strong>sacratissimo</strong></span> <span class='ocrx_word' id='word_1_171' title='bbox 1655 2334 1908 2389; x_wconf 88' lang='lat' dir='ltr'><strong>Paschali</strong></span> 
     </span>
    </p>
   </div>
   <div class='ocr_carea' id='block_1_27' title="bbox 206 2424 1907 2497">
    <p class='ocr_par' dir='ltr' id='par_1_27' title="bbox 206 2424 1907 2497">
     <span class='ocr_line' id='line_1_27' title="bbox 206 2424 1907 2497; baseline -0.003 -15"><span class='ocrx_word' id='word_1_172' title='bbox 206 2428 473 2495; x_wconf 90' lang='lat' dir='ltr'><strong>Sabbato,</strong></span> <span class='ocrx_word' id='word_1_173' title='bbox 520 2428 883 2497; x_wconf 89' lang='lat' dir='ltr'><strong>juvenculam</strong></span> <span class='ocrx_word' id='word_1_174' title='bbox 917 2426 1240 2496; x_wconf 88' lang='lat' dir='ltr'><strong>cusjusdam</strong></span> <span class='ocrx_word' id='word_1_175' title='bbox 1272 2427 1446 2480; x_wconf 87' lang='lat' dir='ltr'><strong>ﬁliam</strong></span> <span class='ocrx_word' id='word_1_176' title='bbox 1479 2424 1535 2478; x_wconf 91' lang='lat' dir='ltr'><strong>in</strong></span> <span class='ocrx_word' id='word_1_177' title='bbox 1567 2425 1907 2495; x_wconf 89' lang='lat' dir='ltr'><strong>baptismate</strong></span> 
     </span>
    </p>
   </div>
   <div class='ocr_carea' id='block_1_28' title="bbox 207 2513 1906 2585">
    <p class='ocr_par' dir='ltr' id='par_1_28' title="bbox 207 2513 1906 2585">
     <span class='ocr_line' id='line_1_28' title="bbox 207 2513 1906 2585; baseline -0.003 -16"><span class='ocrx_word' id='word_1_178' title='bbox 207 2516 475 2585; x_wconf 83' lang='lat' dir='ltr'><strong>suscepit.</strong></span> <span class='ocrx_word' id='word_1_179' title='bbox 507 2515 613 2579; x_wconf 86' lang='lat' dir='ltr'><strong>Qui</strong></span> <span class='ocrx_word' id='word_1_180' title='bbox 645 2520 770 2585; x_wconf 92' lang='lat' dir='ltr'><strong>post</strong></span> <span class='ocrx_word' id='word_1_181' title='bbox 810 2515 1098 2585; x_wconf 82' lang='lat' dir='ltr'><strong>jejunium</strong></span> <span class='ocrx_word' id='word_1_182' title='bbox 1129 2515 1364 2567; x_wconf 89' lang='lat' dir='ltr'><strong>domum</strong></span> <span class='ocrx_word' id='word_1_183' title='bbox 1398 2529 1674 2581; x_wconf 86' lang='lat' dir='ltr'><strong>reversus,</strong></span> <span class='ocrx_word' id='word_1_184' title='bbox 1724 2513 1906 2565; x_wconf 88' lang='lat' dir='ltr'><strong>multo</strong></span> 
     </span>
    </p>
   </div>
   <div class='ocr_carea' id='block_1_29' title="bbox 204 2603 1907 2671">
    <p class='ocr_par' dir='ltr' id='par_1_29' title="bbox 204 2603 1907 2671">
     <span class='ocr_line' id='line_1_29' title="bbox 204 2603 1907 2671; baseline -0.002 -14"><span class='ocrx_word' id='word_1_185' title='bbox 204 2606 336 2659; x_wconf 88' lang='lat' dir='ltr'><strong>vino</strong></span> <span class='ocrx_word' id='word_1_186' title='bbox 368 2604 699 2671; x_wconf 83' lang='lat' dir='ltr'><strong>inebriatus,</strong></span> <span class='ocrx_word' id='word_1_187' title='bbox 731 2604 968 2657; x_wconf 88' lang='lat' dir='ltr'><strong>eandem</strong></span> <span class='ocrx_word' id='word_1_188' title='bbox 995 2603 1230 2656; x_wconf 83' lang='lat' dir='ltr'><strong>ﬁliolam</strong></span> <span class='ocrx_word' id='word_1_189' title='bbox 1262 2619 1423 2656; x_wconf 88' lang='lat' dir='ltr'><strong>suam</strong></span> <span class='ocrx_word' id='word_1_190' title='bbox 1444 2618 1635 2656; x_wconf 85' lang='lat' dir='ltr'><strong>secum</strong></span> <span class='ocrx_word' id='word_1_191' title='bbox 1678 2617 1907 2653; x_wconf 90' lang='lat' dir='ltr'><strong>manere</strong></span> 
     </span>
    </p>
   </div>
   <div class='ocr_carea' id='block_1_30' title="bbox 205 2690 1907 2763">
    <p class='ocr_par' dir='ltr' id='par_1_30' title="bbox 205 2690 1907 2763">
     <span class='ocr_line' id='line_1_30' title="bbox 205 2690 1907 2763; baseline -0.004 -18"><span class='ocrx_word' id='word_1_192' title='bbox 205 2694 392 2763; x_wconf 87' lang='lat' dir='ltr'><strong>petiit,</strong></span> <span class='ocrx_word' id='word_1_193' title='bbox 426 2708 665 2761; x_wconf 88' lang='lat' dir='ltr'><strong>eamque</strong></span> <span class='ocrx_word' id='word_1_194' title='bbox 699 2696 861 2744; x_wconf 91' lang='lat' dir='ltr'><strong>nocte</strong></span> <span class='ocrx_word' id='word_1_195' title='bbox 888 2690 1004 2755; x_wconf 88' lang='lat' dir='ltr'><strong>illa,</strong></span> <span class='ocrx_word' id='word_1_196' title='bbox 1038 2690 1190 2760; x_wconf 89' lang='lat' dir='ltr'><strong>quod</strong></span> <span class='ocrx_word' id='word_1_197' title='bbox 1230 2690 1380 2743; x_wconf 92' lang='lat' dir='ltr'><strong>dicto</strong></span> <span class='ocrx_word' id='word_1_198' title='bbox 1434 2690 1590 2743; x_wconf 87' lang='lat' dir='ltr'><strong>nefas</strong></span> <span class='ocrx_word' id='word_1_199' title='bbox 1641 2694 1743 2755; x_wconf 92' lang='lat' dir='ltr'><strong>est,</strong></span> <span class='ocrx_word' id='word_1_200' title='bbox 1781 2704 1907 2757; x_wconf 87' lang='lat' dir='ltr'><strong>per-</strong></span> 
     </span>
    </p>
   </div>
   <div class='ocr_carea' id='block_1_31' title="bbox 204 2777 1907 2851">
    <p class='ocr_par' dir='ltr' id='par_1_31' title="bbox 204 2777 1907 2851">
     <span class='ocr_line' id='line_1_31' title="bbox 204 2777 1907 2851; baseline -0.005 -15"><span class='ocrx_word' id='word_1_201' title='bbox 204 2782 369 2836; x_wconf 84' lang='lat' dir='ltr'><strong>didit.</strong></span> <span class='ocrx_word' id='word_1_202' title='bbox 402 2782 657 2851; x_wconf 89' lang='lat' dir='ltr'><strong>Cumque</strong></span> <span class='ocrx_word' id='word_1_203' title='bbox 688 2796 856 2833; x_wconf 88' lang='lat' dir='ltr'><strong>mane</strong></span> <span class='ocrx_word' id='word_1_204' title='bbox 883 2780 1027 2833; x_wconf 89' lang='lat' dir='ltr'><strong>facto</strong></span> <span class='ocrx_word' id='word_1_205' title='bbox 1084 2779 1417 2832; x_wconf 80' lang='lat' dir='ltr'><strong>surrexisset</strong></span> <span class='ocrx_word' id='word_1_206' title='bbox 1449 2794 1599 2843; x_wconf 88' lang='lat' dir='ltr'><strong>reus,</strong></span> <span class='ocrx_word' id='word_1_207' title='bbox 1659 2777 1907 2847; x_wconf 88' lang='lat' dir='ltr'><strong>cogitare</strong></span> 
     </span>
    </p>
   </div>
   <div class='ocr_carea' id='block_1_32' title="bbox 206 2864 1908 2940">
    <p class='ocr_par' dir='ltr' id='par_1_32' title="bbox 206 2864 1908 2940">
     <span class='ocr_line' id='line_1_32' title="bbox 206 2864 1908 2940; baseline -0.004 -16"><span class='ocrx_word' id='word_1_208' title='bbox 206 2871 398 2940; x_wconf 69' lang='lat' dir='ltr'><strong>erepit,</strong></span> <span class='ocrx_word' id='word_1_209' title='bbox 449 2874 512 2923; x_wconf 90' lang='lat' dir='ltr'><strong>ut</strong></span> <span class='ocrx_word' id='word_1_210' title='bbox 569 2869 637 2923; x_wconf 89' lang='lat' dir='ltr'><strong>ad</strong></span> <span class='ocrx_word' id='word_1_211' title='bbox 693 2869 963 2921; x_wconf 89' lang='lat' dir='ltr'><strong>balneum</strong></span> <span class='ocrx_word' id='word_1_212' title='bbox 1026 2871 1309 2937; x_wconf 84' lang='lat' dir='ltr'><strong>pergeret,</strong></span> <span class='ocrx_word' id='word_1_213' title='bbox 1341 2884 1403 2920; x_wconf 93' lang='lat' dir='ltr'><strong>ac</strong></span> <span class='ocrx_word' id='word_1_214' title='bbox 1434 2867 1481 2919; x_wconf 90' lang='lat' dir='ltr'><strong>si</strong></span> <span class='ocrx_word' id='word_1_215' title='bbox 1527 2882 1675 2936; x_wconf 90' lang='lat' dir='ltr'><strong>aqua</strong></span> <span class='ocrx_word' id='word_1_216' title='bbox 1719 2864 1908 2919; x_wconf 89' lang='lat' dir='ltr'><strong>balnei</strong></span> 
     </span>
    </p>
   </div>
   <div class='ocr_carea' id='block_1_33' title="bbox 205 2954 1907 3028">
    <p class='ocr_par' dir='ltr' id='par_1_33' title="bbox 205 2954 1907 3028">
     <span class='ocr_line' id='line_1_33' title="bbox 205 2954 1907 3028; baseline -0.005 -14"><span class='ocrx_word' id='word_1_217' title='bbox 205 2961 421 3015; x_wconf 87' lang='lat' dir='ltr'><strong>lavaret</strong></span> <span class='ocrx_word' id='word_1_218' title='bbox 450 2959 731 3012; x_wconf 87' lang='lat' dir='ltr'><strong>maculam</strong></span> <span class='ocrx_word' id='word_1_219' title='bbox 760 2957 994 3028; x_wconf 88' lang='lat' dir='ltr'><strong>peccati.</strong></span> <span class='ocrx_word' id='word_1_220' title='bbox 1028 2957 1277 3010; x_wconf 81' lang='lat' dir='ltr'><strong>Perrexit</strong></span> <span class='ocrx_word' id='word_1_221' title='bbox 1314 2956 1511 3025; x_wconf 85' lang='lat' dir='ltr'><strong>igitur,</strong></span> <span class='ocrx_word' id='word_1_222' title='bbox 1550 2955 1702 3023; x_wconf 86' lang='lat' dir='ltr'><strong>lavit,</strong></span> <span class='ocrx_word' id='word_1_223' title='bbox 1738 2954 1907 3023; x_wconf 87' lang='lat' dir='ltr'><strong>coepit</strong></span> 
     </span>
    </p>
   </div>
   <div class='ocr_carea' id='block_1_34' title="bbox 206 3043 1907 3119">
    <p class='ocr_par' dir='ltr' id='par_1_34' title="bbox 206 3043 1907 3119">
     <span class='ocr_line' id='line_1_34' title="bbox 206 3043 1907 3119; baseline -0.004 -17"><span class='ocrx_word' id='word_1_224' title='bbox 206 3048 515 3119; x_wconf 88' lang='lat' dir='ltr'><strong>trepidare,</strong></span> <span class='ocrx_word' id='word_1_225' title='bbox 562 3046 867 3100; x_wconf 88' lang='lat' dir='ltr'><strong>Ecclesiam</strong></span> <span class='ocrx_word' id='word_1_226' title='bbox 929 3044 1195 3115; x_wconf 86' lang='lat' dir='ltr'><strong>ingredi:</strong></span> <span class='ocrx_word' id='word_1_227' title='bbox 1248 3044 1346 3097; x_wconf 91' lang='lat' dir='ltr'><strong>sed</strong></span> <span class='ocrx_word' id='word_1_228' title='bbox 1384 3044 1429 3097; x_wconf 90' lang='lat' dir='ltr'><strong>si</strong></span> <span class='ocrx_word' id='word_1_229' title='bbox 1464 3048 1619 3097; x_wconf 87' lang='lat' dir='ltr'><strong>tanto</strong></span> <span class='ocrx_word' id='word_1_230' title='bbox 1668 3043 1759 3097; x_wconf 91' lang='lat' dir='ltr'><strong>die</strong></span> <span class='ocrx_word' id='word_1_231' title='bbox 1790 3059 1907 3096; x_wconf 88' lang='lat' dir='ltr'><strong>non</strong></span> 
     </span>
    </p>
   </div>
   <div class='ocr_carea' id='block_1_35' title="bbox 207 3131 1905 3209">
    <p class='ocr_par' dir='ltr' id='par_1_35' title="bbox 207 3131 1905 3209">
     <span class='ocr_line' id='line_1_35' title="bbox 207 3131 1905 3209; baseline -0.005 -17"><span class='ocrx_word' id='word_1_232' title='bbox 207 3138 456 3209; x_wconf 85' lang='lat' dir='ltr'><strong>ignoret,</strong></span> <span class='ocrx_word' id='word_1_233' title='bbox 526 3137 596 3191; x_wconf 90' lang='lat' dir='ltr'><strong>ad</strong></span> <span class='ocrx_word' id='word_1_234' title='bbox 648 3134 953 3190; x_wconf 87' lang='lat' dir='ltr'><strong>Ecclesiam</strong></span> <span class='ocrx_word' id='word_1_235' title='bbox 1022 3134 1392 3187; x_wconf 89' lang='lat' dir='ltr'><strong>erubescebat</strong></span> <span class='ocrx_word' id='word_1_236' title='bbox 1451 3133 1750 3187; x_wconf 86' lang='lat' dir='ltr'><strong>homines:</strong></span> <span class='ocrx_word' id='word_1_237' title='bbox 1818 3131 1905 3185; x_wconf 92' lang='lat' dir='ltr'><strong>sin</strong></span> 
     </span>
    </p>
   </div>
   <div class='ocr_carea' id='block_1_36' title="bbox 205 3220 1906 3295">
    <p class='ocr_par' dir='ltr' id='par_1_36' title="bbox 205 3220 1906 3295">
     <span class='ocr_line' id='line_1_36' title="bbox 205 3220 1906 3295; baseline -0.005 -14"><span class='ocrx_word' id='word_1_238' title='bbox 205 3243 340 3281; x_wconf 83' lang='lat' dir='ltr'><strong>vero</strong></span> <span class='ocrx_word' id='word_1_239' title='bbox 374 3226 500 3292; x_wconf 89' lang='lat' dir='ltr'><strong>iret,</strong></span> <span class='ocrx_word' id='word_1_240' title='bbox 535 3223 971 3295; x_wconf 89' lang='lat' dir='ltr'><strong>pertimescebat</strong></span> <span class='ocrx_word' id='word_1_241' title='bbox 1014 3222 1294 3292; x_wconf 90' lang='lat' dir='ltr'><strong>judicium</strong></span> <span class='ocrx_word' id='word_1_242' title='bbox 1350 3221 1464 3275; x_wconf 89' lang='lat' dir='ltr'><strong>Dei.</strong></span> <span class='ocrx_word' id='word_1_243' title='bbox 1520 3220 1655 3274; x_wconf 90' lang='lat' dir='ltr'><strong>Vicit</strong></span> <span class='ocrx_word' id='word_1_244' title='bbox 1712 3220 1906 3290; x_wconf 86' lang='lat' dir='ltr'><strong>itaque</strong></span> 
     </span>
    </p>
   </div>
   <div class='ocr_carea' id='block_1_37' title="bbox 206 3309 1905 3381">
    <p class='ocr_par' dir='ltr' id='par_1_37' title="bbox 206 3309 1905 3381">
     <span class='ocr_line' id='line_1_37' title="bbox 206 3309 1905 3381; baseline -0.004 -11"><span class='ocrx_word' id='word_1_245' title='bbox 206 3317 465 3371; x_wconf 89' lang='lat' dir='ltr'><strong>humana</strong></span> <span class='ocrx_word' id='word_1_246' title='bbox 541 3312 896 3378; x_wconf 87' lang='lat' dir='ltr'><strong>verecundia,</strong></span> <span class='ocrx_word' id='word_1_247' title='bbox 974 3312 1220 3381; x_wconf 83' lang='lat' dir='ltr'><strong>perrexit</strong></span> <span class='ocrx_word' id='word_1_248' title='bbox 1291 3310 1361 3363; x_wconf 90' lang='lat' dir='ltr'><strong>ad</strong></span> <span class='ocrx_word' id='word_1_249' title='bbox 1432 3309 1754 3377; x_wconf 89' lang='lat' dir='ltr'><strong>Ecclesiam,</strong></span> <span class='ocrx_word' id='word_1_250' title='bbox 1811 3309 1905 3363; x_wconf 91' lang='lat' dir='ltr'><strong>sed</strong></span> 
     </span>
    </p>
   </div>
   <div class='ocr_carea' id='block_1_38' title="bbox 207 3397 1908 3470">
    <p class='ocr_par' dir='ltr' id='par_1_38' title="bbox 207 3397 1908 3470">
     <span class='ocr_line' id='line_1_38' title="bbox 207 3397 1908 3470; baseline -0.005 -13"><span class='ocrx_word' id='word_1_251' title='bbox 207 3402 620 3458; x_wconf 89' lang='lat' dir='ltr'><strong>tremebundus</strong></span> <span class='ocrx_word' id='word_1_252' title='bbox 650 3417 715 3455; x_wconf 90' lang='lat' dir='ltr'><strong>ac</strong></span> <span class='ocrx_word' id='word_1_253' title='bbox 757 3416 971 3470; x_wconf 86' lang='lat' dir='ltr'><strong>pavens</strong></span> <span class='ocrx_word' id='word_1_254' title='bbox 1020 3405 1169 3453; x_wconf 89' lang='lat' dir='ltr'><strong>stare</strong></span> <span class='ocrx_word' id='word_1_255' title='bbox 1201 3400 1372 3468; x_wconf 87' lang='lat' dir='ltr'><strong>ccepit</strong></span> <span class='ocrx_word' id='word_1_256' title='bbox 1420 3403 1591 3468; x_wconf 88' lang='lat' dir='ltr'><strong>atque</strong></span> <span class='ocrx_word' id='word_1_257' title='bbox 1624 3413 1724 3468; x_wconf 89' lang='lat' dir='ltr'><strong>per</strong></span> <span class='ocrx_word' id='word_1_258' title='bbox 1782 3397 1908 3450; x_wconf 89' lang='lat' dir='ltr'><strong>sin-</strong></span> 
     </span>
    </p>
   </div>
   <div class='ocr_carea' id='block_1_39' title="bbox 210 3484 1909 3563">
    <p class='ocr_par' dir='ltr' id='par_1_39' title="bbox 210 3484 1909 3563">
     <span class='ocr_line' id='line_1_39' title="bbox 210 3484 1909 3563; baseline -0.005 -17"><span class='ocrx_word' id='word_1_259' title='bbox 210 3493 345 3563; x_wconf 88' lang='lat' dir='ltr'><strong>gula</strong></span> <span class='ocrx_word' id='word_1_260' title='bbox 374 3494 664 3545; x_wconf 90' lang='lat' dir='ltr'><strong>momenta</strong></span> <span class='ocrx_word' id='word_1_261' title='bbox 685 3492 1000 3559; x_wconf 90' lang='lat' dir='ltr'><strong>suspectus,</strong></span> <span class='ocrx_word' id='word_1_262' title='bbox 1031 3505 1144 3558; x_wconf 87' lang='lat' dir='ltr'><strong>qua</strong></span> <span class='ocrx_word' id='word_1_263' title='bbox 1170 3488 1312 3541; x_wconf 89' lang='lat' dir='ltr'><strong>hora</strong></span> <span class='ocrx_word' id='word_1_264' title='bbox 1342 3486 1640 3539; x_wconf 91' lang='lat' dir='ltr'><strong>immundo</strong></span> <span class='ocrx_word' id='word_1_265' title='bbox 1682 3484 1909 3555; x_wconf 86' lang='lat' dir='ltr'><strong>spiritui</strong></span> 
     </span>
    </p>
   </div>
   <div class='ocr_carea' id='block_1_40' title="bbox 208 3573 1906 3647">
    <p class='ocr_par' dir='ltr' id='par_1_40' title="bbox 208 3573 1906 3647">
     <span class='ocr_line' id='line_1_40' title="bbox 208 3573 1906 3647; baseline -0.005 -11"><span class='ocrx_word' id='word_1_266' title='bbox 208 3582 551 3647; x_wconf 88' lang='lat' dir='ltr'><strong>traderetur,</strong></span> <span class='ocrx_word' id='word_1_267' title='bbox 594 3583 649 3633; x_wconf 89' lang='lat' dir='ltr'><strong>et</strong></span> <span class='ocrx_word' id='word_1_268' title='bbox 688 3595 880 3633; x_wconf 90' lang='lat' dir='ltr'><strong>coram</strong></span> <span class='ocrx_word' id='word_1_269' title='bbox 905 3578 1063 3631; x_wconf 92' lang='lat' dir='ltr'><strong>omni</strong></span> <span class='ocrx_word' id='word_1_270' title='bbox 1090 3578 1302 3647; x_wconf 93' lang='lat' dir='ltr'><strong>populo</strong></span> <span class='ocrx_word' id='word_1_271' title='bbox 1352 3579 1667 3628; x_wconf 85' lang='lat' dir='ltr'><strong>vexaretur.</strong></span> <span class='ocrx_word' id='word_1_272' title='bbox 1731 3573 1906 3629; x_wconf 90' lang='lat' dir='ltr'><strong>Cum-</strong></span> 
     </span>
    </p>
   </div>
   <div class='ocr_carea' id='block_1_41' title="bbox 209 3662 1907 3742">
    <p class='ocr_par' dir='ltr' id='par_1_41' title="bbox 209 3662 1907 3742">
     <span class='ocr_line' id='line_1_41' title="bbox 209 3662 1907 3742; baseline -0.006 -18"><span class='ocrx_word' id='word_1_273' title='bbox 209 3688 321 3742; x_wconf 90' lang='lat' dir='ltr'><strong>que</strong></span> <span class='ocrx_word' id='word_1_274' title='bbox 354 3671 724 3724; x_wconf 82' lang='lat' dir='ltr'><strong>vehementer</strong></span> <span class='ocrx_word' id='word_1_275' title='bbox 753 3669 1001 3731; x_wconf 86' lang='lat' dir='ltr'><strong>timeret,</strong></span> <span class='ocrx_word' id='word_1_276' title='bbox 1035 3666 1087 3719; x_wconf 92' lang='lat' dir='ltr'><strong>ei</strong></span> <span class='ocrx_word' id='word_1_277' title='bbox 1112 3666 1172 3719; x_wconf 91' lang='lat' dir='ltr'><strong>in</strong></span> <span class='ocrx_word' id='word_1_278' title='bbox 1199 3665 1296 3718; x_wconf 91' lang='lat' dir='ltr'><strong>illa</strong></span> <span class='ocrx_word' id='word_1_279' title='bbox 1329 3664 1630 3717; x_wconf 88' lang='lat' dir='ltr'><strong>missarum</strong></span> <span class='ocrx_word' id='word_1_280' title='bbox 1670 3662 1907 3716; x_wconf 88' lang='lat' dir='ltr'><strong>celebri-</strong></span> 
     </span>
    </p>
   </div>
   <div class='ocr_carea' id='block_1_42' title="bbox 208 3748 1909 3829">
    <p class='ocr_par' dir='ltr' id='par_1_42' title="bbox 208 3748 1909 3829">
     <span class='ocr_line' id='line_1_42' title="bbox 208 3748 1909 3829; baseline -0.007 -16"><span class='ocrx_word' id='word_1_281' title='bbox 208 3764 345 3826; x_wconf 87' lang='lat' dir='ltr'><strong>tate,</strong></span> <span class='ocrx_word' id='word_1_282' title='bbox 375 3758 538 3829; x_wconf 84' lang='lat' dir='ltr'><strong>quasi</strong></span> <span class='ocrx_word' id='word_1_283' title='bbox 569 3757 802 3811; x_wconf 88' lang='lat' dir='ltr'><strong>adverse</strong></span> <span class='ocrx_word' id='word_1_284' title='bbox 832 3755 911 3808; x_wconf 91' lang='lat' dir='ltr'><strong>nil</strong></span> <span class='ocrx_word' id='word_1_285' title='bbox 968 3752 1269 3822; x_wconf 90' lang='lat' dir='ltr'><strong>contingit,</strong></span> <span class='ocrx_word' id='word_1_286' title='bbox 1302 3751 1401 3822; x_wconf 91' lang='lat' dir='ltr'><strong>qui</strong></span> <span class='ocrx_word' id='word_1_287' title='bbox 1444 3751 1607 3804; x_wconf 64' lang='lat' dir='ltr'><strong>laetus</strong></span> <span class='ocrx_word' id='word_1_288' title='bbox 1661 3748 1817 3815; x_wconf 86' lang='lat' dir='ltr'><strong>exiit,</strong></span> <span class='ocrx_word' id='word_1_289' title='bbox 1854 3754 1909 3802; x_wconf 91' lang='lat' dir='ltr'><strong>et</strong></span> 
     </span>
    </p>
   </div>
   <div class='ocr_carea' id='block_1_43' title="bbox 208 3839 1908 3914">
    <p class='ocr_par' dir='ltr' id='par_1_43' title="bbox 208 3839 1908 3914">
     <span class='ocr_line' id='line_1_43' title="bbox 208 3839 1908 3914; baseline -0.008 -11"><span class='ocrx_word' id='word_1_290' title='bbox 208 3848 300 3904; x_wconf 91' lang='lat' dir='ltr'><strong>die</strong></span> <span class='ocrx_word' id='word_1_291' title='bbox 333 3849 510 3902; x_wconf 82' lang='lat' dir='ltr'><strong>altero</strong></span> <span class='ocrx_word' id='word_1_292' title='bbox 536 3845 837 3900; x_wconf 76' lang='lat' dir='ltr'><strong>Ecclesiam</strong></span> <span class='ocrx_word' id='word_1_293' title='bbox 860 3844 979 3914; x_wconf 89' lang='lat' dir='ltr'><strong>jam</strong></span> <span class='ocrx_word' id='word_1_294' title='bbox 1009 3858 1241 3896; x_wconf 91' lang='lat' dir='ltr'><strong>securus</strong></span> <span class='ocrx_word' id='word_1_295' title='bbox 1260 3839 1511 3894; x_wconf 88' lang='lat' dir='ltr'><strong>intravit.</strong></span> <span class='ocrx_word' id='word_1_296' title='bbox 1568 3839 1908 3908; x_wconf 82' lang='lat' dir='ltr'><strong>Factumque</strong></span> 
     </span>
    </p>
   </div>
   <div class='ocr_carea' id='block_1_44' title="bbox 207 3930 1907 4005">
    <p class='ocr_par' dir='ltr' id='par_1_44' title="bbox 207 3930 1907 4005">
     <span class='ocr_line' id='line_1_44' title="bbox 207 3930 1907 4005; baseline -0.007 -14"><span class='ocrx_word' id='word_1_297' title='bbox 207 3943 314 4005; x_wconf 91' lang='lat' dir='ltr'><strong>est,</strong></span> <span class='ocrx_word' id='word_1_298' title='bbox 370 3943 435 3990; x_wconf 90' lang='lat' dir='ltr'><strong>ut</strong></span> <span class='ocrx_word' id='word_1_299' title='bbox 491 3951 593 4005; x_wconf 88' lang='lat' dir='ltr'><strong>per</strong></span> <span class='ocrx_word' id='word_1_300' title='bbox 639 3950 736 3988; x_wconf 83' lang='lat' dir='ltr'><strong>sex</strong></span> <span class='ocrx_word' id='word_1_301' title='bbox 779 3932 1080 3987; x_wconf 90' lang='lat' dir='ltr'><strong>continuos</strong></span> <span class='ocrx_word' id='word_1_302' title='bbox 1134 3930 1253 3983; x_wconf 89' lang='lat' dir='ltr'><strong>dies</strong></span> <span class='ocrx_word' id='word_1_303' title='bbox 1315 3931 1501 3997; x_wconf 66' lang='lat' dir='ltr'><strong>laetus,</strong></span> <span class='ocrx_word' id='word_1_304' title='bbox 1551 3944 1615 3981; x_wconf 91' lang='lat' dir='ltr'><strong>ac</strong></span> <span class='ocrx_word' id='word_1_305' title='bbox 1676 3942 1907 3981; x_wconf 90' lang='lat' dir='ltr'><strong>securus</strong></span> 
     </span>
    </p>
   </div>
   <div class='ocr_carea' id='block_1_45' title="bbox 209 4017 1909 4097">
    <p class='ocr_par' dir='ltr' id='par_1_45' title="bbox 209 4017 1909 4097">
     <span class='ocr_line' id='line_1_45' title="bbox 209 4017 1909 4097; baseline -0.007 -17"><span class='ocrx_word' id='word_1_306' title='bbox 209 4025 563 4097; x_wconf 89' lang='lat' dir='ltr'><strong>procederet,</strong></span> <span class='ocrx_word' id='word_1_307' title='bbox 594 4023 883 4077; x_wconf 62' lang='lat' dir='ltr'><strong>aestimans</strong></span> <span class='ocrx_word' id='word_1_308' title='bbox 910 4021 1063 4092; x_wconf 92' lang='lat' dir='ltr'><strong>quod</strong></span> <span class='ocrx_word' id='word_1_309' title='bbox 1098 4019 1220 4089; x_wconf 89' lang='lat' dir='ltr'><strong>ejus</strong></span> <span class='ocrx_word' id='word_1_310' title='bbox 1251 4019 1432 4073; x_wconf 88' lang='lat' dir='ltr'><strong>scelus</strong></span> <span class='ocrx_word' id='word_1_311' title='bbox 1481 4017 1776 4082; x_wconf 86' lang='lat' dir='ltr'><strong>Dominus,</strong></span> <span class='ocrx_word' id='word_1_312' title='bbox 1811 4019 1909 4069; x_wconf 81' lang='lat' dir='ltr'><strong>aut</strong></span> 
     </span>
    </p>
   </div>
   <div class='ocr_carea' id='block_1_46' title="bbox 205 4104 1901 4180">
    <p class='ocr_par' dir='ltr' id='par_1_46' title="bbox 205 4104 1901 4180">
     <span class='ocr_line' id='line_1_46' title="bbox 205 4104 1901 4180; baseline -0.006 -11"><span class='ocrx_word' id='word_1_313' title='bbox 205 4132 325 4169; x_wconf 89' lang='lat' dir='ltr'><strong>non</strong></span> <span class='ocrx_word' id='word_1_314' title='bbox 359 4113 612 4180; x_wconf 89' lang='lat' dir='ltr'><strong>vidisset,</strong></span> <span class='ocrx_word' id='word_1_315' title='bbox 671 4116 769 4165; x_wconf 88' lang='lat' dir='ltr'><strong>aut</strong></span> <span class='ocrx_word' id='word_1_316' title='bbox 824 4109 1008 4163; x_wconf 92' lang='lat' dir='ltr'><strong>visum</strong></span> <span class='ocrx_word' id='word_1_317' title='bbox 1064 4107 1512 4162; x_wconf 88' lang='lat' dir='ltr'><strong>misericorditer</strong></span> <span class='ocrx_word' id='word_1_318' title='bbox 1580 4104 1901 4159; x_wconf 81' lang='lat' dir='ltr'><strong>dimisisset.</strong></span> 
     </span>
    </p>
   </div>
   <div class='ocr_carea' id='block_1_47' title="bbox 206 4192 1904 4269">
    <p class='ocr_par' dir='ltr' id='par_1_47' title="bbox 206 4192 1904 4269">
     <span class='ocr_line' id='line_1_47' title="bbox 206 4192 1904 4269; baseline -0.006 -13"><span class='ocrx_word' id='word_1_319' title='bbox 206 4202 306 4256; x_wconf 89' lang='lat' dir='ltr'><strong>Die</strong></span> <span class='ocrx_word' id='word_1_320' title='bbox 372 4204 564 4255; x_wconf 91' lang='lat' dir='ltr'><strong>autem</strong></span> <span class='ocrx_word' id='word_1_321' title='bbox 641 4198 885 4269; x_wconf 88' lang='lat' dir='ltr'><strong>septima</strong></span> <span class='ocrx_word' id='word_1_322' title='bbox 950 4196 1135 4249; x_wconf 92' lang='lat' dir='ltr'><strong>subita</strong></span> <span class='ocrx_word' id='word_1_323' title='bbox 1198 4199 1382 4248; x_wconf 87' lang='lat' dir='ltr'><strong>morte</strong></span> <span class='ocrx_word' id='word_1_324' title='bbox 1447 4192 1745 4246; x_wconf 85' lang='lat' dir='ltr'><strong>defunctus</strong></span> <span class='ocrx_word' id='word_1_325' title='bbox 1802 4195 1904 4245; x_wconf 87' lang='lat' dir='ltr'><strong>est.</strong></span> 
     </span>
    </p>
   </div>
   <div class='ocr_carea' id='block_1_48' title="bbox 206 4281 1908 4361">
    <p class='ocr_par' dir='ltr' id='par_1_48' title="bbox 206 4281 1908 4361">
     <span class='ocr_line' id='line_1_48' title="bbox 206 4281 1908 4361; baseline -0.009 -14"><span class='ocrx_word' id='word_1_326' title='bbox 206 4292 463 4361; x_wconf 91' lang='lat' dir='ltr'><strong>Cumque</strong></span> <span class='ocrx_word' id='word_1_327' title='bbox 496 4289 800 4359; x_wconf 63' lang='lat' dir='ltr'><strong>sepulturas</strong></span> <span class='ocrx_word' id='word_1_328' title='bbox 829 4285 1072 4339; x_wconf 90' lang='lat' dir='ltr'><strong>traditus</strong></span> <span class='ocrx_word' id='word_1_329' title='bbox 1104 4282 1319 4349; x_wconf 88' lang='lat' dir='ltr'><strong>fuisset,</strong></span> <span class='ocrx_word' id='word_1_330' title='bbox 1344 4298 1447 4352; x_wconf 90' lang='lat' dir='ltr'><strong>per</strong></span> <span class='ocrx_word' id='word_1_331' title='bbox 1488 4281 1728 4350; x_wconf 91' lang='lat' dir='ltr'><strong>longum</strong></span> <span class='ocrx_word' id='word_1_332' title='bbox 1763 4283 1908 4332; x_wconf 86' lang='lat' dir='ltr'><strong>tem-</strong></span> 
     </span>
    </p>
   </div>
   <div class='ocr_carea' id='block_1_49' title="bbox 204 4368 1904 4452">
    <p class='ocr_par' dir='ltr' id='par_1_49' title="bbox 204 4368 1904 4452">
     <span class='ocr_line' id='line_1_49' title="bbox 204 4368 1904 4452; baseline -0.008 -18"><span class='ocrx_word' id='word_1_333' title='bbox 204 4397 311 4452; x_wconf 90' lang='lat' dir='ltr'><strong>pus</strong></span> <span class='ocrx_word' id='word_1_334' title='bbox 342 4380 558 4434; x_wconf 90' lang='lat' dir='ltr'><strong>cunctis</strong></span> <span class='ocrx_word' id='word_1_335' title='bbox 592 4376 912 4431; x_wconf 79' lang='lat' dir='ltr'><strong>videntibus</strong></span> <span class='ocrx_word' id='word_1_336' title='bbox 944 4375 1012 4429; x_wconf 92' lang='lat' dir='ltr'><strong>de</strong></span> <span class='ocrx_word' id='word_1_337' title='bbox 1068 4372 1367 4442; x_wconf 87' lang='lat' dir='ltr'><strong>sepulchro</strong></span> <span class='ocrx_word' id='word_1_338' title='bbox 1422 4370 1601 4440; x_wconf 85' lang='lat' dir='ltr'><strong>ipsius</strong></span> <span class='ocrx_word' id='word_1_339' title='bbox 1673 4368 1904 4422; x_wconf 88' lang='lat' dir='ltr'><strong>ﬂamma</strong></span> 
     </span>
    </p>
   </div>
   <div class='ocr_carea' id='block_1_50' title="bbox 207 4458 1903 4534">
    <p class='ocr_par' dir='ltr' id='par_1_50' title="bbox 207 4458 1903 4534">
     <span class='ocr_line' id='line_1_50' title="bbox 207 4458 1903 4534; baseline -0.009 -10"><span class='ocrx_word' id='word_1_340' title='bbox 207 4469 366 4534; x_wconf 84' lang='lat' dir='ltr'><strong>exiit,</strong></span> <span class='ocrx_word' id='word_1_341' title='bbox 399 4474 455 4521; x_wconf 93' lang='lat' dir='ltr'><strong>et</strong></span> <span class='ocrx_word' id='word_1_342' title='bbox 492 4474 607 4521; x_wconf 90' lang='lat' dir='ltr'><strong>tam</strong></span> <span class='ocrx_word' id='word_1_343' title='bbox 639 4466 737 4519; x_wconf 90' lang='lat' dir='ltr'><strong>diu</strong></span> <span class='ocrx_word' id='word_1_344' title='bbox 798 4481 923 4519; x_wconf 91' lang='lat' dir='ltr'><strong>ossa</strong></span> <span class='ocrx_word' id='word_1_345' title='bbox 971 4463 1092 4532; x_wconf 91' lang='lat' dir='ltr'><strong>ejus</strong></span> <span class='ocrx_word' id='word_1_346' title='bbox 1139 4458 1538 4525; x_wconf 88' lang='lat' dir='ltr'><strong>concremavit,</strong></span> <span class='ocrx_word' id='word_1_347' title='bbox 1604 4472 1903 4528; x_wconf 89' lang='lat' dir='ltr'><strong>quousque</strong></span> 
     </span>
    </p>
   </div>
   <div class='ocr_carea' id='block_1_51' title="bbox 206 4545 1904 4627">
    <p class='ocr_par' dir='ltr' id='par_1_51' title="bbox 206 4545 1904 4627">
     <span class='ocr_line' id='line_1_51' title="bbox 206 4545 1904 4627; baseline -0.008 -15"><span class='ocrx_word' id='word_1_348' title='bbox 206 4573 380 4612; x_wconf 90' lang='lat' dir='ltr'><strong>omne</strong></span> <span class='ocrx_word' id='word_1_349' title='bbox 409 4554 770 4627; x_wconf 89' lang='lat' dir='ltr'><strong>sepulchrum</strong></span> <span class='ocrx_word' id='word_1_350' title='bbox 822 4550 1212 4621; x_wconf 88' lang='lat' dir='ltr'><strong>consumpsit:</strong></span> <span class='ocrx_word' id='word_1_351' title='bbox 1272 4554 1325 4602; x_wconf 90' lang='lat' dir='ltr'><strong>et</strong></span> <span class='ocrx_word' id='word_1_352' title='bbox 1357 4554 1508 4602; x_wconf 91' lang='lat' dir='ltr'><strong>terra</strong></span> <span class='ocrx_word' id='word_1_353' title='bbox 1534 4564 1660 4617; x_wconf 78' lang='lat' dir='ltr'><strong>quae</strong></span> <span class='ocrx_word' id='word_1_354' title='bbox 1717 4545 1777 4599; x_wconf 90' lang='lat' dir='ltr'><strong>in</strong></span> <span class='ocrx_word' id='word_1_355' title='bbox 1811 4549 1904 4599; x_wconf 91' lang='lat' dir='ltr'><strong>tu-</strong></span> 
     </span>
    </p>
   </div>
   <div class='ocr_carea' id='block_1_52' title="bbox 209 4634 1907 4710">
    <p class='ocr_par' dir='ltr' id='par_1_52' title="bbox 209 4634 1907 4710">
     <span class='ocr_line' id='line_1_52' title="bbox 209 4634 1907 4710; baseline -0.006 -12"><span class='ocrx_word' id='word_1_356' title='bbox 209 4645 366 4698; x_wconf 88' lang='lat' dir='ltr'><strong>mulo</strong></span> <span class='ocrx_word' id='word_1_357' title='bbox 397 4645 632 4697; x_wconf 87' lang='lat' dir='ltr'><strong>collecta</strong></span> <span class='ocrx_word' id='word_1_358' title='bbox 660 4642 785 4710; x_wconf 86' lang='lat' dir='ltr'><strong>fuit,</strong></span> <span class='ocrx_word' id='word_1_359' title='bbox 830 4641 1055 4696; x_wconf 89' lang='lat' dir='ltr'><strong>defossa</strong></span> <span class='ocrx_word' id='word_1_360' title='bbox 1111 4638 1414 4692; x_wconf 87' lang='lat' dir='ltr'><strong>videretur.</strong></span> <span class='ocrx_word' id='word_1_361' title='bbox 1451 4636 1610 4701; x_wconf 90' lang='lat' dir='ltr'><strong>Quod</strong></span> <span class='ocrx_word' id='word_1_362' title='bbox 1644 4634 1907 4689; x_wconf 87' lang='lat' dir='ltr'><strong>videlicet</strong></span> 
     </span>
    </p>
   </div>
   <div class='ocr_carea' id='block_1_53' title="bbox 206 4725 1907 4805">
    <p class='ocr_par' dir='ltr' id='par_1_53' title="bbox 206 4725 1907 4805">
     <span class='ocr_line' id='line_1_53' title="bbox 206 4725 1907 4805; baseline -0.006 -16"><span class='ocrx_word' id='word_1_363' title='bbox 206 4735 568 4805; x_wconf 89' lang='lat' dir='ltr'><strong>omnipotens</strong></span> <span class='ocrx_word' id='word_1_364' title='bbox 600 4735 748 4787; x_wconf 91' lang='lat' dir='ltr'><strong>Deus</strong></span> <span class='ocrx_word' id='word_1_365' title='bbox 771 4732 1004 4797; x_wconf 83' lang='lat' dir='ltr'><strong>faciens,</strong></span> <span class='ocrx_word' id='word_1_366' title='bbox 1060 4730 1309 4784; x_wconf 90' lang='lat' dir='ltr'><strong>ostendit</strong></span> <span class='ocrx_word' id='word_1_367' title='bbox 1362 4728 1497 4800; x_wconf 92' lang='lat' dir='ltr'><strong>quid</strong></span> <span class='ocrx_word' id='word_1_368' title='bbox 1526 4727 1649 4797; x_wconf 84' lang='lat' dir='ltr'><strong>ejus</strong></span> <span class='ocrx_word' id='word_1_369' title='bbox 1715 4725 1907 4779; x_wconf 89' lang='lat' dir='ltr'><strong>anima</strong></span> 
     </span>
    </p>
   </div>
   <div class='ocr_carea' id='block_1_54' title="bbox 208 4816 1907 4895">
    <p class='ocr_par' dir='ltr' id='par_1_54' title="bbox 208 4816 1907 4895">
     <span class='ocr_line' id='line_1_54' title="bbox 208 4816 1907 4895; baseline -0.006 -18"><span class='ocrx_word' id='word_1_370' title='bbox 208 4824 446 4895; x_wconf 88' lang='lat' dir='ltr'><strong>pertulit</strong></span> <span class='ocrx_word' id='word_1_371' title='bbox 476 4822 533 4875; x_wconf 91' lang='lat' dir='ltr'><strong>in</strong></span> <span class='ocrx_word' id='word_1_372' title='bbox 566 4822 808 4883; x_wconf 90' lang='lat' dir='ltr'><strong>occulto,</strong></span> <span class='ocrx_word' id='word_1_373' title='bbox 841 4821 1000 4890; x_wconf 91' lang='lat' dir='ltr'><strong>cujus</strong></span> <span class='ocrx_word' id='word_1_374' title='bbox 1027 4818 1200 4872; x_wconf 88' lang='lat' dir='ltr'><strong>etiam</strong></span> <span class='ocrx_word' id='word_1_375' title='bbox 1229 4834 1437 4887; x_wconf 90' lang='lat' dir='ltr'><strong>corpus</strong></span> <span class='ocrx_word' id='word_1_376' title='bbox 1456 4824 1586 4869; x_wconf 84' lang='lat' dir='ltr'><strong>ante</strong></span> <span class='ocrx_word' id='word_1_377' title='bbox 1626 4816 1907 4869; x_wconf 86' lang='lat' dir='ltr'><strong>humanos</strong></span> 
     </span>
    </p>
   </div>
   <div class='ocr_carea' id='block_1_55' title="bbox 208 4903 1908 4979">
    <p class='ocr_par' dir='ltr' id='par_1_55' title="bbox 208 4903 1908 4979">
     <span class='ocr_line' id='line_1_55' title="bbox 208 4903 1908 4979; baseline -0.006 -12"><span class='ocrx_word' id='word_1_378' title='bbox 208 4912 405 4967; x_wconf 91' lang='lat' dir='ltr'><strong>oculos</strong></span> <span class='ocrx_word' id='word_1_379' title='bbox 437 4912 668 4965; x_wconf 83' lang='lat' dir='ltr'><strong>ﬂamma</strong></span> <span class='ocrx_word' id='word_1_380' title='bbox 697 4908 1069 4979; x_wconf 88' lang='lat' dir='ltr'><strong>consumpsit.</strong></span> <span class='ocrx_word' id='word_1_381' title='bbox 1104 4906 1223 4970; x_wconf 90' lang='lat' dir='ltr'><strong>Qua</strong></span> <span class='ocrx_word' id='word_1_382' title='bbox 1253 4906 1313 4960; x_wconf 93' lang='lat' dir='ltr'><strong>in</strong></span> <span class='ocrx_word' id='word_1_383' title='bbox 1351 4923 1409 4959; x_wconf 89' lang='lat' dir='ltr'><strong>re</strong></span> <span class='ocrx_word' id='word_1_384' title='bbox 1456 4920 1686 4976; x_wconf 86' lang='lat' dir='ltr'><strong>quoque</strong></span> <span class='ocrx_word' id='word_1_385' title='bbox 1741 4903 1908 4957; x_wconf 90' lang='lat' dir='ltr'><strong>nobis</strong></span> 
     </span>
    </p>
   </div>
   <div class='ocr_carea' id='block_1_56' title="bbox 204 4991 1908 5067">
    <p class='ocr_par' dir='ltr' id='par_1_56' title="bbox 204 4991 1908 5067">
     <span class='ocr_line' id='line_1_56' title="bbox 204 4991 1908 5067; baseline -0.007 -11"><span class='ocrx_word' id='word_1_386' title='bbox 204 5002 330 5056; x_wconf 72' lang='lat' dir='ltr'><strong>haec</strong></span> <span class='ocrx_word' id='word_1_387' title='bbox 357 5000 721 5054; x_wconf 87' lang='lat' dir='ltr'><strong>audientibus</strong></span> <span class='ocrx_word' id='word_1_388' title='bbox 751 4998 1075 5067; x_wconf 86' lang='lat' dir='ltr'><strong>exemplum</strong></span> <span class='ocrx_word' id='word_1_389' title='bbox 1106 4994 1431 5050; x_wconf 79' lang='lat' dir='ltr'><strong>formidinis</strong></span> <span class='ocrx_word' id='word_1_390' title='bbox 1465 4994 1599 5048; x_wconf 87' lang='lat' dir='ltr'><strong>dare</strong></span> <span class='ocrx_word' id='word_1_391' title='bbox 1641 4991 1908 5062; x_wconf 89' lang='lat' dir='ltr'><strong>dignatus</strong></span> 
     </span>
    </p>
   </div>
   <div class='ocr_carea' id='block_1_57' title="bbox 204 5080 1908 5161">
    <p class='ocr_par' dir='ltr' id='par_1_57' title="bbox 204 5080 1908 5161">
     <span class='ocr_line' id='line_1_57' title="bbox 204 5080 1908 5161; baseline -0.006 -16"><span class='ocrx_word' id='word_1_392' title='bbox 204 5096 307 5159; x_wconf 90' lang='lat' dir='ltr'><strong>est,</strong></span> <span class='ocrx_word' id='word_1_393' title='bbox 346 5096 626 5161; x_wconf 89' lang='lat' dir='ltr'><strong>quatenus</strong></span> <span class='ocrx_word' id='word_1_394' title='bbox 652 5104 716 5141; x_wconf 81' lang='lat' dir='ltr'><strong>ex</strong></span> <span class='ocrx_word' id='word_1_395' title='bbox 748 5087 852 5141; x_wconf 91' lang='lat' dir='ltr'><strong>hac</strong></span> <span class='ocrx_word' id='word_1_396' title='bbox 882 5085 1334 5140; x_wconf 88' lang='lat' dir='ltr'><strong>consideratione</strong></span> <span class='ocrx_word' id='word_1_397' title='bbox 1366 5083 1719 5152; x_wconf 84' lang='lat' dir='ltr'><strong>colligamus,</strong></span> <span class='ocrx_word' id='word_1_398' title='bbox 1771 5080 1908 5152; x_wconf 91' lang='lat' dir='ltr'><strong>quid</strong></span> 
     </span>
    </p>
   </div>
   <div class='ocr_carea' id='block_1_58' title="bbox 204 5169 1908 5244">
    <p class='ocr_par' dir='ltr' id='par_1_58' title="bbox 204 5169 1908 5244">
     <span class='ocr_line' id='line_1_58' title="bbox 204 5169 1908 5244; baseline -0.005 -13"><span class='ocrx_word' id='word_1_399' title='bbox 204 5178 400 5231; x_wconf 89' lang='lat' dir='ltr'><strong>anima</strong></span> <span class='ocrx_word' id='word_1_400' title='bbox 430 5176 622 5231; x_wconf 88' lang='lat' dir='ltr'><strong>vivens</strong></span> <span class='ocrx_word' id='word_1_401' title='bbox 653 5192 717 5229; x_wconf 91' lang='lat' dir='ltr'><strong>ac</strong></span> <span class='ocrx_word' id='word_1_402' title='bbox 743 5176 1012 5238; x_wconf 84' lang='lat' dir='ltr'><strong>sentiens,</strong></span> <span class='ocrx_word' id='word_1_403' title='bbox 1047 5191 1152 5244; x_wconf 86' lang='lat' dir='ltr'><strong>pro</strong></span> <span class='ocrx_word' id='word_1_404' title='bbox 1214 5179 1374 5226; x_wconf 91' lang='lat' dir='ltr'><strong>reatu</strong></span> <span class='ocrx_word' id='word_1_405' title='bbox 1433 5188 1536 5225; x_wconf 88' lang='lat' dir='ltr'><strong>suo</strong></span> <span class='ocrx_word' id='word_1_406' title='bbox 1593 5171 1827 5241; x_wconf 90' lang='lat' dir='ltr'><strong>patitur,</strong></span> <span class='ocrx_word' id='word_1_407' title='bbox 1862 5169 1908 5223; x_wconf 92' lang='lat' dir='ltr'><strong>si</strong></span> 
     </span>
    </p>
   </div>
   <div class='ocr_carea' id='block_1_59' title="bbox 205 5260 1907 5335">
    <p class='ocr_par' dir='ltr' id='par_1_59' title="bbox 205 5260 1907 5335">
     <span class='ocr_line' id='line_1_59' title="bbox 205 5260 1907 5335; baseline -0.005 -15"><span class='ocrx_word' id='word_1_408' title='bbox 205 5270 364 5321; x_wconf 90' lang='lat' dir='ltr'><strong>tanto</strong></span> <span class='ocrx_word' id='word_1_409' title='bbox 398 5265 547 5335; x_wconf 81' lang='lat' dir='ltr'><strong>ignis</strong></span> <span class='ocrx_word' id='word_1_410' title='bbox 577 5264 857 5335; x_wconf 90' lang='lat' dir='ltr'><strong>supplicio</strong></span> <span class='ocrx_word' id='word_1_411' title='bbox 906 5263 1075 5317; x_wconf 90' lang='lat' dir='ltr'><strong>etiam</strong></span> <span class='ocrx_word' id='word_1_412' title='bbox 1107 5260 1461 5317; x_wconf 89' lang='lat' dir='ltr'><strong>insensibilia</strong></span> <span class='ocrx_word' id='word_1_413' title='bbox 1510 5276 1635 5313; x_wconf 90' lang='lat' dir='ltr'><strong>ossa</strong></span> <span class='ocrx_word' id='word_1_414' title='bbox 1674 5275 1907 5313; x_wconf 90' lang='lat' dir='ltr'><strong>concre-</strong></span> 
     </span>
    </p>
   </div>
   <div class='ocr_carea' id='block_1_60' title="bbox 206 5362 458 5410">
    <p class='ocr_par' dir='ltr' id='par_1_60' title="bbox 206 5362 458 5410">
     <span class='ocr_line' id='line_1_60' title="bbox 206 5362 458 5410; baseline -0.004 0"><span class='ocrx_word' id='word_1_415' title='bbox 206 5362 458 5410; x_wconf 89' lang='lat' dir='ltr'><strong>mantur.</strong></span> 
     </span>
    </p>
   </div>
   <div class='ocr_carea' id='block_1_61' title="bbox 208 5436 1908 5511">
    <p class='ocr_par' dir='ltr' id='par_1_61' title="bbox 208 5436 1908 5511">
     <span class='ocr_line' id='line_1_61' title="bbox 208 5436 1908 5511; baseline -0.008 -9"><span class='ocrx_word' id='word_1_416' title='bbox 208 5448 334 5502; x_wconf 75' lang='lat' dir='ltr'><strong>CAP.</strong></span> <span class='ocrx_word' id='word_1_417' title='bbox 358 5444 587 5499; x_wconf 85' lang='lat' dir='ltr'><strong>XLVIII.</strong></span> <span class='ocrx_word' id='word_1_418' title='bbox 617 5473 686 5485; x_wconf 88' lang='lat'><strong>--</strong></span> <span class='ocrx_word' id='word_1_419' title='bbox 705 5445 778 5497; x_wconf 84' lang='lat' dir='ltr'><strong>De</strong></span> <span class='ocrx_word' id='word_1_420' title='bbox 807 5442 1041 5511; x_wconf 87' lang='lat' dir='ltr'><strong>quodam</strong></span> <span class='ocrx_word' id='word_1_421' title='bbox 1067 5443 1265 5507; x_wconf 81' lang='lat' dir='ltr'><strong>fratre,</strong></span> <span class='ocrx_word' id='word_1_422' title='bbox 1288 5441 1385 5509; x_wconf 88' lang='lat' dir='ltr'><strong>qui</strong></span> <span class='ocrx_word' id='word_1_423' title='bbox 1421 5436 1846 5508; x_wconf 83' lang='lat' dir='ltr'><strong>impugnabatur</strong></span> <span class='ocrx_word' id='word_1_424' title='bbox 1873 5452 1908 5490; x_wconf 90' lang='lat' dir='ltr'><strong>a</strong></span> 
     </span>
    </p>
   </div>
   <div class='ocr_carea' id='block_1_62' title="bbox 737 5512 1369 5583">
    <p class='ocr_par' dir='ltr' id='par_1_62' title="bbox 737 5512 1369 5583">
     <span class='ocr_line' id='line_1_62' title="bbox 737 5512 1369 5583; baseline -0.006 -15"><span class='ocrx_word' id='word_1_425' title='bbox 737 5517 939 5583; x_wconf 86' lang='lat' dir='ltr'><strong>spiritu</strong></span> <span class='ocrx_word' id='word_1_426' title='bbox 964 5512 1369 5583; x_wconf 80' lang='lat' dir='ltr'><strong>fornicationis.</strong></span> 
     </span>
    </p>
   </div>
   <div class='ocr_carea' id='block_1_63' title="bbox 282 5580 1906 5657">
    <p class='ocr_par' dir='ltr' id='par_1_63' title="bbox 282 5580 1906 5657">
     <span class='ocr_line' id='line_1_63' title="bbox 282 5580 1906 5657; baseline -0.006 -14"><span class='ocrx_word' id='word_1_427' title='bbox 282 5588 394 5657; x_wconf 72' lang='lat' dir='ltr'><strong>(Em</strong></span> <span class='ocrx_word' id='word_1_428' title='bbox 446 5586 609 5642; x_wconf 85' lang='lat' dir='ltr'><strong>dictis</strong></span> <span class='ocrx_word' id='word_1_429' title='bbox 648 5580 949 5656; x_wconf 64' lang='lat' dir='ltr'><strong>Paphnutii</strong></span> <span class='ocrx_word' id='word_1_430' title='bbox 988 5582 1261 5652; x_wconf 71' lang='lat' dir='ltr'><strong>eremitae.)</strong></span> <span class='ocrx_word' id='word_1_431' title='bbox 1302 5580 1544 5648; x_wconf 85' lang='lat' dir='ltr'><strong>Quidam</strong></span> <span class='ocrx_word' id='word_1_432' title='bbox 1577 5582 1741 5651; x_wconf 86' lang='lat' dir='ltr'><strong>pater</strong></span> <span class='ocrx_word' id='word_1_433' title='bbox 1781 5592 1906 5633; x_wconf 88' lang='lat' dir='ltr'><strong>mo-</strong></span> 
     </span>
    </p>
   </div>
   <div class='ocr_carea' id='block_1_64' title="bbox 2014 525 3715 599">
    <p class='ocr_par' dir='ltr' id='par_1_64' title="bbox 2014 525 3715 599">
     <span class='ocr_line' id='line_1_64' title="bbox 2014 525 3715 599; baseline 0.002 -20"><span class='ocrx_word' id='word_1_434' title='bbox 2014 531 2129 580; x_wconf 90' lang='lat' dir='ltr'><strong>tem</strong></span> <span class='ocrx_word' id='word_1_435' title='bbox 2156 528 2223 580; x_wconf 84' lang='lat' dir='ltr'><strong>ad</strong></span> <span class='ocrx_word' id='word_1_436' title='bbox 2275 526 2564 597; x_wconf 86' lang='lat' dir='ltr'><strong>quendam</strong></span> <span class='ocrx_word' id='word_1_437' title='bbox 2616 525 3082 594; x_wconf 86' lang='lat' dir='ltr'><strong>probatissimum</strong></span> <span class='ocrx_word' id='word_1_438' title='bbox 3140 527 3443 596; x_wconf 89' lang='lat' dir='ltr'><strong>seniorem,</strong></span> <span class='ocrx_word' id='word_1_439' title='bbox 3476 535 3533 582; x_wconf 90' lang='lat' dir='ltr'><strong>et</strong></span> <span class='ocrx_word' id='word_1_440' title='bbox 3584 546 3715 599; x_wconf 88' lang='lat' dir='ltr'><strong>pre-</strong></span> 
     </span>
    </p>
   </div>
   <div class='ocr_carea' id='block_1_65' title="bbox 2015 614 3707 685">
    <p class='ocr_par' dir='ltr' id='par_1_65' title="bbox 2015 614 3707 685">
     <span class='ocr_line' id='line_1_65' title="bbox 2015 614 3707 685; baseline 0.001 -16"><span class='ocrx_word' id='word_1_441' title='bbox 2015 616 2247 669; x_wconf 88' lang='lat' dir='ltr'><strong>cabatur</strong></span> <span class='ocrx_word' id='word_1_442' title='bbox 2325 631 2477 680; x_wconf 91' lang='lat' dir='ltr'><strong>eum,</strong></span> <span class='ocrx_word' id='word_1_443' title='bbox 2538 614 2786 669; x_wconf 89' lang='lat' dir='ltr'><strong>dicens:</strong></span> <span class='ocrx_word' id='word_1_444' title='bbox 2842 615 2992 667; x_wconf 87' lang='lat' dir='ltr'><strong>Pone</strong></span> <span class='ocrx_word' id='word_1_445' title='bbox 3068 614 3171 667; x_wconf 91' lang='lat' dir='ltr'><strong>tibi</strong></span> <span class='ocrx_word' id='word_1_446' title='bbox 3244 617 3707 685; x_wconf 89' lang='lat' dir='ltr'><strong>sollicitudinem,</strong></span> 
     </span>
    </p>
   </div>
   <div class='ocr_carea' id='block_1_66' title="bbox 2015 702 3714 775">
    <p class='ocr_par' dir='ltr' id='par_1_66' title="bbox 2015 702 3714 775">
     <span class='ocr_line' id='line_1_66' title="bbox 2015 702 3714 775; baseline 0.002 -18"><span class='ocrx_word' id='word_1_447' title='bbox 2015 702 2339 758; x_wconf 85' lang='lat' dir='ltr'><strong>beatissime</strong></span> <span class='ocrx_word' id='word_1_448' title='bbox 2392 708 2574 773; x_wconf 90' lang='lat' dir='ltr'><strong>pater,</strong></span> <span class='ocrx_word' id='word_1_449' title='bbox 2609 708 2665 756; x_wconf 90' lang='lat' dir='ltr'><strong>et</strong></span> <span class='ocrx_word' id='word_1_450' title='bbox 2694 719 2793 755; x_wconf 87' lang='lat' dir='ltr'><strong>ora</strong></span> <span class='ocrx_word' id='word_1_451' title='bbox 2847 718 2949 771; x_wconf 87' lang='lat' dir='ltr'><strong>pro</strong></span> <span class='ocrx_word' id='word_1_452' title='bbox 2982 718 3110 756; x_wconf 86' lang='lat' dir='ltr'><strong>me:</strong></span> <span class='ocrx_word' id='word_1_453' title='bbox 3146 702 3280 771; x_wconf 87' lang='lat' dir='ltr'><strong>quia</strong></span> <span class='ocrx_word' id='word_1_454' title='bbox 3336 705 3581 775; x_wconf 87' lang='lat' dir='ltr'><strong>graviter</strong></span> <span class='ocrx_word' id='word_1_455' title='bbox 3622 723 3714 760; x_wconf 92' lang='lat' dir='ltr'><strong>me</strong></span> 
     </span>
    </p>
   </div>
   <div class='ocr_carea' id='block_1_67' title="bbox 2016 791 3713 863">
    <p class='ocr_par' dir='ltr' id='par_1_67' title="bbox 2016 791 3713 863">
     <span class='ocr_line' id='line_1_67' title="bbox 2016 791 3713 863; baseline 0.001 -17"><span class='ocrx_word' id='word_1_456' title='bbox 2016 793 2315 863; x_wconf 88' lang='lat' dir='ltr'><strong>impugnat</strong></span> <span class='ocrx_word' id='word_1_457' title='bbox 2368 791 2553 862; x_wconf 83' lang='lat' dir='ltr'><strong>passio</strong></span> <span class='ocrx_word' id='word_1_458' title='bbox 2606 791 3021 846; x_wconf 86' lang='lat' dir='ltr'><strong>fornicationis.</strong></span> <span class='ocrx_word' id='word_1_459' title='bbox 3081 792 3212 844; x_wconf 84' lang='lat' dir='ltr'><strong>Haec</strong></span> <span class='ocrx_word' id='word_1_460' title='bbox 3268 807 3398 845; x_wconf 91' lang='lat' dir='ltr'><strong>cum</strong></span> <span class='ocrx_word' id='word_1_461' title='bbox 3458 794 3713 848; x_wconf 89' lang='lat' dir='ltr'><strong>audisset</strong></span> 
     </span>
    </p>
   </div>
   <div class='ocr_carea' id='block_1_68' title="bbox 2016 878 3713 950">
    <p class='ocr_par' dir='ltr' id='par_1_68' title="bbox 2016 878 3713 950">
     <span class='ocr_line' id='line_1_68' title="bbox 2016 878 3713 950; baseline 0.001 -16"><span class='ocrx_word' id='word_1_462' title='bbox 2016 879 2228 941; x_wconf 89' lang='lat' dir='ltr'><strong>senior,</strong></span> <span class='ocrx_word' id='word_1_463' title='bbox 2256 880 2454 932; x_wconf 89' lang='lat' dir='ltr'><strong>orabat</strong></span> <span class='ocrx_word' id='word_1_464' title='bbox 2508 880 2724 932; x_wconf 89' lang='lat' dir='ltr'><strong>intente</strong></span> <span class='ocrx_word' id='word_1_465' title='bbox 2781 878 2982 931; x_wconf 90' lang='lat' dir='ltr'><strong>diebus</strong></span> <span class='ocrx_word' id='word_1_466' title='bbox 3035 895 3099 931; x_wconf 92' lang='lat' dir='ltr'><strong>ac</strong></span> <span class='ocrx_word' id='word_1_467' title='bbox 3157 880 3439 946; x_wconf 87' lang='lat' dir='ltr'><strong>noctibus,</strong></span> <span class='ocrx_word' id='word_1_468' title='bbox 3491 897 3594 950; x_wconf 91' lang='lat' dir='ltr'><strong>pro</strong></span> <span class='ocrx_word' id='word_1_469' title='bbox 3646 898 3713 936; x_wconf 91' lang='lat' dir='ltr'><strong>eo</strong></span> 
     </span>
    </p>
   </div>
   <div class='ocr_carea' id='block_1_69' title="bbox 2017 967 3714 1039">
    <p class='ocr_par' dir='ltr' id='par_1_69' title="bbox 2017 967 3714 1039">
     <span class='ocr_line' id='line_1_69' title="bbox 2017 967 3714 1039; baseline 0 -16"><span class='ocrx_word' id='word_1_470' title='bbox 2017 969 2324 1039; x_wconf 89' lang='lat' dir='ltr'><strong>deprecans</strong></span> <span class='ocrx_word' id='word_1_471' title='bbox 2372 967 2600 1022; x_wconf 89' lang='lat' dir='ltr'><strong>Domini</strong></span> <span class='ocrx_word' id='word_1_472' title='bbox 2683 967 3159 1021; x_wconf 88' lang='lat' dir='ltr'><strong>misericordiam.</strong></span> <span class='ocrx_word' id='word_1_473' title='bbox 3240 968 3455 1021; x_wconf 88' lang='lat' dir='ltr'><strong>lterum</strong></span> <span class='ocrx_word' id='word_1_474' title='bbox 3522 974 3714 1023; x_wconf 89' lang='lat' dir='ltr'><strong>autem</strong></span> 
     </span>
    </p>
   </div>
   <div class='ocr_carea' id='block_1_70' title="bbox 2014 1055 3716 1128">
    <p class='ocr_par' dir='ltr' id='par_1_70' title="bbox 2014 1055 3716 1128">
     <span class='ocr_line' id='line_1_70' title="bbox 2014 1055 3716 1128; baseline 0.001 -17"><span class='ocrx_word' id='word_1_475' title='bbox 2014 1058 2278 1111; x_wconf 88' lang='lat' dir='ltr'><strong>veniebat</strong></span> <span class='ocrx_word' id='word_1_476' title='bbox 2305 1056 2457 1110; x_wconf 91' lang='lat' dir='ltr'><strong>idem</strong></span> <span class='ocrx_word' id='word_1_477' title='bbox 2491 1056 2683 1122; x_wconf 88' lang='lat' dir='ltr'><strong>frater,</strong></span> <span class='ocrx_word' id='word_1_478' title='bbox 2718 1060 2775 1108; x_wconf 91' lang='lat' dir='ltr'><strong>et</strong></span> <span class='ocrx_word' id='word_1_479' title='bbox 2822 1055 3059 1123; x_wconf 84' lang='lat' dir='ltr'><strong>rogabat</strong></span> <span class='ocrx_word' id='word_1_480' title='bbox 3089 1055 3392 1123; x_wconf 89' lang='lat' dir='ltr'><strong>seniorem,</strong></span> <span class='ocrx_word' id='word_1_481' title='bbox 3426 1061 3489 1109; x_wconf 92' lang='lat' dir='ltr'><strong>ut</strong></span> <span class='ocrx_word' id='word_1_482' title='bbox 3532 1059 3716 1128; x_wconf 88' lang='lat' dir='ltr'><strong>magis</strong></span> 
     </span>
    </p>
   </div>
   <div class='ocr_carea' id='block_1_71' title="bbox 2014 1143 3715 1216">
    <p class='ocr_par' dir='ltr' id='par_1_71' title="bbox 2014 1143 3715 1216">
     <span class='ocr_line' id='line_1_71' title="bbox 2014 1143 3715 1216; baseline 0 -16"><span class='ocrx_word' id='word_1_483' title='bbox 2014 1146 2289 1200; x_wconf 89' lang='lat' dir='ltr'><strong>intentius</strong></span> <span class='ocrx_word' id='word_1_484' title='bbox 2319 1161 2423 1216; x_wconf 93' lang='lat' dir='ltr'><strong>pro</strong></span> <span class='ocrx_word' id='word_1_485' title='bbox 2446 1161 2513 1198; x_wconf 93' lang='lat' dir='ltr'><strong>eo</strong></span> <span class='ocrx_word' id='word_1_486' title='bbox 2554 1148 2760 1198; x_wconf 82' lang='lat' dir='ltr'><strong>oraret.</strong></span> <span class='ocrx_word' id='word_1_487' title='bbox 2807 1143 3083 1198; x_wconf 88' lang='lat' dir='ltr'><strong>Similiter</strong></span> <span class='ocrx_word' id='word_1_488' title='bbox 3112 1148 3305 1198; x_wconf 87' lang='lat' dir='ltr'><strong>autem</strong></span> <span class='ocrx_word' id='word_1_489' title='bbox 3364 1161 3494 1198; x_wconf 90' lang='lat' dir='ltr'><strong>cum</strong></span> <span class='ocrx_word' id='word_1_490' title='bbox 3557 1148 3715 1200; x_wconf 88' lang='lat' dir='ltr'><strong>omni</strong></span> 
     </span>
    </p>
   </div>
   <div class='ocr_carea' id='block_1_72' title="bbox 2017 1232 3712 1305">
    <p class='ocr_par' dir='ltr' id='par_1_72' title="bbox 2017 1232 3712 1305">
     <span class='ocr_line' id='line_1_72' title="bbox 2017 1232 3712 1305; baseline 0.001 -17"><span class='ocrx_word' id='word_1_491' title='bbox 2017 1234 2400 1288; x_wconf 87' lang='lat' dir='ltr'><strong>sollicitudine</strong></span> <span class='ocrx_word' id='word_1_492' title='bbox 2450 1235 2651 1289; x_wconf 89' lang='lat' dir='ltr'><strong>beatus</strong></span> <span class='ocrx_word' id='word_1_493' title='bbox 2687 1232 2879 1287; x_wconf 90' lang='lat' dir='ltr'><strong>senior</strong></span> <span class='ocrx_word' id='word_1_494' title='bbox 2909 1233 3111 1287; x_wconf 85' lang='lat' dir='ltr'><strong>orabat</strong></span> <span class='ocrx_word' id='word_1_495' title='bbox 3136 1233 3412 1287; x_wconf 89' lang='lat' dir='ltr'><strong>intentius</strong></span> <span class='ocrx_word' id='word_1_496' title='bbox 3456 1251 3560 1305; x_wconf 90' lang='lat' dir='ltr'><strong>pro</strong></span> <span class='ocrx_word' id='word_1_497' title='bbox 3625 1252 3712 1289; x_wconf 90' lang='lat' dir='ltr'><strong>eo.</strong></span> 
     </span>
    </p>
   </div>
   <div class='ocr_carea' id='block_1_73' title="bbox 2018 1322 3714 1396">
    <p class='ocr_par' dir='ltr' id='par_1_73' title="bbox 2018 1322 3714 1396">
     <span class='ocr_line' id='line_1_73' title="bbox 2018 1322 3714 1396; baseline -0.001 -18"><span class='ocrx_word' id='word_1_498' title='bbox 2018 1326 2370 1396; x_wconf 88' lang='lat' dir='ltr'><strong>Frequenter</strong></span> <span class='ocrx_word' id='word_1_499' title='bbox 2401 1328 2593 1377; x_wconf 90' lang='lat' dir='ltr'><strong>autem</strong></span> <span class='ocrx_word' id='word_1_500' title='bbox 2654 1322 2978 1376; x_wconf 84' lang='lat' dir='ltr'><strong>venientem</strong></span> <span class='ocrx_word' id='word_1_501' title='bbox 3034 1322 3105 1377; x_wconf 81' lang='lat' dir='ltr'><strong>ad</strong></span> <span class='ocrx_word' id='word_1_502' title='bbox 3136 1339 3195 1376; x_wconf 90' lang='lat' dir='ltr'><strong>se</strong></span> <span class='ocrx_word' id='word_1_503' title='bbox 3257 1324 3599 1377; x_wconf 89' lang='lat' dir='ltr'><strong>monachum</strong></span> <span class='ocrx_word' id='word_1_504' title='bbox 3632 1325 3714 1377; x_wconf 90' lang='lat' dir='ltr'><strong>vi-</strong></span> 
     </span>
    </p>
   </div>
   <div class='ocr_carea' id='block_1_74' title="bbox 2018 1412 3714 1480">
    <p class='ocr_par' dir='ltr' id='par_1_74' title="bbox 2018 1412 3714 1480">
     <span class='ocr_line' id='line_1_74' title="bbox 2018 1412 3714 1480; baseline -0.002 -12"><span class='ocrx_word' id='word_1_505' title='bbox 2018 1414 2157 1469; x_wconf 89' lang='lat' dir='ltr'><strong>dens</strong></span> <span class='ocrx_word' id='word_1_506' title='bbox 2209 1413 2420 1478; x_wconf 87' lang='lat' dir='ltr'><strong>senior,</strong></span> <span class='ocrx_word' id='word_1_507' title='bbox 2475 1418 2531 1465; x_wconf 91' lang='lat' dir='ltr'><strong>et</strong></span> <span class='ocrx_word' id='word_1_508' title='bbox 2583 1412 2985 1480; x_wconf 82' lang='lat' dir='ltr'><strong>deprecantem</strong></span> <span class='ocrx_word' id='word_1_509' title='bbox 3044 1428 3102 1464; x_wconf 91' lang='lat' dir='ltr'><strong>se</strong></span> <span class='ocrx_word' id='word_1_510' title='bbox 3168 1416 3232 1465; x_wconf 90' lang='lat' dir='ltr'><strong>ut</strong></span> <span class='ocrx_word' id='word_1_511' title='bbox 3287 1416 3492 1479; x_wconf 89' lang='lat' dir='ltr'><strong>oraret,</strong></span> <span class='ocrx_word' id='word_1_512' title='bbox 3553 1412 3714 1465; x_wconf 88' lang='lat' dir='ltr'><strong>valde</strong></span> 
     </span>
    </p>
   </div>
   <div class='ocr_carea' id='block_1_75' title="bbox 2018 1499 3710 1570">
    <p class='ocr_par' dir='ltr' id='par_1_75' title="bbox 2018 1499 3710 1570">
     <span class='ocr_line' id='line_1_75' title="bbox 2018 1499 3710 1570; baseline -0.002 -14"><span class='ocrx_word' id='word_1_513' title='bbox 2018 1502 2382 1557; x_wconf 90' lang='lat' dir='ltr'><strong>contristatus</strong></span> <span class='ocrx_word' id='word_1_514' title='bbox 2438 1500 2829 1555; x_wconf 81' lang='lat' dir='ltr'><strong>admirabatur</strong></span> <span class='ocrx_word' id='word_1_515' title='bbox 2886 1499 3022 1570; x_wconf 90' lang='lat' dir='ltr'><strong>quia</strong></span> <span class='ocrx_word' id='word_1_516' title='bbox 3076 1516 3193 1553; x_wconf 92' lang='lat' dir='ltr'><strong>non</strong></span> <span class='ocrx_word' id='word_1_517' title='bbox 3255 1501 3551 1553; x_wconf 81' lang='lat' dir='ltr'><strong>exaudiret</strong></span> <span class='ocrx_word' id='word_1_518' title='bbox 3603 1500 3710 1552; x_wconf 80' lang='lat' dir='ltr'><strong>llo-</strong></span> 
     </span>
    </p>
   </div>
   <div class='ocr_carea' id='block_1_76' title="bbox 2019 1588 3715 1656">
    <p class='ocr_par' dir='ltr' id='par_1_76' title="bbox 2019 1588 3715 1656">
     <span class='ocr_line' id='line_1_76' title="bbox 2019 1588 3715 1656; baseline -0.002 -11"><span class='ocrx_word' id='word_1_519' title='bbox 2019 1592 2230 1656; x_wconf 89' lang='lat' dir='ltr'><strong>minus,</strong></span> <span class='ocrx_word' id='word_1_520' title='bbox 2260 1591 2548 1643; x_wconf 90' lang='lat' dir='ltr'><strong>orationes</strong></span> <span class='ocrx_word' id='word_1_521' title='bbox 2578 1606 2727 1642; x_wconf 90' lang='lat' dir='ltr'><strong>suas.</strong></span> <span class='ocrx_word' id='word_1_522' title='bbox 2762 1588 2967 1642; x_wconf 90' lang='lat' dir='ltr'><strong>Eadem</strong></span> <span class='ocrx_word' id='word_1_523' title='bbox 3010 1594 3200 1642; x_wconf 90' lang='lat' dir='ltr'><strong>autem</strong></span> <span class='ocrx_word' id='word_1_524' title='bbox 3231 1594 3413 1655; x_wconf 89' lang='lat' dir='ltr'><strong>nocte,</strong></span> <span class='ocrx_word' id='word_1_525' title='bbox 3448 1589 3715 1641; x_wconf 89' lang='lat' dir='ltr'><strong>revelavit</strong></span> 
     </span>
    </p>
   </div>
   <div class='ocr_carea' id='block_1_77' title="bbox 1945 1676 3716 1768">
    <p class='ocr_par' dir='ltr' id='par_1_77' title="bbox 1945 1676 3716 1768">
     <span class='ocr_line' id='line_1_77' title="bbox 1945 1676 3716 1768; baseline -0.002 -35"><span class='ocrx_word' id='word_1_526' title='bbox 1945 1714 1985 1768; x_wconf 79' lang='grc' dir='ltr'><strong>Β</strong></span> <span class='ocrx_word' id='word_1_527' title='bbox 2020 1680 2070 1733; x_wconf 92' lang='lat' dir='ltr'><strong>ei</strong></span> <span class='ocrx_word' id='word_1_528' title='bbox 2104 1679 2401 1744; x_wconf 86' lang='lat' dir='ltr'><strong>Dominus,</strong></span> <span class='ocrx_word' id='word_1_529' title='bbox 2436 1693 2565 1747; x_wconf 66' lang='lat' dir='ltr'><strong>quas</strong></span> <span class='ocrx_word' id='word_1_530' title='bbox 2612 1677 2759 1729; x_wconf 87' lang='lat' dir='ltr'><strong>circa</strong></span> <span class='ocrx_word' id='word_1_531' title='bbox 2813 1676 2975 1728; x_wconf 90' lang='lat' dir='ltr'><strong>illum</strong></span> <span class='ocrx_word' id='word_1_532' title='bbox 3028 1676 3375 1729; x_wconf 88' lang='lat' dir='ltr'><strong>monachum</strong></span> <span class='ocrx_word' id='word_1_533' title='bbox 3407 1681 3588 1744; x_wconf 87' lang='lat' dir='ltr'><strong>erant,</strong></span> <span class='ocrx_word' id='word_1_534' title='bbox 3621 1692 3716 1730; x_wconf 87' lang='lat' dir='ltr'><strong>ne-</strong></span> 
     </span>
    </p>
   </div>
   <div class='ocr_carea' id='block_1_78' title="bbox 2015 1764 3715 1837">
    <p class='ocr_par' dir='ltr' id='par_1_78' title="bbox 2015 1764 3715 1837">
     <span class='ocr_line' id='line_1_78' title="bbox 2015 1764 3715 1837; baseline -0.002 -17"><span class='ocrx_word' id='word_1_535' title='bbox 2015 1766 2324 1837; x_wconf 82' lang='lat' dir='ltr'><strong>gligentiae,</strong></span> <span class='ocrx_word' id='word_1_536' title='bbox 2357 1771 2413 1819; x_wconf 92' lang='lat' dir='ltr'><strong>et</strong></span> <span class='ocrx_word' id='word_1_537' title='bbox 2460 1765 2703 1836; x_wconf 60' lang='lat' dir='ltr'><strong>ignavias</strong></span> <span class='ocrx_word' id='word_1_538' title='bbox 2735 1764 3161 1830; x_wconf 89' lang='lat' dir='ltr'><strong>resolutionem,</strong></span> <span class='ocrx_word' id='word_1_539' title='bbox 3207 1768 3261 1817; x_wconf 88' lang='lat' dir='ltr'><strong>et</strong></span> <span class='ocrx_word' id='word_1_540' title='bbox 3314 1764 3715 1818; x_wconf 88' lang='lat' dir='ltr'><strong>delectationes</strong></span> 
     </span>
    </p>
   </div>
   <div class='ocr_carea' id='block_1_79' title="bbox 2015 1852 3716 1924">
    <p class='ocr_par' dir='ltr' id='par_1_79' title="bbox 2015 1852 3716 1924">
     <span class='ocr_line' id='line_1_79' title="bbox 2015 1852 3716 1924; baseline -0.004 -15"><span class='ocrx_word' id='word_1_541' title='bbox 2015 1856 2138 1909; x_wconf 91' lang='lat' dir='ltr'><strong>fore</strong></span> <span class='ocrx_word' id='word_1_542' title='bbox 2187 1870 2487 1924; x_wconf 89' lang='lat' dir='ltr'><strong>corporeas</strong></span> <span class='ocrx_word' id='word_1_543' title='bbox 2530 1852 2715 1907; x_wconf 91' lang='lat' dir='ltr'><strong>cordis</strong></span> <span class='ocrx_word' id='word_1_544' title='bbox 2745 1853 2885 1921; x_wconf 88' lang='lat' dir='ltr'><strong>ejus.</strong></span> <span class='ocrx_word' id='word_1_545' title='bbox 2920 1852 3001 1904; x_wconf 91' lang='lat' dir='ltr'><strong>Ita</strong></span> <span class='ocrx_word' id='word_1_546' title='bbox 3050 1856 3238 1905; x_wconf 90' lang='lat' dir='ltr'><strong>autem</strong></span> <span class='ocrx_word' id='word_1_547' title='bbox 3296 1856 3585 1905; x_wconf 88' lang='lat' dir='ltr'><strong>ostensum</strong></span> <span class='ocrx_word' id='word_1_548' title='bbox 3632 1858 3716 1905; x_wconf 86' lang='lat' dir='ltr'><strong>est.</strong></span> 
     </span>
    </p>
   </div>
   <div class='ocr_carea' id='block_1_80' title="bbox 2017 1941 3713 2007">
    <p class='ocr_par' dir='ltr' id='par_1_80' title="bbox 2017 1941 3713 2007">
     <span class='ocr_line' id='line_1_80' title="bbox 2017 1941 3713 2007; baseline -0.002 -10"><span class='ocrx_word' id='word_1_549' title='bbox 2017 1948 2210 1997; x_wconf 91' lang='lat' dir='ltr'><strong>sancto</strong></span> <span class='ocrx_word' id='word_1_550' title='bbox 2238 1942 2466 1996; x_wconf 89' lang='lat' dir='ltr'><strong>seniori.</strong></span> <span class='ocrx_word' id='word_1_551' title='bbox 2510 1942 2661 1995; x_wconf 88' lang='lat' dir='ltr'><strong>Vidit</strong></span> <span class='ocrx_word' id='word_1_552' title='bbox 2708 1941 3000 1995; x_wconf 89' lang='lat' dir='ltr'><strong>sedentem</strong></span> <span class='ocrx_word' id='word_1_553' title='bbox 3035 1941 3196 1993; x_wconf 86' lang='lat' dir='ltr'><strong>illum</strong></span> <span class='ocrx_word' id='word_1_554' title='bbox 3256 1942 3623 2007; x_wconf 86' lang='lat' dir='ltr'><strong>monachum,</strong></span> <span class='ocrx_word' id='word_1_555' title='bbox 3657 1945 3713 1994; x_wconf 92' lang='lat' dir='ltr'><strong>et</strong></span> 
     </span>
    </p>
   </div>
   <div class='ocr_carea' id='block_1_81' title="bbox 2018 2028 3713 2102">
    <p class='ocr_par' dir='ltr' id='par_1_81' title="bbox 2018 2028 3713 2102">
     <span class='ocr_line' id='line_1_81' title="bbox 2018 2028 3713 2102; baseline -0.001 -17"><span class='ocrx_word' id='word_1_556' title='bbox 2018 2032 2283 2102; x_wconf 90' lang='lat' dir='ltr'><strong>spiritum</strong></span> <span class='ocrx_word' id='word_1_557' title='bbox 2314 2030 2704 2085; x_wconf 83' lang='lat' dir='ltr'><strong>fornicationis</strong></span> <span class='ocrx_word' id='word_1_558' title='bbox 2736 2029 2792 2082; x_wconf 90' lang='lat' dir='ltr'><strong>in</strong></span> <span class='ocrx_word' id='word_1_559' title='bbox 2854 2028 3092 2081; x_wconf 89' lang='lat' dir='ltr'><strong>diversis</strong></span> <span class='ocrx_word' id='word_1_560' title='bbox 3152 2029 3461 2083; x_wconf 89' lang='lat' dir='ltr'><strong>mulierum</strong></span> <span class='ocrx_word' id='word_1_561' title='bbox 3512 2030 3713 2083; x_wconf 87' lang='lat' dir='ltr'><strong>formis</strong></span> 
     </span>
    </p>
   </div>
   <div class='ocr_carea' id='block_1_82' title="bbox 2016 2117 3716 2187">
    <p class='ocr_par' dir='ltr' id='par_1_82' title="bbox 2016 2117 3716 2187">
     <span class='ocr_line' id='line_1_82' title="bbox 2016 2117 3716 2187; baseline -0.002 -13"><span class='ocrx_word' id='word_1_562' title='bbox 2016 2127 2148 2174; x_wconf 90' lang='lat' dir='ltr'><strong>ante</strong></span> <span class='ocrx_word' id='word_1_563' title='bbox 2179 2120 2342 2173; x_wconf 89' lang='lat' dir='ltr'><strong>illum</strong></span> <span class='ocrx_word' id='word_1_564' title='bbox 2384 2119 2697 2185; x_wconf 89' lang='lat' dir='ltr'><strong>ludentem,</strong></span> <span class='ocrx_word' id='word_1_565' title='bbox 2726 2122 2781 2170; x_wconf 88' lang='lat' dir='ltr'><strong>et</strong></span> <span class='ocrx_word' id='word_1_566' title='bbox 2809 2117 2996 2187; x_wconf 91' lang='lat' dir='ltr'><strong>ipsum</strong></span> <span class='ocrx_word' id='word_1_567' title='bbox 3028 2117 3429 2171; x_wconf 90' lang='lat' dir='ltr'><strong>condelectari.</strong></span> <span class='ocrx_word' id='word_1_568' title='bbox 3485 2118 3716 2171; x_wconf 86' lang='lat' dir='ltr'><strong>Videbat</strong></span> 
     </span>
    </p>
   </div>
   <div class='ocr_carea' id='block_1_83' title="bbox 2017 2205 3715 2279">
    <p class='ocr_par' dir='ltr' id='par_1_83' title="bbox 2017 2205 3715 2279">
     <span class='ocr_line' id='line_1_83' title="bbox 2017 2205 3715 2279; baseline -0.003 -16"><span class='ocrx_word' id='word_1_569' title='bbox 2017 2215 2073 2264; x_wconf 92' lang='lat' dir='ltr'><strong>et</strong></span> <span class='ocrx_word' id='word_1_570' title='bbox 2103 2211 2370 2279; x_wconf 89' lang='lat' dir='ltr'><strong>angelum</strong></span> <span class='ocrx_word' id='word_1_571' title='bbox 2413 2208 2633 2261; x_wconf 89' lang='lat' dir='ltr'><strong>Domini</strong></span> <span class='ocrx_word' id='word_1_572' title='bbox 2681 2212 2983 2269; x_wconf 85' lang='lat' dir='ltr'><strong>astantem,</strong></span> <span class='ocrx_word' id='word_1_573' title='bbox 3025 2210 3081 2259; x_wconf 89' lang='lat' dir='ltr'><strong>et</strong></span> <span class='ocrx_word' id='word_1_574' title='bbox 3128 2205 3528 2275; x_wconf 89' lang='lat' dir='ltr'><strong>indignantem</strong></span> <span class='ocrx_word' id='word_1_575' title='bbox 3585 2223 3715 2275; x_wconf 90' lang='lat' dir='ltr'><strong>gra-</strong></span> 
     </span>
    </p>
   </div>
   <div class='ocr_carea' id='block_1_84' title="bbox 2015 2292 3713 2363">
    <p class='ocr_par' dir='ltr' id='par_1_84' title="bbox 2015 2292 3713 2363">
     <span class='ocr_line' id='line_1_84' title="bbox 2015 2292 3713 2363; baseline -0.002 -14"><span class='ocrx_word' id='word_1_576' title='bbox 2015 2298 2160 2351; x_wconf 86' lang='lat' dir='ltr'><strong>viter</strong></span> <span class='ocrx_word' id='word_1_577' title='bbox 2208 2302 2406 2350; x_wconf 90' lang='lat' dir='ltr'><strong>contra</strong></span> <span class='ocrx_word' id='word_1_578' title='bbox 2447 2296 2713 2349; x_wconf 91' lang='lat' dir='ltr'><strong>eumdem</strong></span> <span class='ocrx_word' id='word_1_579' title='bbox 2762 2294 2994 2347; x_wconf 85' lang='lat' dir='ltr'><strong>fratrem</strong></span> <span class='ocrx_word' id='word_1_580' title='bbox 3031 2309 3043 2345; x_wconf 93' lang='lat'><strong>:</strong></span> <span class='ocrx_word' id='word_1_581' title='bbox 3078 2292 3212 2363; x_wconf 89' lang='lat' dir='ltr'><strong>quia</strong></span> <span class='ocrx_word' id='word_1_582' title='bbox 3261 2310 3375 2346; x_wconf 92' lang='lat' dir='ltr'><strong>non</strong></span> <span class='ocrx_word' id='word_1_583' title='bbox 3420 2294 3713 2363; x_wconf 84' lang='lat' dir='ltr'><strong>surgebat,</strong></span> 
     </span>
    </p>
   </div>
   <div class='ocr_carea' id='block_1_85' title="bbox 2016 2381 3714 2457">
    <p class='ocr_par' dir='ltr' id='par_1_85' title="bbox 2016 2381 3714 2457">
     <span class='ocr_line' id='line_1_85' title="bbox 2016 2381 3714 2457; baseline -0.003 -17"><span class='ocrx_word' id='word_1_584' title='bbox 2016 2403 2202 2457; x_wconf 91' lang='lat' dir='ltr'><strong>neque</strong></span> <span class='ocrx_word' id='word_1_585' title='bbox 2255 2384 2654 2455; x_wconf 88' lang='lat' dir='ltr'><strong>prosternebat</strong></span> <span class='ocrx_word' id='word_1_586' title='bbox 2697 2399 2756 2436; x_wconf 90' lang='lat' dir='ltr'><strong>se</strong></span> <span class='ocrx_word' id='word_1_587' title='bbox 2798 2383 2856 2436; x_wconf 90' lang='lat' dir='ltr'><strong>in</strong></span> <span class='ocrx_word' id='word_1_588' title='bbox 2897 2381 3251 2435; x_wconf 88' lang='lat' dir='ltr'><strong>orationibus</strong></span> <span class='ocrx_word' id='word_1_589' title='bbox 3280 2382 3349 2435; x_wconf 90' lang='lat' dir='ltr'><strong>ad</strong></span> <span class='ocrx_word' id='word_1_590' title='bbox 3385 2382 3714 2449; x_wconf 89' lang='lat' dir='ltr'><strong>Dominum,</strong></span> 
     </span>
    </p>
   </div>
   <div class='ocr_carea' id='block_1_86' title="bbox 2017 2471 3719 2544">
    <p class='ocr_par' dir='ltr' id='par_1_86' title="bbox 2017 2471 3719 2544">
     <span class='ocr_line' id='line_1_86' title="bbox 2017 2471 3719 2544; baseline -0.002 -15"><span class='ocrx_word' id='word_1_591' title='bbox 2017 2476 2113 2529; x_wconf 89' lang='lat' dir='ltr'><strong>sed</strong></span> <span class='ocrx_word' id='word_1_592' title='bbox 2171 2474 2351 2544; x_wconf 90' lang='lat' dir='ltr'><strong>magis</strong></span> <span class='ocrx_word' id='word_1_593' title='bbox 2400 2473 2788 2528; x_wconf 87' lang='lat' dir='ltr'><strong>delectabatur</strong></span> <span class='ocrx_word' id='word_1_594' title='bbox 2829 2472 2889 2525; x_wconf 91' lang='lat' dir='ltr'><strong>in</strong></span> <span class='ocrx_word' id='word_1_595' title='bbox 2936 2471 3375 2540; x_wconf 88' lang='lat' dir='ltr'><strong>cogitationibus</strong></span> <span class='ocrx_word' id='word_1_596' title='bbox 3416 2471 3550 2524; x_wconf 88' lang='lat' dir='ltr'><strong>suis.</strong></span> <span class='ocrx_word' id='word_1_597' title='bbox 3589 2472 3719 2525; x_wconf 67' lang='lat' dir='ltr'><strong>Haec</strong></span> 
     </span>
    </p>
   </div>
   <div class='ocr_carea' id='block_1_87' title="bbox 2016 2559 3712 2634">
    <p class='ocr_par' dir='ltr' id='par_1_87' title="bbox 2016 2559 3712 2634">
     <span class='ocr_line' id='line_1_87' title="bbox 2016 2559 3712 2634; baseline -0.003 -16"><span class='ocrx_word' id='word_1_598' title='bbox 2016 2580 2154 2634; x_wconf 89' lang='lat' dir='ltr'><strong>ergo</strong></span> <span class='ocrx_word' id='word_1_599' title='bbox 2198 2568 2421 2617; x_wconf 90' lang='lat' dir='ltr'><strong>ostensa</strong></span> <span class='ocrx_word' id='word_1_600' title='bbox 2477 2567 2610 2615; x_wconf 88' lang='lat' dir='ltr'><strong>sunt</strong></span> <span class='ocrx_word' id='word_1_601' title='bbox 2655 2577 2760 2630; x_wconf 90' lang='lat' dir='ltr'><strong>per</strong></span> <span class='ocrx_word' id='word_1_602' title='bbox 2798 2560 3210 2613; x_wconf 90' lang='lat' dir='ltr'><strong>revelationem</strong></span> <span class='ocrx_word' id='word_1_603' title='bbox 3236 2563 3429 2612; x_wconf 88' lang='lat' dir='ltr'><strong>sancto</strong></span> <span class='ocrx_word' id='word_1_604' title='bbox 3483 2559 3712 2613; x_wconf 91' lang='lat' dir='ltr'><strong>seniori.</strong></span> 
     </span>
    </p>
   </div>
   <div class='ocr_carea' id='block_1_88' title="bbox 2017 2647 3717 2722">
    <p class='ocr_par' dir='ltr' id='par_1_88' title="bbox 2017 2647 3717 2722">
     <span class='ocr_line' id='line_1_88' title="bbox 2017 2647 3717 2722; baseline -0.004 -15"><span class='ocrx_word' id='word_1_605' title='bbox 2017 2652 2292 2722; x_wconf 89' lang='lat' dir='ltr'><strong>Cognovit</strong></span> <span class='ocrx_word' id='word_1_606' title='bbox 2340 2656 2554 2717; x_wconf 87' lang='lat' dir='ltr'><strong>autem,</strong></span> <span class='ocrx_word' id='word_1_607' title='bbox 2605 2649 2742 2720; x_wconf 91' lang='lat' dir='ltr'><strong>quia</strong></span> <span class='ocrx_word' id='word_1_608' title='bbox 2800 2648 2967 2718; x_wconf 91' lang='lat' dir='ltr'><strong>culpa</strong></span> <span class='ocrx_word' id='word_1_609' title='bbox 3025 2652 3080 2701; x_wconf 91' lang='lat' dir='ltr'><strong>et</strong></span> <span class='ocrx_word' id='word_1_610' title='bbox 3136 2647 3490 2717; x_wconf 89' lang='lat' dir='ltr'><strong>negligentia</strong></span> <span class='ocrx_word' id='word_1_611' title='bbox 3563 2648 3717 2701; x_wconf 89' lang='lat' dir='ltr'><strong>illius</strong></span> 
     </span>
    </p>
   </div>
   <div class='ocr_carea' id='block_1_89' title="bbox 2018 2736 3713 2808">
    <p class='ocr_par' dir='ltr' id='par_1_89' title="bbox 2018 2736 3713 2808">
     <span class='ocr_line' id='line_1_89' title="bbox 2018 2736 3713 2808; baseline -0.004 -12"><span class='ocrx_word' id='word_1_612' title='bbox 2018 2741 2283 2796; x_wconf 88' lang='lat' dir='ltr'><strong>monachi</strong></span> <span class='ocrx_word' id='word_1_613' title='bbox 2315 2746 2452 2808; x_wconf 88' lang='lat' dir='ltr'><strong>erat,</strong></span> <span class='ocrx_word' id='word_1_614' title='bbox 2510 2747 2572 2793; x_wconf 91' lang='lat' dir='ltr'><strong>ut</strong></span> <span class='ocrx_word' id='word_1_615' title='bbox 2606 2754 2718 2791; x_wconf 92' lang='lat' dir='ltr'><strong>non</strong></span> <span class='ocrx_word' id='word_1_616' title='bbox 2782 2736 3191 2791; x_wconf 87' lang='lat' dir='ltr'><strong>exaudirentur</strong></span> <span class='ocrx_word' id='word_1_617' title='bbox 3231 2737 3521 2805; x_wconf 73' lang='lat' dir='ltr'><strong>orationes</strong></span> <span class='ocrx_word' id='word_1_618' title='bbox 3570 2738 3713 2807; x_wconf 89' lang='lat' dir='ltr'><strong>ejus.</strong></span> 
     </span>
    </p>
   </div>
   <div class='ocr_carea' id='block_1_90' title="bbox 2018 2825 3713 2895">
    <p class='ocr_par' dir='ltr' id='par_1_90' title="bbox 2018 2825 3713 2895">
     <span class='ocr_line' id='line_1_90' title="bbox 2018 2825 3713 2895; baseline -0.005 -10"><span class='ocrx_word' id='word_1_619' title='bbox 2018 2833 2084 2886; x_wconf 91' lang='lat' dir='ltr'><strong>Et</strong></span> <span class='ocrx_word' id='word_1_620' title='bbox 2115 2836 2250 2885; x_wconf 89' lang='lat' dir='ltr'><strong>tunc</strong></span> <span class='ocrx_word' id='word_1_621' title='bbox 2280 2830 2419 2884; x_wconf 84' lang='lat' dir='ltr'><strong>dixit</strong></span> <span class='ocrx_word' id='word_1_622' title='bbox 2448 2828 2501 2882; x_wconf 93' lang='lat' dir='ltr'><strong>ei</strong></span> <span class='ocrx_word' id='word_1_623' title='bbox 2532 2827 2726 2882; x_wconf 89' lang='lat' dir='ltr'><strong>senior</strong></span> <span class='ocrx_word' id='word_1_624' title='bbox 2759 2842 2771 2880; x_wconf 92' lang='lat'><strong>:</strong></span> <span class='ocrx_word' id='word_1_625' title='bbox 2818 2826 2957 2889; x_wconf 88' lang='lat' dir='ltr'><strong>Quia</strong></span> <span class='ocrx_word' id='word_1_626' title='bbox 2993 2831 3090 2879; x_wconf 88' lang='lat' dir='ltr'><strong>tua</strong></span> <span class='ocrx_word' id='word_1_627' title='bbox 3131 2826 3299 2895; x_wconf 91' lang='lat' dir='ltr'><strong>culpa</strong></span> <span class='ocrx_word' id='word_1_628' title='bbox 3332 2832 3473 2892; x_wconf 87' lang='lat' dir='ltr'><strong>erat,</strong></span> <span class='ocrx_word' id='word_1_629' title='bbox 3521 2825 3713 2893; x_wconf 89' lang='lat' dir='ltr'><strong>frater,</strong></span> 
     </span>
    </p>
   </div>
   <div class='ocr_carea' id='block_1_91' title="bbox 2018 2914 3717 2991">
    <p class='ocr_par' dir='ltr' id='par_1_91' title="bbox 2018 2914 3717 2991">
     <span class='ocr_line' id='line_1_91' title="bbox 2018 2914 3717 2991; baseline -0.004 -17"><span class='ocrx_word' id='word_1_630' title='bbox 2018 2921 2153 2991; x_wconf 85' lang='lat' dir='ltr'><strong>quia</strong></span> <span class='ocrx_word' id='word_1_631' title='bbox 2184 2917 2588 2973; x_wconf 89' lang='lat' dir='ltr'><strong>condelectaris</strong></span> <span class='ocrx_word' id='word_1_632' title='bbox 2638 2914 3080 2987; x_wconf 89' lang='lat' dir='ltr'><strong>cogitationibus</strong></span> <span class='ocrx_word' id='word_1_633' title='bbox 3127 2914 3312 2980; x_wconf 90' lang='lat' dir='ltr'><strong>malis,</strong></span> <span class='ocrx_word' id='word_1_634' title='bbox 3367 2914 3717 2985; x_wconf 90' lang='lat' dir='ltr'><strong>impossibile</strong></span> 
     </span>
    </p>
   </div>
   <div class='ocr_carea' id='block_1_92' title="bbox 1940 2997 3719 3073">
    <p class='ocr_par' dir='ltr' id='par_1_92' title="bbox 1940 2997 3719 3073">
     <span class='ocr_line' id='line_1_92' title="bbox 1940 2997 3719 3073; baseline -0.004 -11"><span class='ocrx_word' id='word_1_635' title='bbox 1940 2997 1979 3052; x_wconf 69' lang='grc' dir='ltr'><strong>ί)</strong></span> <span class='ocrx_word' id='word_1_636' title='bbox 2019 3014 2100 3062; x_wconf 91' lang='lat' dir='ltr'><strong>cst</strong></span> <span class='ocrx_word' id='word_1_637' title='bbox 2130 3009 2284 3063; x_wconf 90' lang='lat' dir='ltr'><strong>enim</strong></span> <span class='ocrx_word' id='word_1_638' title='bbox 2337 3007 2625 3061; x_wconf 90' lang='lat' dir='ltr'><strong>discedere</strong></span> <span class='ocrx_word' id='word_1_639' title='bbox 2670 3023 2698 3057; x_wconf 88' lang='lat' dir='ltr'><strong>a</strong></span> <span class='ocrx_word' id='word_1_640' title='bbox 2732 3010 2787 3058; x_wconf 91' lang='lat' dir='ltr'><strong>te</strong></span> <span class='ocrx_word' id='word_1_641' title='bbox 2820 3003 3087 3073; x_wconf 90' lang='lat' dir='ltr'><strong>spiritum</strong></span> <span class='ocrx_word' id='word_1_642' title='bbox 3150 3003 3549 3057; x_wconf 83' lang='lat' dir='ltr'><strong>fornicationis</strong></span> <span class='ocrx_word' id='word_1_643' title='bbox 3609 3003 3719 3056; x_wconf 83' lang='lat' dir='ltr'><strong>im-</strong></span> 
     </span>
    </p>
   </div>
   <div class='ocr_carea' id='block_1_93' title="bbox 2019 3092 3720 3163">
    <p class='ocr_par' dir='ltr' id='par_1_93' title="bbox 2019 3092 3720 3163">
     <span class='ocr_line' id='line_1_93' title="bbox 2019 3092 3720 3163; baseline -0.004 -12"><span class='ocrx_word' id='word_1_644' title='bbox 2019 3098 2323 3163; x_wconf 89' lang='lat' dir='ltr'><strong>mundum,</strong></span> <span class='ocrx_word' id='word_1_645' title='bbox 2356 3095 2482 3150; x_wconf 91' lang='lat' dir='ltr'><strong>aliis</strong></span> <span class='ocrx_word' id='word_1_646' title='bbox 2507 3094 2824 3159; x_wconf 90' lang='lat' dir='ltr'><strong>orantibus,</strong></span> <span class='ocrx_word' id='word_1_647' title='bbox 2871 3098 2927 3145; x_wconf 89' lang='lat' dir='ltr'><strong>et</strong></span> <span class='ocrx_word' id='word_1_648' title='bbox 2974 3092 3155 3146; x_wconf 91' lang='lat' dir='ltr'><strong>Deum</strong></span> <span class='ocrx_word' id='word_1_649' title='bbox 3187 3107 3295 3161; x_wconf 92' lang='lat' dir='ltr'><strong>pro</strong></span> <span class='ocrx_word' id='word_1_650' title='bbox 3329 3096 3381 3144; x_wconf 92' lang='lat' dir='ltr'><strong>te</strong></span> <span class='ocrx_word' id='word_1_651' title='bbox 3415 3092 3720 3161; x_wconf 88' lang='lat' dir='ltr'><strong>deprecan-</strong></span> 
     </span>
    </p>
   </div>
   <div class='ocr_carea' id='block_1_94' title="bbox 2016 3178 3714 3253">
    <p class='ocr_par' dir='ltr' id='par_1_94' title="bbox 2016 3178 3714 3253">
     <span class='ocr_line' id='line_1_94' title="bbox 2016 3178 3714 3253; baseline -0.004 -15"><span class='ocrx_word' id='word_1_652' title='bbox 2016 3187 2183 3253; x_wconf 89' lang='lat' dir='ltr'><strong>tibus,</strong></span> <span class='ocrx_word' id='word_1_653' title='bbox 2220 3184 2327 3239; x_wconf 89' lang='lat' dir='ltr'><strong>nisi</strong></span> <span class='ocrx_word' id='word_1_654' title='bbox 2359 3189 2414 3237; x_wconf 90' lang='lat' dir='ltr'><strong>et</strong></span> <span class='ocrx_word' id='word_1_655' title='bbox 2442 3189 2503 3237; x_wconf 90' lang='lat' dir='ltr'><strong>tu</strong></span> <span class='ocrx_word' id='word_1_656' title='bbox 2533 3188 2588 3236; x_wconf 92' lang='lat' dir='ltr'><strong>te</strong></span> <span class='ocrx_word' id='word_1_657' title='bbox 2610 3184 2731 3253; x_wconf 88' lang='lat' dir='ltr'><strong>ipse</strong></span> <span class='ocrx_word' id='word_1_658' title='bbox 2771 3182 3025 3235; x_wconf 90' lang='lat' dir='ltr'><strong>laborem</strong></span> <span class='ocrx_word' id='word_1_659' title='bbox 3064 3196 3319 3233; x_wconf 87' lang='lat' dir='ltr'><strong>assumas</strong></span> <span class='ocrx_word' id='word_1_660' title='bbox 3372 3178 3429 3233; x_wconf 90' lang='lat' dir='ltr'><strong>in</strong></span> <span class='ocrx_word' id='word_1_661' title='bbox 3457 3179 3714 3249; x_wconf 88' lang='lat' dir='ltr'><strong>jejuniis,</strong></span> 
     </span>
    </p>
   </div>
   <div class='ocr_carea' id='block_1_95' title="bbox 2017 3266 3713 3341">
    <p class='ocr_par' dir='ltr' id='par_1_95' title="bbox 2017 3266 3713 3341">
     <span class='ocr_line' id='line_1_95' title="bbox 2017 3266 3713 3341; baseline -0.006 -12"><span class='ocrx_word' id='word_1_662' title='bbox 2017 3280 2072 3329; x_wconf 89' lang='lat' dir='ltr'><strong>et</strong></span> <span class='ocrx_word' id='word_1_663' title='bbox 2104 3273 2477 3337; x_wconf 87' lang='lat' dir='ltr'><strong>orationibus,</strong></span> <span class='ocrx_word' id='word_1_664' title='bbox 2506 3276 2563 3325; x_wconf 89' lang='lat' dir='ltr'><strong>et</strong></span> <span class='ocrx_word' id='word_1_665' title='bbox 2589 3270 2799 3341; x_wconf 87' lang='lat' dir='ltr'><strong>vigiliis</strong></span> <span class='ocrx_word' id='word_1_666' title='bbox 2830 3270 3046 3336; x_wconf 90' lang='lat' dir='ltr'><strong>multis,</strong></span> <span class='ocrx_word' id='word_1_667' title='bbox 3098 3285 3224 3321; x_wconf 92' lang='lat' dir='ltr'><strong>cum</strong></span> <span class='ocrx_word' id='word_1_668' title='bbox 3260 3266 3481 3337; x_wconf 88' lang='lat' dir='ltr'><strong>gemitu</strong></span> <span class='ocrx_word' id='word_1_669' title='bbox 3522 3267 3713 3336; x_wconf 87' lang='lat' dir='ltr'><strong>depre-</strong></span> 
     </span>
    </p>
   </div>
   <div class='ocr_carea' id='block_1_96' title="bbox 2018 3355 3720 3428">
    <p class='ocr_par' dir='ltr' id='par_1_96' title="bbox 2018 3355 3720 3428">
     <span class='ocr_line' id='line_1_96' title="bbox 2018 3355 3720 3428; baseline -0.005 -12"><span class='ocrx_word' id='word_1_670' title='bbox 2018 3380 2168 3428; x_wconf 91' lang='lat' dir='ltr'><strong>cans,</strong></span> <span class='ocrx_word' id='word_1_671' title='bbox 2232 3366 2293 3415; x_wconf 93' lang='lat' dir='ltr'><strong>ut</strong></span> <span class='ocrx_word' id='word_1_672' title='bbox 2342 3359 2792 3414; x_wconf 90' lang='lat' dir='ltr'><strong>misericordiam</strong></span> <span class='ocrx_word' id='word_1_673' title='bbox 2868 3373 3031 3411; x_wconf 90' lang='lat' dir='ltr'><strong>suam</strong></span> <span class='ocrx_word' id='word_1_674' title='bbox 3091 3365 3145 3409; x_wconf 87' lang='lat' dir='ltr'><strong>et</strong></span> <span class='ocrx_word' id='word_1_675' title='bbox 3213 3355 3559 3426; x_wconf 86' lang='lat' dir='ltr'><strong>adjutorium</strong></span> <span class='ocrx_word' id='word_1_676' title='bbox 3624 3356 3720 3408; x_wconf 89' lang='lat' dir='ltr'><strong>det</strong></span> 
     </span>
    </p>
   </div>
   <div class='ocr_carea' id='block_1_97' title="bbox 2018 3443 3718 3523">
    <p class='ocr_par' dir='ltr' id='par_1_97' title="bbox 2018 3443 3718 3523">
     <span class='ocr_line' id='line_1_97' title="bbox 2018 3443 3718 3523; baseline -0.006 -18"><span class='ocrx_word' id='word_1_677' title='bbox 2018 3452 2213 3523; x_wconf 67' lang='lat' dir='ltr'><strong>gratias</strong></span> <span class='ocrx_word' id='word_1_678' title='bbox 2242 3467 2380 3515; x_wconf 62' lang='lat' dir='ltr'><strong>sum,</strong></span> <span class='ocrx_word' id='word_1_679' title='bbox 2432 3449 2802 3519; x_wconf 61' lang='lat' dir='ltr'><strong>prmbeatque</strong></span> <span class='ocrx_word' id='word_1_680' title='bbox 2845 3445 2951 3499; x_wconf 89' lang='lat' dir='ltr'><strong>tibi</strong></span> <span class='ocrx_word' id='word_1_681' title='bbox 3002 3444 3277 3499; x_wconf 89' lang='lat' dir='ltr'><strong>Dominus</strong></span> <span class='ocrx_word' id='word_1_682' title='bbox 3345 3443 3622 3507; x_wconf 85' lang='lat' dir='ltr'><strong>Christus,</strong></span> <span class='ocrx_word' id='word_1_683' title='bbox 3657 3448 3718 3496; x_wconf 89' lang='lat' dir='ltr'><strong>ut</strong></span> 
     </span>
    </p>
   </div>
   <div class='ocr_carea' id='block_1_98' title="bbox 2019 3531 3715 3611">
    <p class='ocr_par' dir='ltr' id='par_1_98' title="bbox 2019 3531 3715 3611">
     <span class='ocr_line' id='line_1_98' title="bbox 2019 3531 3715 3611; baseline -0.005 -17"><span class='ocrx_word' id='word_1_684' title='bbox 2019 3540 2200 3611; x_wconf 91' lang='lat' dir='ltr'><strong>possis</strong></span> <span class='ocrx_word' id='word_1_685' title='bbox 2227 3538 2490 3593; x_wconf 87' lang='lat' dir='ltr'><strong>resistere</strong></span> <span class='ocrx_word' id='word_1_686' title='bbox 2546 3535 2709 3589; x_wconf 89' lang='lat' dir='ltr'><strong>malis</strong></span> <span class='ocrx_word' id='word_1_687' title='bbox 2730 3532 3191 3605; x_wconf 76' lang='lat' dir='ltr'><strong>cogitationibus.</strong></span> <span class='ocrx_word' id='word_1_688' title='bbox 3232 3533 3375 3585; x_wconf 89' lang='lat' dir='ltr'><strong>Nam</strong></span> <span class='ocrx_word' id='word_1_689' title='bbox 3407 3535 3460 3584; x_wconf 91' lang='lat' dir='ltr'><strong>et</strong></span> <span class='ocrx_word' id='word_1_690' title='bbox 3488 3531 3715 3599; x_wconf 76' lang='lat' dir='ltr'><strong>medici,</strong></span> 
     </span>
    </p>
   </div>
   <div class='ocr_carea' id='block_1_99' title="bbox 2018 3619 3715 3700">
    <p class='ocr_par' dir='ltr' id='par_1_99' title="bbox 2018 3619 3715 3700">
     <span class='ocr_line' id='line_1_99' title="bbox 2018 3619 3715 3700; baseline -0.006 -17"><span class='ocrx_word' id='word_1_691' title='bbox 2018 3630 2119 3700; x_wconf 90' lang='lat' dir='ltr'><strong>qui</strong></span> <span class='ocrx_word' id='word_1_692' title='bbox 2169 3627 2500 3698; x_wconf 89' lang='lat' dir='ltr'><strong>corporibus</strong></span> <span class='ocrx_word' id='word_1_693' title='bbox 2542 3623 2843 3678; x_wconf 91' lang='lat' dir='ltr'><strong>hominum</strong></span> <span class='ocrx_word' id='word_1_694' title='bbox 2894 3621 3310 3676; x_wconf 89' lang='lat' dir='ltr'><strong>medicamenta</strong></span> <span class='ocrx_word' id='word_1_695' title='bbox 3388 3619 3715 3688; x_wconf 84' lang='lat' dir='ltr'><strong>conficiunt,</strong></span> 
     </span>
    </p>
   </div>
   <div class='ocr_carea' id='block_1_100' title="bbox 2017 3708 3720 3783">
    <p class='ocr_par' dir='ltr' id='par_1_100' title="bbox 2017 3708 3720 3783">
     <span class='ocr_line' id='line_1_100' title="bbox 2017 3708 3720 3783; baseline -0.005 -12"><span class='ocrx_word' id='word_1_696' title='bbox 2017 3723 2075 3770; x_wconf 89' lang='lat' dir='ltr'><strong>et</strong></span> <span class='ocrx_word' id='word_1_697' title='bbox 2102 3716 2398 3781; x_wconf 89' lang='lat' dir='ltr'><strong>adhibent,</strong></span> <span class='ocrx_word' id='word_1_698' title='bbox 2449 3712 2709 3783; x_wconf 90' lang='lat' dir='ltr'><strong>quamvis</strong></span> <span class='ocrx_word' id='word_1_699' title='bbox 2758 3711 2955 3765; x_wconf 89' lang='lat' dir='ltr'><strong>omnia</strong></span> <span class='ocrx_word' id='word_1_700' title='bbox 2986 3726 3116 3763; x_wconf 91' lang='lat' dir='ltr'><strong>cum</strong></span> <span class='ocrx_word' id='word_1_701' title='bbox 3159 3725 3384 3762; x_wconf 89' lang='lat' dir='ltr'><strong>summa</strong></span> <span class='ocrx_word' id='word_1_702' title='bbox 3425 3708 3720 3778; x_wconf 87' lang='lat' dir='ltr'><strong>diligentia</strong></span> 
     </span>
    </p>
   </div>
   <div class='ocr_carea' id='block_1_101' title="bbox 2016 3797 3718 3871">
    <p class='ocr_par' dir='ltr' id='par_1_101' title="bbox 2016 3797 3718 3871">
     <span class='ocr_line' id='line_1_101' title="bbox 2016 3797 3718 3871; baseline -0.004 -13"><span class='ocrx_word' id='word_1_703' title='bbox 2016 3805 2248 3871; x_wconf 86' lang='lat' dir='ltr'><strong>faciant,</strong></span> <span class='ocrx_word' id='word_1_704' title='bbox 2306 3805 2700 3855; x_wconf 89' lang='lat' dir='ltr'><strong>verumtamen</strong></span> <span class='ocrx_word' id='word_1_705' title='bbox 2750 3799 2797 3853; x_wconf 91' lang='lat' dir='ltr'><strong>si</strong></span> <span class='ocrx_word' id='word_1_706' title='bbox 2827 3799 2923 3853; x_wconf 91' lang='lat' dir='ltr'><strong>ille</strong></span> <span class='ocrx_word' id='word_1_707' title='bbox 2974 3798 3072 3868; x_wconf 92' lang='lat' dir='ltr'><strong>qui</strong></span> <span class='ocrx_word' id='word_1_708' title='bbox 3120 3797 3468 3857; x_wconf 82' lang='lat' dir='ltr'><strong>infirmatur,</strong></span> <span class='ocrx_word' id='word_1_709' title='bbox 3503 3813 3620 3850; x_wconf 92' lang='lat' dir='ltr'><strong>non</strong></span> <span class='ocrx_word' id='word_1_710' title='bbox 3660 3814 3718 3851; x_wconf 87' lang='lat' dir='ltr'><strong>se</strong></span> 
     </span>
    </p>
   </div>
   <div class='ocr_carea' id='block_1_102' title="bbox 2018 3886 3719 3956">
    <p class='ocr_par' dir='ltr' id='par_1_102' title="bbox 2018 3886 3719 3956">
     <span class='ocr_line' id='line_1_102' title="bbox 2018 3886 3719 3956; baseline -0.005 -9"><span class='ocrx_word' id='word_1_711' title='bbox 2018 3893 2299 3947; x_wconf 88' lang='lat' dir='ltr'><strong>abstineat</strong></span> <span class='ocrx_word' id='word_1_712' title='bbox 2329 3907 2361 3943; x_wconf 90' lang='lat' dir='ltr'><strong>a</strong></span> <span class='ocrx_word' id='word_1_713' title='bbox 2412 3890 2597 3943; x_wconf 82' lang='lat' dir='ltr'><strong>noxiis</strong></span> <span class='ocrx_word' id='word_1_714' title='bbox 2624 3888 2780 3956; x_wconf 90' lang='lat' dir='ltr'><strong>cibis,</strong></span> <span class='ocrx_word' id='word_1_715' title='bbox 2833 3888 2919 3940; x_wconf 91' lang='lat' dir='ltr'><strong>vel</strong></span> <span class='ocrx_word' id='word_1_716' title='bbox 2973 3888 3042 3941; x_wconf 92' lang='lat' dir='ltr'><strong>de</strong></span> <span class='ocrx_word' id='word_1_717' title='bbox 3084 3886 3212 3940; x_wconf 87' lang='lat' dir='ltr'><strong>aliis</strong></span> <span class='ocrx_word' id='word_1_718' title='bbox 3254 3902 3380 3956; x_wconf 71' lang='lat' dir='ltr'><strong>quae</strong></span> <span class='ocrx_word' id='word_1_719' title='bbox 3414 3886 3596 3939; x_wconf 91' lang='lat' dir='ltr'><strong>solent</strong></span> <span class='ocrx_word' id='word_1_720' title='bbox 3622 3887 3719 3939; x_wconf 68' lang='lat' dir='ltr'><strong>la:-</strong></span> 
     </span>
    </p>
   </div>
   <div class='ocr_carea' id='block_1_103' title="bbox 2018 3974 3715 4045">
    <p class='ocr_par' dir='ltr' id='par_1_103' title="bbox 2018 3974 3715 4045">
     <span class='ocr_line' id='line_1_103' title="bbox 2018 3974 3715 4045; baseline -0.005 -10"><span class='ocrx_word' id='word_1_721' title='bbox 2018 3982 2152 4035; x_wconf 89' lang='lat' dir='ltr'><strong>dere</strong></span> <span class='ocrx_word' id='word_1_722' title='bbox 2204 3978 2585 4041; x_wconf 80' lang='lat' dir='ltr'><strong>infirmitates,</strong></span> <span class='ocrx_word' id='word_1_723' title='bbox 2618 3976 2764 4031; x_wconf 89' lang='lat' dir='ltr'><strong>nihil</strong></span> <span class='ocrx_word' id='word_1_724' title='bbox 2821 3974 3048 4045; x_wconf 84' lang='lat' dir='ltr'><strong>proﬁcit</strong></span> <span class='ocrx_word' id='word_1_725' title='bbox 3104 3990 3259 4040; x_wconf 90' lang='lat' dir='ltr'><strong>cura,</strong></span> <span class='ocrx_word' id='word_1_726' title='bbox 3320 3980 3377 4027; x_wconf 91' lang='lat' dir='ltr'><strong>et</strong></span> <span class='ocrx_word' id='word_1_727' title='bbox 3401 3974 3715 4044; x_wconf 83' lang='lat' dir='ltr'><strong>diligentia,</strong></span> 
     </span>
    </p>
   </div>
   <div class='ocr_carea' id='block_1_104' title="bbox 2019 4061 3720 4127">
    <p class='ocr_par' dir='ltr' id='par_1_104' title="bbox 2019 4061 3720 4127">
     <span class='ocr_line' id='line_1_104' title="bbox 2019 4061 3720 4127; baseline -0.005 -2"><span class='ocrx_word' id='word_1_728' title='bbox 2019 4076 2076 4125; x_wconf 89' lang='lat' dir='ltr'><strong>et</strong></span> <span class='ocrx_word' id='word_1_729' title='bbox 2123 4068 2441 4124; x_wconf 88' lang='lat' dir='ltr'><strong>sollicitudo</strong></span> <span class='ocrx_word' id='word_1_730' title='bbox 2499 4065 2875 4120; x_wconf 90' lang='lat' dir='ltr'><strong>medicorum.</strong></span> <span class='ocrx_word' id='word_1_731' title='bbox 2953 4062 3229 4119; x_wconf 87' lang='lat' dir='ltr'><strong>Similiter</strong></span> <span class='ocrx_word' id='word_1_732' title='bbox 3285 4061 3479 4127; x_wconf 90' lang='lat' dir='ltr'><strong>etiam,</strong></span> <span class='ocrx_word' id='word_1_733' title='bbox 3547 4068 3605 4115; x_wconf 88' lang='lat' dir='ltr'><strong>et</strong></span> <span class='ocrx_word' id='word_1_734' title='bbox 3659 4062 3720 4116; x_wconf 90' lang='lat' dir='ltr'><strong>in</strong></span> 
     </span>
    </p>
   </div>
   <div class='ocr_carea' id='block_1_105' title="bbox 2018 4150 3716 4227">
    <p class='ocr_par' dir='ltr' id='par_1_105' title="bbox 2018 4150 3716 4227">
     <span class='ocr_line' id='line_1_105' title="bbox 2018 4150 3716 4227; baseline -0.005 -14"><span class='ocrx_word' id='word_1_735' title='bbox 2018 4159 2226 4213; x_wconf 71' lang='lat' dir='ltr'><strong>anima:</strong></span> <span class='ocrx_word' id='word_1_736' title='bbox 2249 4156 2620 4227; x_wconf 90' lang='lat' dir='ltr'><strong>languoribus</strong></span> <span class='ocrx_word' id='word_1_737' title='bbox 2664 4155 2887 4208; x_wconf 90' lang='lat' dir='ltr'><strong>eveniet</strong></span> <span class='ocrx_word' id='word_1_738' title='bbox 2919 4170 2931 4208; x_wconf 91' lang='lat'><strong>:</strong></span> <span class='ocrx_word' id='word_1_739' title='bbox 2960 4153 3094 4207; x_wconf 90' lang='lat' dir='ltr'><strong>licet</strong></span> <span class='ocrx_word' id='word_1_740' title='bbox 3121 4167 3252 4205; x_wconf 92' lang='lat' dir='ltr'><strong>cum</strong></span> <span class='ocrx_word' id='word_1_741' title='bbox 3305 4151 3465 4204; x_wconf 91' lang='lat' dir='ltr'><strong>omni</strong></span> <span class='ocrx_word' id='word_1_742' title='bbox 3520 4150 3716 4205; x_wconf 80' lang='lat' dir='ltr'><strong>inten-</strong></span> 
     </span>
    </p>
   </div>
   <div class='ocr_carea' id='block_1_106' title="bbox 2018 4240 3721 4315">
    <p class='ocr_par' dir='ltr' id='par_1_106' title="bbox 2018 4240 3721 4315">
     <span class='ocr_line' id='line_1_106' title="bbox 2018 4240 3721 4315; baseline -0.005 -14"><span class='ocrx_word' id='word_1_743' title='bbox 2018 4249 2192 4315; x_wconf 89' lang='lat' dir='ltr'><strong>tione,</strong></span> <span class='ocrx_word' id='word_1_744' title='bbox 2229 4257 2285 4301; x_wconf 85' lang='lat' dir='ltr'><strong>et</strong></span> <span class='ocrx_word' id='word_1_745' title='bbox 2333 4263 2400 4300; x_wconf 85' lang='lat' dir='ltr'><strong>ex</strong></span> <span class='ocrx_word' id='word_1_746' title='bbox 2422 4250 2541 4300; x_wconf 92' lang='lat' dir='ltr'><strong>toto</strong></span> <span class='ocrx_word' id='word_1_747' title='bbox 2582 4244 2753 4299; x_wconf 90' lang='lat' dir='ltr'><strong>corde</strong></span> <span class='ocrx_word' id='word_1_748' title='bbox 2780 4242 2957 4297; x_wconf 90' lang='lat' dir='ltr'><strong>sancti</strong></span> <span class='ocrx_word' id='word_1_749' title='bbox 2980 4247 3191 4313; x_wconf 91' lang='lat' dir='ltr'><strong>patres,</strong></span> <span class='ocrx_word' id='word_1_750' title='bbox 3223 4240 3322 4310; x_wconf 92' lang='lat' dir='ltr'><strong>qui</strong></span> <span class='ocrx_word' id='word_1_751' title='bbox 3350 4244 3484 4293; x_wconf 91' lang='lat' dir='ltr'><strong>sunt</strong></span> <span class='ocrx_word' id='word_1_752' title='bbox 3510 4240 3721 4294; x_wconf 90' lang='lat' dir='ltr'><strong>medici</strong></span> 
     </span>
    </p>
   </div>
   <div class='ocr_carea' id='block_1_107' title="bbox 2016 4328 3719 4408">
    <p class='ocr_par' dir='ltr' id='par_1_107' title="bbox 2016 4328 3719 4408">
     <span class='ocr_line' id='line_1_107' title="bbox 2016 4328 3719 4408; baseline -0.006 -17"><span class='ocrx_word' id='word_1_753' title='bbox 2016 4336 2317 4408; x_wconf 89' lang='lat' dir='ltr'><strong>spiritales,</strong></span> <span class='ocrx_word' id='word_1_754' title='bbox 2382 4338 2619 4388; x_wconf 84' lang='lat' dir='ltr'><strong>exorent</strong></span> <span class='ocrx_word' id='word_1_755' title='bbox 2680 4331 3128 4386; x_wconf 89' lang='lat' dir='ltr'><strong>misericordiam</strong></span> <span class='ocrx_word' id='word_1_756' title='bbox 3190 4328 3399 4383; x_wconf 91' lang='lat' dir='ltr'><strong>Christi</strong></span> <span class='ocrx_word' id='word_1_757' title='bbox 3488 4328 3719 4381; x_wconf 90' lang='lat' dir='ltr'><strong>Domini</strong></span> 
     </span>
    </p>
   </div>
   <div class='ocr_carea' id='block_1_108' title="bbox 2014 4417 3720 4491">
    <p class='ocr_par' dir='ltr' id='par_1_108' title="bbox 2014 4417 3720 4491">
     <span class='ocr_line' id='line_1_108' title="bbox 2014 4417 3720 4491; baseline -0.005 -12"><span class='ocrx_word' id='word_1_758' title='bbox 2014 4424 2321 4481; x_wconf 89' lang='lat' dir='ltr'><strong>Salvatoris</strong></span> <span class='ocrx_word' id='word_1_759' title='bbox 2353 4423 2530 4476; x_wconf 90' lang='lat' dir='ltr'><strong>nostri</strong></span> <span class='ocrx_word' id='word_1_760' title='bbox 2583 4437 2687 4491; x_wconf 91' lang='lat' dir='ltr'><strong>pro</strong></span> <span class='ocrx_word' id='word_1_761' title='bbox 2733 4420 2837 4487; x_wconf 91' lang='lat' dir='ltr'><strong>eis,</strong></span> <span class='ocrx_word' id='word_1_762' title='bbox 2869 4420 2969 4490; x_wconf 89' lang='lat' dir='ltr'><strong>qui</strong></span> <span class='ocrx_word' id='word_1_763' title='bbox 3023 4417 3375 4473; x_wconf 91' lang='lat' dir='ltr'><strong>orationibus</strong></span> <span class='ocrx_word' id='word_1_764' title='bbox 3406 4432 3603 4471; x_wconf 88' lang='lat' dir='ltr'><strong>eorum</strong></span> <span class='ocrx_word' id='word_1_765' title='bbox 3660 4432 3720 4471; x_wconf 86' lang='lat' dir='ltr'><strong>se</strong></span> 
     </span>
    </p>
   </div>
   <div class='ocr_carea' id='block_1_109' title="bbox 2014 4504 3719 4585">
    <p class='ocr_par' dir='ltr' id='par_1_109' title="bbox 2014 4504 3719 4585">
     <span class='ocr_line' id='line_1_109' title="bbox 2014 4504 3719 4585; baseline -0.005 -17"><span class='ocrx_word' id='word_1_766' title='bbox 2014 4513 2305 4585; x_wconf 88' lang='lat' dir='ltr'><strong>postulant</strong></span> <span class='ocrx_word' id='word_1_767' title='bbox 2336 4510 2614 4581; x_wconf 83' lang='lat' dir='ltr'><strong>adjuvari,</strong></span> <span class='ocrx_word' id='word_1_768' title='bbox 2650 4510 2756 4563; x_wconf 91' lang='lat' dir='ltr'><strong>nisi</strong></span> <span class='ocrx_word' id='word_1_769' title='bbox 2787 4514 2843 4563; x_wconf 90' lang='lat' dir='ltr'><strong>et</strong></span> <span class='ocrx_word' id='word_1_770' title='bbox 2871 4509 2979 4580; x_wconf 92' lang='lat' dir='ltr'><strong>ipsi</strong></span> <span class='ocrx_word' id='word_1_771' title='bbox 3019 4523 3146 4561; x_wconf 90' lang='lat' dir='ltr'><strong>cum</strong></span> <span class='ocrx_word' id='word_1_772' title='bbox 3182 4506 3340 4560; x_wconf 90' lang='lat' dir='ltr'><strong>omni</strong></span> <span class='ocrx_word' id='word_1_773' title='bbox 3402 4504 3719 4559; x_wconf 89' lang='lat' dir='ltr'><strong>intentione</strong></span> 
     </span>
    </p>
   </div>
   <div class='ocr_carea' id='block_1_110' title="bbox 2015 4593 3720 4667">
    <p class='ocr_par' dir='ltr' id='par_1_110' title="bbox 2015 4593 3720 4667">
     <span class='ocr_line' id='line_1_110' title="bbox 2015 4593 3720 4667; baseline -0.006 -9"><span class='ocrx_word' id='word_1_774' title='bbox 2015 4602 2222 4658; x_wconf 90' lang='lat' dir='ltr'><strong>mentis</strong></span> <span class='ocrx_word' id='word_1_775' title='bbox 2246 4606 2367 4655; x_wconf 89' lang='lat' dir='ltr'><strong>tam</strong></span> <span class='ocrx_word' id='word_1_776' title='bbox 2422 4599 2485 4652; x_wconf 91' lang='lat' dir='ltr'><strong>in</strong></span> <span class='ocrx_word' id='word_1_777' title='bbox 2536 4597 2911 4663; x_wconf 87' lang='lat' dir='ltr'><strong>orationibus,</strong></span> <span class='ocrx_word' id='word_1_778' title='bbox 2976 4611 3149 4667; x_wconf 88' lang='lat' dir='ltr'><strong>quam</strong></span> <span class='ocrx_word' id='word_1_779' title='bbox 3208 4594 3269 4648; x_wconf 91' lang='lat' dir='ltr'><strong>in</strong></span> <span class='ocrx_word' id='word_1_780' title='bbox 3323 4593 3482 4648; x_wconf 90' lang='lat' dir='ltr'><strong>omni</strong></span> <span class='ocrx_word' id='word_1_781' title='bbox 3546 4608 3720 4664; x_wconf 89' lang='lat' dir='ltr'><strong>opere</strong></span> 
     </span>
    </p>
   </div>
   <div class='ocr_carea' id='block_1_111' title="bbox 2015 4680 3719 4761">
    <p class='ocr_par' dir='ltr' id='par_1_111' title="bbox 2015 4680 3719 4761">
     <span class='ocr_line' id='line_1_111' title="bbox 2015 4680 3719 4761; baseline -0.006 -17"><span class='ocrx_word' id='word_1_782' title='bbox 2015 4689 2275 4761; x_wconf 88' lang='lat' dir='ltr'><strong>spiritali,</strong></span> <span class='ocrx_word' id='word_1_783' title='bbox 2311 4704 2440 4759; x_wconf 75' lang='lat' dir='ltr'><strong>quae</strong></span> <span class='ocrx_word' id='word_1_784' title='bbox 2470 4689 2584 4741; x_wconf 90' lang='lat' dir='ltr'><strong>Deo</strong></span> <span class='ocrx_word' id='word_1_785' title='bbox 2618 4686 2824 4757; x_wconf 89' lang='lat' dir='ltr'><strong>placita</strong></span> <span class='ocrx_word' id='word_1_786' title='bbox 2854 4690 3007 4754; x_wconf 89' lang='lat' dir='ltr'><strong>sunt,</strong></span> <span class='ocrx_word' id='word_1_787' title='bbox 3038 4684 3268 4750; x_wconf 88' lang='lat' dir='ltr'><strong>faciant,</strong></span> <span class='ocrx_word' id='word_1_788' title='bbox 3296 4698 3414 4737; x_wconf 89' lang='lat' dir='ltr'><strong>non</strong></span> <span class='ocrx_word' id='word_1_789' title='bbox 3461 4680 3544 4736; x_wconf 91' lang='lat' dir='ltr'><strong>eis</strong></span> <span class='ocrx_word' id='word_1_790' title='bbox 3576 4697 3719 4752; x_wconf 86' lang='lat' dir='ltr'><strong>pro-</strong></span> 
     </span>
    </p>
   </div>
   <div class='ocr_carea' id='block_1_112' title="bbox 2015 4775 2775 4834">
    <p class='ocr_par' dir='ltr' id='par_1_112' title="bbox 2015 4775 2775 4834">
     <span class='ocr_line' id='line_1_112' title="bbox 2015 4775 2775 4834; baseline -0.008 -1"><span class='ocrx_word' id='word_1_791' title='bbox 2015 4779 2209 4834; x_wconf 86' lang='lat' dir='ltr'><strong>ficient</strong></span> <span class='ocrx_word' id='word_1_792' title='bbox 2239 4775 2525 4831; x_wconf 90' lang='lat' dir='ltr'><strong>orationes</strong></span> <span class='ocrx_word' id='word_1_793' title='bbox 2553 4790 2775 4829; x_wconf 88' lang='lat' dir='ltr'><strong>eorum.</strong></span> 
     </span>
    </p>
   </div>
   <div class='ocr_carea' id='block_1_113' title="bbox 2016 4912 3715 4983">
    <p class='ocr_par' dir='ltr' id='par_1_113' title="bbox 2016 4912 3715 4983">
     <span class='ocr_line' id='line_1_113' title="bbox 2016 4912 3715 4983; baseline -0.005 -10"><span class='ocrx_word' id='word_1_794' title='bbox 2016 4920 2141 4974; x_wconf 79' lang='lat' dir='ltr'><strong>CAP.</strong></span> <span class='ocrx_word' id='word_1_795' title='bbox 2163 4916 2377 4972; x_wconf 79' lang='lat' dir='ltr'><strong>XLXIX.</strong></span> <span class='ocrx_word' id='word_1_796' title='bbox 2394 4944 2461 4955; x_wconf 78' lang='lat'><strong>-</strong></span> <span class='ocrx_word' id='word_1_797' title='bbox 2474 4918 2549 4970; x_wconf 90' lang='lat' dir='ltr'><strong>De</strong></span> <span class='ocrx_word' id='word_1_798' title='bbox 2564 4929 2761 4983; x_wconf 84' lang='lat' dir='ltr'><strong>sponsa</strong></span> <span class='ocrx_word' id='word_1_799' title='bbox 2776 4916 2997 4981; x_wconf 81' lang='lat' dir='ltr'><strong>fratris,</strong></span> <span class='ocrx_word' id='word_1_800' title='bbox 3014 4916 3066 4968; x_wconf 88' lang='lat' dir='ltr'><strong>si</strong></span> <span class='ocrx_word' id='word_1_801' title='bbox 3080 4915 3259 4981; x_wconf 82' lang='lat' dir='ltr'><strong>frater</strong></span> <span class='ocrx_word' id='word_1_802' title='bbox 3274 4928 3390 4966; x_wconf 90' lang='lat' dir='ltr'><strong>eam</strong></span> <span class='ocrx_word' id='word_1_803' title='bbox 3410 4912 3715 4966; x_wconf 84' lang='lat' dir='ltr'><strong>violaverit.</strong></span> 
     </span>
    </p>
   </div>
   <div class='ocr_carea' id='block_1_114' title="bbox 2088 5035 3715 5114">
    <p class='ocr_par' dir='ltr' id='par_1_114' title="bbox 2088 5035 3715 5114">
     <span class='ocr_line' id='line_1_114' title="bbox 2088 5035 3715 5114; baseline -0.005 -18"><span class='ocrx_word' id='word_1_804' title='bbox 2088 5044 2199 5114; x_wconf 78' lang='lat' dir='ltr'><strong>(Ea:</strong></span> <span class='ocrx_word' id='word_1_805' title='bbox 2223 5040 2444 5095; x_wconf 79' lang='lat' dir='ltr'><strong>concilio</strong></span> <span class='ocrx_word' id='word_1_806' title='bbox 2505 5038 2747 5103; x_wconf 88' lang='lat' dir='ltr'><strong>Tribur.,</strong></span> <span class='ocrx_word' id='word_1_807' title='bbox 2801 5040 2890 5091; x_wconf 83' lang='lat' dir='ltr'><strong>cui</strong></span> <span class='ocrx_word' id='word_1_808' title='bbox 2932 5039 3184 5105; x_wconf 84' lang='lat' dir='ltr'><strong>interfuit</strong></span> <span class='ocrx_word' id='word_1_809' title='bbox 3220 5052 3320 5089; x_wconf 81' lang='lat' dir='ltr'><strong>rea:</strong></span> <span class='ocrx_word' id='word_1_810' title='bbox 3374 5035 3715 5104; x_wconf 81' lang='lat' dir='ltr'><strong>Arnolphus,</strong></span> 
     </span>
    </p>
   </div>
   <div class='ocr_carea' id='block_1_115' title="bbox 2016 5123 3715 5201">
    <p class='ocr_par' dir='ltr' id='par_1_115' title="bbox 2016 5123 3715 5201">
     <span class='ocr_line' id='line_1_115' title="bbox 2016 5123 3715 5201; baseline -0.007 -14"><span class='ocrx_word' id='word_1_811' title='bbox 2016 5133 2192 5201; x_wconf 89' lang='lat' dir='ltr'><strong>capite</strong></span> <span class='ocrx_word' id='word_1_812' title='bbox 2226 5130 2333 5194; x_wconf 88' lang='lat' dir='ltr'><strong>I0.)</strong></span> <span class='ocrx_word' id='word_1_813' title='bbox 2364 5126 2607 5192; x_wconf 89' lang='lat' dir='ltr'><strong>Quidam</strong></span> <span class='ocrx_word' id='word_1_814' title='bbox 2655 5126 3020 5195; x_wconf 85' lang='lat' dir='ltr'><strong>desponsavit</strong></span> <span class='ocrx_word' id='word_1_815' title='bbox 3071 5140 3331 5190; x_wconf 82' lang='lat' dir='ltr'><strong>uxorem,</strong></span> <span class='ocrx_word' id='word_1_816' title='bbox 3364 5128 3422 5178; x_wconf 88' lang='lat' dir='ltr'><strong>et</strong></span> <span class='ocrx_word' id='word_1_817' title='bbox 3477 5123 3715 5190; x_wconf 82' lang='lat' dir='ltr'><strong>dotavit,</strong></span> 
     </span>
    </p>
   </div>
   <div class='ocr_carea' id='block_1_116' title="bbox 2019 5212 3720 5285">
    <p class='ocr_par' dir='ltr' id='par_1_116' title="bbox 2019 5212 3720 5285">
     <span class='ocr_line' id='line_1_116' title="bbox 2019 5212 3720 5285; baseline -0.006 -10"><span class='ocrx_word' id='word_1_818' title='bbox 2019 5237 2147 5275; x_wconf 90' lang='lat' dir='ltr'><strong>cum</strong></span> <span class='ocrx_word' id='word_1_819' title='bbox 2174 5235 2240 5273; x_wconf 89' lang='lat' dir='ltr'><strong>ea</strong></span> <span class='ocrx_word' id='word_1_820' title='bbox 2269 5218 2417 5272; x_wconf 89' lang='lat' dir='ltr'><strong>coire</strong></span> <span class='ocrx_word' id='word_1_821' title='bbox 2447 5232 2560 5269; x_wconf 92' lang='lat' dir='ltr'><strong>non</strong></span> <span class='ocrx_word' id='word_1_822' title='bbox 2593 5215 2797 5285; x_wconf 87' lang='lat' dir='ltr'><strong>potuit.</strong></span> <span class='ocrx_word' id='word_1_823' title='bbox 2824 5214 3005 5277; x_wconf 89' lang='lat' dir='ltr'><strong>Quam</strong></span> <span class='ocrx_word' id='word_1_824' title='bbox 3052 5214 3226 5267; x_wconf 90' lang='lat' dir='ltr'><strong>frater</strong></span> <span class='ocrx_word' id='word_1_825' title='bbox 3280 5214 3403 5281; x_wconf 87' lang='lat' dir='ltr'><strong>ejus</strong></span> <span class='ocrx_word' id='word_1_826' title='bbox 3463 5212 3720 5265; x_wconf 88' lang='lat' dir='ltr'><strong>clanculo</strong></span> 
     </span>
    </p>
   </div>
   <div class='ocr_carea' id='block_1_117' title="bbox 2017 5302 3722 5378">
    <p class='ocr_par' dir='ltr' id='par_1_117' title="bbox 2017 5302 3722 5378">
     <span class='ocr_line' id='line_1_117' title="bbox 2017 5302 3722 5378; baseline -0.006 -14"><span class='ocrx_word' id='word_1_827' title='bbox 2017 5308 2290 5378; x_wconf 89' lang='lat' dir='ltr'><strong>corrupit,</strong></span> <span class='ocrx_word' id='word_1_828' title='bbox 2338 5313 2395 5361; x_wconf 90' lang='lat' dir='ltr'><strong>et</strong></span> <span class='ocrx_word' id='word_1_829' title='bbox 2471 5304 2763 5375; x_wconf 81' lang='lat' dir='ltr'><strong>gravidam</strong></span> <span class='ocrx_word' id='word_1_830' title='bbox 2796 5302 3064 5356; x_wconf 82' lang='lat' dir='ltr'><strong>reddidit.</strong></span> <span class='ocrx_word' id='word_1_831' title='bbox 3125 5302 3424 5356; x_wconf 89' lang='lat' dir='ltr'><strong>Decretum</strong></span> <span class='ocrx_word' id='word_1_832' title='bbox 3483 5305 3585 5368; x_wconf 89' lang='lat' dir='ltr'><strong>est,</strong></span> <span class='ocrx_word' id='word_1_833' title='bbox 3661 5306 3722 5354; x_wconf 91' lang='lat' dir='ltr'><strong>ut</strong></span> 
     </span>
    </p>
   </div>
   <div class='ocr_carea' id='block_1_118' title="bbox 2019 5389 3721 5470">
    <p class='ocr_par' dir='ltr' id='par_1_118' title="bbox 2019 5389 3721 5470">
     <span class='ocr_line' id='line_1_118' title="bbox 2019 5389 3721 5470; baseline -0.005 -19"><span class='ocrx_word' id='word_1_834' title='bbox 2019 5396 2275 5470; x_wconf 90' lang='lat' dir='ltr'><strong>quamvis</strong></span> <span class='ocrx_word' id='word_1_835' title='bbox 2310 5398 2487 5466; x_wconf 87' lang='lat' dir='ltr'><strong>nupta</strong></span> <span class='ocrx_word' id='word_1_836' title='bbox 2513 5408 2633 5447; x_wconf 91' lang='lat' dir='ltr'><strong>esse</strong></span> <span class='ocrx_word' id='word_1_837' title='bbox 2687 5407 2804 5445; x_wconf 92' lang='lat' dir='ltr'><strong>non</strong></span> <span class='ocrx_word' id='word_1_838' title='bbox 2835 5389 3088 5460; x_wconf 89' lang='lat' dir='ltr'><strong>potuerit</strong></span> <span class='ocrx_word' id='word_1_839' title='bbox 3144 5390 3400 5459; x_wconf 87' lang='lat' dir='ltr'><strong>legitimo</strong></span> <span class='ocrx_word' id='word_1_840' title='bbox 3437 5389 3577 5453; x_wconf 91' lang='lat' dir='ltr'><strong>viro,</strong></span> <span class='ocrx_word' id='word_1_841' title='bbox 3622 5390 3721 5444; x_wconf 91' lang='lat' dir='ltr'><strong>de-</strong></span> 
     </span>
    </p>
   </div>
   <div class='ocr_carea' id='block_1_119' title="bbox 2019 5477 3716 5557">
    <p class='ocr_par' dir='ltr' id='par_1_119' title="bbox 2019 5477 3716 5557">
     <span class='ocr_line' id='line_1_119' title="bbox 2019 5477 3716 5557; baseline -0.005 -15"><span class='ocrx_word' id='word_1_842' title='bbox 2019 5490 2349 5557; x_wconf 87' lang='lat' dir='ltr'><strong>sponsatam</strong></span> <span class='ocrx_word' id='word_1_843' title='bbox 2399 5490 2594 5538; x_wconf 87' lang='lat' dir='ltr'><strong>tamen</strong></span> <span class='ocrx_word' id='word_1_844' title='bbox 2644 5480 2830 5549; x_wconf 89' lang='lat' dir='ltr'><strong>fratri,</strong></span> <span class='ocrx_word' id='word_1_845' title='bbox 2881 5478 3057 5533; x_wconf 87' lang='lat' dir='ltr'><strong>frater</strong></span> <span class='ocrx_word' id='word_1_846' title='bbox 3100 5477 3313 5532; x_wconf 88' lang='lat' dir='ltr'><strong>habere</strong></span> <span class='ocrx_word' id='word_1_847' title='bbox 3362 5494 3480 5532; x_wconf 90' lang='lat' dir='ltr'><strong>non</strong></span> <span class='ocrx_word' id='word_1_848' title='bbox 3518 5480 3716 5549; x_wconf 88' lang='lat' dir='ltr'><strong>possit.</strong></span> 
     </span>
    </p>
   </div>
   <div class='ocr_carea' id='block_1_120' title="bbox 2020 5565 3714 5638">
    <p class='ocr_par' dir='ltr' id='par_1_120' title="bbox 2020 5565 3714 5638">
     <span class='ocr_line' id='line_1_120' title="bbox 2020 5565 3714 5638; baseline -0.006 -7"><span class='ocrx_word' id='word_1_849' title='bbox 2020 5575 2138 5630; x_wconf 86' lang='lat' dir='ltr'><strong>Sed</strong></span> <span class='ocrx_word' id='word_1_850' title='bbox 2175 5574 2429 5629; x_wconf 86' lang='lat' dir='ltr'><strong>moechus</strong></span> <span class='ocrx_word' id='word_1_851' title='bbox 2470 5577 2528 5627; x_wconf 88' lang='lat' dir='ltr'><strong>et</strong></span> <span class='ocrx_word' id='word_1_852' title='bbox 2584 5570 2824 5638; x_wconf 87' lang='lat' dir='ltr'><strong>moecha,</strong></span> <span class='ocrx_word' id='word_1_853' title='bbox 2856 5565 3249 5622; x_wconf 87' lang='lat' dir='ltr'><strong>fornicationis</strong></span> <span class='ocrx_word' id='word_1_854' title='bbox 3305 5567 3541 5636; x_wconf 86' lang='lat' dir='ltr'><strong>quidam</strong></span> <span class='ocrx_word' id='word_1_855' title='bbox 3591 5566 3714 5620; x_wconf 90' lang='lat' dir='ltr'><strong>vin-</strong></span> 
     </span>
    </p>
   </div>
  </div>
