3944 6302
254 291 349 344 931

1313 282 1727 340 BURCHARDI
1769 281 1926 338 WOB
1939 282 2302 340 MACIENSIS
2341 282 2670 340 EPISCOPI.

3659 287 3763 339 932

253 392 832 480 dictam'sustineant,
871 409 1027 464 licita
1059 424 1191 462 vero
1235 407 1317 464 eis
1367 407 1632 477 conjugia
1662 422 1774 460 non
1831 420 1929 459 nes
1962 409 2007 460 Α
2047 411 2202 475 ptem
2260 406 2434 460 laicus
2473 422 2567 460 sex
2607 405 2772 460 annis
2804 405 3096 478 pmniteat.
3125 405 3321 462 Frater
3347 407 3598 462 carnalis
3628 425 3762 463 eum

250 505 476 569 gentur.

251 592 380 645 CAP.
408 591 464 644 L.
491 620 559 629 —
586 591 646 645 Si
698 590 822 657 quis
883 587 949 641 de
1001 602 1106 640 uno
1136 588 1192 639 in
1245 587 1412 638 alium
1443 585 1801 650 transmigrat
1829 585 1944 657 epit

319 665 617 728 scopulum,
675 652 730 713 et
781 661 1233 725 consanguineam
1283 671 1438 708 suum
1488 657 1766 724 polluerit,
1853 652 1944 708 ⁷υὲι

321 732 546 798 aliquod
573 733 773 784 crimen
803 730 1038 798 capitale
1067 729 1410 781 commiserit.

321 823 425 887 (Ex
472 819 669 880 eodem,
731 821 908 886 capite
953 817 1062 884 42.)
1095 816 1152 870 Si
1197 815 1324 886 quis
1358 815 1425 868 de
1481 831 1596 867 uno
1647 814 1707 866 in
1766 815 1940 867 alium

246 909 485 963 omnino
535 908 901 976 transmigrat
930 905 1346 974 episcopatum,
1389 908 1444 956 et
1474 904 1542 962 si,
1575 903 1726 973 quod
1777 902 1940 966 absit,

243 998 535 1068 contingat
565 1012 695 1049 eum
747 995 922 1048 ﬁliam
969 993 1180 1046 sororis
1234 1009 1371 1059 suae,
1407 993 1620 1058 amitae,
1679 996 1778 1046 aut
1820 1007 1936 1044 mav

246 1090 472 1140 terteraa
517 1083 798 1148 avunculi,
844 1083 930 1136 vel
981 1080 1171 1151 patrui
1212 1081 1490 1151 polluere,
1546 1085 1643 1134 aut
1710 1078 1943 1150 aliquod

247 1174 463 1228 crimen
496 1172 736 1242 capitale
774 1171 1152 1237 committere,
1182 1169 1480 1240 episcopus
1513 1169 1573 1223 in
1603 1169 1765 1238 cujus
1806 1173 1944 1222 tunc

247 1261 473 1316 dioecesi
529 1264 935 1326 commoratur,
1003 1263 1060 1312 et
1107 1258 1208 1311 tali
1285 1259 1494 1312 scelere
1584 1256 1939 1324 criminatur,

241 1349 448 1403 habeat
481 1348 576 1418 jus
607 1351 665 1401 et
704 1351 1045 1416 potestatem
1086 1345 1398 1400 secundum
1451 1346 1782 1400 canonicam
1840 1362 1941 1399 au-

243 1437 587 1504 ctoritatem,
664 1441 720 1489 et
790 1440 1037 1489 nostram
1117 1435 1445 1504 synodalem
1521 1434 1940 1489 institutionem

243 1525 587 1595 flagitiosum
644 1540 928 1590 coercere,
973 1529 1029 1577 et
1084 1524 1154 1576 ad
1197 1523 1593 1593 paenitendum
1660 1524 1939 1577 emollire.

243 1615 350 1668 Per
383 1629 555 1683 quem
602 1612 758 1666 enim
791 1612 990 1665 melius
1022 1613 1101 1665 rei
1137 1613 1340 1665 veritas
1401 1613 1726 1680 ventilatur,
1767 1629 1942 1682 quam

243 1718 347 1771 per
377 1703 538 1754 illum
571 1701 675 1754 sub
699 1717 810 1770 quo
844 1701 1080 1765 habitat,
1112 1706 1167 1753 et
1193 1701 1449 1754 habitare
1479 1701 1783 1754 desiderat.

244 1791 380 1844 CAP.
426 1790 512 1844 LI.
543 1820 614 1829 —
647 1793 723 1844 De
771 1790 1113 1853 mulieribus,
1165 1805 1283 1858 qua
1328 1789 1542 1842 absente
1588 1791 1785 1844 marito
1815 1805 1943 1844 con-

634 1863 890 1929 ceperint,
919 1865 967 1913 et
993 1863 1182 1926 fretum
1201 1860 1541 1915 sustulerint.

315 1953 422 2018 (Ea:
451 1949 670 2003 concilio
691 1948 970 2014 Eliberta.,
1013 1950 1190 2017 capite
1229 1947 1303 2018 3.)
1337 1948 1394 2003 Si
1426 1965 1538 2017 qua
1581 1949 1789 2002 mulier
1839 1965 1944 2019 per

242 2037 586 2094 adulterium
641 2037 875 2090 absente
914 2035 1120 2090 marito
1189 2037 1530 2106 conceperit,
1583 2037 1754 2108 idque
1816 2041 1944 2107 post

239 2126 458 2180 facinus
513 2123 800 2189 occiderit,
853 2123 1068 2194 placuit
1102 2124 1192 2178 vix
1252 2125 1309 2178 in
1344 2125 1456 2178 ﬁne
1505 2125 1753 2179 dandam
1821 2141 1942 2180 esse

240 2213 724 2278 communionem,
761 2227 828 2265 eo
861 2212 1012 2282 quod
1047 2213 1421 2281 geminaverit
1450 2214 1654 2267 scelus.

244 2303 368 2356 CAP.
406 2302 520 2355 LII.
554 2329 625 2341 —
670 2301 752 2353 De
787 2301 900 2353 illis
944 2299 1280 2363 mulieribus,
1316 2315 1434 2368 quae
1483 2303 1624 2354 male
1669 2305 1941 2371 conceptos

808 2385 997 2423 necare
1034 2371 1363 2424 studuerint.

313 2458 421 2530 (Ea:
448 2460 670 2513 concilio
705 2458 1002 2523 Hilerden.,
1046 2461 1224 2527 capite
1268 2459 1345 2529 5.)
1382 2459 1450 2514 lli
1499 2475 1630 2514 vero
1663 2460 1762 2532 qui
1794 2462 1939 2516 male

238 2553 540 2619 conceptos
593 2565 661 2602 ex
722 2548 1021 2613 adulterio,
1093 2547 1289 2616 factos,
1349 2549 1436 2602 vel
1508 2549 1688 2602 editos
1739 2565 1940 2603 necare

241 2635 583 2698 studuerint,
633 2635 716 2688 vel
778 2635 838 2688 in
884 2641 1081 2689 ventre
1137 2641 1386 2690 matrum
1447 2638 1777 2707 potionibus
1835 2637 1938 2691 ali-

238 2723 446 2792 quibus
498 2723 829 2791 colliserint,
872 2723 933 2776 in
988 2729 1236 2794 utroque
1293 2741 1427 2777 sexu
1475 2725 1748 2780 adulteris
1814 2732 1940 2796 post

237 2796 459 2880 septem
520 2828 803 2866 annorum
857 2813 1140 2867 curricula
1219 2815 1549 2868 communio
1627 2815 1933 2884 tribuatur,

237 2899 319 2953 ita
349 2907 564 2968 tamen,
625 2906 690 2954 ut
727 2901 885 2954 omni
943 2907 1201 2972 tempore
1249 2903 1380 2956 vitae
1431 2919 1548 2956 suae
1593 2902 1845 2972 ﬂetibus,
1880 2908 1938 2958 et

242 2987 529 3041 humiliati
553 2988 836 3041 insistant.

239 3076 365 3130 CAP.
401 3075 541 3130 LIII.
591 3106 661 3114 —
699 3079 773 3130 De
800 3076 1139 3142 mulieribus,
1191 3092 1309 3146 quae
1343 3082 1540 3147 partus
1583 3093 1706 3132 suos
1740 3079 1938 3134 occulte

912 3150 1264 3216 interﬁciunt.

307 3237 417 3304 (Ea:
464 3237 686 3290 concilio
738 3235 1042 3303 Arelatem,
1103 3239 1281 3305 capite
1331 3235 1410 3305 6.)
1474 3236 1736 3290 Mulieres
1784 3254 1938 3310 qua:-

234 3322 387 3392 dam,
420 3329 485 3377 ut
525 3325 868 3391 audivimus,
925 3341 1053 3394 quae
1083 3341 1150 3378 ex
1200 3324 1576 3380 fornicatione
1607 3327 1937 3397 concipien-

231 3417 332 3472 tes,
358 3417 675 3466 metuentes
734 3429 806 3466 ne
855 3414 1036 3466 scelus
1089 3413 1244 3483 quod
1294 3415 1510 3468 occulte
1567 3421 1936 3485 perpetrave-

230 3506 386 3566 runt,
419 3501 786 3555 manifestum
844 3501 1027 3570 ﬁeret,
1074 3501 1318 3555 infantes
1366 3519 1510 3572 quos
1567 3509 1958 3573 pepererunt,

232 3589 582 3656 occiderunt,
617 3596 672 3643 et
703 3595 867 3643 terra:
918 3589 1184 3659 congerie
1235 3597 1676 3661 cooperuerunt,
1722 3597 1820 3646 aut
1874 3592 1933 3647 in

229 3692 407 3747 aquas
436 3677 825 3748 projecerunt.
857 3678 1016 3742 Quod
1077 3683 1360 3749 quantum
1409 3679 1567 3734 nefas
1625 3680 1715 3747 sit,
1775 3698 1937 3735 cano-

230 3781 331 3818 nes
360 3767 651 3834 Ancirani,
683 3767 1044 3830 Illiberitani,
1081 3773 1252 3838 atque
1285 3768 1630 3822 Hilardensis
1679 3771 1929 3840 concilii,

226 3858 396 3907 testes
423 3860 574 3909 sunt.
612 3857 705 3909 His
731 3856 923 3925 itaque
953 3856 1041 3908 vix
1077 3857 1135 3909 in
1167 3857 1281 3911 ﬁne
1310 3857 1556 3912 dandam
1603 3876 1724 3914 esse
1774 3877 1930 3914 com-

227 3942 566 3997 munionem
595 3944 927 4011 decernunt,
961 3944 1058 3998 sed
1090 3945 1398 3999 humanius
1427 3952 1751 4019 tractantes,
1802 3954 1934 4019 post

225 4030 536 4086 decennem
588 4033 985 4102 pceuitentiam
1034 4034 1174 4087 tales
1205 4035 1418 4104 placuit
1461 4036 1526 4090 ad
1577 4038 1934 4094 communio.

225 4135 356 4174 nem
389 4121 599 4192 recepi.

653 4209 780 4262 CAP.
829 4209 956 4263 LIV.
992 4239 1058 4251 -—
1089 4213 1162 4264 De
1201 4212 1384 4266 eadem
1415 4229 1489 4267 re.

298 4296 373 4349 De
422 4296 762 4350 mulieribus
807 4314 935 4367 quae
1008 4298 1382 4366 fornicantur,
1434 4305 1491 4356 et
1543 4307 1740 4372 partus
1791 4320 1922 4358 suos

222 4388 445 4452 necant,
487 4385 572 4438 vel
624 4401 752 4455 qua:
795 4391 993 4455 agunt,
1038 4403 1252 4451 secum,
1297 4395 1363 4443 ut
1404 4394 1568 4443 utero
1622 4399 1924 4461 conceptos

221 4474 525 4540 excutiant,
560 4475 792 4544 antiqua
826 4475 1060 4545 quidem
1092 4477 1350 4532 deﬁnitio
1381 4495 1568 4549 usque
1599 4480 1667 4533 ad
1707 4481 1921 4536 exitum

220 4563 348 4614 vitae
414 4578 508 4615 eas
569 4563 638 4616 ab
707 4564 948 4618 Ecclesia
1000 4572 1274 4620 removet.
1349 4567 1664 4620 Humanius
1730 4574 1920 4623 autem

218 4665 372 4703 nunc
403 4650 726 4718 deﬁnimus,
775 4658 836 4706 ut
866 4653 947 4708 eis
997 4655 1041 4710 X
1080 4671 1366 4709 annorum
1411 4658 1660 4727 tempus,
1713 4675 1917 4714 secun-

219 4738 353 4792 dum
397 4740 656 4810 praeﬁxos
686 4741 895 4810 gradus
922 4744 1260 4813 paenitentia
1281 4743 1577 4814 largiatur.

647 4828 774 4884 CAP.
822 4831 923 4886 LV.
969 4863 1037 4870 —
1076 4834 1151 4886 De
1191 4833 1376 4886 eadem
1414 4849 1490 4887 re.

289 4920 393 4983 (Ea:
424 4921 641 4974 concilio
697 4921 968 4988 Aurelia.,
1002 4924 1178 4989 capite
1237 4921 1342 4991 tO.)
1393 4922 1450 4976 Si
1500 4923 1599 4994 qui
1639 4924 1917 4982 infantem

215 5008 624 5077 Oppresserint,
661 5013 775 5063 tres
807 5025 987 5063 annos
1017 5009 1336 5078 poeuiteant
1365 5028 1376 5065 :
1412 5028 1592 5067 unum
1643 5030 1709 5068 ex
1739 5015 1828 5068 his
1854 5015 1915 5069 in

216 5113 382 5166 pane,
426 5101 481 5150 et
528 5114 696 5168 aqua.
741 5097 798 5152 Si
845 5097 1086 5152 clericus
1137 5098 1353 5168 fecerit,
1407 5107 1656 5171 quatuor
1706 5119 1912 5175 annos,

216 5202 394 5240 unum
435 5202 502 5239 ex
530 5186 616 5238 bis
648 5185 707 5238 in
743 5202 887 5254 pane
914 5191 971 5240 et
1002 5203 1168 5256 aqua.

498 5274 625 5328 CAP.
664 5275 793 5329 LVI.
834 5305 902 5314 -—
937 5279 1007 5330 De
1036 5276 1360 5330 Sodomitico
1386 5283 1624 5346 peccato.

283 5363 391 5429 (E'c
448 5364 813 5418 Pwnitentiali
867 5365 1152 5433 Romano.)
1213 5364 1527 5436 Episcopus
1583 5367 1910 5425 fornicatio-

214 5466 343 5503 nem
388 5451 599 5504 faciens
631 5452 950 5506 naturalem
979 5453 1063 5507 Xll
1096 5470 1276 5508 annos
1332 5457 1625 5525 pceniteat,
1667 5459 1909 5532 presby-

211 5543 297 5591 ter
323 5540 383 5606 X,
439 5540 711 5594 diaconus
755 5540 844 5609 IX,
889 5541 1266 5596 subdiaconus
1320 5547 1471 5609 octo,
1524 5544 1763 5600 clericus
1817 5564 1903 5601 se-

2055 495 2231 549 fratre
2290 496 2505 549 carnali
2576 495 3011 550 fornicationem
3069 495 3278 550 faciens
3329 497 3416 550 XV
3463 497 3632 551 annis
3694 497 3762 551 ab

2056 585 2215 638 omni
2270 601 2440 639 carne
2501 601 2559 639 se
2615 586 2916 639 abstineat.
2977 584 3034 638 Si
3091 601 3286 638 semen
3338 586 3397 638 in
3425 603 3486 639 os
3516 587 3758 652 miserit,

2055 679 2272 744 septem
2312 690 2494 727 annos
2533 675 2824 744 pceniteat,
2867 673 2967 726 alii
3014 673 3215 728 dicunt
3246 688 3429 744 usque
3485 676 3543 729 in
3582 676 3760 729 ﬁnem

2054 763 2185 816 vitae
2214 762 2508 833 poenitere,
2545 763 2771 816 debere.
2823 762 2942 815 Viri
2981 762 3132 817 inter
3171 762 3390 817 femora
3470 765 3758 817 fornican-

2059 858 2158 916 tes,
2209 867 2387 904 unum
2448 867 2662 904 annum
2720 851 3061 921 pmniteant,
3131 851 3178 904 si
3231 851 3504 906 iterantes
3550 853 3620 907 II.
3704 851 3760 906 Si

2053 939 2206 994 inter
2232 955 2398 992 crura
2427 939 2793 1006 fornicantes,
2827 940 2872 993 si
2913 940 3077 1011 pueri
3108 945 3260 1008 sunt,
3301 957 3517 994 annum
3574 956 3761 994 unum

2053 1029 2387 1098 pmniteant.
2431 1027 2488 1082 Si
2539 1027 2667 1093 viri,
2716 1029 2860 1082 duos
2903 1045 3104 1082 annos.
3155 1028 3214 1083 Si
3264 1035 3458 1083 autem
3505 1029 3568 1083 in
3623 1045 3762 1083 con-

2053 1117 2354 1172 suetudine
2400 1124 2506 1186 est,
2567 1117 2771 1171 modus
2822 1117 3177 1188 poenitentiae
3233 1117 3479 1172 addatur
3540 1118 3761 1189 judicio

2053 1205 2377 1260 sacerdotis.
2439 1205 2535 1259 Vir
2583 1205 2956 1276 semetipsum
3009 1206 3410 1277 coinquinans,
3471 1207 3661 1277 primo
3721 1207 3764 1261 Χ

2052 1295 2172 1348 dies
2237 1295 2528 1364 pmniteat,
2598 1298 2654 1348 et
2708 1295 2920 1349 iterans
2972 1296 3056 1349 XX
3104 1295 3238 1349 dies.
3283 1296 3340 1351 Si
3388 1311 3518 1350 cum
3576 1295 3764 1366 gradu

2053 1391 2157 1452 est,
2219 1386 2464 1440 addatur
2524 1383 2883 1455 paenitentia.
2945 1385 3096 1439 Puer
3156 1385 3244 1440 XV
3317 1401 3600 1439 annorum
3676 1385 3763 1439 XL

2053 1474 2173 1529 dies
2201 1473 2493 1544 pceniteat.
2527 1474 2636 1537 Qui
2677 1473 3028 1544 concupiscit
3059 1478 3246 1527 mente
3303 1472 3595 1538 fornicari,
3665 1472 3764 1527 sed

2054 1579 2170 1616 non
2203 1566 2406 1633 potuit,
2439 1564 2479 1616 X
2506 1562 2628 1616 dies
2679 1561 2970 1631 paeniteat.
3021 1561 3128 1625 Qui
3158 1577 3260 1631 per
3340 1561 3762 1633 turpiloquium

2054 1643 2429 1722 vel‘aspectu
2495 1650 2897 1721 coinquinatus
2960 1655 3063 1717 est,
3131 1656 3326 1704 tamen
3382 1667 3498 1704 non
3582 1651 3766 1704 voluit

2053 1755 2286 1810 peccare
2347 1740 2742 1810 corporaliter,
2771 1740 2859 1794 XX
2912 1740 3030 1793 dies
3088 1739 3379 1810 paeniteat.
3435 1740 3492 1794 Si
3565 1744 3762 1794 autem

2052 1829 2491 1898 impugnatione
2521 1827 3172 1899 cogitationisviolenter
3210 1829 3614 1899 coinquinatus
3653 1833 3759 1884 est.

2051 1918 2141 1972 XX
2168 1919 2288 1972 dies
2320 1917 2609 1989 poeniteat.
2659 1917 2766 1980 Qui
2811 1917 2909 1970 diu
2961 1918 3244 1981 {illudetur
3300 1934 3332 1971 a
3388 1918 3758 1988 cogitatione,

2051 2007 2302 2061 molliter
2331 2007 2382 2061 ei
2413 2022 2762 2077 repugnans,
2797 2022 2890 2060 sex
2938 2006 3078 2069 dies,
3114 2007 3199 2060 vel
3238 2012 3518 2078 quantum
3560 2023 3763 2077 exege-

2049 2096 2125 2149 rit
2145 2095 2488 2149 diuturnitas
2515 2095 2872 2164 cogitationis
2927 2095 3216 2162 pmniteat.
3273 2096 3440 2149 Pueri
3483 2095 3581 2166 qui
3636 2095 3764 2149 for-

2049 2182 2315 2236 nicantur
2360 2182 2511 2236 intra
2537 2183 2888 2251 semetipsos,
2941 2181 3260 2252 judicatum
3307 2187 3411 2248 est,
3462 2188 3523 2236 ut
3577 2199 3762 2253 vapu-

2049 2274 2187 2326 Ient.
2225 2271 2390 2324 Pueri
2441 2270 2543 2324 soli
2575 2269 2643 2324 de
2672 2271 2778 2324 hoc
2834 2271 2984 2323 inter
3040 2287 3098 2323 se
3155 2271 3625 2337 sermocinantes,
3706 2275 3766 2326 et

2048 2359 2537 2429 transgredientes
2593 2364 2805 2412 statuta
2877 2359 3190 2426 seniorum,
3247 2365 3362 2414 tres
3433 2361 3765 2431 superposi-

2047 2451 2235 2504 tiones
2264 2449 2559 2518 accipiant.
2616 2450 2883 2504 Osculum
2917 2465 3032 2502 non
3081 2450 3415 2520 simpliciter
3461 2450 3759 2517 facientes,

2049 2538 2303 2608 quinque
2334 2537 2823 2608 superpositiones
2874 2538 3173 2608 accipiant.
3216 2538 3621 2592 Illecebrosum
3663 2555 3761 2591 os-

2049 2627 2242 2680 culum
2276 2626 2565 2691 facientes,
2597 2625 2716 2679 sine
2763 2626 3294 2696 coinquinamento,
3325 2627 3582 2697 quinque
3629 2627 3754 2680 dies

2049 2714 2384 2784 poeniteant.
2446 2713 2588 2766 Cum
2635 2712 3170 2782 coinquinamento,
3215 2713 3338 2766 sine
3387 2714 3680 2782 amplexu,
3713 2714 3756 2766 X

2048 2801 2533 2873 superpositiones
2588 2801 2883 2870 accipiant.
2978 2803 3108 2856 Post
3175 2817 3358 2855 annos
3415 2802 3506 2856 XX
3597 2802 3755 2856 idem

2047 2893 2487 2955 committentes,
2549 2890 2630 2945 XL
2660 2891 2778 2944 dies
2828 2890 3076 2960 separati
3105 2906 3137 2943 a
3185 2907 3402 2957 mensa,
3470 2895 3757 2946 extorres-

2048 2997 2158 3052 que
2205 2981 2274 3034 ab
2296 2977 2558 3046 Ecclesia,
2592 2994 2721 3032 cum
2758 2995 2904 3049 pane
2944 2984 3003 3033 et
3062 2996 3212 3050 aqua
3247 2980 3458 3035 vivant.
3519 2980 3756 3035 Minime

2049 3083 2181 3121 vero
2205 3067 2641 3120 fornicationem
2664 3067 2969 3133 imitantes,
2995 3067 3370 3134 etirritantes,
3396 3085 3454 3122 se
3481 3068 3725 3121 invicem
3743 3111 3758 3136 ,

2046 3157 2142 3210 sed
2175 3155 2533 3226 coinquinati
2582 3172 2699 3210 non
2733 3160 2884 3224 sunt,
2945 3161 3181 3227 propter
3209 3157 3392 3210 aetatis
3457 3156 3757 3211 maturita-

2047 3250 2183 3311 tem,
2213 3244 2593 3314 ﬂagellentur.
2627 3244 2682 3298 Si
2713 3261 2845 3299 vero
2887 3244 3236 3315 frequenter,
3274 3245 3514 3298 addatur
3557 3261 3751 3315 pmna.

2048 3333 2213 3388 Pueri
2241 3339 2372 3388 ante
2402 3334 2486 3387 XX
2531 3349 2713 3386 annos
2761 3350 2820 3388 se
2864 3333 3106 3388 invicem
3152 3334 3418 3389 manibus
3479 3334 3752 3406 coinqui-

2045 3428 2270 3488 nantes,
2343 3426 2400 3476 et
2428 3422 2720 3476 confessi:
2783 3426 3092 3493 antequam
3159 3422 3588 3477 communicent
3669 3424 3756 3478 XX

2047 3512 2167 3565 dies
2203 3511 2536 3580 pceniteant.
2590 3510 2647 3564 Si
2696 3511 3032 3566 iteraverint
3078 3518 3209 3582 post
3250 3513 3672 3582 pmnitentiam,
3714 3514 3758 3568 C

2045 3600 2184 3655 dies.
2213 3599 2270 3654 Si
2301 3615 2434 3653 vero
2465 3599 2842 3670 frequentius,
2887 3607 3244 3671 separentur,
3294 3607 3351 3656 et
3383 3617 3599 3655 annum
3641 3617 3759 3672 poe-

2044 3689 2284 3744 niteant.
2312 3690 2458 3742 Puer
2477 3705 2782 3760 oppressus
2803 3706 2835 3742 a
2856 3691 3070 3760 majore
3088 3690 3286 3744 infraX
3319 3707 3519 3754 annos,
3538 3691 3757 3745 hebdo-

2047 3777 2272 3832 madam
2317 3777 2542 3847 jejunet
2575 3793 2588 3832 :
2623 3778 2670 3831 si
2700 3779 2984 3832 consentit
3020 3781 3100 3833 XX
3134 3779 3254 3832 dies
3286 3796 3298 3833 :
3337 3779 3524 3833 mollis
3555 3785 3754 3834 autem

2045 3882 2258 3921 annum
2293 3867 2589 3935 pceniteat.
2634 3866 2741 3930 Qui
2786 3867 2844 3937 in
2873 3867 3087 3921 somnis
3133 3869 3447 3922 voluntarie
3500 3870 3754 3938 pollutus

2044 3961 2146 4022 est,
2212 3957 2426 4025 surgat,
2487 3961 2543 4008 et
2590 3960 2780 4010 cantet
2809 3957 3050 4026 genibus
3098 3956 3256 4010 ﬂexis
3306 3957 3396 4010 Vll
3430 3958 3575 4012 Psal.
3644 3960 3749 4012 Vo-

2043 4043 2246 4098 lensin
2286 4059 2484 4097 somno
2510 4059 2766 4114 peccare,
2820 4045 2900 4098 XX
2933 4045 3079 4099 Psal.
3139 4046 3344 4099 cantet.
3377 4045 3436 4100 Si
3497 4046 3752 4116 pollutus

2044 4138 2123 4188 est
2151 4132 2274 4186 sine
2302 4133 2596 4187 voluntate
2626 4133 2713 4187 XV
2740 4134 2886 4188 Psal.
2930 4139 3141 4201 cantet,
3192 4138 3249 4187 et
3277 4133 3337 4186 in
3386 4133 3499 4188 ﬁne
3549 4136 3750 4190 unius-

1953 4252 1996 4306 ο
2035 4221 2312 4292 cujusque
2375 4221 2581 4275 Psalmi
2652 4220 2801 4275 dicat
2852 4228 2982 4277 ter:
3037 4224 3205 4290 Deus,
3252 4222 3311 4276 in
3392 4223 3740 4293 adjutorium

2034 4327 2228 4366 meum
2287 4311 2540 4377 intende,
2573 4315 2630 4365 et
2688 4309 2925 4382 reliqua.
2977 4312 3085 4376 Qui
3125 4329 3320 4365 semen
3364 4312 3424 4365 in
3496 4313 3740 4367 Ecclesia

2035 4399 2323 4456 dormiens
2351 4398 2579 4466 fuderit,
2604 4403 2718 4453 tres
2739 4400 2860 4454 dies
2877 4400 3120 4471 jejunet.
3157 4400 3468 4472 Episcopus
3499 4401 3738 4456 fornica-

2031 4489 2249 4543 tionem
2270 4487 2482 4542 faciens
2503 4493 2701 4542 contra
2724 4492 3011 4556 naturam,
3030 4489 3396 4560 degradetur,
3419 4493 3473 4542 et
3517 4490 3736 4544 duode-

2030 4577 2139 4630 cim
2169 4593 2346 4630 annos
2376 4575 2666 4646 paeniteat.
2703 4577 3005 4648 Presbyter
3035 4583 3135 4632 aut
3161 4577 3456 4644 diaconus,
3491 4577 3737 4632 fornica-

2030 4666 2247 4719 tionem
2281 4670 2476 4718 contra
2501 4670 2765 4719 naturam
2789 4665 3019 4734 faciens,
3045 4666 3283 4736 praelato
3317 4672 3446 4720 ante
3471 4667 3738 4721 monachi

2028 4757 2180 4822 voto,
2216 4753 2621 4823 degradentur,
2655 4759 2710 4808 et
2747 4755 2787 4806 V
2819 4771 2998 4808 annos
3036 4756 3374 4825 pmniteant,
3409 4760 3464 4808 et
3507 4755 3738 4809 veniam

2028 4842 2186 4896 omni
2216 4843 2356 4896 hora
2386 4848 2607 4914 rogent,
2633 4848 2690 4897 et
2749 4844 3272 4914 superpositionem
3317 4844 3628 4914 patiantur,
3677 4845 3738 4900 in

2028 4947 2373 5002 unaquaque
2456 4932 2837 4999 hebdomada,
2899 4931 3148 5003 exceptis
3239 4933 3739 5004 quinquagesimis

2027 5019 2241 5074 diebus.
2272 5021 2403 5074 Post
2423 5021 2965 5092 superpositionem,
3007 5037 3154 5093 pane
3178 5021 3224 5074 si
3249 5038 3553 5075 emensura
3577 5029 3740 5076 utan-

2024 5111 2136 5174 tur,
2169 5113 2225 5163 et
2281 5109 2560 5164 ferculum
2603 5111 2967 5181 aliquatenus
3005 5111 3214 5180 butyro
3258 5110 3640 5181 impinguato,
3678 5116 3739 5166 et

2023 5195 2113 5250 die
2137 5197 2430 5252 Dominico
2480 5199 2560 5253 sic
2607 5199 2816 5254 vivant.
2868 5200 3099 5254 Caeteris
3143 5215 3277 5254 vero
3317 5199 3519 5254 diebus
3567 5200 3736 5270 paxi-

2021 5285 2160 5338 mati
2220 5287 2384 5356 panis
2436 5303 2729 5356 mensura,
2777 5293 2834 5342 et
2879 5305 3056 5359 parvo
3113 5288 3473 5359 impinguata
3525 5288 3734 5360 butyro

2029 5374 2206 5440 olera,
2268 5379 2324 5428 et
2378 5376 2498 5428 ovis
2545 5377 2762 5446 paucis,
2835 5383 2893 5430 et
2936 5377 3236 5431 formatico
3276 5377 3629 5445 reﬁciantur,
3675 5383 3736 5433 et

2018 5478 2182 5532 aquae
2233 5466 2454 5517 tantum
2509 5470 2792 5536 quantum
2849 5465 3094 5520 sufficiat
3157 5466 3204 5520 si
3263 5467 3562 5538 operarius
3619 5471 3729 5524 est.

2017 5550 2216 5606 Lectus
2276 5551 2430 5606 enim
2485 5568 2598 5607 non
2660 5553 2908 5608 multum
2964 5554 3184 5610 faenum
3241 5554 3467 5623 habeat,
3513 5559 3570 5610 et
3623 5571 3731 5626 per
