3944 6300
144 299 245 351 933

943 296 1414 352 DECRETORUSI
1458 299 1643 354 LIBRI
1680 299 1785 354 ΧΧ.
1819 329 1887 338 -
1929 299 2141 355 LIBER
2182 298 2483 356 DECIMUS
2521 301 2850 359 OCTAVUS.

3546 307 3653 361 934-

144 423 259 473 tres
289 418 757 490 quadragesimae
787 418 924 472 anni
974 420 1143 473 addat
1174 420 1413 491 aliquid,
1470 426 1636 491 prout
1665 421 1844 475 virtus
1874 425 1917 477 A
1957 440 2124 477 suum
2156 424 2524 494 oppresserit,
2559 429 2659 477 aut
2683 424 3152 479 vestimentorum
3194 426 3445 496 pondere
3476 427 3650 482 suffo-

146 510 268 578 ejus
301 508 617 575 admiserit,
670 524 898 579 semper
938 524 1002 560 ex
1056 508 1260 561 intimo
1307 509 1475 562 corde
1536 516 1597 563 ut
1639 510 1845 564 defleat

146 598 371 667 culpam
408 613 588 650 suam.
628 596 1024 650 Obedientiam
1075 613 1203 667 qum
1254 599 1449 651 omnia
1483 598 1839 667 praeeminet,

148 686 520 738 libentissime
551 684 807 755 accipiat.
844 686 977 738 Post
1016 701 1231 738 annum
1281 691 1337 738 et
1384 685 1685 739 dimidium
1739 688 1844 739 Eu-

148 771 476 827 charistiam
530 778 733 835 sumat,
789 779 845 827 et
897 774 968 827 ad
1025 790 1223 843 pacem
1300 775 1531 828 veniat:
1594 775 1845 829 Psalmos

149 878 279 916 cum
311 862 581 916 fralribus
627 865 835 924 cantet,
890 878 959 915 ne
1006 862 1231 931 penitus
1268 863 1462 916 anima
1510 868 1667 915 tanto
1708 869 1850 916 tem-

148 967 284 1021 pore
315 950 556 1004 caelestis
586 950 887 1004 medicinae
928 951 1130 1020 jejuna
1182 950 1447 1005 intereat.
1500 950 1556 1005 Si
1588 949 1850 1004 inferiori

151 1039 333 1110 gradu
378 1040 536 1109 prius
567 1039 697 1110 quis
728 1024 1043 1092 monachus
1074 1038 1281 1105 fuerat,
1325 1046 1439 1093 tres
1466 1040 1699 1110 quidem
1745 1055 1847 1093 an—

152 1145 255 1182 nos
287 1128 581 1198 pceniteat,
630 1126 724 1181 sed
776 1142 1043 1180 mensura
1089 1144 1203 1180 non
1252 1132 1519 1197 gravetur
1554 1127 1737 1198 panis.
1794 1125 1850 1179 Si

152 1217 450 1289 operarius
480 1222 584 1282 est,
618 1216 860 1269 sextario
891 1216 959 1269 de
995 1217 1131 1269 lacte
1191 1216 1470 1283 Romano,
1524 1222 1581 1269 et
1621 1216 1732 1269 alio
1782 1215 1851 1268 de

150 1309 400 1373 tenucla,
455 1310 509 1358 et
560 1320 706 1374 aqua
754 1310 1035 1373 quantum
1070 1304 1283 1358 sufﬁcit
1333 1320 1437 1374 pro
1482 1304 1602 1357 sitis
1647 1304 1851 1357 ardore

154 1399 364 1448 sumat.
426 1393 481 1447 Si
536 1409 667 1446 vero
722 1394 843 1446 sine
899 1400 1029 1445 voto
1084 1393 1353 1446 monachi
1410 1393 1706 1463 presbyter
1756 1395 1854 1445 aut

154 1482 428 1536 diaconus
457 1481 535 1534 sic
584 1482 920 1552 peccaverit,
972 1481 1118 1534 sicut
1150 1482 1466 1535 monachus
1491 1482 1612 1534 sine
1668 1480 1850 1551 gradu

153 1572 448 1642 poeniteat,
482 1576 536 1624 et
584 1575 779 1639 postea
831 1570 1071 1640 recipiat
1120 1571 1330 1640 gradus
1378 1587 1525 1624 suos.
1570 1570 1627 1625 Si
1662 1574 1849 1623 autem

156 1660 451 1730 presbyter
484 1665 581 1712 aut
625 1660 894 1712 diaconus
926 1664 1052 1728 post
1099 1660 1210 1712 tale
1260 1664 1552 1728 peccatum
1608 1658 1854 1712 voluerit

156 1748 472 1801 monachus
525 1748 669 1814 ﬁeri,
726 1746 1029 1800 indiscreto
1075 1748 1367 1817 proposito
1424 1747 1579 1801 exilii
1641 1762 1855 1800 annum

156 1843 213 1890 et
267 1836 573 1891 dimidium
632 1835 923 1905 pceniteat,
989 1836 1196 1889 habeat
1250 1841 1447 1889 tamen
1500 1835 1672 1889 abbas
1726 1852 1857 1888 cum

157 1926 397 1979 consilio
438 1926 691 1996 episcopi
739 1925 827 1978 sui
872 1925 1046 1995 hujus
1100 1924 1183 1978 rei
1237 1924 1577 1978 moderandi
1622 1924 1860 1977 faculta-

158 2021 295 2080 tem,
356 2014 404 2068 si
461 2014 787 2068 obedientia
850 2013 1179 2083 paenitentis
1250 2012 1457 2082 placita
1510 2011 1584 2066 sit
1638 2013 1753 2065 Deo
1803 2016 1860 2065 et

159 2104 429 2157 fratribus
462 2104 669 2172 quibus
698 2103 1066 2156 commissum
1100 2106 1204 2154 est.

304 2194 432 2247 CAP.
459 2193 613 2245 LVII.
642 2220 709 2232 —-
742 2195 810 2245 De
828 2192 939 2245 illis
962 2193 1389 2260 quiconceptum
1411 2192 1711 2243 excutiunt.

231 2282 340 2352 (Ea:
379 2283 599 2335 concilio
635 2282 903 2345 Worma.,
947 2282 1122 2348 capite
1183 2278 1293 2347 30.)
1326 2278 1381 2331 Si
1430 2277 1638 2347 aliquis
1686 2292 1857 2330 causa

158 2371 452 2440 explendae
480 2369 751 2435 libidinis,
786 2368 870 2423 vel
904 2368 1022 2420 odii
1057 2366 1451 2429 meditatione,
1502 2370 1566 2419 ut
1628 2382 1742 2418 non
1794 2381 1858 2418 ex

160 2476 227 2512 eo
287 2459 515 2512 soboles
565 2462 846 2521 nascatur,
893 2456 1134 2521 homini,
1188 2460 1285 2508 aut
1345 2454 1571 2507 mulieri
1635 2454 1853 2524 aliquid

162 2548 383 2613 fecerit,
416 2547 498 2600 vel
529 2547 598 2601 ad
632 2546 945 2616 potandum
979 2544 1215 2608 dederit,
1244 2550 1304 2596 ut
1335 2559 1449 2595 non
1477 2541 1653 2612 possit
1684 2558 1858 2612 gene~

164 2654 315 2703 rare,
349 2641 446 2689 aut
477 2635 795 2705 concipere,
821 2642 882 2687 ut
913 2633 1202 2687 homicida
1222 2636 1503 2685 teneatur.

166 2727 295 2781 Car.
336 2725 520 2778 LVlll.
552 2755 622 2764 —
653 2726 733 2777 De
770 2724 884 2777 illis
917 2724 1013 2791 qui
1039 2723 1279 2785 infantes
1310 2734 1432 2773 suos
1472 2720 1856 2787 oppresserint.

236 2816 351 2883 (Ea:
379 2815 601 2869 concilio
630 2814 934 2881 Mogunti.,
966 2812 1143 2879 capite
1189 2809 1265 2880 6.)
1300 2808 1358 2863 Si
1409 2807 1538 2878 quis
1582 2807 1856 2859 infantem

1952 512 2182 575 caverit,
2213 517 2269 565 et
2298 512 2401 566 hoc
2431 518 2558 582 post
2589 513 2943 583 baptismum
2976 502 3185 566 factum
3207 515 3393 581 fuerit,
3428 517 3510 570 XL
3531 517 3652 569 dies

1952 602 2225 669 posuiteat
2260 601 2317 654 in
2355 616 2502 671 pane
2557 607 2614 654 et
2661 617 2833 672 aqua,
2897 607 2953 654 et
2999 618 3031 654 a
3058 603 3302 672 conjuge
3333 620 3389 656 se
3420 605 3651 659 interim

1954 688 2253 742 abstineat.
2290 691 2487 742 Postea
2521 692 2634 742 tres
2666 706 2848 743 annos
2895 691 3173 759 poeniteat
3219 708 3319 761 per
3369 692 3655 760 legitimas

1954 777 2142 843 ferias,
2176 783 2233 831 et
2258 783 2371 831 tres
2401 778 2457 830 in
2490 795 2640 831 anno
2673 780 3143 849 quadragesimas
3174 780 3462 833 observet.
3492 780 3653 844 Quod

1955 866 2002 919 si
2032 874 2164 920 ante
2204 866 2556 937 baptismum
2586 866 2770 920 infans
2795 884 3105 937 oppressus
3135 868 3325 931 fuerit,
3363 868 3656 937 proximos

1956 956 2337 1026 quadraginta
2392 956 2513 1010 dies
2562 960 2623 1010 ut
2674 974 2846 1028 supra
2896 958 3194 1028 paeniteat.
3258 960 3463 1012 Postea
3522 974 3655 1011 vero

1960 1044 2431 1115 quinquennium
2453 1046 2693 1115 expleat.

1959 1170 2086 1224 CAP.
2141 1170 2267 1224 LIX.
2319 1199 2383 1208 —
2414 1171 2485 1223 De
2530 1174 2693 1237 patre
2735 1173 2786 1222 et
2812 1174 2985 1223 matre
3028 1172 3126 1238 qui
3165 1170 3304 1240 ﬁlios
3350 1185 3472 1226 suos
3501 1170 3652 1240 apud

2464 1255 2518 1294 se
2548 1245 2783 1293 mortuos
2812 1243 3135 1295 invenerint.

2033 1348 2150 1413 (Ea:
2207 1347 2429 1399 concilio
2480 1348 2796 1414 parisiensi,
2856 1348 3033 1415 capite
3083 1348 3158 1417 5.)
3204 1347 3283 1401 De
3336 1347 3652 1400 infantibus

1962 1440 2153 1489 autem
2186 1436 2283 1505 qui
2309 1435 2522 1488 mortui
2570 1434 2942 1488 inveniuntur
2969 1451 3095 1489 cum
3132 1441 3290 1506 patre
3341 1442 3396 1490 et
3448 1441 3647 1500 matre,

1963 1528 2019 1576 et
2051 1540 2164 1576 non
2194 1526 2433 1593 apparet
2458 1527 2652 1576 utrum
2703 1538 2735 1575 a
2760 1527 2920 1592 patre
2976 1529 3072 1575 aut
3106 1530 3286 1577 matre
3337 1522 3553 1576 occisus
3583 1522 3656 1575 sit

1962 1613 2082 1682 ipse
2109 1612 2298 1665 infans
2348 1612 2437 1665 vel
2484 1611 2806 1679 suffocatus,
2856 1629 2924 1664 an
2980 1612 3208 1682 propria
3243 1617 3423 1665 morte
3454 1610 3656 1663 defun-

1889 1700 1927 1752 B
1965 1707 2086 1755 ctus
2120 1717 2133 1754 :
2168 1716 2280 1753 non
2309 1700 2520 1753 debent
2558 1699 2687 1753 inde
2715 1699 2899 1753 securi
2942 1717 3087 1765 esse,
3137 1717 3241 1754 nec
3295 1700 3416 1753 sine
3469 1698 3657 1768 ιιωηὶ-

1964 1789 2141 1843 tentia
2171 1789 2279 1860 ipsi
2328 1794 2613 1859 parentes,
2653 1790 2750 1841 sed
2814 1794 3005 1841 tamen
3052 1790 3110 1841 in
3155 1789 3236 1842 eis
3279 1787 3659 1842 consideratio

1965 1878 2134 1931 debet
2161 1894 2282 1931 esse
2332 1877 2583 1946 pietatis,
2639 1876 2734 1929 ubi
2782 1893 2898 1930 non
2952 1878 3228 1941 voluntas,
3280 1877 3379 1931 sed
3428 1881 3661 1930 eventus

1966 1966 2168 2019 mortis
2194 1982 2362 2018 causa
2391 1965 2513 2019 fuit.
2544 1965 2599 2019 Si
2627 1969 2815 2018 autem
2849 1981 2943 2017 eos
2984 1981 3097 2017 non
3145 1965 3286 2018 latet
3333 1965 3488 2034 ipsos
3537 1965 3663 2034 ejus

1965 2070 2084 2109 esse
2142 2055 2551 2121 interfectores,
2631 2054 2773 2108 scire
2846 2055 3055 2109 debent
3103 2054 3354 2123 graviter
3402 2070 3460 2108 se
3517 2054 3658 2107 deli-

1966 2143 2178 2213 quisse,
2242 2144 2390 2214 quod
2451 2142 2510 2196 in
2592 2146 2872 2196 Aneirano
2929 2143 3169 2196 concilio
3228 2142 3661 2212 comprobatur.

1965 2232 2207 2295 Quidam
2243 2238 2434 2285 autem
2466 2230 2639 2285 trium
2672 2247 2958 2285 annorum
3010 2232 3410 2302 penitentiam
3454 2233 3662 2284 horum

1959 2322 2223 2392 judicant
2257 2338 2377 2374 esse
2418 2320 2624 2375 debere
2658 2335 2671 2374 :
2726 2336 2971 2391 quorum
3015 2336 3194 2373 unum
3238 2336 3302 2373 ex
3343 2320 3432 2373 his
3472 2320 3666 2388 exigat

1967 2411 2028 2464 in
2056 2426 2204 2481 pane
2236 2415 2289 2463 et
2323 2426 2472 2479 aqua
2515 2411 2684 2478 atque
2733 2426 2791 2461 se
2843 2408 2913 2462 ab
2946 2408 3105 2461 omni
3148 2408 3377 2461 luxuria
3407 2407 3663 2477 tempore

1966 2500 2319 2570 poenitentiae
2343 2513 2460 2550 suae
2492 2496 2787 2550 custodiat.

2039 2608 2166 2661 CAP.
2206 2607 2305 2659 LX.
2338 2634 2405 2645 —
2440 2607 2513 2657 De
2546 2604 2655 2656 illis
2685 2604 2905 2668 feminis
2928 2617 3045 2669 quae
3073 2601 3320 2654 abortum
3342 2602 3591 2666 fecerint.

2039 2715 2145 2779 (E1:
2177 2710 2541 2765 Pamitentiali
2570 2707 2851 2778 Romano.)
2884 2708 2938 2762 Si
2985 2724 3095 2777 qua
3154 2707 3363 2760 mulier
3401 2706 3665 2760 abortum

1968 2802 2167 2856 fecerit
2192 2798 2535 2863 voluntarie,
2577 2797 2758 2850 tribus
2788 2795 2951 2849 annis
2980 2795 3274 2866 paeniteat.

1426 2919 1601 2958 FINIS
1645 2918 1823 2957 LIBRI
1873 2914 2093 2955 DECIMI
2140 2911 2428 2953 SEPTIMI.

1503 3183 2343 3291 BURCHARDI

1114 3383 1521 3440 ECCLESIzE
1561 3376 2185 3436 WORMACIENSIS
2225 3373 2595 3430 EPISCOPI

404 3559 1398 3692 DECRETORUM
1501 3556 1937 3687 LIBER
2036 3546 2670 3682 DECIMUS
2778 3497 3430 3678 OCTAVUS

1293 3792 1393 3856 DE
1441 3788 1964 3857 VISITATIONE
2015 3785 2551 3851 INFIRMORUM.

656 4066 1147 4123 ABGUMENTUM
1186 4066 1397 4120 LIBRI.

253 4160 421 4217 Liber
466 4159 557 4214 hic
605 4158 865 4213 infirmos
911 4175 941 4211 a
988 4155 1335 4227 presbyteris
1388 4152 1702 4207 visitandos
1728 4167 1869 4216 esse,

180 4254 238 4304 et
267 4264 397 4320 quae.
427 4248 495 4302 ad
522 4249 667 4302 hanc
696 4246 1081 4300 visitationem
1112 4243 1501 4314 requirantur,
1535 4242 1755 4295 edocet.

252 4339 393 4393 Cum
453 4338 716 4390 sacerdos
769 4334 1017 4389 audierit
1069 4334 1318 4403 aliquem
1344 4330 1623 4384 infirmari
1656 4330 1713 4382 in
1774 4345 1877 4382 sua

181 4428 366 4497 plebe,
400 4426 509 4479 cito
536 4426 603 4479 ad
654 4440 782 4479 eum
833 4426 1053 4495 pergat,
1109 4426 1165 4476 et
1212 4421 1501 4490 ingressus
1549 4418 1875 4473 cubiculum

180 4531 390 4587 aquam
418 4514 778 4568 benedictam
809 4528 982 4583 super
1012 4528 1163 4578 eum,
1222 4515 1278 4563 et
1306 4525 1408 4579 per
1435 4524 1603 4561 omne
1639 4506 1874 4561 cubicu-

180 4607 299 4658 lum
322 4606 605 4674 aspergat,
639 4618 769 4655 cum
795 4601 1441 4671 antiphona:Asperges
1464 4613 1575 4663 me,
1604 4595 1873 4661 Domine;

178 4699 233 4748 et
257 4709 424 4747 versu
456 4708 469 4746 :
502 4694 769 4761 Exurgat,
806 4691 973 4755 Deus,
1007 4693 1063 4741 et
1093 4688 1440 4757 dissipentur
1490 4683 1728 4749 inimici,
1767 4687 1871 4736 etc.

176 4781 392 4838 Deinde
423 4781 573 4835 dicat
604 4780 920 4834 orationem
955 4795 967 4832 :
1000 4779 1145 4831 Deus
1178 4776 1278 4847 qui
1328 4774 1718 4829 sacerdotibus
1762 4772 1875 4825 tuis

176 4876 393 4925 tantam
425 4871 688 4939 gratiam.
726 4868 939 4922 Deinde
970 4871 1161 4920 cantet
1208 4870 1425 4935 septem
1462 4864 1717 4917 Psalmos
1745 4876 1875 4913 cum

176 4958 441 5031 precibus
473 4974 574 5028 pro
606 4957 872 5011 infirmis.
932 4955 1146 5010 Deinde
1183 4953 1458 5007 [.itaniam
1488 4956 1697 5005 cantet.
1744 4951 1878 5003 Post

178 5051 299 5104 haec
384 5064 586 5101 omnes
634 5048 835 5118 jubeat
907 5051 1063 5100 extra
1101 5043 1427 5098 cubiculum
1496 5041 1780 5095 secedere.
1814 5039 1879 5091 Et

178 5138 650 5209 appropinquans
710 5136 855 5190 lecto
904 5151 1019 5206 quo
1066 5132 1328 5188 infirmus
1382 5128 1695 5194 decumbit,
1745 5141 1874 5181 eum

179 5227 387 5281 blande
423 5226 740 5295 leniterque
773 5226 1121 5295 alloquatur,
1154 5228 1215 5275 ut
1243 5236 1474 5275 omnem
1518 5234 1681 5288 spem
1713 5232 1876 5269 suam

1910 4062 1950 4116 C
1981 4075 2085 4129 pro
2110 4057 2291 4129 culpis
2322 4055 2636 4111 commissis
2667 4055 2963 4125 spondeat,
3011 4059 3074 4107 ut
3108 4051 3483 4108 substantiam
3514 4068 3677 4106 suam

1984 4149 2122 4203 dum
2162 4147 2347 4201 adhuc
2387 4161 2585 4198 sensus
2635 4149 2692 4197 et
2736 4144 2882 4196 ratio
2934 4142 3103 4212 viget,
3135 4142 3419 4211 disponat,
3456 4145 3517 4193 ut
3546 4155 3675 4210 pec-

1984 4241 2106 4291 cata
2138 4253 2239 4290 sua
2268 4235 2646 4304 eleemosyuis
2692 4232 2954 4299 redimat,
3000 4236 3062 4284 ut
3092 4231 3178 4284 his
3209 4230 3308 4300 qui
3350 4230 3411 4283 in
3451 4245 3508 4282 se
3543 4243 3674 4297 pec-

1985 4328 2257 4380 caverunt
2302 4323 2617 4393 indulgeat,
2672 4326 2735 4375 ut
2777 4326 2989 4374 rectam
3046 4319 3242 4386 fidem,
3285 4323 3340 4372 et
3368 4316 3676 4370 credulita-

1984 4422 2101 4471 tem
2132 4418 2339 4479 teneat,
2375 4418 2431 4466 et
2457 4412 2630 4465 ﬁdem
2661 4428 2729 4465 ex
2752 4410 2974 4480 integro
2999 4425 3113 4462 non
3144 4407 3414 4478 sapuerit,
3449 4406 3681 4476 presby-

1984 4509 2072 4558 ter
2112 4519 2245 4558 eum
2284 4502 2485 4555 docere
2525 4500 2697 4553 debet
2730 4515 2741 4553 :
2795 4504 2852 4553 et
2913 4502 2976 4551 ut
3020 4497 3089 4551 de
3130 4496 3230 4550 Dei
3287 4492 3680 4547 misericordia

1985 4608 2281 4664 nunquam
2308 4591 2589 4660 desperet,
2623 4588 2842 4642 doceat.
2872 4588 3015 4642 Cum
3067 4585 3156 4639 his
3197 4589 3253 4637 et
3283 4581 3681 4654 hujuscemodi

1984 4681 2425 4736 allocutionibus
2481 4677 2655 4733 fuerit
2727 4692 2890 4730 mens
2947 4672 3164 4727 infirmi
3216 4673 3488 4739 revelata,
3546 4671 3681 4724 data

1984 4770 2401 4838 benedictione,
2468 4767 2785 4837 interroget
2827 4780 2959 4817 eum
3007 4763 3075 4817 de
3129 4762 3369 4833 singulis
3420 4777 3524 4831 per
3580 4775 3678 4812 or-

1986 4860 2200 4913 dinem.

2059 4947 2285 5014 Quando
2334 4944 2620 5015 presbyter
2666 4941 2881 4996 domum
2928 4942 3109 4994 intrat
3168 4940 3225 4991 in
3278 4953 3388 5006 qua
3434 4939 3682 5005 inﬁrmus

2503 5034 2670 5103 jacet,
2692 5033 2936 5100 primum
2952 5028 3101 5083 dicat
3135 5044 3146 5081 :

1989 5126 2101 5178 Pax
2126 5124 2259 5177 huic
2284 5123 2501 5178 domui.

1989 5214 2051 5267 Et
2082 5213 2348 5266 omnibus
2379 5210 2771 5265 habitantibus
2802 5208 2861 5262 in
2894 5223 2980 5261 ea.

178 5316 235 5370 in
273 5318 385 5369 Deo
418 5321 612 5385 ponat,
640 5292 700 5366 ut
727 5314 766 5367 ﬂ
788 5292 1021 5384 .gellum
1039 5312 1138 5365 Dei
1162 5311 1445 5381 patienter
1470 5308 1697 5376 toleret,
1728 5307 1875 5403 etiut
1905 5350 1947 5403 Β
1989 5304 2178 5358 Postea
2209 5300 2545 5356 benedicatur
2571 5300 2654 5354 sal
2684 5304 2734 5353 et
2784 5314 2949 5403 aqua,
3000 5300 3049 5351 et
3076 5298 3402 5365 aspergatur
3440 5294 3498 5347 in
3530 5292 3683 5348 domo

179 5405 301 5460 haec
328 5405 394 5459 ad
419 5404 818 5474 purgationem
848 5407 904 5456 et
928 5402 1363 5471 castigationem
1386 5413 1545 5452 suam
1570 5394 1874 5467 provenire

179 5495 393 5561 credat,
428 5498 491 5548 ut
523 5499 752 5564 peccata
781 5509 881 5547 sua
909 5490 1271 5553 confiteatur,
1317 5494 1381 5542 ut
1418 5483 1879 5542 emendationem

181 5582 500 5655 promittat,
531 5582 577 5635 si
609 5581 882 5636 Dominus
898 5580 1073 5635 vitam
1092 5576 1455 5644 concesserit,
1478 5570 1879 5647 paenitentiam

2605 5404 2724 5442 cum
2753 5389 3072 5455 antiphona.

2062 5477 2317 5539 Benedic,
2345 5476 2607 5542 Domine,
2636 5476 2875 5530 domum
2900 5475 3091 5543 istam,
3122 5478 3179 5528 et
3199 5488 3397 5527 omnes
3424 5471 3684 5525 habitan-

1989 5570 2071 5624 fes
2101 5568 2160 5622 in
2189 5584 2275 5635 ea,
2309 5565 2440 5637 quia
2478 5570 2560 5631 tu,
2594 5564 2853 5630 Domine,
2881 5563 3068 5618 dixisti
3106 5580 3119 5616 :
3162 5564 3270 5617 Pax
3299 5561 3433 5616 huic
3464 5560 3682 5625 domui,
