3944 6302
121 329 217 377 937

917 334 1384 394 DECRETORUM
1430 341 1614 396 LIBRI
1654 346 1762 400 ΧΧ.
1798 378 1864 388 -
1905 350 2111 406 LIBER
2153 354 2456 411 DECIMUS
2496 358 2821 417 OCTAVUS.

3511 380 3613 431 938

117 465 287 517 quam
343 451 720 523 indulgentias
778 460 892 510 tua;
950 459 1128 527 pietas
1186 461 1370 528 prosit
1435 464 1506 518 ad
1565 467 1808 522 veniam.
1844 476 1886 526 A
1928 471 2071 526 tium
2115 475 2218 528 tibi
2248 493 2414 546 parce
2464 483 2726 549 peccatis,
2768 489 2829 537 ut
2875 502 3047 556 quem
3077 492 3435 548 conscientiae
3490 514 3612 550 rea-

119 539 240 590 Per.

183 627 339 679 Alia.
380 628 608 696 Exaudi,
647 632 908 698 Domine,
946 651 1139 703 preces
1171 651 1412 701 nostras,
1448 645 1504 694 et
1537 644 1810 697 conﬁten-

1923 564 2012 611 tus
2059 569 2299 626 accusat,
2351 565 2711 637 indulgentia
2763 578 2874 625 tuae
2915 575 3294 631 miserationis
3345 583 3611 639 absolvat.

1923 649 2028 700 Per
2061 651 2367 706 Dominum
2400 661 2662 712 nostrum
2691 660 2882 713 Jesum
2911 662 3219 718 Christum.

116 769 2182 806 MM

767 880 1061 954 INDEX
1122 885 1808 964 CAPITULORUM
1867 895 2120 969 LIBRI
2183 901 2514 976 DECIMI
2575 907 2947 982 OCTAVI.

117 1028 241 1080 CAP.
281 1032 329 1082 1.
376 1030 536 1093 Quod
569 1032 771 1087 ultima
829 1038 1129 1091 conversio
1178 1047 1368 1095 mente
1417 1044 1607 1113 potius
1667 1048 1811 1101 aesti-

184 1117 394 1170 manda
426 1119 496 1171 sit
519 1135 689 1188 quam
722 1126 1001 1192 tempore.

112 1207 162 1256 2.
198 1205 363 1267 Quod
415 1208 601 1260 omnis
653 1208 836 1262 ﬁdelis
871 1211 929 1264 in
987 1213 1206 1268 ultimis
1253 1217 1469 1285 positus
1521 1220 1646 1274 oleo
1677 1238 1809 1274 san—

184 1293 428 1347 ctiﬁcato
458 1295 661 1366 inungi
693 1297 919 1352 debeat.

113 1384 162 1433 3.
198 1382 276 1434 De
311 1382 422 1436 illis
456 1384 554 1453 qui
585 1390 816 1455 propter
845 1387 1112 1442 timorem
1139 1393 1359 1460 mortis,
1395 1395 1454 1448 in
1493 1395 1616 1465 ipsa
1645 1397 1806 1450 inﬁr-

182 1469 381 1523 mitate
414 1473 758 1527 conﬁtentur
786 1482 1017 1544 peccata
1047 1495 1164 1532 sua.

113 1559 162 1609 4.
200 1560 276 1611 De
308 1559 420 1612 illis
470 1562 568 1631 qui
615 1562 675 1614 in
733 1567 1084 1620 necessitatis
1119 1575 1377 1638 tempore
1425 1577 1482 1624 et
1528 1573 1807 1641 poeniten-

181 1648 321 1700 tiam
347 1655 401 1702 et
429 1651 953 1706 reconciliationem
986 1655 1334 1714 desiderant.

114 1738 162 1786 5.
209 1736 287 1788 De
320 1737 520 1790 eadem
547 1754 628 1790 re.

114 1827 162 1876 6.
197 1824 274 1876 De
303 1824 417 1877 illis
448 1826 544 1896 qui
578 1827 648 1880 ad
683 1828 897 1881 exitum
927 1830 1180 1895 veniunt,
1212 1838 1274 1884 ut
1306 1834 1507 1887 ultimo
1540 1840 1596 1889 et
1622 1853 1808 1889 neces-

183 1913 332 1965 sario
363 1913 566 1967 viatico
601 1915 837 1969 minime
861 1918 1179 1986 priventur.

113 2005 158 2052 7.
192 2001 356 2064 Quod
388 2003 728 2070 poenitentia
758 2006 940 2072 possit
969 2006 1198 2060 abolere
1252 2017 1501 2078 peccata,
1539 2012 1711 2065 etiam
1759 2014 1805 2066 si

183 2089 244 2141 in
271 2088 476 2142 ultimo
501 2091 631 2144 vitae
664 2092 862 2161 spiritu
895 2095 1189 2163 poeniteat.

112 2181 162 2231 8.
201 2178 279 2230 De
329 2178 501 2247 lapsis
555 2179 614 2232 in
648 2180 866 2234 ultimis
897 2183 1116 2251 positis,
1164 2188 1227 2238 ut
1279 2185 1483 2239 viatico
1537 2204 1801 2256 munere,

181 2267 228 2318 si
253 2267 598 2336 rogaverint,
635 2268 714 2320 eis
745 2269 947 2323 debeat
978 2272 1287 2326 subveniri.

110 2359 159 2408 9.
198 2357 276 2408 De
306 2355 418 2408 illis
452 2356 695 2409 inﬁrmis
744 2357 843 2427 qui
895 2359 1030 2412 dum
1085 2361 1480 2429 paenitentiam
1513 2363 1801 2432 petierint,

179 2449 237 2497 et
268 2449 576 2514 antequam
635 2447 894 2499 sacerdos
943 2449 1150 2515 veniat,
1203 2450 1453 2504 ofﬁcium
1489 2452 1602 2504 oris
1632 2454 1806 2507 amit-

179 2537 331 2586 tunt.

111 2624 193 2674 l0.
236 2622 312 2673 De
344 2620 543 2674 eadem
575 2638 658 2675 re.

112 2712 193 2762 11.
234 2710 310 2762 De
345 2710 544 2763 eadem
575 2727 655 2764 re.

111 2800 195 2850 12.
235 2798 310 2850 De
342 2797 456 2851 illis
496 2799 595 2868 qui
627 2798 686 2850 in
715 2800 914 2853 ultima
946 2802 1288 2870 (egritudine
1314 2805 1714 2873 poenituerint,
1748 2811 1805 2859 et

179 2901 311 2938 mox
342 2887 688 2940 reconciliati
718 2888 949 2943 fuerint.

109 2975 191 3026 l3.
229 2974 302 3027 De
334 2974 445 3027 illis
501 2976 599 3045 qui
645 2976 704 3028 in
736 2977 990 3046 periculo
1036 2984 1168 3032 sunt
1218 2982 1533 3048 constituti,
1586 2987 1651 3036 ut
1680 2983 1800 3054 epi-

179 3079 374 3132 scopo,
411 3069 514 3117 etc.

111 3152 194 3203 14.
230 3152 306 3204 De
332 3151 573 3204 inﬁrmis
604 3152 664 3205 in
693 3153 948 3222 periculo
979 3156 1181 3209 mortis
1211 3157 1555 3212 constitutis.

110 3242 194 3292 15.
225 3248 300 3296 De
333 3241 581 3309 quodam
605 3241 704 3310 qui
738 3241 1017 3296 Christum
1059 3250 1383 3314 negaverat,
1419 3247 1710 3316 quomodo
1741 3248 1801 3301 in

177 3328 466 3393 extremis,
495 3334 596 3382 etc.

109 3420 194 3470 16.
233 3418 299 3471 Ut
327 3417 643 3487 presbyteri
670 3419 737 3472 de
780 3420 1012 3474 occultis
1060 3422 1306 3491 peccatis
1330 3423 1492 3493 jussu
1547 3425 1800 3494 episcopi

175 3505 519 3575 pcenitentes
549 3506 936 3561 reconcilient.

107 3598 191 3648 17.
228 3595 306 3648 De
347 3595 676 3665 poenitente,
729 3596 778 3648 si
826 3597 885 3650 in
916 3597 1039 3667 ipsa
1067 3599 1408 3668 pmnitentia
1441 3601 1510 3654 de
1563 3617 1799 3671 corpore

177 3683 397 3750 exierit,
433 3689 488 3737 et
515 3685 872 3738 reconciliari
895 3686 1195 3741 desiderat.

109 3775 193 3826 18.
259 3773 330 3826 Ut
385 3772 584 3842 quinta
630 3772 771 3826 feria
830 3779 958 3827 ante
1010 3776 1223 3829 Pascha
1268 3777 1675 3846 paenitentibus
1729 3779 1802 3832 sit

176 3861 633 3915 remittendum:
695 3867 824 3915 ante
881 3868 1093 3931 autem,
1128 3864 1175 3918 si
1234 3865 1303 3918 ad
1337 3866 1797 3936 desperationem
1843 3917 1847 3921 .

177 3950 528 4004 inﬁrmitatis
558 3951 909 4006 devenerint.

109 4042 195 4093 19.
232 4041 307 4092 De
337 4039 448 4092 illis
478 4039 577 4109 qui
609 4039 668 4092 in
713 4040 959 4094 Ecclesia
997 4041 1215 4096 remitti
1243 4047 1476 4112 peccata
1514 4057 1630 4097 non
1679 4059 1799 4097 cre-

183 4127 455 4182 diderint.

104 4220 191 4272 20.
227 4216 389 4280 Quod
425 4216 668 4270 inﬁrmis
719 4216 878 4271 omni
929 4217 1072 4272 hora
1123 4218 1313 4273 cibum
1347 4235 1573 4273 sumere
1614 4219 1798 4273 liceat.

100 4310 190 4360 21.
232 4308 308 4359 De
339 4306 450 4359 illis
496 4307 888 4360 sacerdotibus
938 4308 1038 4378 qui
1089 4309 1468 4363 morientibus
1516 4308 1798 4380 poeniten-

177 4396 318 4448 tiam
349 4395 773 4464 denegaverint.

102 4487 190 4538 22.
235 4483 398 4547 Quod
426 4482 568 4536 nulli
598 4484 800 4536 ultima
822 4483 1166 4553 paenitentia
1198 4485 1271 4538 sit
1301 4485 1657 4556 deneganda.

103 4577 192 4627 23.
231 4574 306 4625 De
332 4571 744 4641 paenitentibus
785 4572 884 4642 qui
915 4572 976 4626 in
1017 4573 1355 4628 inﬁrmitate
1390 4574 1800 4629 Eucharistiam

175 4661 519 4730 acceperint.

102 4751 191 4804 24.
227 4750 304 4802 De
337 4748 752 4819 paenitentibus
784 4749 970 4803 subito
1003 4750 1263 4804 mortuis.

570 4838 774 4892 Indicis
801 4839 1167 4907 capitulorum
1185 4841 1333 4907 ﬁnis.

109 4962 236 5017 CAP.
269 4976 500 5015 PRIMUM.
536 4989 606 5001 -
637 4960 794 5026 Quod
838 4963 1034 5016 ultima
1080 4964 1351 5015 conversio
1404 4967 1577 5017 mente
1617 4967 1803 5032 potius

496 5033 818 5086 astimanda
847 5037 922 5086 sit
961 5049 1124 5102 quam
1156 5038 1408 5101 tempore.

181 5142 290 5207 (Ea:
337 5139 479 5193 decr.
513 5139 727 5193 Caelest.
753 5155 938 5208 papa,
991 5142 1168 5209 capite
1212 5139 1327 5208 20.)
1362 5140 1505 5192 Vera
1550 5156 1686 5210 ergo
1736 5142 1805 5195 ad

113 5228 295 5280 Deum
324 5226 617 5280 conversio
647 5226 709 5279 in
739 5227 956 5280 ultimis
986 5227 1326 5298 positorum,
1374 5231 1565 5282 mente
1612 5229 1806 5298 potius

112 5323 198 5370 est
237 5315 571 5370 aestimanda
616 5331 790 5386 quam
831 5321 1112 5386 tempore,
1160 5317 1444 5386 Propheta
1475 5317 1580 5369 hoc
1618 5317 1808 5370 taliter

113 5410 402 5460 asserente
431 5420 443 5458 :
476 5423 504 5456 α
538 5405 677 5459 Cum
709 5421 1016 5460 conversus
1048 5405 1421 5476 ingemueris,
1455 5409 1592 5458 tunc
1622 5405 1808 5458 salvus

113 5495 245 5548 eris.
284 5517 304 5544 ι
341 5493 483 5548 Cum
506 5510 642 5564 ergo
675 5494 950 5548 Dominus
978 5493 1051 5547 sit
1080 5494 1265 5548 cordis
1282 5493 1590 5562 inspector,
1611 5493 1809 5563 quovis

114 5589 373 5654 tempore
405 5598 523 5637 non
563 5588 650 5636 est
693 5582 1031 5652 deneganda
1080 5581 1420 5651 poenitentia
1471 5581 1805 5652 postulanti,

472 5691 745 5755 PATROL.
800 5691 970 5754 CXL.

1921 1066 2050 1104 cum
2080 1052 2165 1106 illi
2194 1071 2251 1107 se
2283 1057 2500 1126 obliget
2522 1060 2723 1128 judici,
2782 1064 2873 1116 cui
2904 1066 3123 1119 occulta
3153 1069 3349 1121 omnia
3381 1073 3607 1125 noverit

1923 1140 2180 1195 revelari.

1919 1227 2045 1281 CAP.
2085 1229 2152 1281 ΙΙ.
2207 1261 2273 1268 -
2305 1231 2457 1312 Quod
2502 1237 2672 1312 omnis
2700 1237 2877 1312 ﬁdelis
2901 1241 2960 1291 in
2991 1242 3199 1296 ultimis
3221 1247 3434 1312 positus
3473 1261 3605 1300 san-

2343 1305 2576 1370 ctiﬁcata
2607 1308 2714 1360 oleo
2743 1310 2938 1376 inungi
2975 1312 3181 1366 debeat.

1991 1387 2100 1452 (Ea:
2129 1387 2273 1441 decr.
2311 1391 2506 1444 Catisti
2529 1394 2726 1462 papae.)
2762 1396 2964 1449 Beatus
2997 1399 3148 1451 enim
3196 1401 3435 1456 Jacobus
3469 1421 3610 1474 apo-

1918 1474 2097 1526 stolus
2127 1475 2186 1527 in
2232 1477 2477 1545 Epistola
2509 1495 2610 1534 sua
2637 1483 2862 1552 scripsit
2893 1501 2905 1536 :
2944 1507 2964 1533 ι
3016 1487 3346 1543 Inﬁrmatur
3387 1493 3513 1560 quis
3551 1493 3608 1545 in

1917 1561 2091 1627 vobis,
2133 1563 2364 1617 inducat
2410 1570 2771 1637 presbyteros
2813 1573 3089 1639 Ecclesiae,
3125 1582 3181 1629 et
3231 1585 3397 1631 orent
3444 1597 3610 1650 super

1918 1665 2070 1715 eum,
2112 1658 2432 1721 ungueutes
2481 1671 2613 1708 eum
2663 1659 2786 1711 oleo
2851 1660 2910 1713 in
2963 1663 3199 1717 nomine
3257 1667 3505 1735 Domini,
3555 1672 3611 1721 et

1919 1737 2099 1791 oratio
2131 1738 2262 1792 ﬁdei
2303 1741 2541 1796 salvabit
2568 1744 2884 1800 inﬁrmum.
2922 1769 2944 1797 ι
2983 1751 3097 1803 Hoc
3155 1758 3209 1804 et
3263 1755 3499 1821 apostoli
3552 1758 3610 1809 in

1918 1826 2224 1895 Evangelio
2280 1829 2476 1884 fecisse
2524 1831 2814 1901 leguntur,
2864 1841 2920 1889 et
2966 1853 3118 1890 nunc
3170 1841 3429 1894 Ecclesiae
3479 1860 3612 1897 con-

1917 1915 2158 1968 suetudo
2184 1920 2338 1971 tenet
2368 1924 2432 1972 ut
2481 1919 2698 1975 inﬁrmi
2751 1924 2877 1978 oleo
2936 1933 3261 1982 consecrato
3320 1938 3610 2000 ungantur

1916 2020 1949 2055 a
1980 2003 2342 2073 presbyteris,
2374 2012 2429 2060 et
2476 2010 2736 2063 oratione
2780 2013 3088 2068 comitante
3145 2024 3437 2071 sanentur.
3485 2021 3607 2074 Non

1916 2093 2103 2144 solum
2148 2094 2501 2164 presbyteris
2557 2098 2637 2150 uti
2688 2099 2818 2153 licet
2858 2101 2965 2154 hoc
3018 2120 3174 2157 sacro
3228 2106 3354 2160 oleo
3386 2107 3444 2161 in
3491 2110 3607 2162 suis

1917 2178 2390 2236 inﬁrmitatibus:
2434 2185 2552 2252 sed,
2585 2189 2647 2238 ut
2706 2189 3069 2243 Innocentius
3117 2209 3264 2262 papa
3318 2195 3603 2265 describit,

1915 2267 2084 2320 etiam
2115 2270 2382 2324 omnibus
2428 2272 2763 2328 Christianis
2815 2278 2899 2330 uti
2950 2279 3082 2332 licet
3111 2282 3314 2335 eodem
3364 2284 3513 2351 oleo,
3546 2285 3607 2338 in

1914 2372 2014 2408 sua
2052 2361 2150 2410 aut
2206 2375 2441 2414 suorum
2480 2363 2816 2419 necessitate
2849 2369 3140 2437 ungendo.
3202 2370 3363 2434 Quod
3415 2378 3608 2427 tamen

1914 2445 2107 2498 oleum
2139 2462 2255 2499 non
2284 2448 2394 2501 nisi
2424 2449 2494 2502 ab
2541 2451 2822 2521 episcopis
2853 2454 2983 2508 licet
3013 2457 3232 2510 conﬁci.
3270 2461 3412 2513 Nam
3453 2463 3606 2530 quod

1914 2532 2012 2598 ait,
2038 2533 2162 2586 oleo
2193 2534 2253 2586 in
2277 2536 2510 2590 nomine
2535 2539 2784 2606 Domini,
2817 2541 3106 2610 signiﬁcat
3129 2546 3254 2599 oleo
3286 2546 3344 2599 in
3371 2549 3604 2603 nomine

1913 2620 2138 2673 Domini
2171 2631 2496 2680 consecrato
2537 2643 2549 2678 :
2585 2628 2671 2679 vel
2720 2635 2871 2682 certe
2931 2631 3064 2700 quia
3097 2632 3288 2700 etiam,
3335 2650 3464 2689 cum
3499 2653 3604 2689 un-

1913 2713 2050 2777 gant
2082 2709 2396 2780 inﬁrmum,
2431 2729 2641 2767 nomen
2689 2716 2914 2770 Domini
2945 2735 3118 2787 super
3157 2738 3286 2774 eum
3335 2724 3603 2778 invocare

1914 2797 2139 2850 debent.
2173 2799 2240 2853 Et
2270 2801 2315 2852 si
2364 2801 2422 2854 in
2475 2804 2719 2871 peccatis
2752 2805 2845 2872 sit,
2905 2806 3267 2862 dimittentur
3315 2810 3385 2864 ei.
3444 2813 3605 2867 Multi

1913 2889 2148 2956 propter
2193 2895 2423 2957 peccata
2470 2890 2530 2943 in
2577 2893 2831 2946 animam
2883 2894 3046 2962 facta,
3116 2897 3448 2954 inﬁrmitate
3508 2909 3605 2956 aut

1914 2974 2086 3027 etiam
2136 2981 2319 3030 morte
2364 2978 2694 3046 plectuntur
2740 2984 3015 3052 corporis.
3078 2986 3236 3039 Unde
3295 2989 3603 3058 Apostolus

1835 3072 1875 3126 ρ
1915 3063 2242 3127 Corinthiis,
2295 3066 2431 3136 quia
2480 3083 2685 3137 corpus
2742 3071 2970 3124 Domini
3017 3073 3252 3144 indigne
3308 3081 3603 3148 percipere

1912 3156 2074 3204 erant
2101 3153 2271 3218 soliti,
2306 3153 2383 3206 ait
2414 3171 2426 3207 :
2461 3174 2488 3204 α
2521 3156 2652 3210 Ideo
2674 3157 2825 3211 inter
2854 3176 2950 3212 vos
2981 3162 3148 3215 multi
3177 3162 3392 3218 inﬁrmi
3419 3172 3474 3218 et
3502 3167 3605 3220 im-

1909 3237 2164 3306 becilles,
2193 3246 2245 3293 et
2275 3241 2569 3296 dormiunt
2601 3246 2784 3298 multi.
2820 3270 2840 3294 ›
2885 3248 2943 3301 Si
2976 3265 3110 3318 ergo
3143 3249 3358 3305 inﬁrmi
3390 3253 3450 3306 in
3470 3270 3602 3323 pec-

1909 3326 2048 3379 catis
2077 3327 2208 3392 sint,
2258 3334 2314 3382 et
2362 3330 2482 3383 haec
2526 3333 2871 3403 presbyteris
2901 3336 3162 3390 Ecclesiae
3209 3340 3452 3394 confessi
3478 3343 3600 3396 fue-

1909 3414 2043 3481 rint,
2115 3409 2503 3486 ac'perfecto
2562 3421 2728 3473 corde
2817 3439 2883 3475 ea
2974 3425 3372 3497 derelinquere
3430 3436 3600 3501 atque

1909 3503 2215 3557 emendare
2269 3507 2600 3577 sategerint,
2655 3509 3019 3566 dimittentur
3049 3513 3146 3567 eis.
3203 3517 3396 3586 Neque
3445 3520 3600 3573 enim

1910 3592 2030 3645 sine
2058 3593 2413 3647 confessione
2460 3597 2875 3652 emendationis
2907 3608 3125 3670 queunt
3157 3603 3387 3658 dimitti.
3444 3608 3600 3662 Unde

1907 3686 2059 3734 recte
2091 3681 2458 3752 subjungitur
2489 3701 2501 3736 :
2543 3707 2561 3732 ι
2595 3685 2962 3742 Conﬁtemini
2993 3690 3331 3747 alterutrum
3371 3701 3597 3764 peccata

1907 3773 2114 3836 vestra,
2158 3774 2212 3822 et
2243 3774 2401 3824 orate
2431 3789 2534 3842 pro
2566 3774 2809 3829 invicem
2845 3783 2907 3830 ut
2941 3779 3255 3850 salvemini,
3285 3801 3313 3834 ν

1910 3857 2036 3912 CAP.
2079 3858 2170 3912 III.
2204 3862 2380 3943 -.-nDe
2400 3861 2511 3943 illis
2542 3865 2640 3929 qui
2666 3870 2887 3943 propter
2908 3869 3146 3921 timorem
3168 3873 3355 3925 mortis
3387 3874 3446 3925 in
3476 3875 3599 3943 ipsa

2213 3929 2536 3998 inﬁrmitate
2565 3929 2884 4002 conﬁtentur
2911 3945 3136 4006 peccata
3173 3955 3293 3995 sua.

1981 4018 2092 4083 (Em
2139 4019 2360 4071 concilio
2403 4021 2762 4089 Nannenten.,
2819 4028 2994 4093 capite
3052 4027 3124 4096 2.)
3181 4028 3447 4083 Inﬁrmus
3499 4033 3600 4101 qui

1909 4104 2244 4158 necessitate
2290 4108 2493 4160 mortis
2545 4116 2785 4179 urgente
2845 4114 3151 4168 conﬁtetur
3198 4125 3428 4184 peccata
3477 4137 3597 4186 sua,

1909 4192 2013 4245 sub
2044 4208 2110 4244 ea
2131 4194 2459 4248 conditione
2490 4211 2522 4248 a
2569 4198 2863 4252 sacerdote
2895 4203 3298 4258 reconcilietur
3328 4211 3408 4274 ut,
3447 4208 3494 4260 si
3547 4209 3600 4263 ei

1915 4279 2192 4333 Dominus
2240 4280 2418 4335 vitam
2448 4283 2764 4349 donaverit,
2797 4287 3216 4360 sanitatemque
3265 4293 3597 4363 reddiderit,

1833 4351 1876 4405 Ῑ)
1917 4368 2233 4422 secundum
2265 4371 2597 4439 qualitatem
2631 4373 2842 4439 delicti,
2873 4382 2931 4429 et
2960 4351 3274 4433 secundum
3313 4351 3601 4438 canonum

1915 4461 2125 4510 statuta
2155 4461 2212 4511 et
2240 4458 2724 4527 pcenitentialium
2757 4464 3132 4532 probatorum
3164 4469 3457 4537 poeniteat.

1915 4544 2040 4598 CAP.
2111 4545 2217 4627 IV...
2259 4575 2334 4627 -τχ
2373 4549 2446 4600 De
2475 4549 2586 4627 illis
2652 4553 2849 4627 quiin
2885 4554 3223 4627 necessitatis
3275 4562 3507 4627 tempore
3555 4567 3605 4615 et

2047 4619 2442 4684 paenitentiam,
2479 4625 2526 4672 et
2557 4623 3049 4678 reconciliationem
3079 4619 3409 4684 desiderant.

1982 4707 2091 4771 (Ea:
2121 4704 2264 4758 decr.
2315 4705 2510 4760 Leonis
2544 4723 2724 4777 papae,
2783 4713 2960 4779 capite
3008 4714 3086 4782 9.)
3140 4714 3240 4768 His
3271 4723 3465 4772 autem
3507 4719 3607 4790 qui

1913 4792 1974 4845 in
2004 4798 2260 4863 tempore
2311 4795 2661 4849 necessitatis
2711 4803 2766 4851 et
2813 4799 2872 4852 in
2901 4801 3189 4871 periculis,
3233 4813 3474 4876 urgente
3524 4809 3608 4862 in-

1915 4881 2145 4948 stantia,
2200 4882 2532 4951 prassidium
2581 4885 2938 4954 poenitentiae
2999 4894 3055 4943 et
3095 4907 3228 4945 mox
3284 4896 3609 4950 reconcilia-

1914 4969 2091 5022 tionis
2148 4969 2482 5040 implorant,
2531 4987 2636 5025 nec
2697 4973 3006 5029 satisfactio
3063 4977 3454 5036 interdicenda
3501 4988 3606 5049 est,

1918 5073 2022 5110 nec
2099 5059 2488 5113 reconciliatio
2555 5061 2936 5132 deneganda:
2989 5066 3124 5135 quia
3199 5068 3607 5125 misericordias

1918 5145 2147 5200 Domini
2163 5163 2266 5201 nec
2288 5164 2582 5203 mensuras
2625 5167 2927 5220 possumus
2948 5170 3182 5222 ponere,
3213 5172 3318 5210 nec
3346 5163 3610 5229 tempora

1919 5233 2206 5289 deﬁnire:
2265 5237 2418 5307 apud
2472 5254 2644 5308 quem
2691 5241 2876 5293 nullas
2919 5243 3136 5310 patitur
3176 5245 3369 5300 venire
3422 5264 3611 5303 moras

1917 5324 2228 5390 conversio,
2270 5325 2490 5380 dicente
2524 5328 2766 5381 Domino
2819 5344 2920 5398 per
2966 5331 3308 5401 prophetam
3343 5352 3354 5388 ε
3392 5355 3419 5387 α
3471 5337 3610 5392 Cum

1918 5425 2220 5464 conversus
2250 5413 2618 5484 ingemueris,
2653 5423 2786 5470 tunc
2834 5418 3016 5471 salvus
3065 5419 3194 5473 eris.
3229 5439 3256 5471 »
3308 5422 3375 5476 Et
3425 5424 3563 5479 alibi
3596 5444 3608 5480 :

1921 5520 1947 5546 ‹‹
1965 5498 2062 5551 Dic
2079 5500 2410 5570 iniquitates
2424 5509 2548 5557 tuas
2563 5505 2737 5575 prior,
2757 5511 2820 5560 ut
2826 5505 3171 5576 justiﬁceris.
3190 5528 3215 5561 ››
3235 5511 3374 5565 Item
3392 5529 3403 5565 :
3421 5533 3447 5563 σ
3470 5513 3615 5577 Quia

1923 5586 2075 5654 apud
2128 5587 2438 5642 Dominum
2488 5593 2879 5647 misericordia
2928 5600 3029 5661 est,
3089 5603 3144 5649 et
3193 5598 3423 5666 copiosa
3463 5603 3613 5671 apud

3223 5711 3305 5768 30
