3944 6298
341 310 443 363 939

1414 296 1821 354 BURCHARDI
1860 291 2389 350 WOBMACIENSIS
2428 291 2471 345 E
2483 288 2760 343 PISCOPI.

3743 282 3843 335 940

337 447 471 486 eum
500 428 841 499 redemptio.
875 427 940 479 In
964 421 1362 494 dispensandis
1392 422 1584 492 itaque
1607 420 1702 473 Dei
1730 418 1895 474 donis
1917 432 2034 470 non
2065 418 2111 470 A
2152 416 2275 469 CAP.
2297 414 2441 468 VIII.
2472 414 2642 499 —7De
2659 411 2837 499 lapsis
2859 411 2931 499 in
2945 406 3700 499 ultimijs_pp_sitis,1utliiatico
3722 419 3842 457 mu-

340 520 612 575 debemus
642 533 761 570 esse
797 515 1078 581 difﬁciles,
1112 529 1215 566 nec
1246 528 1303 564 se
1358 508 1741 564 accusantium
1789 505 2037 577 gemitus

340 610 737 678 lacrymasque
793 604 1104 674 negligere,
1162 617 1289 655 cum
1339 600 1524 670 ipsam
1579 595 1895 668 pcenitendi
1951 593 2040 648 af—

346 697 660 751 ﬂictionem
710 711 775 749 ex
823 693 921 747 Dei
948 692 1244 745 credamus
1274 687 1647 758 inspiratione
1691 699 2036 738 concessam.

347 785 571 839 dicente
609 783 882 853 Apostolo
920 796 931 836 :
974 804 993 827 ι
1028 781 1106 833 Ne
1133 779 1279 832 forte
1302 777 1397 830 det
1426 776 1539 829 illis
1572 776 1720 828 Deus
1752 771 2039 843 paeniten—

349 873 489 926 tiam
520 878 584 926 ut
609 871 947 940 resipiscant
975 884 1008 920 a
1047 866 1258 921 diaboli
1290 864 1531 935 laqueis,
1591 880 1623 915 a
1671 878 1784 933 quo
1833 858 2042 930 captivi

352 966 623 1015 tenentur
652 959 720 1012 ad
745 958 925 1028 ipsius
961 957 1337 1009 voluntatem.
1380 975 1399 1000 ι

836 1081 962 1135 CAP.
996 1081 1053 1133 V.
1086 1109 1152 1118 —
1176 1081 1250 1132 De
1266 1077 1451 1131 eadem
1481 1092 1556 1129 re.

427 1199 547 1269 (Ea:
564 1196 706 1250 decr.
736 1196 1045 1249 Innocentii
1072 1208 1245 1262 papa,
1276 1192 1452 1259 capite
1480 1192 1591 1261 22.)
1611 1190 1678 1242 Et
1708 1189 1814 1241 hoc
1837 1186 2046 1258 quaesi-

353 1291 477 1340 tum
518 1291 623 1351 est,
657 1284 811 1354 quod
843 1284 911 1337 de
961 1283 1050 1335 his
1089 1282 1391 1335 observare
1432 1282 1712 1349 oporteat,
1747 1277 1864 1347 qui,
1917 1278 2049 1345 post

356 1374 707 1444 baptismum
739 1371 898 1425 omni
925 1377 1182 1440 tempore
1208 1367 1639 1421 incontinentiae
1663 1364 2049 1434 voluptatibus

355 1462 553 1527 dediti,
582 1460 642 1514 in
674 1465 925 1514 extremo
956 1458 1070 1512 ﬁne
1106 1458 1234 1510 vitae
1266 1473 1383 1509 suae
1431 1454 1828 1526 paenitentiam
1878 1452 2049 1506 simul

361 1556 416 1603 et
438 1549 961 1603 reconciliationem
993 1544 1415 1600 communionis
1449 1547 1779 1611 exposcunt.
1836 1542 1913 1595 De
1964 1540 2051 1593 his

360 1638 680 1692 observatio
741 1636 900 1705 prior
972 1634 1190 1699 durior,
1268 1632 1553 1702 posterior
1637 1630 2051 1684 interveniente

2357 500 2502 551 nere,
2540 486 2590 537 si
2616 476 2951 547 rogaverint,
2985 481 3060 531 eis
3105 478 3293 530 debeat
3324 476 3625 529 subveniri.

2220 576 2323 642 (Ea:
2354 574 2510 641 epist.
2540 570 2741 626 Siricii
2766 566 2968 637 papa.)
3014 566 3350 635 Quicunque
3399 563 3612 617 carnali
3676 562 3846 631 fragi-

2150 664 2310 716 litate
2353 661 2702 723 ceciderunt,
2782 657 2983 710 viatico
3027 670 3287 719 munere,
3353 669 3484 705 cum
3534 652 3603 705 ad
3670 653 3845 705 Deum

2150 751 2425 822 coeperint
2453 746 2751 819 proﬁcisci,
2802 746 2848 798 si
2881 744 3218 815 rogaverint,
3266 758 3367 813 per
3422 740 3849 794 communionis

2152 839 2397 910 gratiam
2429 838 2689 890 volumus
2729 833 3040 888 subveniri.

2152 948 2280 1002 CAP.
2316 946 2404 1000 IX.
2438 975 2507 984 —
2533 947 2606 999 De
2633 944 2745 996 illis
2784 940 3019 1011 inﬁrmis
3042 942 3154 1008 qui.
3179 939 3308 991 dum
3346 939 3723 1011 paenitentiam
3758 952 3846 1011 pe-

2224 1020 2431 1083 tierint,
2477 1022 2525 1068 et
2568 1020 2859 1081 antequam
2900 1011 3147 1066 sacerdos
3204 1013 3408 1075 veniat,
3460 1010 3705 1076 ofﬁcium
3739 1010 3845 1061 oris

2224 1091 2503 1142 amittunt.

2226 1177 2338 1243 (Ea:
2370 1177 2528 1243 epist.
2558 1174 2743 1226 Leonis
2766 1170 2972 1241 papz.)
3005 1172 3091 1223 Ita
3121 1185 3259 1235 ergo
3300 1167 3501 1221 talium
3527 1166 3852 1220 necessitati

2156 1262 2547 1317 auxiliandum
2593 1266 2697 1327 est,
2749 1265 2810 1313 ut
2841 1274 2945 1312 nec
2977 1257 3121 1311 actio
3159 1257 3271 1310 illis
3315 1256 3695 1325 paenitentiae,
3757 1271 3854 1308 ncc

2156 1349 2575 1404 communionis
2606 1348 2790 1419 gratia
2817 1347 3151 1415 denegetur,
3178 1344 3223 1397 si
3254 1360 3399 1409 eam,
3433 1344 3604 1397 etiam
3637 1343 3852 1396 amisso

2157 1439 2309 1492 vocis
2340 1438 2545 1502 ofﬁcio,
2580 1454 2682 1507 per
2720 1435 2929 1490 indicia
2947 1434 3157 1504 integri
3187 1448 3384 1486 sensus
3415 1448 3676 1503 quarere
3700 1448 3856 1485 com-

2158 1528 2490 1597 probentur.
2550 1524 2711 1588 Quod
2768 1524 2815 1576 si
2879 1524 2957 1576 ita
3006 1523 3196 1592 aliqua
3262 1520 3585 1590 egritudine
3644 1521 3857 1573 fuerint

2162 1616 2473 1685 aggravati,
2556 1620 2642 1680 ut,
2706 1613 2859 1683 quod
2931 1612 3103 1682 paulo
3176 1615 3306 1664 ante
3354 1610 3689 1679 poscebant,
3755 1611 3856 1662 sub

360 1724 755 1778 misericordia
784 1722 1111 1776 inclinatior
1160 1727 1263 1774 est.
1315 1722 1453 1774 Nam
1503 1718 1854 1772 consuetudo
1896 1717 1999 1788 prii

2234 1704 2467 1757 essentia
2493 1701 2814 1771 signiﬁcare
2836 1716 2953 1753 non
2982 1701 3226 1777 valeant,
3251 1698 3576 1751 testimonia
3599 1698 3858 1751 ﬁdelium

362 1813 549 1867 tenuit
578 1818 637 1865 ut
656 1812 1063 1865 concederetur
1091 1809 1171 1863 eis
1202 1808 1557 1879 poenitentia,
1591 1807 1688 1860 sed
1725 1806 2055 1860 communio

364 1904 691 1970 negaretur.
728 1900 869 1953 Nam
897 1914 1027 1951 cum
1066 1898 1178 1950 illis
1214 1896 1571 1966 temporibus
1608 1896 1823 1949 crebrae
1861 1910 2054 1964 perse-

365 1990 621 2042 cutiones
652 1992 858 2055 essent,
909 2003 979 2040 ne
1030 1984 1453 2039 communionis
1500 1998 1771 2037 concessa
1817 1982 2056 2036 facilitas

363 2077 629 2132 homines
659 2075 727 2129 de
749 2074 1210 2129 reconciliatione
1261 2089 1490 2127 securos
1529 2089 1644 2126 non
1675 2077 1968 2125 revocaret
2026 2088 2058 2124 a

367 2166 553 2236 lapsu,
588 2164 789 2219 merito
817 2167 1026 2233 negata
1052 2162 1382 2215 communio
1415 2166 1519 2228 est,
1580 2176 1841 2215 concessa
1873 2158 2059 2230 paeni-

367 2254 576 2320 tentia;
620 2269 691 2305 ne
737 2256 922 2305 totum
975 2251 1205 2320 penitus
1256 2255 1609 2321 negaretur:
1665 2257 1719 2304 et
1768 2249 2058 2303 duriorem

370 2342 758 2397 remissiorem
838 2340 970 2394 fecit
1016 2339 1292 2409 temporis
1360 2339 1523 2392 ratio.
1593 2338 1701 2392 Sed
1756 2343 2058 2408 postquam

374 2431 648 2485 Dominus
679 2434 871 2483 noster
925 2445 1123 2498 pacem
1156 2427 1413 2483 Ecclesiis
1457 2427 1572 2479 suis
1619 2426 1883 2493 reddidit,
1941 2426 2061 2495 jam

371 2525 589 2573 terrore
620 2519 878 2588 depulso,
913 2517 1378 2571 communionem
1407 2515 1532 2569 dari
1555 2515 1899 2569 abeuntibus
1938 2515 2061 2584 pla-

373 2609 507 2676 cuit,
542 2613 599 2661 et
631 2611 865 2677 propter
896 2605 1367 2670 misericordiam,
1410 2604 1569 2674 quasi
1612 2604 1881 2657 viaticum
1924 2618 2063 2673 pro—

372 2696 625 2763 fecturis,
658 2701 712 2750 et
747 2712 817 2749 ne
852 2695 1150 2749 Novatiani
1182 2694 1455 2758 haeretici,
1514 2693 1777 2763 negantis
1811 2693 2057 2754 veniam,

371 2784 737 2855 asperitatem
759 2788 815 2837 et
844 2782 1116 2837 duritiam
1137 2781 1409 2851 subsequi
1426 2782 1739 2835 videamur.
1759 2779 2066 2834 Tribuetur

373 2888 509 2942 ergo
539 2888 669 2926 cum
700 2872 1039 2941 poenitentia
1068 2876 1323 2924 extrema
1355 2870 1706 2935 communio,
1764 2874 1827 2922 ut
1881 2868 2063 2923 homi-

2163 1792 2651 1847 circumstantium
2684 1790 2796 1843 illis
2829 1789 3098 1859 prodesse
3137 1788 3346 1841 debent
3378 1803 3390 1839 :
3428 1788 3601 1839 simul
3663 1792 3859 1840 tamen

2166 1888 2223 1935 et
2252 1880 2626 1952 poenitentiae,
2661 1884 2718 1932 et
2744 1876 3220 1932 reconciliationis
3261 1874 3604 1930 beneﬁcium
3660 1891 3861 1928 conse-

2165 1974 2435 2041 quantur.

2629 2057 2752 2110 CAP.
2786 2057 2843 2109 Χ.
2896 2086 2962 2093 ——
2997 2057 3069 2109 De
3098 2053 3281 2107 eadem
3317 2070 3393 2107 re.

2239 2149 2357 2213 (Ea:
2412 2147 2635 2201 concilio
2693 2145 2977 2211 Carthag.,
3027 2146 3204 2211 capite
3250 2142 3362 2212 81.)
3425 2143 3473 2195 Is
3528 2142 3628 2212 qui
3676 2141 3864 2211 paeni-

2169 2236 2404 2290 tentiam
2452 2234 2507 2288 in
2569 2233 2902 2286 inﬁrmitate
2931 2232 3092 2302 petit,
3144 2231 3191 2284 si
3222 2246 3374 2298 casu,
3423 2230 3559 2285 dum
3606 2230 3676 2283 ad
3734 2246 3864 2283 eum

2170 2324 2427 2379 sacerdos
2491 2323 2761 2375 invitatus
2812 2321 2985 2385 venit,
3043 2335 3349 2389 oppressus
3406 2319 3465 2372 in
3528 2318 3865 2372 inﬁrmitate

2171 2412 2541 2478 obmutuerit,
2578 2412 2712 2464 dent
2742 2409 3138 2463 testimonium
3169 2409 3270 2479 qui
3292 2425 3423 2461 eum
3451 2408 3784 2473 audierunt;
3816 2413 3877 2468 et

2171 2502 2410 2571 accipiat
2443 2499 2861 2570 paenitentiam,
2895 2503 2971 2565 et,
3001 2498 3048 2550 si
3087 2497 3357 2551 continuo
3405 2497 3659 2550 creditur
3692 2496 3867 2551 mori-

2172 2598 2355 2655 turus,
2423 2588 2822 2642 reconcilietur
2870 2602 2975 2656 per
3028 2602 3233 2639 manus
3293 2585 3751 2655 impositionem,
3817 2590 3871 2638 et

2175 2678 2509 2733 infundatur
2567 2676 2650 2730 ori
2732 2678 2853 2745 ejus
2931 2674 3303 2728 Eucharistia.
3359 2675 3415 2729 Si
3465 2674 3865 2745 supervixerit,

2174 2767 2554 2821 admoneatur
2590 2782 2622 2818 a
2678 2763 3018 2834 supradictis
3060 2764 3302 2817 testibus
3330 2763 3599 2832 petitioni
3639 2780 3759 2817 suae
3791 2781 3871 2816 sa-

2175 2857 2480 2923 tisfactum,
2543 2858 2600 2907 et
2658 2869 2715 2907 se
2768 2852 3061 2905 subditum
3114 2852 3337 2905 statutis
3384 2851 3746 2921 poenitentiae
3790 2853 3867 2905 le-

375 2939 475 3013 nes
523 2939 855 3028 hujusmodi
899 2959 987 3010 vel
1048 2957 1107 3009 in
1167 2956 1449 3026 supremis
1504 2956 1643 3021 suis,
1697 2955 2064 3025 permittente
2097 2949 2138 3004 C
2175 2946 2360 3016 gibus,
2424 2942 2683 3014 quandiu
2750 2940 3009 2995 sacerdos
3059 2940 3159 3011 qui
3233 2939 3625 3009 paenitentiam
3687 2941 3869 3007 dedit,

376 3048 665 3102 Salvatore
698 3051 912 3113 nostro,
948 3062 980 3098 a
1006 3050 1284 3115 perpetuo
1315 3044 1483 3098 exitio
1506 3043 1886 3098 vindicentur.

377 3188 506 3243 CAP.
542 3188 632 3242 Vl.
655 3218 722 3226 —
756 3190 827 3241 De
856 3187 968 3239 illis
1019 3188 1115 3253 qui
1154 3185 1228 3238 ad
1256 3187 1463 3239 emitum
1488 3186 1728 3250 veniunt,
1779 3189 1840 3239 ut
1878 3186 2069 3239 ultimo

623 3263 671 3311 et
714 3260 1010 3312 necessario
1036 3259 1231 3310 viatico
1255 3258 1477 3309 minime
1509 3258 1817 3324 priventur.

449 3373 562 3443 (Ea:
603 3373 822 3426 concilio
868 3372 1102 3439 Niceno,
1134 3373 1308 3439 capite
1342 3369 1448 3440 l3.)
1498 3371 1573 3424 De
1602 3369 1690 3423 his
1721 3370 1821 3440 qui
1850 3371 1920 3424 ad
1960 3371 2070 3424 exi-

374 3466 495 3516 tum
560 3461 797 3515 veniunt
842 3459 1016 3513 etiam
1065 3475 1215 3512 nunc
1252 3459 1341 3512 lex
1394 3459 1630 3529 antiqua
1675 3458 2069 3528 regularisque

375 3549 711 3616 servabitur,
756 3549 835 3602 ita
860 3554 924 3602 ut
953 3548 999 3601 si
1038 3548 1166 3618 quis
1188 3547 1481 3617 egreditur
1510 3564 1539 3600 e
1570 3563 1830 3616 corpore,
1863 3547 2068 3602 ultimo

378 3645 434 3693 et
464 3636 782 3691 necessario
812 3635 1017 3689 viatico
1049 3635 1286 3688 minime
1316 3636 1588 3705 privetur.
1646 3636 1805 3699 Quod
1850 3634 1898 3689 si
1950 3636 2070 3691 des-

377 3733 613 3798 peratus
642 3729 698 3779 et
740 3730 1077 3778 consecutus
1117 3725 1605 3793 communionem,
1649 3725 2069 3796 oblationisque

378 3815 664 3886 particeps
712 3813 912 3879 factus,
962 3813 1172 3867 iterum
1220 3813 1614 3868 convaluerit:
1667 3815 1738 3867 sit
1775 3814 1926 3867 inter
1972 3830 2069 3868 eos

377 3904 477 3975 qui
544 3901 1012 3957 communionem
1070 3901 1346 3955 orationis
1402 3903 1798 3957 tantummodo
1875 3919 2070 3957 conse-

377 3996 653 4063 quuntur.
686 3990 1035 4046 Generaliter
1090 3995 1281 4044 autem
1322 3991 1481 4045 omni
1529 3990 1765 4045 cuilibet
1815 3990 1878 4043 in
1912 3990 2069 4045 exitu

376 4080 581 4151 posito,
617 4085 675 4133 et
703 4078 960 4148 poscenti
998 4077 1104 4132 sibi
1132 4078 1556 4133 communionis
1595 4078 1837 4149 gratiam
1866 4079 2066 4146 tribui,

376 4169 679 4239 episcopus
710 4167 1083 4238 probabiliter
1112 4184 1182 4221 ex
1205 4167 1492 4222 oblatione
1517 4170 1650 4223 dare
1682 4168 1930 4223 debebit.

377 4276 504 4330 CAP.
542 4276 655 4329 VII.
712 4304 780 4313 —
816 4274 970 4337 Quod
1006 4276 1320 4342 paenitentia
1350 4276 1520 4342 possit
1565 4274 1774 4327 abolere
1824 4279 2065 4343 peccata,

618 4347 834 4399 etiamsi
857 4348 916 4398 in
943 4346 1131 4399 ultimo
1160 4348 1286 4398 vita
1313 4348 1515 4414 spiritu
1540 4348 1825 4412 paeniteat.

448 4450 559 4519 (Ea:
589 4452 808 4505 concilio
846 4450 1111 4519 Mogunt.,
1139 4452 1316 4519 capite
1344 4450 1421 4519 2.)
1471 4448 1869 4504 Paenitentiam
1898 4467 2065 4520 posse

375 4537 603 4591 abolere
651 4544 881 4607 peccata
934 4538 1325 4591 indubitanter
1377 4536 1682 4603 credimus,
1744 4537 1968 4591 etiamsi
2006 4539 2067 4594 in

375 4626 579 4679 ultimo
610 4626 737 4679 vitae
770 4626 976 4695 spiritu
998 4626 1278 4680 admissor
1304 4626 1597 4694 poeniteat,
1627 4630 1683 4679 et
1709 4626 1798 4679 vel
1839 4627 2066 4696 publica

373 4714 781 4768 lamentatione
838 4718 1067 4784 peccata
1115 4714 1430 4783 prodantur
1471 4728 1484 4766 :
1543 4713 1676 4783 quia
1709 4715 2064 4785 propositum

372 4799 490 4867 Dei,
532 4799 684 4869 quod
714 4799 963 4853 decrevit
985 4800 1199 4852 salvare
1232 4799 1385 4868 quod
1414 4798 1682 4868 perierat,
1720 4806 1832 4854 stat
1852 4800 2061 4855 immo-

370 4886 504 4941 bile.
541 4888 604 4940 Et
635 4887 782 4954 ideo,
833 4887 970 4957 quia
1016 4886 1276 4938 voluntas
1326 4886 1447 4956 ejus
1484 4903 1600 4941 non
1631 4894 1905 4957 mutatur,
1948 4889 2062 4944 sive

370 4975 770 5029 emendatione
809 4976 957 5039 vita,
1020 4974 1063 5026 si
1118 4978 1345 5043 tempus
1385 4976 1730 5044 conceditur,
1775 4976 1889 5030 sive
1919 4994 2061 5049 sup-

366 5064 499 5133 plici
530 5063 906 5127 confessione,
952 5061 999 5115 si
1031 5061 1302 5115 continuo
1358 5063 1471 5117 vita
1524 5064 1838 5131 exceditur,
1896 5067 2063 5121 venia

365 5157 732 5221 peccatorum
752 5150 997 5204 ﬁdeliter
1034 5154 1416 5217 praesumetur
1440 5151 1509 5204 ab
1533 5150 1631 5204 illo
1664 5151 1763 5222 qui
1794 5168 1911 5206 non
1939 5155 2062 5208 vult

364 5246 609 5294 mortem
643 5237 974 5309 peccatoris,
1008 5238 1105 5291 sed
1165 5244 1228 5290 ut
1263 5243 1625 5293 convertatur
1654 5256 1686 5293 a
1738 5240 2058 5309 perditione

358 5327 717 5397 paenitendo,
749 5332 805 5381 et
835 5328 1084 5380 salvetur
1112 5325 1483 5381 miseratione
1514 5327 1765 5394 Domini,
1793 5332 1855 5382 ut
1882 5329 2054 5386 vivat.

356 5416 413 5471 Si
446 5416 574 5487 quis
612 5415 779 5470 aliter
832 5416 902 5469 de
926 5414 1242 5485 justissima
1269 5414 1480 5485 pietate
1538 5416 1639 5470 Dei
1697 5416 1887 5483 sentit,
1936 5434 2054 5474 non

357 5502 736 5569 Christianus,
772 5503 871 5557 sed
900 5500 1247 5556 Novatianus
1276 5506 1380 5556 est.

2106 4225 2150 4279 D

2179 3032 2521 3107 probaverit.

2625 3119 2754 3173 Cxp.
2786 3117 2880 3170 XI.
2906 3147 2974 3156 ——
3005 3116 3086 3170 De
3122 3116 3305 3171 eadem
3342 3133 3417 3171 re.

2251 3212 2361 3280 (Ea:
2391 3208 2533 3262 decr.
2574 3207 2797 3262 Eusebii
2820 3222 2999 3276 papae,
3033 3208 3210 3275 capite
3246 3208 3351 3276 10.)
3383 3206 3443 3261 Si
3496 3207 3624 3278 quis
3681 3209 3875 3279 poeni-

2176 3299 2418 3355 tentiam
2449 3303 2669 3368 petens,
2714 3295 2851 3349 dum
2883 3296 3143 3349 sacerdos
3185 3295 3421 3361 venerit,
3454 3295 3629 3349 fuerit
3682 3297 3873 3350 ofﬁcio

2177 3392 2390 3459 linguas
2415 3387 2711 3457 privatus,‘
2732 3386 3101 3439 constitutum
3137 3390 3220 3439 est
3269 3389 3349 3453 ut,
3400 3385 3445 3438 si
3474 3378 3680 3440 id‘bnea
3710 3388 3875 3441 testi-

2180 3474 2374 3527 monia
2430 3474 2695 3528 habuerit
2750 3474 2904 3546 quod
2958 3474 3078 3545 ipse
3138 3474 3533 3545 paenitentiam
3592 3475 3870 3546 petiisset,

2178 3569 2234 3616 et
2276 3563 2398 3632 ipse
2444 3579 2548 3633 per
2575 3569 2765 3617 motus
2827 3563 3051 3633 aliquos
3099 3580 3215 3619 suae
3273 3563 3578 3617 voluntatis
3634 3565 3869 3636 aliquod

2177 3652 2408 3721 signum
2453 3652 2637 3706 facere
2667 3656 2873 3721 potest,
2912 3652 3175 3706 sacerdos
3214 3652 3448 3723 impleat
3477 3652 3691 3719 omnia,
3727 3654 3873 3706 sicut

2176 3756 2350 3810 supra
2403 3740 2552 3795 circa
2590 3746 2963 3811 aegrotantem
2998 3741 3370 3812 pcenitentem
3427 3741 3705 3812 scriptum
3765 3748 3869 3807 est,

2175 3828 2232 3882 id
2263 3834 2363 3892 est,
2399 3829 2690 3883 orationes
2715 3830 2882 3897 dicat,
2921 3834 2976 3883 et
3005 3830 3337 3900 ungatfeum
3381 3836 3577 3884 sancto
3606 3830 3757 3898 oleo,
3818 3836 3874 3884 et

2180 3918 2589 3971 Eucharistiam
2620 3918 2671 3972 ei
2704 3919 2900 3984 donet,
2945 3922 3020 3986 et,
3055 3923 3357 3989 postquam
3398 3918 3626 3988 obierit,
3666 3925 3732 3973 ut
3770 3936 3872 3974 caa-

2176 4004 2312 4059 teris
2343 4006 2605 4061 ﬁdelibus
2635 4006 2686 4061 ei
2717 4007 3133 4061 snbministret.

2176 4112 2305 4166 CAP.
2337 4112 2450 4166 XII.
2477 4143 2547 4153 -—
2569 4116 2645 4168 De
2676 4114 2791 4169 illis
2813 4117 2910 4182 qui
2937 4116 2996 4167 in
3025 4115 3219 4168 ultima
3247 4115 3571 4183 aegritudine
3609 4119 3870 4186 paenitue-

2505 4188 2640 4252 rint,
2682 4190 2732 4238 et
2762 4201 2888 4240 mea:
2924 4187 3257 4240 reconciliati
3297 4188 3526 4253 fuerint.

2248 4272 2366 4342 (Ea:
2396 4272 2559 4328 dictis
2587 4277 2853 4340 August.)
2875 4274 3019 4329 Sane
3051 4274 3311 4345 quisquis
3330 4275 3551 4345 positus
3580 4276 3639 4329 in
3668 4276 3871 4331 ultima

2174 4362 2509 4415 necessitate
2557 4362 2911 4431 aegritudinis
2941 4379 3057 4417 suae
3102 4364 3412 4434 accceperit
3444 4366 3867 4436 paenitentiam,

2175 4454 2231 4503 et
2263 4465 2396 4503 mox
2435 4450 2834 4505 reconciliatus
2864 4452 3058 4519 fuerit,
3107 4458 3162 4507 et
3191 4453 3478 4508 transierit
3508 4454 3576 4508 de
3602 4469 3865 4526 corpore,

2175 4537 2358 4592 fateor
2405 4539 2586 4607 vobis,
2644 4555 2760 4593 non
2788 4540 2871 4594 illi
2901 4557 3178 4611 negamus
3226 4542 3378 4613 quod
3408 4543 3568 4613 petit,
3628 4544 3731 4598 sed
3765 4560 3870 4599 nec

2173 4642 2459 4696 praesumo
2502 4628 2689 4682 dicere
2736 4629 2871 4699 quia
2901 4629 3045 4683 bene
3103 4629 3237 4683 hinc
3280 4630 3499 4684 exierit.
3534 4631 3591 4685 Si
3633 4648 3869 4686 securus

2173 4713 2306 4767 hinc
2337 4714 2553 4782 exierit,
2595 4731 2701 4785 ego
2750 4716 2937 4770 nescio
2973 4733 2986 4770 :
3035 4716 3431 4787 paenitentiam
3488 4719 3622 4773 dare
3658 4736 3863 4790 possu-

2173 4818 2319 4869 mus,
2354 4804 2718 4857 securitatem
2756 4811 2946 4859 autem
2980 4806 3115 4860 dare
3163 4822 3280 4860 non
3328 4824 3653 4877 possumus.
3710 4810 3865 4864 Nun-

2173 4890 2312 4961 quid
2341 4892 2467 4945 dico
2504 4891 2914 4957 damnabitur?
2961 4895 3069 4948 Sed
3100 4911 3203 4949 nec
3252 4896 3376 4950 dico
3407 4897 3541 4967 quia
3590 4897 3866 4953 liberabi-

2169 4984 2279 5033 tur.
2317 4980 2410 5033 Vis
2436 4985 2490 5033 te
2518 4997 2548 5034 a
2579 4981 2754 5036 dubio
2798 4982 3069 5038 liberari?
3115 4984 3208 5037 Vis
3238 4985 3388 5055 quod
3446 4985 3731 5041 incertum
3785 4992 3868 5041 est

2170 5067 2449 5123 evadere?
2487 5072 2604 5140 Age
2643 5070 3038 5140 paenitentiam
3079 5072 3213 5126 dum
3265 5089 3436 5127 sanus
3489 5090 3567 5127 es.
3618 5075 3676 5129 Si
3708 5077 3865 5130 enim

2169 5157 2290 5226 agis
2321 5172 2510 5212 veram
2541 5159 2937 5229 paenitentiam
2971 5160 3107 5215 dum
3141 5177 3311 5215 sanus
3338 5178 3418 5231 es,
3471 5167 3528 5217 et
3575 5163 3865 5219 invenerit

2168 5248 2225 5299 te
2279 5245 2620 5300 novissimus
2663 5248 2803 5315 dies,
2861 5249 3043 5303 curris
3100 5254 3161 5303 ut
3210 5250 3613 5307 reconcilieris.
3670 5252 3727 5307 Si
3788 5253 3863 5307 sic

2167 5332 2311 5402 agis,
2364 5349 2595 5388 securus
2643 5351 2721 5390 es.
2784 5337 2916 5391 Ideo
2970 5337 3096 5392 dico
3150 5338 3256 5392 tibi
3299 5338 3435 5409 quia
3492 5356 3726 5395 securus
3781 5358 3857 5407 es,

2167 5421 2302 5493 quia
2354 5422 2520 5493 egisti
2576 5424 2973 5493 paenitentiam
3032 5443 3100 5481 eo
3146 5432 3404 5497 tempore
3466 5444 3580 5500 quo
3626 5446 3861 5501 peccare

2164 5511 2418 5579 potuisti.
2472 5511 2527 5565 Si
2584 5518 2777 5567 autem
2835 5514 2918 5568 vis
2973 5532 3142 5586 agere
3193 5517 3588 5586 paenitentiam
3632 5522 3860 5590 quando
