3944 6310
110 359 204 409 941

895 357 1367 412 DECRETORUM
1411 358 1596 412 LIBRI
1632 358 1739 412 XX.
1771 387 1839 396 —
1882 359 2092 414 LIBER
2132 361 2435 415 DECIMUS
2474 362 2800 419 OCTAVUS.

3513 373 3616 425 942

101 480 222 548 jam
253 495 489 549 peccare
520 495 637 532 non
690 483 874 549 potes,
923 485 1157 550 peccata
1207 485 1264 534 te
1303 480 1664 546 dimiserunt,
1697 497 1812 534 non
1841 483 1886 536 A
1926 484 2318 550 reconcilient,
2352 489 2426 552 et,
2462 485 2606 539 sicut
2634 503 2805 557 supra
2833 490 3235 558 pramisimus,
3268 491 3622 549 inﬁrmantes

108 574 167 622 tu
195 572 446 639 peccata.

107 676 233 729 CAP.
262 676 399 729 XIII.
432 705 501 714 —
531 677 602 728 De
622 675 736 729 illis
766 677 863 743 qui
890 677 946 728 in
961 677 1202 744 periculo
1245 679 1368 729 sunt
1393 677 1693 742 constituti,
1727 681 1806 742 ut,

285 749 531 816 episcopo
577 747 834 809 consulto,
876 747 1161 816 presbyter
1192 762 1275 800 eos
1306 748 1631 800 reconciliet.

177 854 288 921 (Ea:
333 854 554 908 concilio
602 853 890 920 Carthag.,
937 855 1116 920 capite
1146 853 1225 922 4.)
1269 853 1534 906 Aurelius
1593 853 1807 922 episco-

108 957 215 1009 pus
242 941 409 995 dixit:
449 962 477 991 ‹‹
509 942 565 996 Si
597 943 902 1012 quisquam
933 941 989 993 in
1025 941 1278 1011 periculo
1322 941 1494 994 fuerit
1535 942 1809 994 constitu-

109 1034 220 1096 tus,
291 1036 350 1084 et
415 1031 770 1085 reconciliari
827 1029 1032 1084 divinis
1107 1029 1380 1083 altaribus
1448 1029 1698 1099 petierit,
1765 1029 1812 1082 si

111 1118 415 1188 episcopus
506 1120 709 1173 absens
790 1119 982 1184 fuerit,
1043 1118 1210 1171 debet
1260 1119 1462 1188 utique
1517 1118 1814 1187 presbyter

111 1208 411 1261 consulere
443 1208 796 1278 episcopum,
839 1213 897 1261 et
926 1209 1003 1260 sic
1033 1207 1452 1276 periclitantem
1507 1207 1629 1277 ejus
1659 1222 1813 1275 pra—

111 1302 280 1365 cepto
336 1296 724 1350 reconciliare.
777 1318 802 1345 »
860 1296 1041 1360 Quam
1097 1312 1218 1349 rem
1271 1296 1542 1350 debemus
1600 1294 1813 1347 salubri

111 1385 351 1439 consilio
383 1385 675 1441 roborare.

112 1492 240 1545 CAP.
276 1492 408 1545 XIV.
437 1522 504 1531 -
527 1495 604 1545 De
633 1493 866 1560 inﬁmis
897 1493 956 1544 in
990 1491 1226 1559 periculo
1266 1492 1455 1544 mortis
1481 1491 1808 1544 constitutis.

184 1600 294 1668 (Ea:
334 1599 699 1652 Paenitentiali
734 1597 1040 1664 Theodori.)
1068 1597 1150 1650 Ab
1188 1597 1433 1650 inﬁrmis
1477 1597 1535 1649 in
1563 1595 1814 1666 periculo

114 1687 318 1741 mortis
359 1686 578 1756 positis,
611 1703 715 1757 per
769 1686 1129 1756 presbyteros
1187 1701 1330 1756 pura
1361 1684 1702 1755 inquirenda
1731 1688 1817 1737 est

112 1775 395 1830 confessio
452 1780 837 1845 peccatorum,
878 1791 997 1828 non
1044 1779 1236 1827 tamen
1297 1773 1411 1826 illis
1468 1758 1886 1842 imponendaB

116 1864 406 1934 quantitas
473 1862 848 1933 panitentia,
926 1862 1020 1915 sed
1090 1861 1518 1927 innotescenda,
1579 1864 1635 1914 et
1687 1877 1816 1913 cum

116 1953 435 2006 amicorum
514 1951 867 2004 orationibus
944 1955 1000 2004 et
1057 1952 1555 2020 eleemosynarum
1612 1949 1816 2001 studiis

117 2041 342 2111 pondus
373 2040 729 2110 panitentia
774 2040 1216 2092 sublevandam:
1262 2045 1319 2092 et
1349 2038 1394 2090 si
1427 2038 1570 2090 forte
1600 2036 1816 2106 migra-

117 2128 324 2193 verint,
376 2143 447 2181 ne
493 2127 729 2197 obligati
786 2143 850 2180 ex
898 2126 1306 2180 communione
1367 2124 1560 2189 alieni,
1601 2125 1688 2176 vel
1748 2140 1815 2177 ex

116 2216 400 2269 consortio
457 2216 635 2269 venia
671 2215 830 2269 ﬁant.
893 2217 938 2268 A
969 2231 1083 2284 quo
1133 2213 1386 2284 periculo
1445 2212 1491 2265 si
1543 2212 1817 2266 divinitus

117 2311 350 2374 ereptus
381 2305 755 2370 convaluerit,
784 2303 1134 2374 poenitentia
1169 2303 1403 2355 modum
1461 2317 1493 2354 a
1545 2317 1647 2354 suo
1679 2317 1812 2354 con-

118 2395 331 2448 fessore
363 2393 694 2464 impositum
744 2393 1051 2462 diligenter
1112 2391 1392 2444 observet.
1429 2391 1495 2442 Et
1526 2390 1676 2455 ideo,
1728 2405 1812 2442 se-

117 2483 372 2536 cundum
440 2481 772 2535 canonicam
845 2481 1261 2544 auctoritatem,
1332 2494 1402 2531 ne
1472 2477 1586 2530 illis
1640 2477 1817 2546 janua

116 2571 349 2641 pietatis
377 2571 568 2623 clausa
594 2570 872 2634 videatur,
910 2568 1266 2622 orationibus
1306 2571 1361 2620 et
1408 2565 1816 2620 consolationi-

117 2662 224 2715 bus
257 2658 649 2713 ecclesiasticis
698 2675 856 2712 sacra
909 2674 1038 2711 cum
1098 2656 1372 2710 unctione
1415 2656 1522 2709 olei
1554 2653 1813 2718 animati,

117 2749 435 2803 secundum
493 2751 703 2801 statuta
733 2751 1058 2800 sanctorum
1096 2747 1351 2811 Patrum,
1409 2743 1816 2797 communione

118 2837 310 2892 viatici
337 2836 690 2890 reﬁciantur.

187 2955 315 3009 CAP.
343 2952 450 3006 XV.
483 2981 553 2990 —
584 2954 655 3005 De
683 2950 915 3019 quodam
943 2953 1040 3018 qui
1079 2950 1361 3004 Christum
1389 2953 1707 3018 negaverat,

333 3022 592 3092 quomodo
621 3025 678 3075 in
701 3024 955 3075 extremis
993 3024 1191 3075 viatico
1215 3022 1472 3074 liberatus
1505 3025 1600 3075 est.

191 3132 507 3201 (Dionysius
538 3132 597 3183 in
625 3129 914 3182 ecclesiast.
947 3129 1196 3181 Historia
1239 3127 1421 3195 dicit.)
1475 3127 1538 3179 In
1570 3124 1816 3180 Historia

119 3218 501 3274 ecclesiastica
576 3217 898 3287 Dionysius,
965 3216 1281 3269 rescribens
1342 3217 1408 3268 ad
1480 3215 1812 3279 Fabianum,

117 3307 340 3362 inducit
371 3305 680 3376 quamdam
707 3303 1024 3367 historiam,
1074 3305 1267 3358 dicens
1292 3304 1613 3374 lquemdam
1644 3303 1816 3356 fuisse

118 3398 274 3468 apud
329 3395 750 3459 Alexandriam,
813 3409 994 3446 unum
1064 3409 1131 3446 ex
1181 3392 1270 3445 his
1322 3392 1422 3462 qui
1469 3391 1614 3461 lapsi
1654 3395 1812 3457 sunt;

119 3487 391 3541 eumdem
442 3499 592 3553 sape
636 3483 1002 3552 deprecatum
1033 3498 1154 3536 esse
1187 3486 1248 3535 ut
1277 3481 1680 3550 susciperetur,
1714 3495 1818 3534 nec

118 3581 317 3630 tamen
337 3574 695 3643 impetrasse.
730 3571 1078 3641 Oppressum
1140 3569 1347 3624 deinde
1396 3569 1550 3622 hunc
1578 3568 1817 3637 agritu-

119 3665 274 3730 dine,
332 3663 410 3716 ita
460 3666 524 3715 ut
576 3665 691 3714 tres
749 3659 870 3714 dies
920 3659 1039 3713 sine
1096 3674 1231 3712 voce
1289 3673 1519 3728 prorsus
1571 3657 1815 3726 jaceret:

117 3753 422 3824 paululum
449 3766 580 3804 vero
637 3753 838 3820 quarta
868 3748 959 3803 die
1017 3747 1414 3817 respirantem,
1469 3761 1694 3799 vocasse
1747 3745 1818 3798 ad

118 3859 177 3896 se
198 3840 437 3894 ﬁliolam
467 3855 653 3904 suam,
694 3842 752 3892 et
785 3837 990 3891 dixisse
1051 3836 1257 3890 fertur:
1321 3854 1348 3886 ‹‹
1378 3835 1698 3904 {Quousque
1728 3848 1819 3886 me

120 3929 439 3985 detinetis?
496 3928 697 3991 Quaso
754 3942 854 3979 vos
912 3925 1023 3979 cito
1080 3923 1288 3996 aliquis
1354 3923 1820 3993 presbyterorum

119 4018 337 4080 veniat,
369 4021 434 4070 ut
461 4015 676 4086 possim
706 4013 936 4068 dimitti.
977 4035 998 4062 ι
1029 4014 1093 4067 Et
1122 4029 1252 4067 cum
1278 4012 1386 4066 hoc
1418 4011 1670 4076 dixisset,
1697 4026 1819 4064 rur-

121 4123 252 4161 sum
286 4105 411 4159 sine
462 4120 597 4158 voce
628 4102 964 4173 permansit.
1026 4101 1180 4156 Abiit
1207 4102 1317 4155 cito
1371 4116 1540 4153 cursu
1569 4100 1640 4153 ad
1698 4115 1822 4170 pre-

122 4197 421 4266 sbyterum
460 4209 622 4263 puer,
680 4192 864 4246 noctis
909 4195 1182 4261 tempore.
1245 4189 1648 4245 Inﬁrmabatur
1685 4204 1823 4258 pre-

125 4285 338 4355 sbyter,
373 4283 566 4336 venire
606 4296 723 4335 non
753 4280 968 4351 potuit:
1022 4286 1238 4345 tamen,
1295 4277 1431 4374 quia
1474 4281 1820 4372 praceptum
1853 4321 1895 4374 Β

126 4373 319 4427 fuerat
345 4375 412 4424 ut
439 4369 610 4440 lapsis
653 4369 712 4422 in
746 4368 900 4421 exitu
948 4383 1117 4421 nemo
1176 4362 1657 4419 reconciliationis
1680 4364 1825 4417 sola-

126 4460 207 4514 tia
234 4460 561 4529 denegaret.
603 4462 658 4511 et
705 4457 954 4510 maxime
985 4456 1073 4509 his
1125 4471 1269 4526 quos
1320 4453 1481 4524 prius
1509 4452 1568 4506 id
1598 4468 1826 4522 rogasse

130 4552 371 4617 constat,
433 4563 636 4618 parum
699 4544 1069 4600 Eucharistia
1142 4560 1321 4615 puero
1380 4543 1552 4597 dedit.
1616 4541 1827 4610 Regre-

132 4638 324 4692 diente
351 4637 535 4692 adhuc
568 4652 771 4706 puero,
800 4639 1109 4704 antequam
1145 4632 1542 4704 ingrederetur
1570 4631 1824 4696 domum,

131 4743 361 4781 rursum
385 4725 692 4796 Serapion:
720 4745 748 4773 ‹‹
770 4723 1007 4789 Redisti,
1051 4722 1258 4793 inquit,
1282 4721 1365 4775 ﬁli
1381 4721 1407 4774 ‘l
1433 4721 1583 4774 Licet
1605 4719 1830 4790 presby-

133 4823 222 4870 ter
274 4815 462 4869 venire
493 4831 608 4868 non
638 4813 846 4884 potuit,
884 4817 1078 4865 tamen
1104 4811 1281 4881 imple
1314 4810 1469 4881 quod
1511 4809 1613 4863 tibi
1645 4809 1829 4878 impe-

133 4910 322 4959 ratum
369 4908 472 4971 est,
515 4908 582 4957 ut
639 4902 854 4972 possim
885 4900 1165 4954 recedere.
1203 4920 1231 4948 n
1265 4899 1519 4969 Cumque
1551 4897 1833 4967 acciperet

133 4993 568 5058 Eucharistiam,
636 4990 793 5045 velut
863 4989 1079 5044 catenis
1139 4987 1483 5058 quibusdam
1559 4985 1829 5039 vinculis-

132 5099 247 5154 que
305 5080 598 5152 disruptis,
657 5079 938 5134 latiorem
992 5079 1111 5147 jam
1144 5075 1410 5147 spiritum
1449 5073 1717 5128 reddidit.
1757 5074 1832 5126 Ex

132 5188 249 5244 quo
273 5175 493 5226 constat
520 5169 692 5240 hujus
738 5168 875 5222 boni
907 5166 1117 5221 auxilio
1150 5165 1377 5219 nullum
1429 5163 1637 5218 debere
1677 5163 1835 5216 frau-

141 5260 286 5316 dari.

134 5359 266 5415 CAP.
301 5357 437 5411 XVI.
491 5386 558 5395 —
592 5357 660 5409 Ut
681 5353 989 5424 presbyteri
1019 5352 1083 5405 de
1144 5351 1362 5406 occultis
1404 5351 1638 5418 peccatis
1671 5348 1833 5416 jussu

490 5428 728 5497 episcopi
761 5427 1075 5495 paenitentes
1119 5424 1479 5477 reconcilient.

210 5537 324 5606 (Ea:
354 5534 496 5588 decr.
549 5534 792 5588 Evarist.
826 5545 1004 5600 papa,
1054 5531 1229 5599 capite
1278 5529 1352 5597 4.)
1423 5527 1492 5581 Ut
1521 5525 1838 5596 presbyteri

137 5622 205 5676 de
265 5618 498 5675 occultis
566 5617 812 5688 peccatis
868 5615 1126 5686 jussione
1192 5611 1447 5682 episcOpi
1497 5610 1838 5680 panitentes

1921 572 2214 626 absolvant
2243 578 2300 626 et
2329 575 2774 630 communicent.

1957 679 2084 730 CAP.
2117 680 2276 732 XVII.
2313 709 2380 717 ——
2417 680 2497 732 De
2523 683 2826 748 panitente,
2863 685 2914 735 si
2943 684 3001 736 in
3023 685 3145 750 ipsa
3171 688 3490 752 pauitantia
3519 689 3584 742 de

2160 765 2376 818 corpore
2396 753 2605 814 exierit,
2631 758 2682 804 et
2697 755 3041 806 reconciliari
3087 754 3380 809 desiderat.

1993 837 2100 906 (Ea:
2149 841 2370 892 concilio
2422 840 2709 902 Arausico,
2748 844 2924 910 capite
2976 845 3053 911 3.)
3090 843 3198 905 Qui
3247 846 3522 900 recedunt
3551 847 3621 901 de

1921 941 2157 994 corpore
2189 926 2551 995 poenitentes,
2599 929 2812 998 placuit
2858 929 2981 983 sine
3014 932 3473 986 reconciliatoria
3500 951 3620 988 ma-

1921 1029 2030 1066 nus
2075 1015 2442 1084 impositione
2483 1015 2564 1068 eis
2589 1018 3037 1084 communicare,
3065 1020 3222 1089 quod
3249 1021 3308 1073 in
3340 1021 3621 1077 moriente

1921 1102 2142 1157 suﬁ‘ecit
2170 1104 2577 1169 consolatione,
2613 1107 2928 1160 secundum
2954 1107 3322 1162 deﬁnitiones
3362 1111 3618 1180 Patrum,

1923 1191 2020 1259 qui
2047 1190 2376 1260 hujusmodi
2406 1193 2873 1247 communionem
2904 1201 3317 1265 congruentem
3351 1197 3621 1252 viaticum

1922 1278 2328 1332 nominarunt:
2387 1286 2468 1346 ut,
2521 1280 2566 1333 si
2619 1281 3058 1351 supervixerint,
3109 1289 3260 1337 stent
3312 1285 3372 1338 in
3417 1286 3620 1340 ordine

1923 1366 2350 1436 panitentium,
2411 1371 2490 1432 ut,
2560 1369 2803 1422 ostensis
2859 1371 3187 1424 necessariis
3262 1372 3620 1441 panitentia

1923 1454 2220 1523 fructibus,
2255 1455 2572 1526 legitimam
2630 1459 3096 1513 communionem
3118 1477 3249 1514 cum
3299 1461 3623 1516 reconcilia-

1924 1542 2071 1596 toria
2102 1560 2304 1597 manus
2334 1544 2702 1614 impositione
2725 1546 3066 1616 percipiant.

1927 1649 2054 1703 CAP.
2102 1650 2286 1702 XVIII.
2342 1652 2409 1704 Ut
2439 1654 2634 1719 quinta
2665 1654 2812 1717 feria
2841 1657 2964 1706 ante
2993 1654 3202 1707 Pascha
3243 1655 3622 1721 paenitentibus

1996 1721 2520 1793 sibi-emittendum,
2572 1728 2698 1775 ante
2745 1728 2944 1790 autem,
2995 1727 3045 1777 si
3092 1725 3166 1777 ad
3202 1725 3624 1793 desperationem

1998 1790 2339 1860 infirmitatis
2361 1792 2686 1846 devenerint.

1996 1891 2103 1961 (Ea:
2150 1895 2305 1961 epist.
2366 1895 2663 1948 Innocentii
2706 1910 2882 1963 papa,
2935 1898 3114 1964 capite
3170 1898 3245 1963 7.)
3305 1897 3384 1949 De
3439 1897 3621 1966 pani-

1924 1980 2175 2034 tentibus
2221 1986 2412 2035 autem
2461 1982 2581 2052 qui,
2623 1983 2737 2036 sive
2769 1999 2835 2036 ex
2882 1983 3240 2052 gravioribus
3281 1986 3622 2055 commissis,

1925 2069 2040 2122 sive
2089 2085 2153 2122 ex
2185 2069 2494 2124 levioribus
2543 2070 2941 2140 paenitentiam
2998 2076 3224 2140 gerunt,
3261 2072 3306 2125 si
3339 2073 3497 2126 nulla
3525 2074 3619 2128 in-

1924 2157 2169 2212 tervenit
2204 2157 2506 2228 agritudo,
2569 2160 2609 2209 V
2659 2158 2803 2211 feria
2867 2163 2998 2212 ante
3028 2159 3241 2213 Pascha
3302 2160 3382 2213 eis
3426 2162 3623 2215 remit-

1923 2246 2180 2308 tendum,
2232 2247 2506 2300 Romana
2539 2247 2795 2300 Ecclesia
2849 2249 3206 2302 consuetudo
3252 2249 3620 2304 demonstrat.

1925 2335 2227 2400 Caterum,
2263 2335 2332 2388 de
2380 2335 2636 2404 pondere
2680 2335 3017 2390 astimando
3057 2336 3397 2390 delictorum
3447 2353 3626 2391 sacer-

1925 2423 2073 2477 dotis
2139 2427 2225 2476 est
2275 2422 2554 2493 judicare,
2630 2429 2692 2476 ut
2749 2425 3008 2478 attendat
3071 2425 3141 2478 ad
3204 2425 3620 2480 confessionem

1925 2511 2276 2582 paenitentis,
2317 2516 2374 2565 et
2413 2513 2481 2565 ad
2533 2512 2701 2565 ﬂetus
2741 2517 2910 2583 atque
2941 2514 3221 2582 lacrymas
3260 2515 3616 2584 corrigentis,

1924 2616 1988 2653 ac
2008 2606 2130 2654 tum
2155 2601 2356 2670 jubere
2396 2600 2631 2665 dimitti,
2687 2616 2818 2654 cum
2872 2601 3076 2654 viderit
3106 2618 3422 2671 congruam
3458 2602 3620 2655 satis-

1924 2687 2248 2742 factionem.
2310 2687 2455 2742 Sane
2512 2688 2558 2741 si
2609 2688 2736 2758 quis
2784 2688 2842 2741 in
2899 2689 3300 2758 agritudinem
3334 2689 3619 2754 inciderit,

1925 2783 2097 2846 atque
2141 2791 2322 2845 usque
2348 2776 2417 2829 ad
2447 2775 2909 2845 desperationem
2939 2777 3249 2840 devenerit,
3297 2776 3349 2830 ei
3378 2782 3463 2830 est
3490 2781 3624 2830 ante

1924 2869 2148 2935 tempus
2181 2864 2408 2918 Pascha
2466 2863 2860 2931 relaxandum,
2895 2881 2964 2918 ne
2998 2865 3066 2918 de
3097 2865 3202 2919 hoc
3253 2866 3458 2918 saculo
3496 2864 3622 2919 abs-

1924 2969 2034 3024 que
2061 2953 2463 3007 communione
2492 2952 2766 3007 discedat.

1847 3039 1885 3094 C
1926 3059 2052 3114 CAP.
2084 3060 2210 3113 XIX.
2243 3087 2310 3098 —
2353 3060 2434 3112 De
2463 3059 2576 3112 illis
2629 3060 2726 3126 qui
2762 3062 2820 3111 in
2868 3059 3108 3112 Ecclesia
3163 3060 3366 3112 remitti
3407 3064 3628 3127 peccata

2526 3144 2630 3182 non
2671 3129 3021 3183 crediderint.

1995 3219 2104 3288 (Ea:
2133 3218 2297 3272 dictis
2353 3218 2620 3288 August.)
2679 3217 2786 3281 Qui
2818 3234 2972 3283 vero,
3025 3218 3085 3270 in
3127 3216 3373 3270 Ecclesia
3405 3217 3622 3270 remitti

1925 3311 2156 3375 peccata
2193 3323 2307 3360 non
2337 3307 2595 3373 credens,
2656 3306 2972 3360 contemnit
3003 3306 3182 3359 divini
3238 3306 3494 3359 muneris
3518 3307 3625 3359 lar-

1928 3395 2185 3465 gitatem,
2217 3395 2359 3449 etin
2407 3395 2512 3448 hac
2558 3394 2940 3448 obstinatione
3001 3393 3211 3447 mentis
3267 3394 3420 3448 diem
3478 3394 3626 3448 clau-

1926 3485 2011 3539 dit
2062 3491 2405 3552 extremum,
2464 3499 2592 3538 reus
2646 3488 2730 3537 est
2783 3483 2883 3536 illo
2932 3482 3330 3552 [irremissibili
3397 3487 3629 3553 peccato

1928 3575 1987 3628 in
2015 3573 2289 3644 Spiritum
2345 3575 2626 3639 sanctum,
2673 3572 2730 3624 in
2785 3587 2899 3641 quo
2957 3571 3214 3626 Christus
3265 3577 3493 3641 peccata
3543 3572 3624 3625 di-

1930 3662 2122 3715 mittit.

1930 3768 2058 3823 CAP.
2090 3768 2190 3822 XX.
2255 3797 2323 3808 -—
2353 3766 2506 3837 Quod
2535 3765 2771 3890 infirmis
2836 3769 2982 3820 omni
3029 3765 3162 3819 hora
3200 3765 3376 3820 cibum
3427 3781 3632 3820 sumere

2711 3840 2865 3890 iceat.

2711 3840 2865 3890 iceat.

2002 3927 2120 3994 (Ea:
2150 3927 2370 3981 concilio
2385 3927 2652 3992 Mogunt.,
2684 3927 2860 3994 capite
2889 3926 3004 3996 23.)
3027 3923 3277 3978 lnﬁrmis
3304 3925 3436 3978 licet
3467 3924 3628 3978 omni

1932 4016 2074 4069 hora
2105 4015 2296 4069 cibum
2352 4019 2670 4085 potumque
2727 4028 2974 4078 sumere,
3031 4013 3486 4083 quotiescunque
3531 4012 3630 4066 de-

1932 4105 2204 4159 siderant.

1935 4212 2060 4266 CAP.
2116 4211 2243 4266 XXI.
2309 4239 2376 4249 —
2426 4212 2499 4264 De
2544 4209 2657 4262 illis
2709 4207 3077 4262 sacerdotibus
3131 4209 3228 4275 qui
3281 4208 3634 4262 morientibus

2370 4282 2746 4348 paenitentiam
2787 4279 3190 4346 denegaverint.

2012 4370 2127 4439 (Em
2167 4369 2311 4423 decr.
2366 4370 2510 4423 Julii
2569 4368 2771 4438 papa.)
2823 4367 2877 4421 Si
2931 4366 3059 4437 quis
3103 4366 3402 4437 presbyter
3450 4365 3634 4437 pani-

1940 4457 2178 4512 tentiam
2217 4456 2586 4527 abnegaverit
2639 4454 3039 4522 morientibus,
3089 4471 3219 4508 reus
3275 4455 3382 4508 erit
3410 4455 3635 4508 anima-

1943 4562 2092 4612 rum,
2135 4545 2270 4615 quia
2303 4545 2575 4598 Dominus
2623 4545 2791 4598 dicit:
2832 4565 2853 4593 ι
2907 4542 3257 4613 Quacunque
3286 4543 3378 4596 die
3409 4559 3640 4598 conver-

1943 4652 2038 4689 sus
2063 4634 2237 4688 fuerit
2254 4638 2537 4704 peccator,
2571 4633 2686 4686 vita
2701 4634 2870 4698 vivet,
2896 4639 2952 4686 et
2970 4648 3089 4686 non
3115 4632 3410 4686 morietur.
3450 4655 3471 4681 ι
3500 4634 3642 4686 Vera

1944 4724 2097 4779 enim
2131 4723 2426 4777 conversio
2483 4723 2544 4776 in
2573 4724 2778 4775 ultimo
2811 4727 3068 4790 tempore
3101 4725 3288 4792 potest
3314 4737 3466 4775 esse:
3506 4721 3644 4792 quia

1949 4813 2218 4868 Dominus
2251 4827 2369 4865 non
2425 4811 2613 4865 solum
2653 4810 2951 4880 temporis,
3005 4809 3102 4863 sed
3142 4810 3326 4863 cordis
3356 4810 3644 4880 inspector

1945 4906 2054 4957 est:
2089 4901 2234 4955 sicut
2285 4901 2430 4954 latro
2488 4900 2658 4953 unius
2709 4898 2988 4952 momenti
3019 4899 3232 4952 meruit
3279 4914 3399 4952 esse
3453 4898 3512 4952 in
3540 4915 3642 4969 pa-

1945 4990 2132 5045 radiso
2161 4991 2221 5044 in
2248 4990 2388 5043 hora
2408 4989 2634 5055 ultima,
2668 4987 3048 5042 confessione.

2019 5097 2145 5152 CAP.
2198 5096 2350 5151 XXII.
2387 5126 2456 5135 —
2518 5095 2671 5161 Quod
2721 5094 2866 5149 nulli
2916 5095 3112 5148 ultima
3139 5094 3456 5163 paenitentia
3499 5095 3576 5146 sit

2631 5165 2966 5233 deneganda.

2021 5259 2128 5324 (Ea:
2184 5255 2328 5309 decr.
2379 5251 2584 5310 Calest.
2634 5268 2813 5322 papa,
2878 5255 3056 5321 capite
3114 5253 3225 5321 15.)
3291 5251 3647 5323 Agnovimus

1950 5343 2106 5398 enim
2155 5341 2551 5413 panitentiam
2609 5339 2992 5393 morientibus
3043 5340 3333 5409 denegari,
3393 5355 3497 5394 nec
3527 5339 3648 5391 illo-

1950 5448 2080 5486 rum
2112 5430 2410 5485 desideriis
2440 5428 2639 5496 annui,
2671 5427 2770 5498 qui
2802 5427 2990 5480 obitus
3017 5426 3106 5480 sui
3131 5431 3412 5498 tempore,
3438 5427 3647 5481 anima

1951 5537 2068 5574 sua
2123 5521 2364 5590 cupiunt
2421 5517 2676 5572 remedio
2727 5514 3033 5569 subveniri.
3075 5516 3402 5581 Horremus,
3445 5517 3646 5579 fateor,

1951 5612 2123 5662 tanta
2151 5606 2463 5677 impietatis
2487 5605 2732 5676 aliquem
2765 5602 3025 5674 reperiri,
3073 5607 3136 5656 ut
3165 5604 3232 5657 de
3264 5605 3362 5658 Dei
3423 5604 3650 5674 pietatis
