3944 6300
345 367 445 420 943

1419 353 1822 410 BURCHARDI
1865 347 2392 406 WOBMACIENSIS
2429 343 2763 400 EPISCOPI.

3746 340 3844 391 944

343 488 622 557 desperet,
685 481 848 554 quasi
888 496 1004 535 non
1062 479 1240 550 possit
1288 475 1361 530 ad
1408 490 1466 528 se
1526 475 1725 545 quovis
1771 479 2106 542 temporeA
2142 469 2306 522 illum
2365 469 2534 521 unius
2598 471 2749 521 horae
2805 465 3142 557 poenitentia
3203 479 3324 557 non
3373 464 3631 533 juvisset.
3707 463 3846 516 Cum

345 571 710 629 concurrenti
739 583 1090 632 succurrere,
1125 570 1179 619 et
1232 563 1651 634 periclitantem
1709 563 1814 616 sub
1863 577 2038 614 onere

341 666 708 734 peccatorum
745 657 1040 712 hominem
1067 654 1340 724 pondere,
1390 668 1505 722 quo
1537 667 1595 705 se
1646 651 1740 704 ille
1770 649 2038 720 expedire

345 749 648 815 desiderat,
695 747 954 800 liberare.
1015 743 1180 809 Quid,
1239 741 1344 794 hoc
1375 755 1536 809 rogo,
1569 738 1725 792 aliud
1757 744 1844 792 est
1865 753 2039 808 quam

345 836 619 892 morienti
686 838 934 887 mortem
1010 829 1238 895 addere,
1317 828 1554 896 ejusque
1621 826 1873 879 animam
1941 839 2041 877 sua

344 925 694 988 crudelitate,
724 937 794 975 ue
848 920 1106 973 absoluta
1145 932 1264 970 esse
1311 915 1510 985 possit,
1564 914 1860 968 occidere?
1899 914 2040 966 Cum

345 1013 515 1076 Deus,
569 1010 635 1064 ad
691 1005 1142 1062 subveniendum
1192 1001 1606 1074 paratissimus,
1675 1000 1922 1054 invitans
1969 999 2041 1052 ad

343 1097 762 1171 paenitentiam,
795 1095 874 1148 sic
900 1093 1220 1163 proclamat
1253 1089 1561 1160 peccatori:
1627 1112 1648 1136 ι
1685 1089 1750 1141 In
1780 1103 2035 1158 quacun-

344 1204 456 1259 que
505 1186 596 1242 die
653 1199 957 1238 conversus
1017 1180 1206 1245 fuerit,
1256 1185 1490 1249 peccata
1547 1177 1670 1247 ejus
1717 1192 1835 1229 non
1870 1191 2040 1245 repu-

342 1276 620 1330 tabuntur
663 1272 731 1325 ei.
763 1292 785 1320 ι
823 1271 887 1325 Et
925 1270 1168 1322 iterum:
1194 1286 1223 1317 «
1255 1267 1394 1320 Nolo
1428 1271 1676 1318 mortem
1707 1263 2040 1333 peccatoris,

343 1363 440 1417 sed
470 1366 693 1416 tantum
738 1364 800 1412 ut
845 1360 1228 1422 convertatur,
1263 1360 1320 1408 et
1347 1353 1519 1408 vivat.
1549 1375 1569 1401 ι
1623 1353 1876 1407 Salutem
1907 1366 2041 1421 ergo

343 1449 566 1504 homini
613 1447 817 1502 adimit
872 1444 1132 1515 quisquis
1195 1442 1397 1496 mortis
1441 1446 1700 1511 tempore
1754 1441 2040 1510 poeniten-

341 1539 482 1595 tiam
519 1535 834 1604 denegarit,
868 1540 924 1586 et
952 1530 1269 1601 desperarit
1316 1530 1385 1584 de
1416 1531 1718 1583 clementia
1768 1529 1900 1595 Dei;
1942 1529 2042 1599 qui

344 1640 478 1679 eum
535 1623 604 1676 ad
653 1621 1107 1674 subveniendum
1158 1617 1444 1682 morienti,
1479 1617 1762 1685 sufﬁcere,
1804 1617 1892 1669 vel
1917 1633 2042 1670 mo-

347 1717 560 1774 mento,
618 1725 782 1779 posse
857 1723 972 1760 non
1042 1705 1300 1758 credidit.
1371 1703 1714 1758 Perdidisset
1781 1704 1926 1757 latro
1979 1704 2042 1756 in

2149 563 2295 610 esset
2323 557 2381 610 in
2403 571 2591 627 poena,
2631 553 2918 624 paenituit,
2950 558 3008 606 et
3060 567 3162 623 per
3193 551 3362 605 unius
3402 552 3684 605 sermonis
3709 567 3844 621 pro-

2148 645 2472 710 fessionem,
2530 643 2917 697 habitaculum
2995 640 3232 711 paridisi
3293 641 3405 694 Deo
3472 639 3847 710 promittente

2149 732 2489 802 promeruit.

2255 862 2383 914 CAP.
2412 860 2586 913 XXIII.
2620 888 2688 896 —
2719 860 2794 911 De
2819 856 3200 925 paenitentibus
3219 857 3314 922 qui
3342 857 3398 907 in
3419 855 3741 922 inﬁrmitate

2610 929 3013 983 Eucharistiam
3056 928 3378 994 acceperint.

2221 1035 2338 1105 (Ea:
2392 1035 2614 1088 Concilio
2653 1035 2948 1100 Carthag.,
2981 1035 3158 1100 capite
3188 1034 3300 1096 78.)
3341 1030 3688 1084 Paenitentes
3742 1030 3841 1100 qui

2149 1123 2209 1176 in
2241 1123 2574 1176 infirmitate
2614 1122 2881 1175 viaticum
2914 1119 3280 1175 Eucharistim
3339 1117 3680 1188 acceperint,
3733 1134 3847 1171 non

2151 1227 2209 1264 se
2239 1213 2474 1265 credant
2499 1211 2784 1265 absolutos
2836 1212 2957 1264 sine
3009 1225 3213 1262 manus
3244 1209 3637 1278 impositione,
3675 1207 3723 1260 si
3756 1223 3848 1259 su-

2151 1300 2518 1370 pervixerint.

2294 1423 2421 1478 CAP.
2445 1423 2618 1477 XXIV.
2641 1452 2712 1462 —
2741 1425 2815 1476 De
2837 1421 3220 1492 pamitentibus
3246 1420 3423 1474 subito
3451 1422 3707 1473 mortuis.

2226 1530 2338 1596 (Em
2400 1528 2629 1597 eodem.)
2687 1529 2894 1582 Eorum
2963 1526 3063 1597 qui
3111 1525 3452 1596 poenitentia
3502 1531 3740 1595 accepta
3793 1526 3847 1577 in

2153 1616 2305 1669 bono
2331 1617 2459 1670 vitae
2489 1633 2655 1668 cursu
2688 1616 2811 1669 sine
2843 1615 3248 1669 communione
3282 1613 3632 1678 moriuntur,
3694 1613 3844 1667 obla-

2152 1705 2370 1758 tionem
2399 1704 2808 1774 recipiendam,
2870 1709 3153 1757 eteorum
3201 1702 3420 1768 funera,
3481 1717 3544 1754 ac
3583 1699 3854 1770 deinceps

347 1815 512 1853 cruce
559 1797 863 1868 praemium
921 1795 990 1848 ad
1063 1792 1266 1848 Christi
1323 1793 1612 1846 dexteram
1667 1791 1935 1862 pendens,
1997 1793 2042 1845 si
2074 1793 2114 1845 Β
2154 1793 2492 1846 memoriam
2516 1793 2892 1846 ecclesiastico
2924 1791 3124 1845 effectu
3157 1790 3634 1860 prosequendam.

1614 1901 1787 1940 FINIS
1835 1901 2009 1941 LIBRI
2057 1903 2278 1942 DECIMI
2325 1901 2582 1942 OCTAVI.

1059 2084 1351 2158 INDEX
1409 2084 2097 2158 CAPITULORUM

348 2229 474 2282 CAP.
500 2228 543 2280 Ι.
584 2227 704 2290 Quo
753 2229 1016 2293 tempore
1064 2221 1386 2291 presbyteri
1438 2220 1716 2291 plebium,
1769 2221 2046 2275 canonica

421 2314 777 2380 auctoritate,
832 2310 1219 2364 discordantes
1265 2308 1333 2361 ad
1374 2323 1596 2378 pacem,
1623 2313 1679 2362 et
1703 2308 2042 2379 delinquen-

374 2470 376 2472 ν
421 2409 504 2456 tes
533 2401 603 2455 ad
634 2398 1033 2471 paenitentiam
1063 2396 1410 2466 compellere
1434 2396 1700 2450 debeant.

349 2492 401 2543 2.
444 2487 740 2552 Quomodo
815 2485 1138 2539 sacerdotes
1191 2485 1417 2554 plebem
1494 2484 1603 2538 sibi
1677 2483 2043 2548 commissam

419 2583 680 2646 tempore
735 2573 1108 2646 paenitudinis
1163 2573 1476 2626 admonere
1519 2577 1576 2625 et
1627 2573 1913 2626 instruere
1943 2572 2044 2626 de-

419 2666 610 2720 beant.

351 2759 403 2810 3.
460 2753 651 2809 Oratio
730 2750 1036 2806 sacerdotis
1085 2749 1325 2804 dicenda
1381 2749 1448 2803 ad
1501 2748 1898 2818 paenitentiam
1956 2765 2046 2803 ve-

422 2841 733 2896 nientibus.

353 2933 405 2985 4.
465 2931 542 2984 De
571 2928 945 2992 confessione,
980 2932 1034 2979 et
1072 2925 1432 2996 poenitentia,
1475 2931 1532 2978 et
1557 2924 2040 2990 reconciliatione,

425 3022 482 3071 et
511 3015 957 3085 interrogatione
988 3013 1219 3067 illorum
1253 3013 1350 3082 qui
1402 3019 1628 3084 peccata
1658 3029 1760 3067 sua
1784 3012 2044 3066 conﬁteri

425 3105 766 3167 desiderant,
832 3107 885 3155 et
936 3101 1075 3155 ordo
1109 3101 1175 3155 ad
1225 3100 1623 3171 paenitentiam
1657 3102 1737 3154 eis
1767 3101 2039 3157 dandam.

356 3198 408 3248 5.
440 3189 922 3262 Interrogationes
975 3189 1184 3260 quibus
1211 3188 1500 3243 confessor
1525 3188 1893 3243 confitentem
1947 3189 2046 3244 de-

420 3282 516 3335 bet
531 3281 904 3348 interrogare.

355 3374 406 3426 6.
436 3371 514 3425 De
563 3367 955 3422 admonitione
1010 3370 1134 3420 octo
1197 3365 1604 3436 principalium
1658 3365 1947 3432 vitiorum,
1993 3370 2050 3419 et

423 3473 622 3512 eorum
654 3456 969 3526 speciebus.

354 3553 406 3602 7.
437 3547 583 3600 Item
637 3545 706 3598 de
755 3542 1055 3596 virtutibus
1099 3541 1309 3612 quibus
1361 3541 1561 3595 eadem
1601 3541 1736 3596 vitia
1785 3541 2045 3612 superari

421 3634 658 3703 possint,
692 3636 748 3684 et
776 3631 844 3684 de
874 3629 1236 3683 conclusione
1267 3629 1642 3699 paenitentia.

355 3707 406 3777 8.
437 3721 674 3776 Salubre
699 3718 1022 3772 antidotum
1054 3717 1371 3771 animabus.

357 3812 408 3863 9.
459 3809 538 3862 De
590 3805 922 3877 poenitentia
967 3805 1120 3858 illius
1167 3805 1302 3858 anni
1350 3804 1450 3874 qui
1507 3805 1567 3858 in
1627 3821 1773 3875 pane
1817 3809 1872 3858 et
1903 3821 2051 3876 aqua

421 3894 769 3966 jejunandus
799 3897 903 3958 est,
934 3893 1091 3963 quali
1123 3892 1322 3947 ordine
1364 3893 1650 3947 observari
1679 3894 1903 3948 debeat.

359 3987 442 4039 10.
479 3985 555 4038 De
587 3981 832 4037 secundo
877 3997 1028 4035 anno
1058 3981 1158 4051 qui
1188 3987 1313 4051 post
1357 3981 1518 4036 illum
1555 3982 1903 4052 jejunandus
1941 3987 2048 4051 est,

423 4079 479 4127 et
507 4072 716 4144 quibus
739 4069 1152 4141 paenitentibus
1179 4070 1398 4124 dandus
1425 4070 1522 4125 sit.

359 4165 441 4216 11.
470 4163 547 4216 De
578 4160 691 4213 illis
733 4159 830 4228 qui
865 4159 1128 4229 jejunare
1163 4174 1281 4212 non
1328 4163 1591 4228 possunt,
1626 4163 1684 4213 et
1732 4158 2044 4229 adimplere

425 4248 579 4320 quod
610 4248 669 4300 in
701 4246 1081 4301 Poenitentiali
1109 4247 1385 4317 scriptum
1417 4252 1520 4301 est.

2155 2085 2409 2158 LIBRI
2477 2084 2808 2157 DECIMI
2876 2083 3138 2156 NONI.

2157 2224 2246 2275 2i.
2307 2223 2447 2275 Item
2501 2220 2822 2289 redemptio
2865 2219 3020 2273 illius
3066 2219 3204 2272 anni
3251 2235 3422 2290 quem
3481 2219 3541 2273 in
3595 2236 3751 2290 pane
3805 2224 3856 2272 et

2229 2325 2378 2379 aqua
2404 2309 2683 2378 paenitere
2715 2307 2942 2361 debent.

2157 2399 2244 2450 22.
2275 2398 2350 2450 De
2380 2397 2494 2449 illis
2525 2395 2897 2466 quijejunare
2927 2410 3041 2448 non
3079 2400 3338 2465 possunt,
3374 2399 3429 2448 et
3455 2395 3671 2449 habent
3704 2395 3857 2449 unde

2230 2485 2512 2538 redimere
2538 2483 2780 2553 possint.
2915 2543 2920 2546 ,

2155 2576 2248 2630 23.
2294 2574 2371 2626 De
2394 2572 2505 2626 illis
2541 2572 2639 2642 qui
2672 2587 2787 2625 non
2817 2575 3056 2641 possunt
3085 2570 3400 2640 adimplere
3441 2571 3591 2642 quod
3642 2572 3705 2625 in
3739 2574 3857 2626 Pce-

2226 2661 2512 2716 nitentiali
2544 2661 2822 2730 scriptum
2842 2666 2944 2714 est.

2154 2750 2242 2802 2i.
2278 2751 2356 2803 De
2385 2749 2498 2803 illis
2529 2749 2628 2820 qui
2661 2749 2926 2819 jejunare
2957 2763 3075 2802 non
3100 2753 3357 2818 possunt,
3387 2751 3443 2800 et
3484 2764 3599 2802 non
3641 2748 3857 2804 habent

2226 2838 2376 2892 unde
2405 2838 2687 2892 redimere
2717 2837 2954 2908 possint.

2153 2929 2239 2979 25.
2273 2928 2350 2980 De
2375 2925 2768 2995 redemptione
2797 2931 3016 2995 septem
3035 2941 3338 2980 annorum.

2153 3017 2241 3070 26.
2277 3015 2348 3071 Ut
2375 3015 2433 3068 in
2485 3015 2670 3085 capite
2717 3013 3182 3084 Quadragesimae
3213 3030 3414 3068 omnes
3465 3015 3693 3086 publice
3729 3032 3855 3086 poe—

2227 3104 2472 3158 nitentes
2503 3104 2559 3157 in
2591 3103 2878 3157 civitatem
2930 3102 3181 3168 veniant,
3220 3108 3277 3156 et
3316 3108 3448 3157 ante
3489 3103 3643 3158 fores
3681 3105 3859 3159 eccle-

2228 3194 2327 3246 siae
2357 3191 2526 3246 nudis
2584 3191 2846 3261 pedibus,
2893 3196 2950 3245 et
2977 3191 3160 3245 cilicio
3203 3191 3410 3257 induti,
3464 3192 3731 3262 episcopo
3755 3207 3858 3244 suo

2227 3298 2286 3335 se
2315 3286 2744 3351 repraesentem.

2156 3373 2244 3423 27.
2297 3369 2367 3422 Ut
2434 3368 2796 3438 poenitentes,
2857 3367 3087 3438 quando
3162 3367 3559 3438 paenitentiam
3625 3373 3856 3438 petunt,

2227 3456 2659 3526 impositionem
2688 3473 2966 3510 manuum
2987 3461 3432 3527 consequantur.

2155 3546 2245 3599 28.
2279 3544 2399 3608 Qua
2426 3546 2763 3599 auctoritate
2811 3545 3018 3598 modus
3043 3545 3397 3615 penitentiae
3449 3549 3682 3614 peccata
3720 3560 3856 3599 con-

2229 3633 2523 3687 fitentibus
2555 3633 2779 3703 imponi
2810 3633 3033 3687 debeat.

2156 3723 2244 3776 29.
2289 3720 2452 3784 Quod
2509 3722 2806 3776 diversitas
2862 3721 3160 3792 culparum
3245 3719 3632 3776 diversitatem
3685 3721 3856 3776 faciat

2167 3848 2172 3856 .
2226 3809 2718 3879 poenitentiarum.

2157 3901 2245 3952 30.
2276 3898 2436 3962 Quod
2457 3899 2622 3963 multi
2650 3903 2783 3953 sunt
2804 3899 3019 3953 fructus
3039 3898 3414 3969 paenitentiae.

2157 3988 2244 4041 3l.
2275 3987 2388 4040 Cur
2425 4003 2672 4041 canones
2731 4003 2846 4040 non
2888 3987 3136 4058 perfecte
3195 3987 3500 4057 praeﬁgant
3553 4001 3658 4056 pro
3705 4002 3853 4040 uno-

2227 4088 2456 4143 quoque
2477 4073 2716 4126 crimine
2744 4076 2970 4143 tempus
3002 4077 3058 4126 et
3101 4087 3430 4126 mensuram
3475 4072 3848 4142 paenitentiae.

2157 4161 2243 4214 32.
2281 4161 2354 4214 De
2401 4160 2515 4215 illis
2546 4161 2645 4232 qui
2691 4160 3090 4232 paenitentiam
3143 4161 3254 4216 sibi
3299 4160 3615 4231 injunctam
3670 4160 3851 4214 adim-

2225 4247 2382 4317 plere
2413 4247 2704 4304 festinant.

361 4341 441 4392 l2.
474 4339 551 4392 De
611 4335 1002 4406 redemptione
1059 4335 1214 4389 illius
1266 4334 1405 4388 anni
1454 4349 1627 4404 quem
1673 4335 1733 4388 in
1788 4351 1937 4405 pane
1992 4340 2048 4389 et
2075 4344 2118 4397 1)
2155 4337 2242 4391 33.
2276 4337 2346 4391 Ut
2373 4337 2826 4407 quotiescunque
2863 4336 3071 4407 aliquis
3122 4335 3195 4390 ad
3238 4336 3643 4407 paenitentiam
3673 4352 3854 4391 acces-

424 4441 572 4496 aqua
594 4423 856 4494 jejunare
888 4422 1111 4477 debent.

357 4518 441 4569 13.
473 4513 600 4567 Alio
623 4512 812 4566 modo.

358 4604 442 4656 14.
472 4602 616 4656 Item
638 4601 748 4654 alio
771 4599 962 4654 modo.

357 4694 440 4744 15.
475 4691 616 4743 Item
649 4689 759 4742 alio
789 4687 982 4742 modo.

357 4782 440 4832 16.
470 4779 612 4831 Item
641 4776 749 4829 alio
782 4775 974 4828 modo.

355 4871 435 4921 17.
467 4867 610 4921 Item
639 4864 750 4918 alio
782 4863 976 4916 modo.

355 4958 438 5010 18.
477 4955 552 5009 De
609 4950 1023 5022 redemptione
1063 4948 1236 5002 unius
1316 4949 1688 5005 hebdomadas
1754 4966 1928 5022 quam
1981 4951 2040 5005 in

420 5059 569 5114 pane
587 5045 642 5094 et
659 5056 808 5112 aqua
827 5039 1092 5108 jejunare
1135 5037 1365 5092 debent.

353 5131 434 5184 19.
460 5130 536 5184 De
580 5125 975 5196 redemptione
1022 5124 1194 5178 unius
1243 5125 1455 5179 mensis
1502 5142 1675 5197 quem
1720 5126 1779 5180 in
1811 5142 1959 5197 pane
1988 5131 2046 5181 et

420 5233 569 5287 aqua
584 5215 662 5286 jej
673 5229 850 5268 unare
879 5211 1108 5266 debent.

349 5306 436 5358 20.
489 5305 565 5358 De
617 5302 730 5356 illis
762 5301 861 5372 qui
902 5298 1168 5369 jejunare
1224 5314 1340 5352 non
1399 5305 1663 5369 possunt,
1708 5307 1765 5356 et
1792 5303 2044 5372 psalmos

419 5391 712 5458 nesciunt;
748 5388 1039 5461 quomodo
1059 5387 1456 5458 pcenitentiam
1478 5390 1648 5444 unius
1673 5391 1835 5458 anni,
1867 5407 2042 5462 quem

417 5480 478 5533 in
520 5495 668 5551 pane
721 5484 778 5534 et
841 5492 992 5548 aqua
1012 5476 1278 5547 jejunare
1327 5477 1554 5546 debent,
1587 5479 1870 5535 redimere
1911 5497 2040 5551 pos-

421 5568 552 5621 sint.

2223 4425 2380 4491 serit,
2420 4426 2740 4480 sacerdotes
2764 4424 2999 4496 jejuniis
3047 4429 3105 4480 et
3158 4425 3518 4479 orationibus
3577 4442 3712 4480 cum
3771 4427 3854 4480 eis

2221 4513 2644 4568 communicare
2663 4509 2928 4568 debeant;

2153 4601 2238 4655 34.
2261 4601 2424 4666 Quod
2441 4602 2740 4674 contingat
2769 4601 3066 4657 hominem
3099 4602 3389 4657 interdum
3445 4603 3626 4657 animi
3665 4609 3850 4671 motu,

2225 4690 2518 4744 interdum
2539 4691 2726 4745 carnis
2756 4691 3064 4762 fragilitate
3094 4707 3350 4762 peccare.

2151 4781 2238 4833 35.
2285 4779 2352 4833 Ut
2405 4779 2742 4849 poenitentia
2798 4781 3013 4850 absque
3064 4795 3326 4850 personae
3384 4779 3716 4850 acceptione
3773 4781 3854 4833 in-

2215 4866 2516 4936 jungatur.

2149 4957 2237 5009 36.
2273 4955 2350 5009 De
2383 4955 2609 5010 incestis
2638 4957 2854 5012 occulte
2887 4956 3228 5012 commissis.

2148 5043 2236 5096 37.
2274 5043 2343 5098 Ut
2371 5043 2522 5098 inter
2548 5046 2892 5115 poenitentes
2923 5045 3154 5115 publice
3185 5050 3241 5099 et
3283 5045 3555 5099 absconse
3585 5045 3853 5100 discretio

2221 5133 2496 5186 servanda
2517 5133 2608 5188 sit.

2149 5220 2236 5273 38.
2271 5219 2348 5273 De
2379 5219 2496 5274 illis
2517 5221 2618 5292 qui
2646 5222 2948 5293 negligunt
2966 5221 3397 5292 pmnitentiam.

2151 5309 2235 5362 39.
2266 5308 2334 5362 Ut
2376 5309 2750 5378 poenitentem
2795 5327 2862 5364 ex
2921 5310 3093 5365 corde
3160 5325 3372 5380 magna
3441 5310 3853 5366 exhilaratione

2220 5397 2538 5452 sacerdotes
2563 5399 2851 5470 suscipere
2883 5399 3151 5454 debeant.

2149 5485 2236 5539 40.
2269 5484 2340 5539 Ut
2362 5487 2680 5542 secundum
2729 5488 3112 5543 differentiam
3150 5491 3538 5558 peccatorum,
3588 5487 3844 5559 episcopi

2221 5573 2476 5642 arbitrio,
2505 5565 2861 5644 poenitentiae
2902 5582 3166 5647 tempora
3195 5577 3600 5633 decernantur.
