3944 6312
139 313 239 364 945
956 315 1428 371 DECRETORUM
1471 317 1655 373 LIBRI
1694 320 1801 373 XX.
1844 348 1911 358 -ο
1951 318 2154 372 LIBER
2202 316 2508 373 DECIMUS
2543 317 2797 375 NONUS.

3534 326 3637 377 946

135 438 215 490 4t.
251 437 331 490 De
357 437 449 490 his
480 437 580 507 qui
604 438 725 506 jam
766 454 1000 507 peccare
1040 444 1420 503 cessaverunt,
1482 445 1538 494 et
1587 441 1835 511 perfecte
1865 443 1905 494 A
1947 442 2035 493 70.
2098 441 2167 494 Ut
2212 439 2508 510 presbyter
2554 440 2933 509 paanitentem
2983 458 3100 495 non
3132 443 3480 511 reconciliet,
3527 444 3639 498 nisi

202 525 618 593 pcenituerunt,
669 530 732 578 ut
762 526 1089 580 communio
1146 528 1225 581 eis
1256 528 1313 581 in
1342 528 1459 599 ipsa
1500 529 1836 599 pcenitentia

204 614 570 667 concedatur.

132 703 217 755 42.
253 703 333 755 De
366 702 559 772 lapsis,
592 702 883 772 quomodo
914 719 1011 756 eos
1040 704 1291 757 fraterno
1314 704 1517 759 affectu
1546 705 1834 774 corripere

2013 528 2314 598 episcopus
2346 545 2481 581 suus
2501 528 2721 597 jubeat.

1944 620 2030 670 71.
2070 617 2138 670 Ut
2187 616 2379 669 nullus
2436 632 2500 669 ex
2548 616 2929 670 ecclesiastico
2984 618 3183 671 ordine
3268 635 3371 689 per
3435 636 3638 675 manus

2012 704 2439 773 impositionem
2470 705 2789 758 remedium
2833 705 3075 775 accipiat
3120 707 3460 775 paenitendi.

202 794 261 844 et
291 790 572 844 consolari
603 790 868 856 debeant,
914 795 975 844 ut
1023 807 1137 845 non
1188 792 1446 846 incidant
1474 794 1533 846 in
1598 793 1833 847 insidias
1941 795 2029 845 7‘2.
2065 793 2135 847 Ut
2164 792 2433 857 ordinati,
2468 792 2527 845 in
2572 792 2929 862 gravioribus
2974 794 3222 863 peccatis
3279 795 3636 864 deprehensi,

201 878 440 944 diaboli,
474 884 532 932 et
562 879 886 948 desperent.

130 968 218 1021 43.
255 968 333 1020 De
363 966 536 1036 lapsis
584 967 644 1020 in
691 966 992 1022 ordinibus
1032 969 1225 1034 sacris,
1266 970 1313 1021 si
1345 970 1651 1023 restaurari
1692 986 1833 1039 pos-

201 1054 338 1108 sint.

129 1144 217 1196 44.
244 1142 408 1206 Quod
439 1143 634 1196 anima
665 1143 863 1196 multis
892 1144 1160 1213 gentibus
1190 1144 1443 1197 nobilior
1464 1145 1534 1197 sit
1550 1146 1829 1209 deﬂenda,

200 1235 259 1285 et
288 1231 484 1285 multis
534 1231 769 1285 urbibus
823 1232 1154 1302 preciosior,
1209 1249 1439 1304 quoque
1471 1250 1585 1288 non
1632 1233 1704 1287 sit
1732 1235 1826 1288 de-

200 1320 551 1388 sperandum
583 1320 653 1374 de
686 1320 870 1374 venia.

126 1411 217 1462 45.
256 1409 417 1472 Quod
464 1409 658 1462 nullus
692 1425 725 1461 a
760 1409 1149 1464 consolatione
1197 1410 1479 1464 vulnerati
1534 1411 1724 1465 fratris
1770 1428 1829 1466 se

198 1497 537 1551 subtrahere
566 1497 789 1551 debeat.
904 1486 911 1489 ’

128 1585 221 1639 46.
256 1586 335 1639 De
362 1585 562 1639 eadem
592 1601 674 1639 re.

125 1674 217 1727 47.
249 1675 331 1728 De
362 1674 561 1728 eadem
590 1690 673 1728 re.

125 1763 215 1816 48.
254 1763 332 1815 De
362 1763 563 1816 eadem
596 1779 676 1817 re.

126 1852 217 1905 49.
270 1852 401 1904 Post
450 1851 848 1920 paenitentiam
894 1851 1185 1906 neminem
1234 1853 1304 1906 ad
1360 1854 1690 1907 clericatum
1737 1854 1828 1907 ad-

204 1939 577 1993 mittendum.

126 2029 217 2080 50.
252 2026 530 2081 Gravibus
587 2028 926 2082 criminibus
982 2026 1288 2098 implicitos
1346 2028 1416 2082 ad
1476 2030 1689 2083 clerum
1732 2030 1824 2083 ad-

196 2115 425 2181 missos,
484 2116 709 2185 magnis
763 2116 915 2170 vitiis
991 2117 1279 2170 involutos
1351 2118 1553 2171 clerico
1636 2117 1823 2173 ofﬁcio

196 2220 313 2257 non
340 2208 545 2271 motos,
575 2204 854 2274 comperit
878 2204 1148 2259 Gelasius.

124 2295 213 2346 51.
250 2293 329 2345 De
359 2292 471 2345 illis
502 2293 601 2363 qui
629 2295 752 2347 loca
807 2298 1135 2347 sanctorum
1191 2293 1295 2347 sub
1351 2298 1626 2364 praetextu
1694 2294 1823 2348 reli-

194 2378 383 2449 gionis
413 2378 733 2433 inconsulte
762 2385 1089 2450 peragrant.

126 2469 213 2519 52.
248 2469 324 2521 De
355 2468 515 2521 omni
544 2473 859 2538 peccatore,
895 2468 1116 2539 quoties
1144 2468 1428 2533 ceciderit,
1475 2468 1625 2540 quod
1654 2469 1821 2523 toties

196 2572 497 2627 resurgere
530 2557 749 2611 debeat.

124 2647 212 2699 53.
249 2646 322 2699 Ut
372 2646 592 2715 justum
663 2646 735 2699 sit
795 2645 956 2699 omni
1012 2646 1235 2700 homini
1303 2647 1460 2718 quod
1512 2663 1571 2701 se
1621 2662 1819 2717 repre-

194 2734 431 2787 hendaL

122 2819 212 2873 54.
250 2820 320 2873 Ut
368 2819 561 2873 nullus
590 2820 825 2872 fratrem
868 2819 1228 2880 condemnet,
1285 2824 1592 2891 antequam
1671 2822 1819 2874 Deus

198 2907 366 2960 illum
392 2907 681 2977 dijudicet.

2015 896 2127 932 non
2186 896 2386 932 manus
2439 879 2868 949 impositionem
2916 886 2978 934 ut
3038 882 3166 934 laici
3220 883 3473 951 accipere
3550 883 3642 937 de-

2012 969 2203 1032 beant,

1940 1060 2027 1110 73.
2064 1057 2141 1109 De
2170 1055 2388 1109 clericis
2443 1057 2542 1126 qui
2582 1057 2863 1126 corporali
2918 1057 3124 1111 delicto
3195 1059 3562 1130 delinquunt,
3594 1061 3641 1113 si

2010 1144 2318 1197 restaurari
2350 1144 2586 1213 possint.

1938 1235 2027 1285 74.
2065 1233 2141 1286 De
2165 1233 2253 1285 his
2281 1233 2381 1302 qui
2413 1232 2613 1285 altario
2646 1232 2744 1287 Dei
2774 1233 3124 1301 deserviunt,
3149 1234 3195 1287 si
3226 1234 3411 1289 subito
3450 1234 3639 1289 flenda

2009 1319 2192 1373 carnis
2222 1320 2531 1390 fragilitate
2563 1320 2900 1374 corruerint.

1934 1410 2019 1462 75.
2050 1407 2207 1471 Quod
2265 1408 2558 1478 conjugati
2609 1408 2670 1461 in
2722 1408 3165 1479 quadragesima
3193 1409 3478 1464 abstinere
3534 1410 3639 1464 de-

1948 1528 1951 1531 -
2006 1496 2177 1549 beant
2200 1496 2269 1548 ab
2302 1497 2591 1549 uxoribus.

1938 1586 2023 1638 76.
2053 1585 2128 1638 De
2183 1585 2294 1637 illis
2354 1584 2452 1655 qui
2516 1585 2576 1637 in
2634 1585 3087 1656 quadragesimae
3138 1586 3335 1641 diebus
3408 1602 3639 1642 carnem

2009 1672 2351 1726 manducare
2400 1689 2588 1743 presu
2598 1676 2779 1729 munt.

1940 1764 2026 1814 77.
2062 1761 2140 1814 De
2161 1761 2335 1815 fratre
2359 1777 2477 1815 non
2525 1767 2796 1831 peccante
2824 1761 2896 1816 ad
2944 1765 3211 1826 mortem,
3273 1767 3329 1847 et
3356 1764 3427 1818 ad
3487 1779 3638 1818 mor-

2006 1850 2142 1899 tem.

1937 1936 2025 1988 78.
2057 1934 2219 1998 Quod
2267 1934 2499 1989 difﬁcile
2540 1935 2613 1989 sit
2665 1936 2921 2006 graviter
2950 1937 3206 2007 peccanti
3263 1937 3368 1991 sub
3433 1938 3638 2008 gradu,

2005 2037 2235 2075 manere
2259 2021 2319 2074 in
2340 2024 2541 2092 gradu.

1936 2112 2023 2163 79.
2056 2110 2133 2163 De
2161 2109 2357 2163 eadem
2388 2126 2467 2163 re.

1933 2200 2021 2251 80.
2058 2198 2135 2251 De
2166 2198 2368 2251 eadem
2394 2214 2475 2253 re.

1932 2288 2019 2341 81.
2055 2287 2134 2340 De
2168 2287 2366 2341 eadem
2394 2303 2471 2341 re.

1932 2378 2018 2431 82.
2055 2377 2215 2441 Quod
2245 2381 2376 2446 post
2405 2382 2625 2447 septem
2678 2393 2860 2432 annos
2917 2376 3289 2447 poenitentem
3371 2379 3634 2432 sacerdo-

2002 2470 2117 2519 tem
2170 2481 2407 2519 censura
2438 2481 2727 2519 canonum
2783 2466 2841 2518 in
2888 2465 3194 2534 pristinum
3273 2470 3481 2521 statum
3541 2483 3636 2522 re-

2002 2570 2191 2606 meare
2223 2555 2539 2623 praecipiat.

1931 2642 2017 2693 83.
2054 2640 2130 2693 De
2164 2641 2362 2710 populi
2393 2642 2709 2695 necessario
2756 2642 2909 2712 quod
2965 2642 3212 2696 inultum
3260 2643 3438 2697 soleat
3483 2660 3634 2714 prae-

1999 2729 2190 2781 terire.

1926 2819 2011 2870 84.
2048 2817 2123 2870 De
2155 2817 2267 2870 illis
2297 2817 2398 2888 qui
2467 2818 2715 2871 scabiem
2757 2822 2855 2871 aut
2900 2818 3238 2873 vermiculos
3300 2825 3632 2887 comedunt,

1999 2904 2087 2957 vel
2108 2905 2335 2958 urinam
2362 2907 2586 2960 bibunt.

126 2999 214 3049 55.
254 2994 418 3058 Quod
460 2996 616 3065 justa
670 2995 997 3049 obedientia
1034 2996 1206 3066 justis
1247 2995 1582 3049 muneribus
1627 3012 1817 3049 remu-
1852 2999 1891 3053 C
1929 2994 2015 3047 85.
2050 2994 2127 3045 De
2184 2992 2295 3045 illis
2354 2994 2452 3063 qui
2506 2993 2778 3047 animalia
2834 3011 2867 3047 a
2923 2994 3118 3047 bestiis
3178 2994 3485 3049 dilacerata
3548 2996 3635 3050 vel

199 3090 455 3136 neretur.

126 3174 193 3225 56
245 3172 323 3225 De
349 3170 461 3224 illis
508 3171 605 3240 qui
637 3187 706 3224 ex
753 3171 1034 3225 industria
1076 3175 1331 3241 peccant,
1372 3176 1426 3225 et
1472 3172 1820 3242 promittunt

197 3259 307 3312 sibi
330 3258 640 3328 quamdam
682 3258 1083 3328 impunitatem
1125 3260 1415 3329 peccandi,
1446 3264 1677 3329 propter
1700 3261 1817 3313 lar-

196 3346 474 3417 gitionem
515 3347 1028 3415 eleemosynarum.

127 3439 213 3488 57.
260 3436 336 3488 De
396 3434 483 3486 his
539 3435 637 3504 qui
721 3439 947 3504 peracta
1005 3434 1343 3504 poenitentia
1424 3435 1493 3487 ad
1577 3435 1821 3504 pristina

197 3524 441 3577 redeunt
467 3523 779 3577 volutabra.

126 3615 214 3666 58.
255 3613 329 3665 De
380 3611 692 3680 p(enitente
744 3611 978 3677 femina,
1035 3610 1081 3663 si
1148 3610 1412 3665 defuncto
1471 3611 1612 3668 viro.
1698 3611 1823 3664 aliis

198 3701 415 3753 nubere
447 3699 899 3770 praesumpserit.

127 3792 213 3843 59.
248 3788 411 3852 Quod
443 3788 501 3840 in
533 3788 720 3842 danda
750 3787 1107 3858 poenitentia,
1142 3788 1301 3840 nulla
1341 3787 1412 3840 sit
1449 3803 1822 3857 personarum

198 3877 470 3946 acceptio.
640 3886 643 3887 ⁷

127 3967 214 4019 60.
250 3966 325 4019 De
358 3965 469 4018 illis
496 3965 594 4036 qui
621 3969 850 4033 peccata
888 3981 990 4017 sua
1020 3964 1142 4018 sine
1174 3963 1460 4035 condigna
1490 3964 1827 4034 puanitentia

198 4053 305 4107 sibi
330 4054 571 4107 relaxari
599 4053 892 4106 falluntur.

128 4145 217 4195 61.
254 4141 413 4206 Quod
491 4142 687 4194 tandiu
734 4141 988 4194 laborare
1051 4142 1295 4211 quisque
1349 4140 1573 4207 debeat,
1644 4142 1825 4195 donec

163 4229 444 4299 possideat
474 4229 780 4283 Christum.

129 4322 218 4372 62.
252 4318 321 4371 Ut
401 4318 590 4371 nullus
675 4318 971 4388 episcopus
1046 4334 1143 4371 seu
1218 4319 1516 4389 presbyter
1591 4318 1827 4372 alterius

192 4406 567 4476 poenitentem
596 4406 717 4459 sine
748 4406 953 4459 litteris
982 4406 1069 4459 sui
1097 4406 1352 4476 episcopi
1390 4406 1680 4475 suscipiat.

129 4498 215 4551 63.
252 4496 322 4549 Ut
376 4496 744 4565 poenitentem
774 4497 1090 4550 secundum
1142 4512 1408 4561 canones,
1456 4495 1565 4550 nisi
1597 4501 1828 4565 peracta

198 4584 535 4653 paenitentia
566 4584 989 4637 communicare
1022 4600 1137 4637 non
1166 4584 1431 4637 debeant.

129 4673 216 4726 64.
250 4671 409 4735 Quod
438 4687 543 4741 pro
573 4671 801 4726 ethnico
836 4677 894 4726 et
936 4671 1242 4741 publicano
1296 4672 1592 4726 habendus
1620 4671 1692 4725 sit
1728 4671 1827 4742 qui

198 4776 303 4830 pro
335 4766 567 4829 peccato
598 4761 898 4814 commisso
930 4763 1209 4830 pcenitere
1242 4761 1510 4814 noluerit.

130 4851 215 4902 65.
244 4848 403 4911 Quod
436 4865 468 4902 a
495 4848 661 4902 licitis
709 4866 767 4902 se
804 4849 1090 4903 abstinere
1143 4848 1347 4902 debeat
1394 4848 1495 4919 qui
1545 4848 1741 4901 illicita
1768 4865 1824 4902 se

199 4936 550 4989 commisisse
582 4936 928 4990 meminerit.

131 5027 215 5077 66.
254 5024 319 5077 Ut
347 5025 539 5076 nullus
567 5028 696 5092 post
734 5023 1088 5094 poenitentia;
1128 5023 1411 5077 actionem
1459 5025 1526 5077 ad
1562 5024 1824 5078 militiam

201 5112 531 5165 saecularem
563 5111 747 5165 redire
771 5112 993 5166 debeat.

134 5206 218 5254 67.
258 5201 337 5254 De
360 5200 472 5253 illis
498 5201 595 5270 qui
625 5200 823 5254 relicto
871 5200 1172 5271 religionis
1203 5199 1497 5271 proposito
1530 5200 1597 5253 ad
1648 5217 1823 5255 seacu-

202 5290 322 5343 lum
356 5289 613 5342 redeunt.

135 5380 219 5432 68.
253 5376 415 5441 Quod
473 5379 664 5432 nullus
720 5377 1021 5448 religiosus
1078 5381 1134 5431 et
1190 5381 1417 5431 sanctus
1449 5382 1638 5431 careat
1695 5394 1824 5446 pec-

202 5470 345 5519 cato.

136 5558 219 5609 69.
266 5554 334 5607 Ut
390 5554 733 5624 poenitentes
760 5571 794 5608 a
832 5554 1104 5609 conviviis
1156 5560 1213 5609 et
1271 5553 1619 5609 ornamentis
1659 5554 1828 5609 absti-

207 5656 343 5694 nere
367 5657 425 5694 se
455 5641 718 5695 debeant.

1999 3080 2217 3150 laqueis
2248 3082 2603 3151 strangulata
2627 3082 2957 3135 comedunt.

1927 3171 2015 3221 86.
2056 3170 2129 3222 De
2164 3169 2386 3238 apibus,
2424 3170 2471 3222 si
2503 3170 2802 3223 hominem
2835 3170 3161 3224 occiderint.

1928 3258 2013 3309 87.
2050 3257 2126 3309 De
2183 3257 2368 3325 porcis
2422 3263 2477 3310 et
2535 3257 2796 3327 gallinis,
2853 3259 2899 3310 si
2982 3260 3323 3328 sanguinem
3386 3260 3637 3314 hominis

1999 3344 2369 3399 comederint.

1931 3434 2017 3487 88.
2052 3434 2130 3486 De
2161 3432 2272 3485 illis
2311 3434 2411 3503 qui
2453 3449 2681 3486 carnem
2715 3433 3075 3487 immundam
3118 3433 3202 3488 vel
3270 3434 3636 3487 morticinam

2001 3520 2329 3573 comedunt.

1932 3612 2018 3663 89.
2053 3609 2130 3662 De
2161 3608 2274 3662 illis
2306 3609 2403 3679 qui
2435 3609 2629 3662 cibum
2660 3610 2958 3663 immunda
2990 3626 3165 3663 manu
3195 3614 3406 3664 tactum
3446 3627 3636 3665 come-

2005 3698 2229 3763 derunt,
2263 3698 2349 3750 vel
2372 3697 2416 3750 si
2435 3697 2589 3751 canis
2612 3703 2709 3751 aut
2738 3699 2973 3769 aliquod
2995 3698 3207 3752 animal
3269 3698 3636 3775 immundum

2004 3785 2193 3840 cibum
2222 3785 2490 3855 tetigerit.

1936 3876 2023 3928 90.
2058 3875 2136 3928 De
2168 3874 2280 3928 illis
2313 3874 2411 3945 qui
2462 3875 2741 3945 sanguine
2772 3876 2857 3928 vel
2922 3876 3112 3947 aliquo
3158 3876 3457 3931 immundo
3517 3878 3639 3947 pol-

2007 3963 2264 4017 luuntur.

1939 4053 2024 4103 91.
2064 4052 2141 4104 De
2173 4051 2287 4103 illis
2317 4051 2415 4121 qui
2448 4052 2787 4121 sanguinem
2821 4056 2917 4106 aut
2948 4068 3145 4106 semen
3179 4053 3446 4107 biberint.

1940 4141 2026 4192 92.
2062 4140 2140 4192 De
2168 4138 2416 4208 piscibus
2451 4140 2689 4192 mortuis
2710 4139 2772 4192 in
2804 4139 3044 4194 ﬂumine
3076 4139 3346 4194 inventis.

1941 4230 2026 4281 93.
2064 4227 2139 4280 De
2170 4226 2407 4289 clericis,
2441 4226 2487 4278 si
2518 4242 2551 4277 a
2579 4226 2863 4279 daemonio
2888 4233 3185 4281 vexantur.

1941 4316 2026 4367 94.
2068 4314 2146 4367 De
2174 4314 2286 4367 illis
2308 4312 2406 4384 qui
2443 4320 2746 4383 parentum
2781 4315 3061 4369 honorem
3091 4333 3208 4370 non
3238 4322 3483 4372 servant.

1938 4404 2025 4455 95.
2058 4402 2219 4465 Quod
2267 4402 2572 4471 pmnitenti
2636 4403 2789 4456 nulla
2837 4405 3068 4475 negotia
3119 4421 3380 4459 exercere
3426 4421 3636 4461 conve-

2005 4489 2147 4544 niat.

1939 4581 2024 4633 96.
2058 4580 2126 4634 Ut
2185 4578 2507 4632 sacerdotes
2564 4579 2707 4634 nulli
2752 4580 3150 4651 pcenitentiam
3210 4581 3517 4653 injungant
3568 4599 3635 4636 ex

2007 4666 2197 4732 corde,
2222 4667 2321 4720 sed
2352 4683 2416 4721 ex
2448 4669 2797 4721 auctoritate.

1937 4760 2023 4811 97.
2050 4757 2120 4810 Ut
2150 4757 2546 4827 unusquisque
2592 4757 2890 4827 presbyter
2920 4762 3048 4811 octo
3095 4757 3436 4829 principalia
3502 4760 3638 4814 vitia

2006 4861 2109 4914 per
2137 4844 2395 4897 ordinem
2420 4844 2574 4898 sciat.

1940 4934 2027 4988 98.
2063 4933 2131 4987 Ut
2163 4932 2481 4985 sacerdotes
2512 4932 2817 5003 diligenter
2868 4934 3195 4989 examinent
3239 4935 3634 4991 conﬁtentium

2009 5028 2253 5089 peccata.
2448 5072 2449 5075 η

1937 5112 2022 5164 99.
2060 5110 2131 5164 Ut
2186 5108 2399 5179 singuli
2457 5108 2774 5179 presbyteri
2805 5110 3054 5179 capitula
3089 5112 3487 5165 aucloritativa
3532 5113 3633 5166 ha-

2006 5198 2179 5252 beant
2207 5198 2277 5251 ad
2309 5197 2756 5251 succurrendum
2804 5199 3233 5268 paenitentibus.

1942 5288 2060 5341 100.
2097 5287 2173 5341 De
2200 5285 2546 5355 presbyteris
2586 5286 2684 5356 qui
2719 5288 2913 5357 culpas
2962 5288 3319 5357 peccantium
3376 5291 3633 5358 reticent,

2007 5376 2093 5429 vel
2133 5375 2324 5428 minus
2377 5374 2548 5445 digne
2593 5374 2935 5445 pmnitentes
2986 5376 3057 5430 ad
3113 5376 3635 5433 reconciliationem

2007 5462 2316 5516 adducunt.

1942 5553 2060 5605 101.
2120 5551 2197 5604 De
2239 5550 2352 5603 illis
2420 5550 2521 5620 qui
2577 5550 2969 5606 truncationes
3037 5553 3431 5608 membrorum
3489 5555 3636 5610 fece-

2011 5637 2147 5693 rint.
