3944 6302
282 309 385 361 947

285 431 406 486 102.
447 431 526 485 De
547 432 747 486 eadem
781 446 862 485 re.

288 524 405 577 103.
439 520 519 574 De
555 520 669 575 illis
708 519 808 591 qui
846 520 1117 574 ducatum
1148 522 1442 588 praestant,
1476 522 1533 573 et
1560 518 1983 589 depraedatores

354 628 530 684 super
559 608 910 666 Christianos
940 606 1177 660 ducunt.

290 703 411 755 104.
447 702 525 755 De
555 699 668 753 illis
700 697 801 768 qui
836 711 939 766 per
965 709 1221 748 amorem
1252 693 1487 748 veneﬁci
1514 693 1681 749 ﬁunt.

290 791 411 843 105.
445 790 525 842 De
564 786 678 841 illis
716 784 816 856 qui
854 781 1155 847 haereticis,
1208 780 1524 834 nescientes
1576 782 1665 835 vel
1725 781 1988 847 scientes,

359 892 419 929 se
445 876 508 930 in
539 873 829 945 aliquibus
858 869 1343 925 commiscuerint.

289 965 411 1018 106.
447 966 524 1019 De
548 964 662 1017 illis
694 962 793 1033 qui
842 958 1151 1012 comedunt
1180 959 1268 1012 vel
1319 957 1527 1011 bibunt
1552 959 1623 1013 ab
1682 958 1994 1013 immundis

356 1052 705 1108 animalibus
735 1055 951 1104 tactum
981 1048 1069 1101 vel
1098 1047 1426 1101 intinctum.

290 1143 409 1195 107.
459 1142 621 1206 Quod
701 1138 969 1194 diabolus
1025 1136 1280 1190 internas
1338 1136 1713 1205 cogitationes
1764 1137 1993 1191 amimm

367 1248 480 1285 non
508 1231 716 1295 videat,
748 1228 846 1281 sed
877 1243 946 1281 ex
978 1230 1141 1280 motu
1162 1225 1416 1296 corporis
1453 1226 1753 1297 intelligat.

292 1328 411 1382 108.
448 1325 525 1378 De
556 1320 755 1375 eadem
782 1333 862 1370 re.

287 1416 409 1471 109.
442 1414 517 1466 De
562 1408 675 1464 illis
701 1405 801 1477 qui
854 1404 997 1458 alios
1026 1402 1087 1457 in
1116 1402 1285 1473 culpa
1351 1418 1454 1456 sua
1508 1402 1812 1457 defendere
1900 1403 1995 1457 ni--

354 1505 570 1557 tuntur.

292 1593 413 1645 110.
440 1590 516 1643 De
544 1585 749 1641 eadem
769 1598 850 1636 re.

293 1682 417 1733 111.
452 1676 521 1730 Ut
553 1670 892 1745 poenitentia
918 1667 1241 1738 conjugatis
1271 1683 1337 1721 ex
1358 1682 1642 1721 consensu
1668 1668 1851 1722 detur.

294 1766 413 1819 112.
442 1763 589 1827 Quot
656 1759 842 1814 modis
921 1755 1129 1810 anima:
1201 1755 1600 1809 defunctorum
1672 1755 1815 1810 solvi
1895 1757 1994 1811 de-

368 1853 561 1906 beant.

296 1942 416 1994 113.
453 1940 529 1993 De
551 1933 872 1990 nutriendis
908 1929 1174 1986 inﬁrmis.

300 2028 419 2083 114.
453 2026 611 2091 Quod
669 2040 789 2078 non
848 2024 1093 2076 noceant
1121 2019 1414 2091 praeterita
1445 2060 1460 2086 ,
1492 2018 1539 2073 si
1570 2035 1685 2073 non
1738 2020 2000 2090 placeant

369 2114 695 2188 praesentia.
1183 2153 1189 2169 ,

301 2208 421 2260 115.
456 2206 535 2259 De
564 2202 678 2256 illis
708 2199 809 2271 qni
832 2198 1086 2270 hospites
1108 2197 1363 2269 recipere
1406 2198 1783 2268 neglexerint.

301 2296 421 2348 116.
455 2293 525 2347 Ut
552 2287 743 2343 clerici
783 2284 1074 2356 superﬂua
1101 2284 1453 2355 pauperibus
1479 2288 1743 2354 erogent.

302 2386 419 2437 117.
449 2382 525 2434 De
554 2378 652 2432 illo
684 2373 1165 2447 quilalicuijratri
1192 2390 1362 2427 suum
1390 2374 1641 2444 imputat
1679 2356 1998 2445 peccatum,

369 2469 484 2523 nisi
510 2465 670 2537 prius
697 2479 953 2518 seorsum
980 2479 1113 2516 eum
1143 2462 1413 2533 arguerit.

307 2560 426 2612 118.
458 2557 535 2610 De
568 2554 681 2609 illis
707 2552 807 2624 qui
834 2552 934 2606 diu
960 2551 1198 2605 reticent
1228 2556 1454 2621 peccata
1508 2568 1627 2604 sua.

303 2647 421 2700 119.
449 2645 527 2698 De
556 2642 668 2696 illis
699 2640 799 2713 qui
831 2640 1084 2711 aliquem
1116 2640 1175 2693 in
1214 2640 1299 2693 ira
1346 2640 1751 2709 percusserint.

308 2735 428 2788 1'20.
464 2732 542 2786 De
574 2730 686 2784 illis
714 2728 815 2801 qui
846 2728 917 2782 ad
957 2727 1279 2782 feriendum
1313 2727 1607 2781 hominem
1631 2727 2000 2795 surrexerint,

370 2820 626 2874 volentes
648 2835 781 2872 eum
814 2816 1088 2879 occidere,
1109 2817 1204 2870 sed
1237 2832 1351 2869 non
1383 2821 1714 2887 potuerunt.

306 2912 425 2963 121.
469 2910 546 2962 De
576 2907 689 2960 illis
729 2905 826 2976 qui
856 2904 1190 2959 reticuerint
1235 2910 1532 2975 peccatum
1576 2904 1788 2972 fratris,
1850 2906 1999 2976 quod

388 3000 471 3050 est
510 2996 579 3049 ad
609 2999 874 3048 mortem.

316 3088 434 3140 122.
464 3084 627 3148 Quod
662 3099 778 3137 non
808 3082 975 3136 liceat
1031 3081 1272 3136 diacono
1333 3081 1500 3135 alicui
1549 3082 1684 3136 dare
1730 3082 2009 3153 paeniten-

378 3174 541 3228 tiam.

313 3265 434 3318 123.
473 3264 541 3318 Ut
565 3260 903 3333 paenitentia
944 3277 1073 3331 qua:
1104 3259 1280 3314 dilata
1309 3263 1410 3326 est,
1444 3276 1575 3313 cum
1613 3260 1795 3330 petita
1841 3260 2013 3315 fuerit

379 3367 496 3405 non
529 3354 790 3421 negetur.

314 3441 433 3495 124.
464 3442 543 3495 De
573 3439 686 3494 illis
728 3437 828 3510 qui
888 3437 1213 3508 despiciunt
1248 3454 1341 3492 eos
1373 3438 1472 3508 qui
1517 3438 1766 3492 ﬁdeliter
1804 3455 2014 3510 agapas

380 3529 615 3584 faciunt.

312 3620 433 3673 125.
472 3618 551 3671 De
580 3616 692 3670 illis
715 3615 815 3686 qui
842 3615 1037 3669 dicunt
1063 3631 1122 3668 se
1151 3631 1270 3668 non
1299 3614 1509 3668 habere
1530 3620 1780 3685 peccata.

316 3708 439 3760 126.
472 3706 551 3759 De
581 3704 695 3758 illis
739 3703 839 3773 qui
866 3703 1063 3757 dicunt
1120 3708 1343 3756 sanctos
1400 3702 1458 3756 in
1515 3703 1771 3758 oratione
1828 3703 2017 3758 domi-

384 3793 532 3855 nica,
556 3792 777 3846 dimitte
809 3791 972 3845 nobis
1002 3791 1193 3845 debita
1240 3796 1454 3858 nostra,
1488 3808 1604 3845 non
1656 3809 1761 3863 pro
1809 3809 1867 3847 se
1918 3794 2016 3847 sed

383 3897 488 3951 pro
518 3880 645 3933 aliis
683 3879 891 3934 dicere.

321 3972 440 4025 127.
479 3969 555 4022 De
594 3967 705 4022 illis
728 3967 829 4038 qui
850 3967 1130 4038 episcopis
1160 3966 1276 4020 suis
1318 3968 1461 4021 clam
1516 3984 1616 4021 sua
1675 3968 2020 4022 conﬁtentur

387 4061 634 4128 peccata,
663 4061 718 4110 et
749 4060 941 4126 postea
970 4072 1179 4127 negare
1206 4056 1511 4110 voluerint.

320 4148 439 4200 128.
476 4146 553 4199 De
590 4145 706 4199 illis
760 4144 1171 4215 paenitentibus
1201 4144 1299 4215 qui
1352 4150 1565 4200 attente
1614 4146 1767 4216 leges
1831 4145 2017 4217 paeni-

378 4234 571 4288 tentiae
600 4238 1003 4304 exsequentur.

321 4325 437 4377 129.
470 4324 548 4376 De
573 4322 683 4376 illis
714 4322 814 4393 qui
843 4338 900 4375 se
934 4322 1197 4393 afﬂigunt
1224 4323 1291 4377 de
1314 4322 1473 4377 obitu
1501 4323 1827 4377 charorum.

326 4414 440 4466 130.
477 4412 553 4465 De
585 4411 698 4464 illis
721 4410 822 4481 qui
852 4411 956 4465 sibi
977 4411 1114 4482 ipsis
1129 4410 1450 4465 voluntarie
1472 4418 1711 4464 mortem
1743 4410 2012 4466 inferunt.

324 4502 443 4553 131.
490 4501 567 4553 De
594 4500 795 4554 eadem
828 4516 908 4553 re.

326 4591 445 4642 132.
478 4589 556 4641 De
578 4588 692 4641 illis
723 4588 822 4658 qui
848 4604 977 4642 cum
1007 4587 1339 4643 inﬁdelibus
1382 4585 1575 4640 cibum
1621 4602 1846 4641 sumere
1868 4602 2017 4657 prae-

393 4682 648 4730 sumunt.

327 4768 445 4820 133.
480 4766 560 4819 De
618 4764 729 4820 illis
781 4766 880 4838 qui
947 4769 1286 4838 apostatant,
1321 4769 1375 4819 et
1405 4764 1476 4818 ad
1532 4763 1914 4819 idololatriam
1963 4782 2023 4819 se

395 4858 756 4909 convertunt.

1372 305 1773 361 BUBCHARDI
1814 306 2344 363 WOBMACIENSIS
2385 304 2718 361 EPISCOPI.

2011 435 2059 486 Α
2100 432 2218 487 134.
2253 432 2330 485 De
2370 430 2571 485 eadem
2604 445 2687 484 re.

3706 307 3809 359 948

2102 522 2218 574 135.
2256 520 2333 573 De
2392 518 2505 572 illis
2563 517 2665 589 qui
2750 516 3077 572 Christiana
3135 516 3421 586 mancipia
3492 515 3815 586 captivave-

2170 608 2308 662 rint.

2104 700 2222 753 136.
2259 698 2335 751 De
2365 695 2476 750 illis
2508 694 2605 767 qui
2646 710 2839 748 aream
2873 693 3123 764 proximi
3167 693 3255 747 sui
3284 692 3670 747 incenderint.

2105 788 2222 840 137.
2260 787 2336 839 De
2394 784 2508 838 illis
2558 784 2657 854 qui
2718 782 3017 836 libidinose
3084 782 3511 837 attrectaverint
3559 781 3818 852 puellam

2171 878 2270 928 aut
2298 873 2619 927 mulierem.

2105 964 2224 1017 138.
2261 963 2334 1015 De
2363 960 2477 1014 illis
2516 959 2615 1031 qui
2660 959 2718 1013 in
2763 959 2971 1013 balneo
3011 974 3142 1012 cum
3174 957 3513 1012 mulieribus
3545 972 3605 1011 se
3661 957 3815 1011 lave-

2171 1049 2309 1103 rint.

2107 1140 2226 1193 139.
2263 1139 2338 1191 De
2369 1135 2857 1191 administratione
2873 1134 3213 1189 xenodochii
3246 1138 3301 1187 et
3337 1132 3593 1187 decimae.

2107 1226 2225 1281 140.
2255 1227 2323 1281 Ut
2346 1224 2577 1279 feminae
2607 1228 2976 1278 menstruatae
3007 1239 3127 1277 non
3157 1222 3415 1277 offerant.

2109 1316 2228 1372 141.
2260 1316 2335 1369 De
2362 1314 2475 1368 illis
2502 1313 2729 1367 feminis
2765 1328 2895 1384 qum
2947 1316 3079 1366 ante
3128 1312 3403 1366 mundum
3468 1310 3814 1381 sanguinem

2175 1405 2473 1459 ecclesiam
2503 1403 2737 1468 intrant,
2772 1407 2829 1456 et
2856 1418 2986 1473 quae
3017 1402 3320 1472 nupserint
3349 1401 3436 1455 his
3471 1401 3694 1455 diebus.

2109 1496 2227 1550 142.
2261 1494 2425 1558 Quod
2475 1491 2744 1547 monachi
2800 1490 3168 1546 saecularibus
3224 1490 3623 1561 paenitentiam
3677 1488 3815 1542 dare

2177 1600 2291 1637 non
2330 1564 2593 1636 debeant;

2112 1673 2229 1727 143.
2258 1672 2330 1727 Ut
2357 1670 2702 1741 paenitentes
2748 1672 2879 1723 ante
2930 1671 3221 1738 peractam
3268 1665 3671 1737 paenitentiam
3702 1680 3819 1718 non

2181 1760 2638 1814 reconcilientur.
3634 1770 3637 1771 ν

2112 1848 2227 1902 144.
2262 1848 2339 1901 De
2395 1846 2505 1900 illis
2563 1844 2663 1916 qui
2716 1844 2786 1897 ad
2841 1843 3258 1898 confessionem
3286 1842 3543 1907 veniunt,
3586 1857 3821 1895 necesse

2179 1940 2262 1989 est
2315 1939 2377 1988 ut
2419 1934 2675 2005 primum
2703 1933 2772 1988 de
2802 1933 2977 1987 livore
3005 1932 3236 1987 invidiae
3267 1937 3324 1986 et
3352 1931 3592 1985 avaritia
3629 1930 3817 1985 inter-

2177 2028 2476 2095 rogentur.

2113 2114 2231 2168 145.
2268 2115 2346 2167 De
2399 2112 2512 2165 illis
2576 2111 2677 2183 qui
2726 2110 2835 2164 soli
2884 2113 3001 2166 Deo
3058 2113 3438 2183 peccata-sua
3490 2107 3822 2163 conﬁtenda

2180 2217 2304 2255 esse
2334 2201 2647 2255 afﬁrmant.

2114 2291 2232 2345 146.
2266 2291 2340 2344 De
2371 2290 2484 2343 illis
2538 2289 2637 2360 qui
2662 2288 2949 2360 accipiunt
2998 2287 3416 2359 paenitentiam,
3449 2291 3508 2341 et
3540 2286 3673 2356 plus
3714 2288 3820 2341 de-

2182 2378 2433 2433 siderant
2483 2377 2763 2448 temporis
2814 2377 3111 2432 constituti
3165 2376 3569 2447 expletionem,
3643 2392 3820 2445 quam

2184 2466 2400 2538 peccati
2430 2466 2852 2521 remissionem.

2118 2556 2236 2611 147.
2295 2557 2455 2621 Quod
2508 2555 2819 2609 secundum
2886 2570 3170 2608 canonum
3230 2558 3287 2609 et
3333 2552 3818 2624 pmnitentialium

2183 2650 2415 2710 statuta,
2447 2644 2806 2715 poenitentiae
2835 2643 3039 2697 dandas
3061 2642 3193 2698 sint.

2116 2734 2237 2789 148.
2270 2734 2339 2788 Ut
2362 2734 2553 2786 nullus
2584 2732 2827 2803 injustas
2876 2748 3193 2797 mensuras,
3227 2735 3283 2783 et
3328 2730 3583 2800 pondera
3664 2730 3819 2798 inju-

2185 2827 2292 2890 sta,
2320 2826 2375 2875 et
2404 2839 2434 2875 a
2483 2821 2702 2875 civibus
2731 2837 2845 2874 non
2876 2820 3215 2887 collaudata,
3248 2819 3390 2873 lucri
3447 2834 3620 2873 causa
3685 2818 3822 2872 dare

2191 2914 2520 2980 praesumat.

2041 2982 2080 3035 Ο
2123 3000 2239 3054 149.
2276 3001 2352 3053 De
2373 3004 2556 3052 matre
2601 3014 2729 3069 quae
2763 2997 3045 3051 infantem
3077 3012 3245 3051 suum
3267 2997 3426 3067 juxta
3474 2996 3674 3066 ignem
3724 3012 3824 3066 po-

2189 3092 2401 3151 suerat,
2435 3092 2493 3141 et
2518 3104 2620 3140 sua
2650 3086 3004 3157 negligentia
3032 3091 3293 3139 mortuus
3321 3089 3424 3139 est.

2124 3178 2241 3231 150.
2279 3178 2353 3230 De
2381 3175 2679 3243 ordinatis,
2711 3176 2758 3229 si
2800 3180 2931 3228 ante
2970 3175 3053 3228 vel
3086 3178 3214 3244 post
3268 3172 3691 3227 ordinationem
3763 3174 3824 3227 in

2190 3264 2582 3319 criminalibus
2613 3263 2854 3335 peccatis
2894 3261 3237 3333 deprehensi
3262 3261 3496 3316 fuerint.

2125 3356 2242 3409 151.
2279 3356 2357 3408 De
2413 3352 2549 3405 viris
2605 3352 2879 3407 ordinatis
2957 3367 3205 3423 quorum
3283 3352 3505 3405 occulta
3591 3356 3825 3420 peccata

2194 3447 2344 3497 sunt.

2130 3534 2245 3586 152.
2270 3532 2348 3586 De
2369 3529 2484 3584 illis
2530 3528 2763 3584 feminis
2801 3546 2930 3600 quae
2990 3532 3410 3583 menstruosum
3471 3544 3638 3583 suum
3686 3544 3820 3581 san-

2194 3620 2447 3691 guinem,
2505 3622 2561 3672 et
2615 3634 2811 3672 semen
2886 3617 2972 3672 sui
3024 3617 3148 3685 viri,
3190 3623 3247 3671 et
3314 3621 3517 3671 testam
3567 3616 3823 3670 hominis

2195 3706 2637 3774 combusserint,
2672 3712 2731 3762 et
2778 3707 2899 3761 haec
2944 3706 3138 3760 omnia
3194 3706 3312 3759 viro
3360 3722 3463 3759 suo
3498 3705 3569 3759 ad
3625 3710 3829 3775 potan-

2196 3798 2330 3852 dum
2364 3796 2642 3851 dederint.

2131 3888 2248 3941 153.
2283 3887 2352 3940 Ut
2405 3885 2601 3939 nullus
2639 3884 2782 3939 alius
2844 3887 3157 3954 praasumat
3236 3882 3634 3953 paenitentiam
3690 3883 3828 3936 dare

2193 3974 2279 4028 vel
2333 3972 2750 4027 confessionem
2807 3971 3027 4037 audire,
3076 3970 3184 4025 nisi
3211 3971 3510 4042 episcopus
3552 3974 3653 4025 aut
3695 3988 3818 4042 pre-

2197 4064 2406 4135 sbyter.

2131 4154 2248 4208 154.
2289 4153 2367 4205 De
2399 4151 2597 4205 eadem
2644 4167 2726 4205 re.

2044 4266 2088 4319 D
2132 4238 2247 4291 155.
2288 4237 2363 4291 De
2408 4236 2768 4306 temporibus
2822 4235 3029 4306 quibus
3086 4251 3145 4289 se
3200 4234 3500 4289 continere
3581 4235 3825 4290 debeant

2197 4324 2488 4396 conjngati
2515 4325 2587 4379 ab
2609 4324 2903 4379 uxoribus.

2130 4416 2249 4467 156.
2283 4414 2362 4467 De
2382 4413 2596 4467 femina
2625 4428 2751 4483 quae
2784 4416 2985 4484 sponte
3005 4412 3192 4467 ﬁlium
3221 4428 3389 4465 suum
3430 4411 3718 4466 occiderit.

2129 4506 2247 4556 157.
2292 4503 2369 4556 De
2413 4501 2525 4555 illis
2555 4500 2653 4572 qui
2675 4501 2734 4554 in
2773 4501 3068 4555 Dominico
3093 4500 3184 4555 die
3218 4499 3539 4570 nupserint.

2131 4593 2249 4644 158.
2287 4592 2362 4645 De
2394 4590 2508 4645 illis
2540 4591 2641 4661 qui
2667 4591 2922 4644 confessa
2944 4590 3169 4644 iterant.

2134 4682 2251 4733 159.
2289 4680 2367 4733 De
2397 4679 2738 4749 poenitentia
2759 4679 3037 4745 ﬁdelium,
3066 4682 3129 4731 ut
3151 4676 3430 4732 confessio
3457 4676 3693 4730 illorum
3714 4694 3827 4731 non

2200 4767 2428 4838 publice
2451 4768 2573 4837 ﬁat,
2604 4768 2703 4821 sed
2726 4768 3012 4838 privatim.

2584 4856 2796 4912 Indicis
2825 4856 3186 4925 capitulorum
3223 4853 3371 4925 ﬁnis.
