3944 6310
126 355 223 407 949
951 354 1432 415 DECRETORUM
1475 357 1657 414 LIBRI
1698 361 1801 415 XX.
1848 391 1915 400 —
1956 362 2164 417 LIBER
2204 361 2517 419 DECIMUS
2555 365 2795 420 NONUS.

3525 374 3627 426 950

1451 664 2292 770 BURCHARDI

1237 867 1770 924 WORMACIENSIS
1811 870 2155 925 ECCLESLE
2196 871 2502 927 EPISCOPI

296 1070 1372 1213 DECRETORUM
1508 1073 1974 1213 LIBER
2100 1075 2789 1218 DECIMUS
2908 1077 3441 1222 NONUS

1513 1322 1612 1386 DE
1661 1320 2215 1387 ΡίΕΝΙΤΕΝΤΙΑ.

596 1697 1085 1754 ARGUMENTUM
1125 1699 1331 1755 LIBRI.

180 1785 350 1840 Liber
406 1785 498 1840 hic
562 1785 861 1841 Corrector
920 1792 1155 1841 vocatur
1226 1793 1282 1842 et
1346 1790 1610 1857 Medicus,
1672 1791 1807 1862 quia

111 1874 496 1929 correctiones
525 1890 831 1944 corporum
866 1880 923 1930 et
957 1876 1276 1931 animarum
1304 1879 1618 1933 medicinas
1639 1881 1806 1950 plene

112 1957 387 2023 continet,
422 1962 478 2011 et
508 1958 670 2012 docet
716 1975 1189 2030 unumquemque
1216 1962 1589 2030 sacerdotem,
1631 1963 1805 2016 etiam

111 2045 452 2114 simplicem,
514 2047 803 2112 quomodo
864 2047 1172 2118 unicuique
1203 2065 1531 2105 succurrere
1599 2051 1802 2116 valeat,

113 2133 376 2209 ordinato
416 2135 503 2188 vel
535 2133 655 2189 sine
686 2135 909 2202 ordine,
942 2137 1204 2206 pauperi,
1235 2138 1417 2205 diviti,
1460 2154 1661 2209 puero,
1700 2139 1805 2209 ju-

109 2208 262 2289 veni,
295 2222 440 2289 seni,
481 2222 793 2291 decrepito,
842 2240 1001 2293 sano,
1058 2225 1307 2293 inﬁrmo,
1350 2227 1408 2280 in
1451 2228 1609 2281 omni
1638 2232 1804 2282 aetate

111 2315 166 2363 et
193 2310 255 2363 in
287 2316 535 2381 utroque
568 2328 724 2366 sexu.

110 2416 237 2471 CAP.
278 2434 508 2472 Paruum.
536 2448 603 2458 —
638 2419 753 2483 Quo
797 2423 1030 2488 tempore
1069 2421 1381 2489 presbyteri
1422 2422 1679 2490 plebium.
1710 2438 1802 2476 ca-

178 2492 375 2543 nonica
406 2492 748 2554 auctoritate,
781 2490 1153 2544 discordantes
1180 2492 1254 2544 ad
1289 2507 1496 2559 pacem,
1527 2495 1578 2545 et
1632 2493 1803 2547 delin-

181 2564 402 2628 quentes
422 2560 499 2613 ad
520 2562 900 2629 paenitentiam
924 2563 1234 2631 compellere
1263 2563 1510 2618 debeant.

180 2664 298 2735 (Ea:
341 2668 710 2721 Paenitentiali
734 2667 1015 2737 Romano.)
1051 2668 1414 2722 Hebdomada
1460 2668 1640 2739 priori
1671 2676 1803 2723 ante

110 2753 340 2807 initium
389 2754 871 2824 Quadragesimae,
932 2757 1251 2827 presbyteri
1298 2757 1553 2827 plebium
1590 2774 1799 2811 convo-

108 2847 236 2895 cent
264 2843 335 2895 ad
369 2859 427 2895 se
453 2844 755 2913 populum,
786 2848 841 2898 et
867 2845 1257 2899 discordantes
1287 2847 1557 2900 canonica
1608 2851 1800 2900 aucto-

110 2931 277 2985 ritate
326 2932 715 3000 reconcilient,
746 2938 803 2986 et
851 2934 1046 2987 omnia
1088 2934 1280 3004 jurgia
1322 2936 1538 3002 sedent,
1587 2940 1641 2990 et
1666 2940 1801 2989 tunc

108 3022 363 3090 primum
394 3021 797 3076 conﬁtentibus
814 3023 1208 3092 paenitentiam
1231 3024 1396 3090 dent;
1422 3025 1500 3078 ita
1521 3029 1602 3092 ut,
1633 3030 1799 3079 ante-

110 3126 282 3180 quam
315 3116 485 3180 caput
509 3111 715 3181 jejunii
743 3112 953 3179 veniat,
998 3129 1197 3166 omnes
1226 3114 1466 3167 confessi
1512 3114 1797 3185 pmniten-

109 3198 247 3251 tiam
293 3203 582 3267 acceptam
613 3199 878 3265 habeant,
921 3205 981 3254 ut
1009 3201 1241 3255 liberius
1296 3202 1484 3256 dicere
1533 3203 1796 3272 possint:

111 3286 343 3341 Dimitte
375 3287 539 3341 nobis
569 3288 759 3343 debita
788 3294 1005 3355 nostra,
1056 3290 1201 3344 sicut
1238 3295 1295 3344 et
1319 3307 1422 3344 nos
1455 3290 1799 3345 dimittimus

109 3374 466 3429 debitoribus
492 3376 718 3429 nostris.

110 3482 236 3535 CAP.
304 3482 373 3535 II.
432 3513 501 3523 —
562 3484 833 3547 Quomodo
903 3486 1201 3539 sacerdotes
1250 3486 1453 3554 plebem
1508 3486 1615 3539 sibi
1659 3501 1798 3539 com-

176 3556 401 3607 missam
435 3558 665 3624 tempore
709 3556 1065 3623 pamitudinis
1107 3556 1392 3610 admonere
1436 3561 1487 3609 et
1534 3559 1801 3610 instruere

180 3624 426 3678 debeant.

178 3732 298 3802 (Ea:
342 3732 501 3786 dictis
543 3732 827 3802 Augusti.)
879 3733 1198 3803 Presbyteri
1244 3733 1555 3787 admonere
1593 3734 1802 3788 debent.

108 3821 337 3890 plebem
367 3820 473 3874 sibi
501 3820 832 3890 subjectam,
889 3825 952 3874 ut
1004 3822 1191 3875 omnis
1234 3822 1334 3892 qui
1365 3838 1424 3877 se
1453 3822 1625 3877 sentit
1656 3838 1802 3876 mor-

110 3908 275 3962 tifero
306 3908 522 3979 peccati
558 3910 791 3964 vulnere
840 3909 1179 3978 sauciatum,
1229 3911 1373 3965 feria
1426 3915 1628 3982 quarta
1665 3916 1800 3965 ante

110 3996 622 4068 Quadragesimam
652 4013 780 4051 cum
813 3998 973 4051 omni
1029 3998 1393 4053 festinatione
1440 4004 1698 4053 recurrat
1729 4000 1799 4054 ad

109 4086 531 4140 viviﬁcatricem
602 4093 842 4141 matrem
892 4087 1220 4155 Ecclesiam,
1273 4088 1392 4155 ubi,
1452 4088 1607 4158 quod
1652 4089 1801 4142 male

109 4175 416 4243 commisit,
466 4192 594 4229 cum
647 4175 806 4228 omni
855 4176 1177 4230 humilitate
1224 4181 1279 4229 et
1309 4176 1645 4230 contritione
1677 4193 1800 4230 cor-

110 4264 197 4318 dis
251 4264 585 4334 simpliciter
632 4265 940 4333 confessus,
991 4265 1261 4335 suscipiat
1322 4266 1576 4320 remedia
1618 4266 1799 4337 paeni-
1832 4258 1872 4312 C

108 4353 301 4406 tentim
356 4354 668 4407 secundum
728 4354 963 4408 modum
1017 4353 1304 4407 canonicis
1365 4354 1801 4408 auctoritatibus

110 4442 432 4514 praeﬁxum.
465 4444 589 4497 Non
621 4444 807 4497 solum
843 4448 1033 4497 autem
1064 4443 1161 4497 ille
1183 4443 1282 4514 qui
1315 4444 1552 4497 mortale
1584 4443 1799 4514 aliquid

110 4531 418 4597 commisit,
451 4533 545 4585 sed
594 4532 763 4586 etiam
806 4534 993 4586 omnis
1029 4534 1203 4587 homo
1240 4533 1571 4603 quicunque
1620 4549 1679 4586 se
1709 4548 1799 4586 re-

109 4620 403 4692 cognoscit
450 4620 874 4675 immaculatam
934 4621 1143 4676 Christi
1199 4621 1472 4689 tunicam,
1521 4637 1696 4690 quam
1741 4621 1802 4674 in

111 4709 399 4780 baptismo
440 4709 679 4780 accepit,
725 4711 939 4780 peccati
986 4710 1208 4763 macula
1246 4709 1542 4778 polluisse,
1575 4710 1646 4763 ad
1676 4726 1803 4780 pro-

112 4800 300 4869 prium
342 4799 691 4853 sacerdotem
748 4799 981 4853 festinet
1026 4798 1240 4865 venire,
1282 4802 1337 4851 et
1373 4815 1503 4852 cum
1555 4798 1803 4869 puritate

109 4886 316 4940 mentis
346 4902 544 4939 omnes
596 4887 1096 4956 transgressiones,
1130 4885 1323 4939 omnia
1360 4891 1612 4955 peccata,
1669 4886 1804 4956 qui-

111 4976 215 5029 bus
250 4974 349 5028 Dei
388 4974 661 5028 oﬁ‘ensam
711 4992 768 5029 se
816 4976 1122 5029 incurrisse
1172 4974 1456 5040 meminit,
1506 4974 1806 5039 humiliter

110 5064 448 5117 conﬁteatur
480 5080 492 5116 :
527 5068 585 5117 et
615 5064 893 5135 quidquid
926 5064 980 5118 ei
1010 5080 1043 5117 a
1099 5063 1389 5117 sacerdote
1416 5063 1591 5116 fuerit
1612 5062 1804 5133 injun-

108 5158 278 5216 ctum,
312 5168 376 5206 ac
405 5151 453 5205 si
480 5153 550 5206 ab
581 5154 703 5215 ipso
757 5152 1168 5223 omnipotentis
1214 5151 1315 5206 Dei
1357 5167 1455 5205 ore
1494 5157 1641 5205 esset
1676 5168 1806 5222 pro-

111 5242 313 5308 latum,
381 5240 460 5295 ita
512 5241 817 5312 diligenter
884 5242 1164 5309 intendat,
1225 5246 1282 5295 et
1326 5241 1653 5295 cautissime
1699 5241 1802 5294 ob-

112 5338 313 5385 servet.

182 5419 448 5490 Episcopi
486 5420 574 5473 vel
607 5420 943 5491 presbyteri,
966 5421 1199 5491 quando
1231 5419 1491 5475 ﬁdelium
1524 5419 1808 5491 recipiunt

1836 1706 1883 1757 A
1920 1700 2087 1766 lictis,
2137 1703 2236 1757 sed
2284 1703 2457 1758 etiam
2506 1721 2612 1774 pro
2675 1706 2867 1760 fratris
2914 1721 3068 1762 casu.
3117 1707 3212 1761 Ait
3268 1707 3419 1761 enim
3461 1710 3616 1779 Apo-

1918 1792 2095 1845 stolus
2124 1809 2137 1846 :
2165 1812 2193 1843 ι(
2224 1792 2360 1856 Quis
2382 1793 2731 1859 inﬁrmatur,
2765 1800 2819 1848 et
2840 1811 2945 1865 ego
2966 1811 3083 1849 non
3107 1795 3450 1851 inﬁrmor?»
3470 1798 3609 1852 Cum

1918 1895 2055 1950 ergo
2090 1882 2307 1935 venerit
2335 1882 2542 1952 aliquis
2590 1883 2657 1936 ad
2703 1884 3056 1937 sacerdotem
3084 1885 3344 1939 conﬁteri
3377 1892 3611 1957 peccata

1915 1985 2039 2035 sua,
2074 1971 2307 2025 mandet
2338 1971 2389 2023 ei
2424 1971 2684 2025 sacerdos
2716 1977 2778 2025 ut
2832 1977 3116 2043 exspectet
3161 1973 3446 2027 modicum
3501 1976 3601 2028 do-

1914 2074 2017 2113 nec
2064 2058 2241 2113 intret
2292 2060 2617 2129 Ecclesiam,
2690 2065 2788 2113 aut
2844 2060 2905 2114 in
2958 2061 3282 2116 cubiculum
3320 2079 3485 2116 suum
3533 2064 3607 2117 ad

1924 2147 2264 2202 orationem.
2299 2147 2357 2201 Si
2387 2152 2578 2201 autem
2612 2148 2768 2201 locus
2808 2164 2925 2202 non
2969 2153 3052 2203 est
3079 2155 3245 2220 aptus
3274 2151 3341 2204 ad
3374 2151 3503 2213 hoc,
3540 2151 3599 2205 in

1916 2236 2082 2290 corde
2112 2252 2213 2290 suo
2245 2236 2395 2290 dicat
2418 2236 2565 2290 hanc
2590 2237 2931 2291 orationem.

1916 2343 2044 2397 CAP.
2070 2343 2167 2398 III.
2200 2373 2267 2381 —-
2300 2343 2486 2397 Oratio
2523 2343 2818 2397 sacerdotis
2866 2344 3099 2398 dicenda
3137 2344 3212 2398 ad
3234 2347 3609 2414 paenitentiam

2586 2414 2940 2468 venientibus.

1986 2520 2243 2587 Domine,
2279 2521 2427 2573 Deus
2455 2521 2839 2590 omnipotens,
2873 2522 3155 2591 propitius
3176 2525 3294 2575 esto
3313 2522 3457 2576 mihi
3475 2538 3608 2593 pec-

1913 2609 2111 2675 catori,
2164 2615 2227 2662 ut
2278 2609 2557 2680 condigne
2598 2609 2700 2663 tibi
2745 2609 2957 2679 possim
3011 2611 3222 2678 gratias
3272 2626 3461 2681 agere,
3507 2612 3607 2681 qui

1912 2714 2003 2751 me
2063 2698 2364 2768 indignum
2422 2704 2655 2768 propter
2703 2702 2858 2752 tuam
2928 2699 3376 2752 misericordiam
3436 2699 3605 2753 mini-

1910 2791 2091 2840 strum
2116 2787 2299 2840 fecisti
2326 2786 2497 2840 officii
2546 2787 2929 2847 sacerdotalis,
2962 2792 3021 2841 et
3058 2804 3150 2841 me
3192 2786 3463 2857 exiguum
3497 2788 3604 2842 hu-

1911 2877 2224 2947 milemque
2270 2875 2641 2929 mediatorem
2686 2875 3029 2929 constituisti
3078 2876 3144 2929 ad
3194 2876 3497 2940 orandum,
3553 2880 3607 2929 et

1831 2978 1871 3032 B
1912 2966 1980 3019 ad
2046 2964 2516 3018 intercedendum
2572 2964 2639 3017 ad
2708 2963 3014 3017 Dominum
3089 2967 3347 3017 nostrum
3413 2964 3605 3017 Jesum

1911 3054 2197 3110 Christum
2247 3052 2453 3106 Filium
2489 3058 2655 3106 tuum
2685 3068 2790 3122 pro
2831 3052 3095 3122 peccatis,
3134 3057 3190 3105 et
3218 3052 3288 3106 ad
3321 3053 3605 3124 pmniten-

1910 3143 2049 3196 tiam
2082 3140 2516 3195 revertentibus.
2553 3141 2823 3211 Ideoque,
2852 3141 3177 3194 dominator
3212 3141 3473 3205 Domine,
3508 3140 3607 3212 qui

1910 3247 2110 3285 omnes
2158 3230 2425 3284 homines
2456 3230 2539 3281 vis
2592 3230 2777 3283 salvos
2833 3229 2979 3293 ﬁeri,
3035 3235 3092 3283 et
3139 3230 3206 3283 ad
3251 3229 3605 3299 agnitionem

1908 3319 2164 3372 veritatis
2208 3317 2421 3383 venire,
2475 3317 2575 3387 qui
2625 3333 2738 3369 non
2788 3316 2871 3369 vis
2920 3320 3163 3369 mortem
3213 3320 3601 3384 peccatorum,

1910 3407 2007 3461 sed
2060 3410 2123 3459 ut
2179 3409 2585 3458 convertantur
2642 3408 2696 3457 et
2752 3403 2961 3471 vivant,
3013 3403 3236 3473 suscipe
3282 3403 3605 3457 orationem

1908 3510 2116 3560 meam,
2142 3510 2316 3564 quam
2346 3492 2522 3547 fundo
2556 3496 2685 3545 ante
2710 3496 3077 3561 conspectum
3109 3490 3426 3545 clementia:
3457 3496 3593 3557 tuae,

1908 3600 2013 3653 pro
2057 3581 2285 3636 famulis
2328 3587 2383 3635 et
2421 3580 2749 3635 famulahus
2796 3580 2908 3633 tuis
2947 3580 3047 3650 qui
3096 3580 3165 3633 ad
3200 3579 3603 3649 paenitentiam

1908 3675 2208 3735 venerunt,
2244 3674 2307 3723 ut
2337 3668 2406 3722 de
2438 3668 2551 3723 illis
2582 3668 2849 3738 spiritum
2900 3667 3379 3738 compunctionis,
3420 3673 3485 3721 ut
3512 3684 3602 3722 re-

1908 3759 2178 3830 sipiscant
2217 3775 2249 3811 a
2297 3757 2511 3812 diaboli
2552 3756 2790 3827 laqueis,
2824 3773 2857 3809 a
2896 3757 3103 3827 quibus
3142 3755 3352 3810 astricti
3405 3760 3603 3810 tenen-

1908 3854 2022 3914 tur,
2053 3852 2110 3901 et
2130 3846 2201 3901 ad
2230 3851 2286 3900 te
2316 3862 2418 3917 per
2445 3846 2791 3917 condignam
2844 3845 3285 3900 satisfactionem
3320 3849 3605 3899 revertan-

1910 3943 2023 3991 tur.
2070 3938 2177 3990 Per
2219 3936 2484 3989 eumdem
2544 3936 2851 3989 Dominum
2903 3938 3163 3988 nostrum
3207 3935 3401 3987 Jesum
3442 3933 3603 3988 Chri—

1911 4030 2060 4077 stum
2084 4024 2268 4077 ﬁlium
2298 4028 2483 4089 tuum,
2518 4028 2624 4076 etc.

1914 4129 2038 4182 CAP.
2072 4128 2158 4180 IV.
2201 4156 2269 4166 -—
2314 4128 2394 4180 De
2429 4128 2777 4192 confessione,
2825 4131 2875 4179 et
2925 4128 3264 4194 pcenitentia,
3317 4130 3367 4178 et
3414 4140 3600 4178 recon-

1983 4198 2275 4264 ciliatione,
2326 4203 2374 4251 et
2424 4199 2846 4265 interrogatione
2885 4198 3103 4251 illorum
3132 4198 3231 4265 qui
3252 4199 3477 4264 peccata
3504 4210 3605 4248 sua

1981 4271 2221 4337 conﬁteri
2272 4267 2606 4333 desiderant,
2670 4272 2720 4321 et
2776 4266 2905 4321 ordo
2957 4268 3032 4320 ad
3092 4268 3465 4335 paenitentiam
3529 4268 3603 4319 cis

1982 4339 2240 4392 dandam.

1982 4446 2139 4499 Tunc
2180 4444 2441 4498 sacerdos
2490 4444 2699 4498 blande
2748 4443 3069 4514 leniterque
3119 4443 3434 4513 interroget
3471 4457 3603 4495 eum

1910 4534 2161 4604 primum
2195 4532 2263 4586 de
2296 4532 2405 4585 ﬁde
2435 4531 2683 4601 qualiter
2710 4530 2924 4596 credat,
2954 4535 3009 4583 et
3037 4530 3189 4584 dicat
3220 4547 3234 4583 :

1986 4626 2089 4686 (E41:
2128 4622 2495 4677 Pcenitentiali
2543 4620 2841 4688 Romano.)
2903 4618 3095 4673 Credis
3153 4618 3214 4671 in
3268 4619 3445 4672 Deum
3495 4620 3603 4672 Pa-

1912 4717 2079 4779 trem,
2142 4715 2194 4764 et
2250 4710 2481 4775 Filium,
2553 4713 2610 4762 et
2663 4707 2937 4778 Spiritum
2995 4707 3291 4762 sanctum?
3356 4708 3602 4776 Respon.

1914 4800 2114 4855 Credo.
2162 4799 2351 4854 Credis
2398 4797 2547 4868 quod
2615 4796 2734 4849 istae
2777 4801 2891 4850 tres
2956 4812 3216 4866 persona:
3263 4812 3413 4849 unus
3459 4796 3607 4848 Deus

1912 4889 2021 4943 sit?
2048 4890 2293 4959 Respon.
2346 4886 2539 4941 Credo.
2577 4885 2768 4940 Credis
2819 4884 2974 4954 quod
3025 4884 3085 4937 in
3134 4884 3259 4955 ipsa
3299 4886 3408 4937 ista
3437 4898 3606 4937 carne

1911 4978 1972 5031 in
1998 4994 2113 5048 qua
2140 4993 2294 5030 nunc
2320 4993 2399 5039 es,
2432 4989 2729 5044 resurgere
2760 4973 2934 5026 habes
2968 4973 3024 5026 in
3058 4973 3149 5027 die
3176 4972 3398 5042 judicii,
3432 4977 3488 5025 et
3525 4988 3607 5025 re-

1912 5067 2099 5136 cipere
2130 5066 2245 5119 sive
2299 5065 2513 5119 bonum
2546 5063 2657 5116 sive
2690 5062 2905 5115 malum
2956 5062 3107 5132 quod
3160 5060 3423 5131 gessisti?
3467 5061 3605 5114 Res-

1913 5172 2045 5227 pon.
2103 5155 2303 5210 Credo.
2366 5154 2459 5207 Vis
2512 5152 2795 5206 dimittere
2850 5150 2963 5203 illis
3019 5155 3250 5219 peccata
3303 5149 3402 5219 qui
3444 5150 3505 5202 in
3551 5153 3606 5202 te

1914 5248 2311 5315 peccaverunt,
2359 5242 2597 5296 Domino
2646 5240 2914 5294 dicente:
2955 5257 2983 5289 ‹‹
3029 5238 3087 5293 Si
3134 5254 3246 5292 non
3274 5236 3608 5292 remiseritis

1914 5332 2244 5387 hominibus
2303 5337 2535 5401 peccata
2583 5345 2802 5395 eorum,
2849 5344 2953 5381 nec
3004 5328 3170 5381 Pater
3215 5336 3399 5380 vester
3447 5326 3608 5379 vobis

1917 5421 2169 5475 dimittet
2196 5425 2425 5491 peccata
2456 5418 2680 5473 vestra?
2715 5438 2735 5465 ι
2773 5418 3020 5486 Respon.
3059 5415 3218 5470 Volo.
3264 5416 3331 5468 Et
3379 5414 3609 5484 require

113 5508 518 5576 confessiones,
577 5509 886 5564 humiliare
933 5526 991 5563 se
1023 5510 1251 5576 debent,
1294 5516 1352 5565 et
1389 5526 1518 5563 cum
1559 5509 1805 5564 tristitiae
1835 5530 1877 5583 ι)
1918 5510 1989 5563 ab
2012 5526 2079 5562 eo
2120 5509 2426 5579 diligenter
2471 5508 2519 5560 si
2563 5511 2648 5561 est
2684 5508 3060 5568 incestuosus,
3112 5509 3213 5557 aut
3254 5520 3354 5556 suo
3400 5502 3612 5556 seniori

116 5598 335 5667 gemitu
364 5599 745 5671 lacrymisque
774 5615 959 5666 orare,
1009 5616 1125 5655 non
1179 5602 1363 5657 solum
1410 5616 1514 5671 pro
1559 5600 1678 5654 suis
1710 5598 1806 5653 de-

1917 5598 2197 5665 inﬁdelis;
2248 5602 2304 5652 et
2354 5597 2401 5651 si
2459 5612 2577 5649 non
2621 5597 2743 5651 vult
2796 5596 3074 5651 incestum
3128 5592 3436 5659 dimittere,
3495 5607 3611 5646 non
