3944 6330
296 299 391 348 951

1379 295 1784 350 BURCHARDI
1827 292 2358 350 \‘v'ORMAClENSlS
2396 292 2727 347 EPISCOPI.

3707 299 3813 348 952

300 420 461 486 potes
507 416 560 469 ei
621 415 757 468 dare
811 414 1209 484 paenitentiam
1242 431 1254 466 :
1306 414 1353 467 si
1402 420 1590 469 autem
1641 415 1779 480 vult,
1812 419 1990 485 potes.
2023 416 2070 468 Α
2109 413 2596 484 quadragesimas,
2629 429 2735 483 per
2773 412 3062 482 legitimas
3092 413 3266 467 ferias
3295 413 3468 468 debes
3507 414 3804 484 jejunare.

294 503 392 558 His
447 501 782 574 praemissis,
837 501 1209 568 pcenitentem
1271 500 1488 572 alloqui
1535 501 1834 556 affectuose
1894 502 1990 556 de-

293 591 390 645 bet
421 589 689 644 sacerdos
718 588 807 642 his
824 588 1012 642 verbis
1043 604 1054 640 :
1087 589 1301 657 Frater,
1333 587 1449 641 noli
1498 589 1832 642 erubescere
1859 604 1991 659 pec-

299 684 424 732 cata
443 684 543 731 tua
587 676 870 741 conﬁteri,
920 692 1051 730 nam
1076 681 1132 730 et
1175 692 1280 746 ego
1321 680 1582 746 peccator
1612 693 1759 743 sum,
1792 682 1848 730 et
1874 676 1991 730 for-

298 766 468 820 tassis
498 765 694 836 pejora
722 780 896 835 quam
937 769 1001 817 tu
1056 764 1256 817 feceris
1303 766 1488 818 habeo
1537 764 1702 819 facta.
1750 766 1877 818 Haec
1904 764 1992 819 id-

299 855 450 908 circo
491 853 794 919 admoneo,
842 851 977 922 quia
1025 852 1300 906 usitatum
1349 853 1590 906 humani
1639 852 1867 922 generis
1918 852 1997 905 vi-

301 942 451 996 tium
484 944 588 1007 est,
621 944 685 993 ut
712 940 910 993 beatus
966 941 1269 1010 Gregorius
1307 939 1464 1004 dicit,
1505 945 1562 994 et
1587 941 1829 994 labendo
1860 956 1993 1011 pec-

305 1035 496 1083 catum
553 1027 930 1090 committere,
974 1031 1030 1080 et
1079 1029 1449 1080 commissum
1506 1044 1624 1081 non
1671 1027 1996 1080 conﬁtendo

304 1117 573 1187 prodere,
621 1115 715 1169 sed
762 1113 1024 1184 negando
1073 1114 1402 1181 defendere,
1452 1119 1622 1185 atque
1672 1114 1997 1167 convictum

303 1203 659 1259 defendendo
711 1202 1115 1273 multiplicare.
1170 1204 1233 1256 Et
1267 1203 1364 1273 qui
1417 1203 1641 1256 diabolo
1691 1203 1998 1273 instigante

299 1293 549 1348 nefanda
597 1283 838 1345 crimina
897 1296 1229 1362 perpetrare
1294 1307 1414 1344 non
1469 1292 1804 1354 metuimus,
1877 1289 1999 1344 haec

302 1383 522 1447 eadem,
555 1396 684 1450 qua:
731 1395 903 1449 opere
950 1379 1164 1450 absque
1215 1381 1331 1450 ulla
1377 1379 1720 1434 verecundia
1769 1379 2001 1448 perfeci-

302 1487 451 1535 mus,
507 1469 708 1523 eodem
777 1469 1054 1522 suadente
1129 1468 1330 1521 saltem
1373 1468 1560 1521 verbis
1614 1467 2000 1520 erubescimus

305 1559 586 1628 conﬁteri,
634 1565 691 1612 et
741 1574 931 1612 coram
980 1557 1212 1611 homine
1267 1556 1368 1627 qui
1414 1555 1620 1608 similis
1664 1555 1848 1609 nostri
1895 1561 2001 1624 est,

306 1648 641 1718 eisdemque
706 1645 942 1699 fortasse
1019 1644 1382 1716 passionibus
1435 1644 1711 1714 subjacet,
1771 1643 2004 1697 confun-

307 1737 500 1792 dimur
527 1735 713 1788 dicere
745 1734 896 1804 quod
944 1749 1128 1786 coram
1181 1734 1317 1792 Deo,
1352 1732 1452 1802 qui
1501 1731 1696 1785 omnia
1753 1730 2002 1801 inspicit,

309 1826 524 1895 absque
570 1824 688 1876 ullo
739 1821 948 1875 mentis
997 1822 1202 1875 rubore
1241 1821 1598 1873 committere
1647 1836 1764 1872 non
1811 1819 2005 1873 formi-

307 1913 587 1979 davimus,
638 1911 1042 1964 detrectatione
1086 1909 1436 1963 detestanda.
1481 1908 1692 1978 Sponte
1745 1923 1883 1979 ergo
1921 1907 2005 1960 fa-

308 2008 554 2065 teamur,
607 1999 759 2070 quod
811 1999 968 2052 nullo
1016 2001 1256 2067 cogente
1308 1996 1722 2051 commisimus.
1776 1995 1833 2050 Si
1872 2011 2005 2049 vero

314 2106 421 2143 nos
474 2093 668 2142 nostra
722 2086 936 2140 scelera
989 2085 1378 2147 celaverimus,
1426 2085 1498 2138 ab
1549 2085 1646 2137 illo
1680 2083 2004 2137 manifesta-

310 2178 527 2231 buntur
556 2175 655 2246 qui
683 2180 737 2228 et
766 2177 1057 2228 accusator
1084 2177 1170 2226 est
1201 2171 1415 2242 peccati
1456 2176 1512 2226 et
1549 2172 1830 2226 incentor.
1882 2173 2007 2242 Ipse

313 2264 470 2318 enim
500 2263 592 2316 hic
621 2279 723 2316 nos
752 2267 815 2316 ut
843 2277 1143 2332 peccemus
1172 2261 1430 2331 instigat,
1482 2260 1602 2330 ipse
1633 2276 1762 2314 cum
1806 2277 2008 2330 pecca-

313 2351 566 2406 verimus
610 2355 866 2416 accusat;
917 2350 964 2403 si
1012 2365 1149 2418 ergo
1183 2348 1244 2402 in
1294 2349 1400 2402 hac
1448 2349 1565 2402 vita
1605 2348 2007 2418 preveniamus

316 2455 470 2504 eum,
525 2443 584 2492 et
610 2437 720 2508 ipsi
765 2437 947 2491 nostri
984 2436 1211 2490 sceleris
1256 2441 1609 2489 accusatores
1669 2436 1871 2504 simus,
1903 2453 2009 2490 ne—

319 2527 531 2600 quitias
579 2526 791 2581 diaboli
838 2525 1057 2580 inimici
1115 2526 1316 2593 nostri,
1375 2530 1430 2578 et
1472 2525 1820 2578 accusatoris
1868 2525 2009 2578 effu-

317 2617 562 2688 giemus,
591 2615 767 2669 Paulo
797 2620 962 2680 teste,
993 2614 1090 2684 qui
1121 2613 1200 2668 ait
1230 2630 1244 2668 :
1279 2635 1306 2662 «
1334 2614 1391 2667 Si
1419 2613 1798 2683 nosmetipsos
1851 2613 2008 2683 judi-

318 2721 597 2772 caremus,
632 2720 745 2757 non
775 2703 973 2773 utique
1004 2701 1473 2772 dijudicaremur.
1503 2721 1531 2750 »

320 2793 452 2847 CAP.
495 2793 553 2845 V.
586 2821 656 2830 —
718 2790 917 2844 Videns
957 2796 1134 2844 autem
1183 2806 1302 2843 eum
1344 2789 1591 2842 sacerdos
1644 2788 2012 2842 verecundan-

391 2870 524 2927 tem,
581 2876 800 2915 rursum
842 2865 1204 2929 prosequatur
1261 2877 1273 2913 :
1342 2861 1629 2918 Fortassis,
1672 2861 2010 2919 charissime,

387 2948 494 2986 non
535 2935 717 2985 omnia
768 2947 887 2999 quae
945 2933 1162 2996 gessisti
1226 2931 1301 2982 ad
1368 2933 1679 2983 memoriam
1742 2929 1896 2982 modo
1922 2944 2011 2982 rc-

391 3005 571 3056 niunt.
626 3004 740 3067 Ego
786 3006 834 3054 te
884 3001 1246 3067 interrogabo,
1289 3005 1347 3053 tu
1377 3016 1501 3053 cave
1529 3015 1614 3062 ne,
1647 2999 1862 3052 diabolo
1881 3015 2013 3052 sua-

393 3073 567 3139 dente,
609 3071 826 3139 aliquid
863 3072 1033 3124 celare
1082 3086 1402 3140 praesumus.
1447 3071 1526 3124 Et
1584 3075 1707 3124 tunc
1771 3085 1892 3123 eum
1937 3073 2017 3123 ita

394 3175 494 3229 per
519 3160 762 3213 ordinem
790 3160 1102 3225 interroget.

398 3247 596 3302 Fecisti
625 3246 997 3300 homicidium
1034 3247 1358 3299 voluntarie
1390 3246 1510 3299 sine
1544 3245 1877 3300 necessitate
1901 3261 2016 3299 non

327 3337 386 3390 in
415 3337 601 3400 hoste,
631 3335 728 3389 sed
761 3350 864 3406 per
894 3339 1052 3388 tuam
1097 3334 1469 3404 cupiditatem
1521 3338 1584 3387 ut
1625 3350 1727 3387 sua
1781 3333 1889 3386 sibi
1915 3334 2020 3386 tol-

327 3425 493 3491 leres,
547 3429 604 3476 et
660 3423 738 3476 sic
803 3439 936 3476 eum
992 3422 1366 3476 interfecisti?
1417 3421 1476 3476 Si
1526 3421 1729 3487 fecisti,
1762 3423 1849 3477 XL
1900 3421 2020 3475 dies

327 3511 646 3573 continuos,
690 3511 845 3582 quod
886 3511 1091 3581 vulgus
1132 3511 1385 3564 carinam
1432 3520 1614 3576 vocat,
1661 3510 1741 3564 ita
1788 3515 1850 3563 ut
1879 3526 2019 3564 con-

329 3601 568 3655 suetudo
596 3601 776 3668 est,in
791 3615 938 3670 pane
967 3604 1023 3653 et
1039 3597 1642 3669 aquadebesjejunare
1669 3616 1681 3664 ;
1716 3603 1774 3652 et
1803 3603 2018 3668 septem

329 3705 531 3754 annos,
564 3693 872 3759 sequentes
903 3687 981 3740 sic
1008 3687 1292 3742 observes.

397 3776 655 3831 Primum
706 3791 919 3829 annum
966 3779 1093 3844 post
1123 3774 1249 3827 illos
1276 3775 1360 3827 XL
1387 3774 1528 3841 dies,
1556 3779 1742 3828 totum
1792 3790 1824 3827 a
1864 3773 2017 3838 vino,

331 3864 591 3929 medone,
638 3862 937 3932 sagimine,
989 3865 1043 3915 et
1100 3880 1132 3914 a
1180 3878 1342 3915 caseo
1399 3867 1456 3914 et
1506 3861 1576 3915 ab
1625 3861 1784 3915 omni
1821 3860 2022 3932 pingui

328 3953 481 4023 pisce
512 3950 794 4005 abstinere
824 3950 994 4004 debes
1029 3966 1041 4002 :
1077 3949 1184 4002 nisi
1229 3949 1285 4003 in
1317 3949 1428 4003 illis
1474 3949 1629 4003 festis
1679 3949 1881 4003 diebus
1925 3949 2023 4018 qui

327 4041 388 4094 in
419 4041 518 4094 illo
549 4040 837 4110 episcopio
871 4056 905 4092 a
938 4045 1141 4092 cuncto
1174 4039 1386 4108 populo
1436 4039 1816 4092 celebrantur.
1862 4038 1924 4090 Et
1975 4037 2022 4089 si

329 4129 404 4182 sis
455 4129 515 4183 in
571 4145 782 4200 magno
831 4127 1057 4193 itinere,
1104 4127 1164 4180 in
1213 4128 1370 4197 regio
1422 4128 1598 4192 hoste,
1630 4127 1718 4179 vel
1749 4127 1808 4178 in
1845 4125 2022 4195 regali

330 4222 507 4285 curte,
543 4219 629 4271 vel
677 4217 737 4270 in
785 4216 978 4287 aliqua
1025 4215 1358 4269 inﬁrmitate
1413 4215 1679 4269 detentus
1736 4214 1833 4276 sis,
1887 4218 2021 4266 tunc

330 4308 497 4361 liceat
525 4305 629 4359 tibi
661 4321 776 4358 uno
804 4305 1060 4370 denario,
1093 4305 1179 4357 vel
1221 4303 1404 4373 pretio
1435 4302 1609 4355 unius
1649 4301 1892 4368 denarii,
1923 4305 2023 4354 aut

330 4401 444 4450 tres
495 4409 778 4464 pauperes
822 4393 1123 4462 pascendo,
1192 4391 1420 4444 tertiam
1477 4389 1700 4454 feriam,
1760 4389 2021 4460 quintam

318 4483 551 4547 feriam,
579 4482 879 4534 sabbatum
909 4479 1188 4534 redimere
1222 4495 1234 4531 :
1269 4479 1350 4530 ita
1395 4482 1590 4530 tamen
1615 4481 1678 4531 ut
1707 4493 1824 4530 una
1860 4492 1921 4530 re
1954 4477 2022 4530 de

329 4572 442 4624 illis
499 4570 681 4624 tribus
734 4568 1071 4640 supradictis
1133 4567 1332 4632 utaris,
1393 4565 1453 4618 id
1499 4569 1602 4624 est.
1671 4571 1766 4619 aut
1824 4565 2020 4619 vinum

330 4659 510 4723 bibas,
545 4664 643 4710 aut
672 4659 992 4720 medonem,
1044 4660 1143 4708 aut
1185 4653 1464 4707 mellitam
1514 4653 1831 4708 cervisiam.
1861 4655 2022 4708 Post-

330 4763 503 4818 quam
529 4746 765 4800 domum
799 4745 1038 4810 veneris,
1083 4747 1182 4796 aut
1209 4741 1438 4795 sanitati
1477 4741 1652 4796 fueris
1704 4742 2021 4811 restitutus,

330 4835 542 4888 nullam
577 4833 866 4887 licentiam
899 4833 1108 4886 habeas
1165 4829 1505 4884 redimendi.
1561 4831 1856 4900 Completo
1888 4831 2023 4884 anni

328 4924 537 4978 circulo
591 4923 884 4976 ecclesiam
944 4918 1348 4986 introducaris,
1415 4923 1471 4973 et
1537 4919 1691 4989 pacis
1762 4920 2019 4973 osculum

329 5011 433 5066 tibi
454 5011 815 5065 concedatur.

403 5101 462 5154 ln
492 5099 740 5153 secundo
770 5112 944 5160 anno,
981 5099 1037 5148 et
1074 5094 1260 5158 tertio,
1301 5093 1564 5148 similiter
1603 5094 1851 5164 jejunes,
1915 5094 2022 5147 nisi

330 5189 481 5260 quod
515 5188 738 5241 tertiam
777 5183 1001 5249 feriam,
1035 5182 1296 5252 quintam
1347 5181 1568 5245 feriam,
1605 5186 1660 5235 et
1697 5181 2020 5249 sabbatum,

329 5280 663 5347 potestatem
713 5272 922 5325 habeas
973 5268 1294 5322 redimendi
1343 5269 1762 5337 praenomiuato
1813 5269 2018 5338 pretio,

327 5363 655 5432 ubicunque
685 5377 762 5413 es.
795 5359 1011 5413 Caetera
1051 5355 1243 5410 omnia
1296 5355 1600 5426 diligenter
1630 5357 1915 5421 observes,
1958 5363 2022 5411 ut

329 5453 388 5505 in
421 5451 629 5521 primo.

400 5541 508 5593 Per
554 5538 810 5607 singulos
860 5539 1106 5605 quatuor
1156 5549 1334 5587 annos
1393 5533 1492 5604 qui
1544 5537 1862 5593 remanent,
1906 5538 2018 5588 tres

2097 501 2348 556 Primam
2381 504 2510 554 ante
2559 501 2773 554 Pascha
2819 515 2950 554 cum
2995 501 3218 554 caeteris
3263 501 3620 564 Christianis,
3673 505 3814 556 alte-

2099 606 2224 644 ram
2254 594 2384 643 ante
2422 588 2787 643 festivitatem
2827 589 3012 642 sancti
3063 589 3300 643 Joannis
3350 591 3645 660 Baptistae,
3680 595 3742 645 et
3768 591 3812 644 si

2103 678 2240 749 quid
2271 681 2548 742 remanet,
2599 681 2731 747 post
2786 677 3116 747 adimpleas.
3169 679 3418 732 Tertiam
3455 683 3589 733 ante
3649 679 3813 732 Nati-

2101 767 2335 819 vitatem
2368 764 2616 831 Domini,
2649 782 2678 814 a
2709 765 2858 827 vino,
2895 781 2928 817 a
2979 765 3240 829 medone,
3277 766 3494 820 mellita
3540 766 3812 831 cervisia,

2102 871 2136 909 a
2193 871 2382 920 carne,
2455 853 2756 924 sagimine,
2837 859 2891 906 et
2945 869 2978 906 a
3025 869 3208 922 caseo,
3268 859 3324 907 et
3379 869 3412 907 a
3489 854 3815 924 pinguibus

2103 943 2355 1014 piscibus
2390 941 2741 1014 [abstineas].

2177 1034 2240 1086 Et
2303 1031 2364 1084 in
2418 1035 2666 1100 quatuor
2755 1029 3096 1100 supradictis
3163 1031 3348 1094 annis,
3411 1031 3582 1084 tertia
3641 1031 3810 1095 feria,

2105 1121 2307 1190 quinta
2336 1119 2498 1179 feria,
2533 1125 2587 1172 et
2627 1118 2860 1172 sabbato
2889 1118 3134 1187 accipias
3192 1119 3469 1189 quidquid
3512 1119 3678 1173 velis.
3712 1119 3810 1175 Se-

2107 1207 2354 1260 cundam
2413 1213 2604 1260 autem
2651 1207 2877 1273 feriam,
2921 1212 3204 1276 quartam,
3257 1208 3538 1262 redimere
3587 1208 3814 1279 poteris

2105 1294 2294 1364 pretio
2338 1295 2460 1364 jam
2522 1293 2866 1362 supradicto.
2921 1295 3150 1349 Sextam
3194 1294 3396 1348 feriam
3437 1311 3670 1366 semper
3711 1294 3814 1349 ob-

2109 1399 2296 1436 serves
2347 1383 2407 1434 in
2461 1398 2609 1452 pane
2665 1385 2721 1436 et
2775 1398 2944 1452 aqua.
3001 1383 3066 1436 Et
3125 1383 3212 1436 his
3267 1384 3525 1452 expletis,
3587 1400 3815 1437 sacram

2110 1471 2575 1525 communionem
2619 1470 2882 1540 accipias,
2931 1486 2999 1524 ea
3051 1471 3269 1525 ratione
3305 1476 3364 1524 ut
3396 1488 3513 1526 non
3562 1471 3640 1524 sis
3690 1471 3816 1525 sine

2112 1557 2450 1630 poenitentia
2505 1558 2765 1628 quandiu
2810 1557 2982 1624 vivas,
3043 1559 3142 1612 sed
3201 1559 3260 1612 in
3322 1559 3482 1612 omni
3537 1560 3658 1612 vita
3716 1564 3818 1613 tua

2113 1662 2313 1700 omnes
2343 1650 2525 1698 sextas
2554 1645 2721 1699 ferias
2743 1645 2806 1698 in
2834 1661 2980 1715 pane
3024 1651 3080 1699 et
3125 1662 3274 1716 aqua
3303 1647 3602 1716 pceniteas,
3657 1653 3739 1714 et,
3773 1647 3820 1700 si

2115 1734 2396 1788 redimere
2429 1733 2700 1802 volueris,
2730 1738 3069 1804 potestatem
3104 1735 3311 1788 habeas
3341 1735 3666 1789 redimendi
3697 1752 3819 1789 uno

2113 1822 2368 1890 denario,
2421 1822 2508 1875 vel
2567 1821 2751 1891 pretio
2802 1821 2972 1875 unius
3021 1821 3264 1888 denarii,
3319 1823 3405 1876 vel
3457 1838 3660 1891 pascas
3701 1828 3817 1877 tres

2114 1927 2416 1982 pauperes.

2187 2000 2298 2052 Ista
2355 1999 2671 2053 secundum
2740 1999 3198 2053 misericordiam
3259 1999 3625 2053 concedimus
3686 2000 3820 2068 tibi,

2115 2103 2235 2140 non
2293 2087 2609 2140 secundum
2665 2103 2948 2141 canonum
2991 2103 3330 2140 censuram:
3375 2087 3512 2158 quia
3567 2103 3825 2141 canones

2116 2175 2196 2229 sic
2220 2175 2567 2245 praecipiunt
2599 2192 2612 2228 :
2655 2175 2713 2230 Si
2738 2175 2868 2245 quis
2907 2192 3011 2244 per
3033 2175 3375 2230 industriam
3407 2181 3461 2229 et
3487 2191 3595 2245 per
3653 2177 3824 2246 cupi-

2115 2264 2353 2319 ditatem
2385 2263 2762 2318 homicidium
2810 2263 3028 2330 fecerit,
3079 2265 3354 2318 seeculum
3387 2265 3700 2334 relinquat,
3766 2270 3826 2318 et

2115 2354 2474 2424 ingrediatur
2515 2352 2929 2408 monasterium
2979 2352 3414 2420 monachorum,
3467 2357 3522 2406 et
3546 2353 3628 2406 ibi
3661 2354 3823 2424 jugi-

2115 2449 2205 2496 ter
2233 2444 2348 2496 Deo
2379 2441 2605 2495 serviat.

2192 2531 2396 2584 Fecisti
2453 2530 2832 2584 homicidium
2888 2545 2992 2599 pro
3051 2530 3301 2584 vindicta
3343 2530 3695 2600 parentum?
3738 2529 3825 2583 XL

2119 2619 2260 2681 dies,
2296 2619 2453 2689 quod
2485 2621 2737 2672 carinam
2791 2623 3010 2685 vocant,
3058 2619 3356 2688 poeniteas,
3411 2634 3542 2672 cum
3593 2623 3820 2686 septem

2119 2707 2493 2777 sequentibus
2533 2707 2718 2772 annis,
2752 2707 2889 2777 quia
2918 2707 3196 2760 Dominus
3218 2706 3352 2760 dicit
3382 2723 3446 2760 τα
3483 2705 3620 2760 Mihi
3643 2705 3826 2760 vindi-

2122 2801 2231 2861 cta,
2255 2800 2311 2849 et
2341 2811 2446 2866 ego
2477 2796 2812 2850 retribuam.
2849 2817 2870 2843 »

2194 2902 2251 2957 Si
2299 2901 2483 2956 fecisti
2526 2901 2904 2955 homicidium
2960 2901 3180 2968 nolens,
3235 2902 3315 2954 ita
3364 2905 3430 2954 ut
3475 2900 3535 2954 in
3588 2900 3676 2954 ira
3727 2907 3827 2954 tua

2126 2990 2379 3061 aliquem
2423 2991 2731 3059 'percutere
2775 2990 2968 3056 velles,
3025 2994 3084 3041 et
3127 3005 3245 3042 non
3289 2989 3564 3055 occidere,
3626 2993 3826 3042 tamen

2129 3078 2401 3145 occidisti,
2446 3079 2532 3132 XL
2579 3077 2719 3143 dies,
2755 3077 2811 3132 id
2855 3082 2959 3143 est,
3001 3077 3250 3130 carinam
3292 3078 3351 3130 in
3395 3093 3543 3146 pane
3592 3081 3648 3130 et
3673 3093 3828 3146 aqua

2129 3167 2424 3238 poeniteas,
2457 3171 2514 3219 et
2538 3170 2757 3236 septem
2809 3169 3114 3235 sequentes
3158 3181 3355 3219 annos.
3408 3165 3516 3220 Sed
3545 3165 3600 3218 in
3634 3166 3826 3234 primo

2132 3271 2284 3308 anno
2341 3255 2571 3308 tertiam
2632 3253 2852 3312 feriam.
2909 3252 3169 3322 quintam
3234 3253 3455 3318 feriam,
3518 3253 3824 3306 sabbatum

2131 3344 2415 3398 redimere
2490 3341 2724 3413 poteris,
2784 3341 3040 3411 singulas
3095 3340 3336 3410 singulis
3399 3341 3671 3407 denariis,
3737 3344 3823 3395 vel

2132 3431 2317 3501 pretio
2365 3429 2539 3485 unius
2587 3429 2830 3493 denarii,
2881 3429 2969 3482 vel
3017 3434 3135 3482 tres
3187 3443 3468 3498 pauperes
3512 3429 3820 3498 pascendo,

2133 3520 2406 3591 Reliquos
2435 3523 2626 3572 autem
2665 3533 2758 3572 sex
2803 3533 2985 3570 annos
3009 3516 3105 3570 ita
3136 3516 3391 3581 observa,
3436 3516 3582 3570 sicut
3628 3515 3698 3570 de
3728 3516 3826 3569 ho-

2134 3607 2375 3663 micidiis
2401 3611 2600 3677 sponte
2632 3605 2952 3660 commissis
2982 3605 3353 3659 constitutum
3381 3608 3480 3658 est.

2204 3712 2408 3768 Fecisti
2433 3711 2814 3766 homicidium
2854 3711 2912 3765 in
2944 3711 3118 3779 bello,
3145 3711 3308 3781 jussu
3338 3710 3582 3781 legitimi
3607 3710 3822 3780 princi-

2133 3803 2241 3873 pis,
2269 3802 2370 3873 qui
2423 3817 2531 3872 pro
2577 3816 2718 3871 pace
2770 3801 2878 3854 hoc
2926 3799 3054 3853 ﬁeri
3095 3800 3365 3870 jusserat,
3407 3805 3462 3852 et
3488 3799 3824 3853 interfecisti

2133 3897 2442 3962 tyrannum
2489 3889 2589 3961 qui
2626 3905 2828 3959 pacem
2860 3894 3185 3960 pervertere
3245 3887 3501 3942 studuit?
3525 3893 3640 3942 tres
3681 3905 3823 3958 qua-

2137 3979 2484 4050 dragesimas
2513 3994 2616 4049 per
2648 3978 2934 4048 legitimas
2981 3978 3150 4032 ferias
3201 3978 3494 4047 pmniteas.
3543 3977 3601 4032 Si
3631 3983 3823 4031 autem

2134 4068 2298 4121 aliter
2321 4066 2516 4135 fuerit,
2563 4066 2620 4120 id
2651 4071 2754 4133 est,
2787 4065 2908 4120 sine
2949 4066 3113 4136 jussu
3161 4065 3400 4136 legitimi
3429 4065 3721 4136 principis,
3762 4071 3824 4118 ut

2133 4146 2505 4210 homicidium
2572 4158 2775 4224 sponte
2834 4154 3204 4207 commissum
3264 4153 3562 4224 poeniteas,
3621 4152 3679 4207 id
3738 4159 3822 4207 est

2133 4244 2387 4298 carinam
2415 4259 2593 4296 unam
2622 4258 2754 4296 cum
2784 4247 3001 4312 septem
3033 4242 3402 4312 sequentibus
3433 4241 3610 4294 annis.

2203 4347 2472 4404 Occidisti
2501 4352 2562 4402 tu
2594 4347 2737 4401 liber
2769 4363 2997 4400 servum
3027 4346 3266 4400 senioris
3303 4345 3408 4412 tui,
3442 4346 3539 4416 qui
3590 4345 3736 4400 nihil
3763 4346 3820 4400 in

2137 4443 2188 4492 te
2218 4437 2493 4508 peccavit,
2526 4437 2623 4490 sed
2667 4436 2830 4506 jussu
2879 4435 3121 4490 senioris
3172 4435 3294 4488 tui?
3337 4431 3594 4500 XL‘dies,
3651 4435 3707 4488 id
3741 4441 3823 4488 est

2133 4527 2384 4581 carinam
2429 4526 2490 4579 in
2536 4541 2682 4596 pane
2731 4529 2788 4579 et
2825 4541 2973 4595 aqua
3020 4541 3149 4578 cum
3208 4528 3424 4593 septem
3452 4523 3822 4594 sequentibus

2137 4617 2301 4670 annis
2331 4614 2626 4686 pceniteas,
2650 4618 2709 4668 et
2730 4613 2921 4668 senior
2948 4619 3082 4667 tuus
3130 4613 3412 4679 similiter,
3466 4611 3573 4666 nisi
3631 4629 3821 4666 servus

2134 4706 2204 4758 sit
2234 4705 2328 4758 fur
2353 4707 2453 4756 aut
2484 4704 2648 4768 latro,
2692 4709 2749 4756 et
2803 4700 3044 4773 [senior]
3096 4718 3199 4771 pro
3233 4718 3370 4772 pace
3413 4699 3657 4754 aliorum
3701 4701 3822 4754 ﬁeri

2132 4791 2451 4863 praecipiat.

2204 4898 2262 4953 Si
2312 4903 2501 4952 autem
2557 4902 2612 4951 tu
2664 4914 2859 4952 servus
2916 4913 3254 4951 conservum
3305 4901 3466 4950 tuum
3504 4896 3668 4966 jussu
3724 4897 3819 4949 do-

2133 4987 2276 5040 mini
2308 4987 2391 5040 tui
2445 4986 2720 5055 occidisti,
2761 4986 3026 5041 dominus
3074 4991 3206 5040 tuus
3256 4985 3638 5056 quadraginta
3683 4985 3817 5049 dies,

2134 5076 2190 5129 id
2223 5079 2307 5130 est
2335 5074 2611 5140 carinam,
2644 5075 2704 5128 in
2743 5091 2890 5145 pane
2920 5080 2976 5128 et
3006 5091 3154 5145 aqua
3175 5091 3306 5128 cum
3341 5079 3560 5144 septem
3581 5089 3818 5143 sequen-

2133 5163 2286 5218 tibus
2317 5163 2483 5217 annis
2513 5163 2793 5234 pmnitere
2847 5164 3036 5227 debet,
3087 5168 3144 5216 et
3199 5169 3259 5216 tu
3309 5167 3424 5216 tres
3455 5162 3819 5233 quadragesi-

2133 5268 2273 5319 mas,
2331 5267 2434 5321 per
2491 5251 2778 5322 legitimas
2830 5251 3018 5318 ferias,
3079 5255 3313 5321 excepto
3371 5251 3477 5304 nisi
3534 5266 3638 5320 pro
3686 5266 3816 5320 pace

2130 5341 2427 5395 communi
2457 5340 2638 5395 ﬁeret.

2201 5447 2539 5501 Consiliatus
2582 5464 2640 5499 es
2685 5447 3062 5501 homicidium
3108 5453 3165 5499 et.
3206 5464 3320 5500 non
3353 5445 3552 5512 fecisti,
3589 5450 3644 5498 et
3677 5446 3812 5498 occi-

2131 5552 2224 5589 sus
2253 5541 2337 5589 est
2387 5537 2559 5589 homo
2613 5540 2846 5606 propter
2894 5536 3035 5588 illud
3083 5535 3432 5589 consilium?
3463 5535 3547 5587 XL
3585 5535 3721 5597 dies,
3761 5535 3810 5586 id
