3944 6316
168 331 269 382 953

991 323 1465 415 DECRETORUM
1507 326 1692 381 LIBRI
1728 327 1834 382 XX.
1877 357 1947 366 ——
1988 327 2197 382 LIBER
2238 326 2539 382 DECIMUS
2579 327 2823 383 NONUS.

3565 331 3668 383 954

166 455 248 505 est
269 450 548 513 carinam,
598 450 660 503 in
704 464 855 520 pane
887 452 943 502 et
989 463 1157 519 aqua,
1217 463 1346 501 cum
1377 453 1596 518 septem
1632 465 1873 519 sequen-
1904 452 1950 503 A
2057 451 2169 503 Aut
2197 449 2264 514 si,
2305 452 2368 502 tu
2426 448 2585 520 operi
2630 448 2946 503 necessario
2983 450 3120 504 dum
3150 450 3421 516 instabas,
3454 450 3667 504 securis

163 539 317 593 tibus
349 538 517 593 annis
555 538 853 609 pmuiteas.

234 627 560 698 Explorasti
607 626 695 679 vel
748 626 1074 695 speculatus
1126 641 1186 677 es
1237 625 1488 695 aliquem
1545 624 1863 691 hominem,

166 721 221 771 et
249 716 331 769 sic
360 714 650 769 tradidisti
682 714 847 767 illum
879 714 940 767 in
973 729 1175 767 manus
1206 712 1571 767 inimicorum
1604 730 1864 779 suorum,

166 810 219 858 et
267 804 491 859 occisus
524 804 645 858 est?
677 803 760 858 XL
804 803 944 869 dies,
1001 802 1060 856 id
1111 806 1198 857 est
1228 802 1479 855 carinam
1532 802 1591 855 in
1622 818 1769 872 pane
1811 806 1868 855 et

165 908 317 963 aqua
370 891 670 962 paeniteas,
705 895 762 944 et
816 894 1035 960 septem
1079 895 1382 960 sequentes
1432 906 1612 943 annos
1641 890 1721 943 ita
1758 890 1863 943 ob-

168 996 355 1034 serves
385 984 449 1033 ut
484 978 835 1033 consuetudo
859 983 963 1032 est.

238 1068 418 1122 Fuisti
446 1084 577 1121 cum
608 1067 734 1121 aliis
759 1066 859 1135 qui
897 1071 1301 1137 pugnaverunt
1341 1072 1538 1120 contra
1589 1068 1859 1138 aliquem,

164 1162 263 1210 aut
294 1157 355 1209 in
387 1157 559 1209 domo
589 1155 842 1225 propria,
876 1155 1054 1208 autin
1077 1155 1309 1208 alterius
1329 1156 1521 1220 domo,
1544 1161 1642 1209 aut
1669 1156 1862 1226 aliquo

163 1246 288 1298 loco
322 1244 423 1297 ubi
447 1260 507 1297 se
528 1244 835 1297 defendere
869 1247 1212 1313 speraverat,
1248 1247 1304 1296 et
1358 1243 1610 1312 lapidem
1642 1242 1702 1296 in
1731 1260 1863 1297 eum

162 1332 480 1404 projecisti,
512 1337 611 1385 aut
639 1331 929 1401 sagittam,
966 1336 1063 1383 aut
1092 1330 1371 1401 spiculum
1405 1331 1636 1401 aliquod
1657 1332 1862 1385 adver—

164 1438 261 1475 sus
291 1437 427 1474 eum
453 1420 658 1474 misisti
682 1428 739 1474 et
788 1419 1041 1473 occidere
1089 1419 1336 1485 voluisti,
1371 1423 1427 1471 et
1456 1436 1570 1472 non
1610 1425 1696 1472 est
1728 1437 1759 1472 a
1806 1424 1861 1473 te

161 1526 491 1580 percussus,
528 1525 629 1563 nec
659 1510 1011 1574 vulneratus,
1052 1513 1240 1561 tamen
1274 1508 1343 1560 ab
1391 1507 1517 1562 aliis
1547 1524 1675 1561 cum
1733 1508 1859 1578 qui-

164 1599 271 1652 bus
297 1614 427 1652 eam
457 1596 859 1667 impugnabas,
895 1596 1115 1649 occisus
1149 1596 1268 1649 est?
1299 1596 1411 1660 XL,
1464 1596 1601 1662 dies,
1643 1596 1699 1650 id
1754 1602 1860 1665 est,

163 1687 422 1741 carinam
462 1686 523 1739 in
568 1702 715 1756 pane
769 1690 826 1738 et
858 1701 1009 1756 aqua
1049 1685 1345 1754 pmniteas,
1396 1689 1450 1769 et
1505 1690 1724 1754 septem
1772 1701 1856 1738 se-
1893 1724 1932 1777 Β

163 1779 407 1846 quentes
442 1790 625 1827 annos
649 1773 729 1827 ita
758 1774 1021 1827 observes
1041 1778 1107 1826 ut
1136 1758 1492 1826 consuetudo
1523 1777 1625 1826 est.

236 1862 441 1916 Fecisti
500 1862 891 1932 parricidium,
943 1862 999 1914 id
1085 1867 1171 1914 est
1235 1862 1565 1915 interfecisti
1616 1866 1858 1932 patrem,

164 1954 430 2017 matrem,
490 1950 747 2015 fratrem,
809 1965 1085 2013 sororem,
1147 1954 1439 2018 patruum,
1499 1951 1857 2017 avunculem,

164 2043 556 2106 materteram,
591 2039 846 2103 amitam,
870 2039 956 2092 vel
989 2038 1223 2108 aliquod
1245 2038 1358 2091 tale
1388 2038 1610 2091 fecisti?
1636 2039 1681 2091 si
1703 2055 1857 2102 casu,

162 2143 283 2180 non
325 2132 548 2198 sponte.
580 2143 767 2197 neque
794 2126 855 2179 in
887 2126 972 2179 ira
1018 2131 1117 2179 tua
1145 2129 1441 2195 percutere
1481 2126 1728 2190 voluisti,
1764 2127 1860 2181 sed

163 2232 295 2269 casu
326 2216 534 2281 evenit,
581 2220 644 2269 ut
671 2214 1045 2269 homicidium
1079 2218 1283 2284 sponte
1326 2213 1696 2267 commissum
1740 2230 1862 2284 pce—

164 2305 349 2359 nitere
363 2304 557 2358 debes.
586 2303 643 2358 Si
663 2308 855 2357 autem
877 2321 944 2357 ex
962 2302 1258 2365 industria,
1274 2307 1330 2355 et
1350 2303 1409 2355 in
1433 2303 1517 2355 ira
1530 2307 1626 2355 tua
1657 2304 1860 2372 fecisti,

162 2391 318 2445 istud
345 2391 643 2444 observare
667 2390 856 2455 debes,
877 2395 942 2442 ut
958 2405 1062 2458 per
1087 2389 1253 2441 unius
1270 2388 1403 2441 anui
1423 2388 1698 2441 circulum
1730 2395 1860 2442 ante

161 2480 314 2533 fores
346 2479 595 2532 basilicas
632 2495 800 2531 orans
827 2478 1057 2532 Domini
1105 2478 1467 2530 clementiam
1512 2494 1856 2547 perseveres.

164 2568 461 2638 Completo
500 2567 639 2620 anni
687 2567 919 2633 circulo,
978 2565 1359 2619 iutroducaris
1416 2564 1478 2617 in
1533 2563 1857 2618 Ecclesiam.

162 2658 379 2710 Tamen
426 2656 486 2709 in
518 2656 729 2725 angulo
770 2654 1049 2721 Ecclesiae,
1101 2669 1283 2723 usque
1331 2653 1468 2707 dum
1519 2653 1687 2705 unius
1727 2653 1861 2706 anni

162 2745 415 2816 spatium
465 2743 718 2810 ﬁniatur,
753 2748 885 2796 stes.
938 2742 1036 2797 His
1077 2742 1157 2794 ita
1188 2741 1453 2811 peractis,
1484 2742 1530 2794 si
1578 2741 1860 2811 pceniten-

163 2833 256 2887 tiae
289 2833 503 2885 fructus
536 2832 595 2885 in
643 2836 696 2885 te
737 2830 1109 2900 conspicitur,
1162 2830 1418 2899 corporis
1475 2834 1531 2882 et
1568 2830 1862 2899 sanguinis

165 2919 394 2974 Domini
416 2919 701 2989 particeps
732 2918 852 2984 tias,
884 2923 1081 2971 utnon
1109 2917 1408 2971 obdureris
1440 2918 1856 2987 desperatione,

1978 537 2203 608 fugerat
2254 537 2322 591 de
2388 554 2563 590 manu
2618 542 2736 604 tua,
2771 542 2867 590 aut
2922 537 3135 591 ferrum
3185 538 3407 608 lapsum
3461 544 3544 592 est
3596 540 3667 593 de

1976 626 2305 692 manubrio,
2340 630 2395 679 et
2440 625 2655 679 socium
2687 631 2742 679 et
2770 626 3018 679 amicum
3067 631 3233 679 tuum
3290 633 3664 696 percusserat,

1977 721 2032 767 et
2062 715 2276 767 occisus
2325 714 2444 767 est?
2477 714 2523 767 si
2570 714 2678 767 ista
2711 715 2912 781 fecisti,
2963 720 3061 769 aut
3091 716 3201 768 alia
3256 717 3459 770 horum
3510 716 3665 769 simi-

1976 804 2072 867 lia,
2104 810 2160 856 et
2188 804 2406 857 nullam
2464 804 2669 856 malam
2730 804 3085 858 voluntatem
3147 805 3414 858 adversus
3468 822 3666 874 supra-

1978 891 2154 945 dictas
2247 907 2539 961 personas,
2624 892 2713 945 vel
2780 893 3021 946 istorum
3105 893 3319 946 similes
3396 891 3668 955 habuisti,

1975 980 2356 1050 quadraginta
2401 981 2541 1045 dies,
2598 982 2748 1051 quod
2807 982 3010 1051 vulgus
3070 982 3323 1035 carinam
3366 987 3548 1045 vocat,
3592 982 3671 1033 ita

1975 1073 2040 1121 ut
2082 1067 2428 1121 consuetudo
2458 1074 2562 1135 est,
2609 1069 2881 1137 jejunes:
2944 1073 3001 1121 et
3054 1070 3310 1139 quinque
3366 1073 3671 1138 sequentes

1975 1173 2151 1209 annos
2184 1157 2479 1225 pceniteas.
2517 1157 2871 1211 Abstine'ntia
2918 1163 3108 1210 autem
3145 1158 3401 1210 ciborum
3433 1160 3492 1208 in
3552 1156 3669 1209 istis

1974 1244 2231 1315 quinque
2282 1245 2446 1297 annis
2508 1244 2957 1297 misericorditer
2994 1244 3299 1304 tribuatur.
3364 1246 3442 1297 ita
3492 1249 3555 1297 ut
3606 1244 3669 1297 in

1972 1332 2158 1403 primo
2193 1350 2341 1386 anno
2376 1334 2499 1386 illas
2537 1338 2651 1385 tres
2691 1333 2884 1401 ferias,
2915 1333 3163 1397 tertiam,
3200 1332 3482 1402 quintam,
3540 1332 3666 1385 sab-

1971 1422 2169 1474 batum
2237 1422 2516 1475 redimere
2574 1422 2756 1491 possis
2807 1438 2921 1474 uno
2985 1422 3242 1487 denario,
3310 1422 3393 1473 vel
3480 1420 3665 1489 pretio

1971 1509 2141 1562 unius
2201 1510 2465 1563 denarii:
2502 1510 2588 1562 vel
2637 1514 2751 1562 tres
2803 1526 3085 1578 pauperes
3125 1510 3429 1578 pascendo.
3486 1510 3552 1561 Et
3608 1509 3667 1561 in

1970 1598 2084 1650 alio
2120 1615 2267 1651 anno
2322 1614 2520 1651 omnes
2563 1598 2753 1665 ferias,
2807 1603 3036 1668 excepta
3081 1604 3234 1651 sexta
3284 1597 3443 1657 feria,
3494 1613 3664 1666 quam

1972 1701 2199 1756 semper
2226 1688 2286 1739 in
2318 1703 2466 1756 pane
2491 1692 2548 1739 et
2596 1703 2747 1757 aqua
2785 1686 3049 1756 jejunare
3091 1686 3283 1751 debes,
3332 1689 3669 1755 potestatem

1970 1771 2183 1827 habeas
2214 1775 2534 1828 redimendi
2582 1780 2894 1844 praetexato
2944 1775 3147 1845 pretio.
3196 1775 3260 1827 Et
3310 1773 3388 1826 sic
3418 1773 3670 1844 reliquos

1971 1880 2152 1916 annos
2186 1864 2486 1917 observare
2518 1864 2711 1917 debes.

2042 1951 2098 2006 Si
2130 1956 2323 2004 autem
2380 1968 2509 2004 cum
2558 1952 2729 2005 fratre
2764 1955 2883 2016 tuo,
2917 1951 3003 2003 vel
3054 1966 3183 2003 cum
3242 1949 3393 2001 socio
3442 1948 3562 2001 ibas
3609 1948 3671 2000 in

1971 2040 2169 2094 silvam
2229 2040 2298 2092 ad
2354 2039 2696 2092 succidenda
2753 2040 2930 2107 ligna,
3011 2043 3087 2105 et,
3170 2036 3668 2106 apprOpiuquante

1970 2144 2169 2182 casura
2200 2127 2367 2180 unius
2406 2128 2647 2195 arboris,
2706 2132 2763 2179 tu
2806 2127 3031 2180 dicebas
3086 2126 3248 2179 fratri
3277 2126 3362 2177 vel
3411 2124 3563 2177 socio
3608 2128 3668 2177 ut

1970 2218 2214 2287 fugeret,
2274 2221 2330 2269 et
2384 2216 2479 2269 ille
2536 2216 2763 2285 fugiens
2812 2215 2917 2267 sub
2970 2214 3173 2267 arbore
3203 2228 3503 2284 oppressus
3568 2220 3668 2276 est,

1970 2305 2245 2359 innocens
2274 2304 2386 2357 eris
2415 2320 2448 2356 a
2486 2310 2671 2357 morte
2700 2303 2899 2373 ipsius.

2042 2393 2100 2446 Si
2131 2399 2326 2446 autem
2373 2409 2438 2445 ex
2472 2392 2693 2445 incuria
2725 2396 2820 2444 tua
2853 2392 2940 2444 vel
2991 2389 3367 2460 negligentia,
3406 2388 3542 2442 dum
3574 2387 3669 2441 ille

1965 2480 2129 2549 juxta
2180 2485 2232 2532 te
2264 2480 2433 2533 aliam
2485 2480 2746 2533 arborem
2788 2479 3083 2544 incideret,
3139 2484 3198 2532 tu
3258 2493 3372 2531 non
3428 2494 3670 2547 prasmo-

1973 2569 2149 2621 nuisti
2175 2585 2303 2621 cum
2335 2570 2392 2622 in
2434 2575 2715 2637 tempore,
2746 2574 2809 2620 ut
2839 2568 3179 2637 praevideret
3204 2581 3463 2619 casuram
3496 2564 3669 2617 arbo-

1971 2657 2066 2719 ris,
2110 2662 2167 2709 et
2224 2657 2303 2709 sic
2368 2674 2434 2709 ex
2487 2662 2587 2710 tua
2632 2656 2854 2709 incuria
2909 2670 3216 2724 oppressus
3274 2660 3359 2707 est
3411 2659 3469 2707 et
3512 2669 3668 2706 mor-

1972 2748 2100 2795 tuus
2130 2760 2141 2796 :
2175 2748 2313 2797 tunc
2348 2743 2516 2796 debes
2560 2742 2839 2813 poenitere
2871 2748 2933 2795 ut
2990 2741 3294 2807 homicida,
3347 2741 3444 2793 sed
3473 2745 3669 2793 tamen

1972 2832 2153 2883 multo
2190 2831 2368 2884 levius
2398 2847 2569 2901 quam
2610 2829 2753 2883 illud
2786 2830 2939 2901 quod
2997 2846 3060 2882 ex
3118 2829 3401 2883 industria
3454 2829 3667 2882 factum

1970 2924 2074 2971 est.

164 3009 407 3062 Carnem
446 3024 562 3061 non
613 3007 922 3060 manduces
955 3006 1224 3059 omnibus
1282 3007 1483 3060 diebus
1536 3007 1665 3060 vitae
1723 3011 1855 3060 tum.
1894 3002 1933 3056 C
2043 3007 2311 3061 Occidisti
2366 3008 2652 3060 seniorem
2696 3011 2882 3071 tuum,
2942 3006 3029 3058 vei
3094 3005 3156 3058 in
3209 3004 3452 3058 concilio
3510 3003 3667 3056 fuisti

162 3096 395 3167 Jejunes
422 3102 614 3150 autem
666 3112 848 3165 usque
904 3096 974 3148 ad
1029 3111 1242 3148 nonam
1291 3094 1562 3165 quotidie,
1614 3096 1861 3164 exceptis

164 3185 323 3239 festis
362 3184 564 3239 diebus
610 3189 780 3254 atque
813 3183 1131 3237 dominicis.
1168 3183 1467 3237 Abstineas
1502 3187 1694 3236 autem
1722 3189 1776 3236 te
1829 3200 1862 3236 a

163 3274 317 3339 vino,
364 3273 627 3338 medone,
656 3273 867 3325 mellita
899 3272 1137 3325 cervisia
1176 3278 1290 3325 tres
1334 3272 1455 3325 dies
1493 3288 1597 3341 per
1648 3271 1861 3324 hebdo-

164 3362 415 3416 madam.
478 3364 650 3415 Arma
716 3365 942 3430 portare
1003 3376 1123 3413 non
1192 3360 1417 3421 audeas,
1492 3358 1598 3411 nisi
1664 3364 1862 3411 contra

164 3465 442 3520 paganos.
479 3450 543 3503 Et
570 3448 897 3518 ubicunque
944 3449 1029 3502 ire
1084 3446 1355 3514 volueris,
1407 3446 1565 3499 nullo
1599 3445 1859 3498 vehiculo

165 3538 486 3600 deducaris,
526 3538 622 3591 sed
656 3537 898 3606 pedibus
922 3535 1174 3605 propriis
1204 3550 1428 3604 pergas.
1462 3533 1545 3586 Ab
1576 3550 1769 3599 uxore,
1815 3534 1860 3586 si

164 3627 396 3691 habeas,
428 3642 545 3679 non
565 3626 845 3695 separaris
880 3641 891 3677 :
926 3625 972 3677 si
1002 3629 1190 3677 autem
1221 3638 1337 3675 non
1369 3620 1656 3686 habueris,
1691 3621 1860 3675 aliam

165 3732 281 3770 non
334 3715 523 3769 ducas.
585 3715 830 3783 Tempus
888 3717 1079 3766 autem
1138 3711 1311 3781 hujus
1366 3709 1736 3779 pmnitentim,
1802 3710 1860 3763 in

164 3798 420 3871 episcopi
439 3797 523 3851 tui
542 3797 616 3851 sit
636 3797 892 3864 arbritio,
922 3802 1001 3865 ut,
1026 3796 1342 3850 secundum
1373 3794 1861 3848 conversationem

164 3890 346 3951 tuam,
386 3891 485 3939 aut
516 3885 821 3939 extendere
860 3887 946 3938 vel
973 3885 1255 3951 minuere,
1288 3885 1486 3937 valeat.

242 3972 446 4028 Fecisti
476 3972 848 4027 homicidium
885 3988 1040 4039 casu,
1071 3972 1150 4027 ita
1206 3978 1271 4026 ut
1327 3971 1547 4024 nullum
1604 3968 1860 4023 occidere

167 4063 360 4127 velles,
394 4062 479 4115 vel
512 4062 680 4115 ferire
730 4062 1003 4115 voluisses
1033 4061 1092 4114 in
1142 4061 1226 4113 ira
1264 4065 1380 4125 tua,
1422 4060 1537 4112 sive
1570 4058 1729 4127 virga
1761 4075 1860 4112 seu

167 4151 341 4217 ferro,
376 4151 490 4203 sive
539 4150 733 4219 aliquo
765 4166 974 4219 genere
1024 4150 1256 4220 ﬂagelli,
1291 4150 1389 4203 sed
1420 4154 1483 4201 tu
1526 4146 1861 4216 simpliciter

166 4239 307 4304 ibas,
360 4244 462 4293 aut
512 4238 574 4292 in
625 4240 822 4292 silvam
880 4243 1170 4305 venatum,
1231 4243 1288 4291 et
1358 4238 1537 4291 feram
1592 4235 1857 4305 sagittare

167 4327 420 4394 voluisti,
478 4336 536 4381 et
583 4327 630 4380 si
678 4326 1007 4396 improvise,
1065 4332 1120 4381 te
1175 4328 1403 4381 nolente
1442 4329 1499 4378 et
1550 4323 1854 4387 nesciente,

166 4435 272 4489 pro
313 4417 434 4471 fera
466 4416 761 4471 occidisti?

238 4509 352 4559 Aut
401 4506 450 4559 si
491 4506 714 4576 jocatus
754 4502 909 4557 fuisti
949 4518 1077 4556 cum
1132 4502 1419 4573 aliquibus
1467 4502 1717 4571 aliquem
1782 4501 1864 4552 lu-

166 4596 326 4661 dum,
360 4598 417 4647 et
445 4594 699 4663 aliquam
731 4608 874 4657 rem,
911 4591 1026 4644 sive
1056 4590 1357 4656 aviculam,
1409 4590 1525 4643 sive
1573 4590 1861 4660 quoddam

165 4683 321 4737 aliud
351 4681 586 4749 animal,
619 4681 707 4734 vel
732 4680 790 4733 in
822 4680 956 4733 ludo
987 4678 1195 4748 aliquid
1245 4680 1474 4749 sagitta,
1508 4681 1591 4731 vel
1634 4677 1859 4741 baculo,

163 4772 248 4825 vel
280 4770 472 4841 lapide
502 4773 801 4839 percutere
850 4767 1097 4833 voluisti,
1155 4772 1212 4820 et
1242 4767 1319 4820 sic
1348 4774 1447 4820 aut
1476 4768 1733 4833 fratrem,
1767 4770 1865 4820 aut

165 4860 350 4914 filium
382 4864 567 4925 tuum,
597 4863 693 4911 aut
731 4857 982 4928 aliquem
1012 4855 1307 4909 hominem
1350 4856 1717 4923 interfecisti;

234 4950 345 5002 Aut
376 4946 422 4999 si
474 4945 659 4999 stabas
702 4946 760 4999 in
818 4947 942 4999 loco
1002 4943 1255 5014 publico,
1297 4943 1413 4997 sive
1470 4944 1528 4997 in
1589 4944 1865 4997 curticula

166 5040 284 5101 tua,
340 5035 455 5089 sive
508 5035 567 5088 in
624 5036 746 5088 loco
796 5035 930 5095 alio.
985 5039 1041 5087 et
1097 5036 1320 5102 petram
1372 5036 1606 5101 propter
1674 5033 1859 5085 locum

163 5122 506 5193 projiciebas
559 5121 617 5174 in
650 5122 817 5175 illum
870 5123 1057 5175 locum
1110 5120 1210 5174 ubi
1266 5120 1488 5173 nullum
1549 5119 1756 5187 vidisti,
1809 5126 1863 5175 et

168 5211 314 5265 nulli
343 5210 643 5264 insidiatus
676 5228 755 5275 es,
789 5215 847 5265 et
872 5215 1067 5264 tamen
1098 5207 1354 5263 occidisti
1388 5208 1636 5277 aliquem
1662 5228 1676 5273 ;

232 5302 346 5354 Aut
374 5299 419 5352 si
451 5299 660 5369 aliquis
718 5304 773 5353 te
825 5304 1091 5370 coegerat
1140 5302 1204 5351 ut
1260 5313 1452 5351 secum
1512 5297 1756 5360 luderes,
1808 5302 1863 5350 et

162 5394 224 5443 tu
251 5387 456 5442 fortior
484 5387 661 5453 fuisti,
694 5404 827 5442 eum
856 5388 1056 5442 subtus
1086 5392 1139 5441 te
1171 5384 1437 5453 stravisti,
1468 5390 1568 5438 aut
1623 5385 1744 5453 ipse
1782 5388 1857 5451 te,

165 5482 220 5530 et
248 5476 315 5544 si,
379 5493 410 5530 a
442 5482 540 5529 tuo
570 5476 656 5530 vel
710 5494 743 5530 a
774 5494 875 5531 suo
905 5477 1137 5531 cultello
1193 5476 1542 5541 vulneratus,
1597 5478 1860 5526 mortuus

165 5570 247 5619 est
263 5583 277 5633 ;

1970 3103 2035 3151 ut
2083 3098 2451 3162 occideretur,
2499 3097 2585 3149 vel
2631 3112 2867 3149 uxorem
2912 3100 3092 3160 tuam,
3146 3099 3362 3164 partem
3418 3092 3668 3162 corporis

1970 3186 2093 3239 tui?
2125 3187 2236 3239 dua
2269 3184 2507 3239 consilia
2534 3183 2915 3253 proponimus
2959 3182 3092 3247 tibi;
3118 3182 3262 3249 elige
3288 3183 3496 3234 horum
3525 3182 3665 3234 duo-

1970 3290 2098 3327 rum
2132 3275 2286 3343 quod
2327 3274 2429 3326 tibi
2460 3272 2685 3325 charius
2714 3273 2801 3324 sit.
2832 3271 2985 3324 Istud
3018 3287 3193 3322 unum
3223 3275 3308 3322 est
3340 3286 3351 3322 :
3386 3270 3667 3339 Relinque

1973 3364 2119 3416 istud
2153 3362 2353 3431 fragile
2388 3362 2683 3423 szeculum,
2730 3364 2785 3411 et
2816 3359 3115 3426 ingredere
3145 3358 3573 3422 monasterium,
3611 3362 3666 3409 et

1970 3451 2271 3505 humiliare
2295 3449 2397 3501 sub
2440 3464 2614 3501 manu
2661 3448 2881 3501 abbatis
2913 3466 2929 3499 :
2959 3451 3014 3499 et
3066 3452 3429 3515 cunctaqum
3460 3445 3561 3498 tibi
3597 3446 3665 3497 ab

1968 3557 2033 3593 eo
2061 3539 2273 3593 fuerint
2301 3538 2602 3607 imperata,
2638 3534 2884 3603 simplici
2914 3534 3108 3587 animo
3140 3535 3399 3593 observa,

2042 3627 2366 3683 Secundum
2400 3631 2592 3678 autem
2654 3623 2961 3677 consilium
3021 3623 3132 3675 tale
3164 3627 3291 3675 est:
3334 3623 3508 3674 Arma
3565 3620 3665 3673 de—

1970 3729 2137 3784 pone,
2201 3717 2256 3765 et
2313 3716 2517 3765 cuncta
2575 3694 2869 3764 saecularia
2946 3708 3175 3778 negotia
3238 3708 3483 3771 dimitte,
3543 3722 3662 3759 car-

1974 3816 2105 3853 nem
2163 3805 2217 3852 et
2275 3800 2531 3868 sagimen
2592 3798 2860 3851 omnibus
2918 3795 3118 3849 diebus
3176 3795 3303 3848 vitae
3358 3800 3473 3847 tua:
3552 3810 3666 3846 non

1971 3890 2258 3954 comedas,
2307 3893 2538 3958 excepto
2588 3903 2701 3940 uno
2761 3886 2853 3940 die
2911 3882 3363 3939 Resurrectionis
3414 3881 3663 3945 Domini,

1970 3983 2025 4031 et
2057 3994 2169 4029 uno
2218 3976 2310 4030 die
2371 3978 2747 4041 Pentecostes,
2777 3979 2833 4027 et
2862 3990 2977 4025 uno
3010 3973 3102 4025 die
3153 3970 3366 4026 Natalis
3417 3970 3664 4024 Domini.

1971 4064 2201 4119 Cmteris
2221 4062 2577 4131 temporibus
2608 4062 2664 4113 in
2697 4077 2845 4130 pane
2880 4065 2934 4112 et
2964 4076 3132 4129 aqua,
3168 4063 3223 4112 et
3255 4058 3542 4111 interdum
3584 4057 3664 4109 le-

1970 4151 2304 4221 guminibus
2353 4156 2410 4202 et
2449 4149 2698 4202 oleribus
2744 4147 3040 4217 poeniteas.
3094 4148 3159 4199 In
3198 4144 3455 4215 jejuniis,
3489 4144 3548 4197 in
3579 4144 3666 4195 vi—

1972 4240 2142 4311 giliis,
2174 4243 2228 4291 et
2259 4237 2639 4297 orationibus,
2672 4242 2727 4289 et
2766 4238 3143 4305 eleemosynis
3169 4249 3469 4304 persevera
3508 4234 3667 4285 omni

1971 4334 2249 4397 tempore.
2285 4326 2512 4390 Vinum,
2548 4331 2604 4377 et
2650 4325 2977 4390 medouem,
3032 4328 3087 4377 et
3150 4322 3426 4375 mellitam
3487 4320 3664 4374 cervi-

1972 4416 2113 4469 siam
2142 4430 2439 4485 nunquam
2486 4413 2668 4478 bibas,
2721 4413 2832 4465 nisi
2872 4413 2930 4465 in
2981 4412 3091 4465 illis
3121 4408 3408 4480 praedictis
3458 4409 3664 4474 tribus,

1972 4504 2189 4559 diebus.
2226 4505 2468 4557 Uxorem
2499 4518 2573 4555 ne
2623 4502 2814 4567 ducas,
2848 4499 3226 4553 concubinam
3270 4514 3385 4551 non
3434 4498 3665 4563 habeas,

1974 4591 2321 4645 adulterium
2376 4606 2489 4643 non
2529 4589 2722 4653 facias,
2756 4588 2969 4657 absque
3015 4603 3112 4655 spe
3152 4585 3406 4656 conjugii
3436 4585 3494 4638 iu
3544 4601 3668 4655 per-

1972 4687 2146 4751 petuo
2177 4696 2426 4733 maneas.
2466 4679 2771 4751 Nunquam
2818 4682 2870 4729 te
2903 4678 3052 4728 laves
3102 4675 3162 4727 in
3193 4675 3422 4741 balneo,
3451 4690 3663 4743 equum

1972 4787 2083 4823 non
2117 4768 2407 4831 ascendas,
2460 4782 2688 4819 causam
2725 4772 2879 4818 tuam
2932 4770 2987 4818 et
3015 4764 3251 4818 alterius
3281 4763 3340 4816 in
3387 4768 3667 4816 conventu

1971 4857 2229 4911 ﬁdelium
2262 4872 2377 4908 non
2412 4870 2565 4924 agas.
2599 4855 2661 4907 In
2693 4852 2969 4906 conviviis
3000 4852 3321 4906 laetantium
3369 4866 3666 4921 nunquam

1971 4945 2189 5000 sedeas.
2240 4945 2303 4997 In
2353 4943 2584 4997 ecclesia
2640 4946 2970 5012 segregatus
3028 4941 3099 4994 ab
3156 4940 3281 4993 aliis
3334 4937 3669 4993 Christianis

1973 5039 2100 5103 post
2142 5032 2349 5085 ostium
2382 5031 2677 5085 humiliter
2735 5036 2866 5084 stes.
2922 5028 3375 5099 lngredientium
3418 5032 3472 5079 et
3503 5042 3663 5095 egre—

1974 5122 2253 5176 dientium
2286 5120 2641 5174 orationibus
2664 5118 2999 5188 suppliciter
3020 5124 3071 5169 te
3097 5114 3483 5168 commendes.
3510 5115 3667 5167 Com-

1972 5209 2290 5264 munitione
2321 5208 2459 5263 sacri
2492 5208 2745 5277 corporis
2778 5211 2833 5260 et
2862 5204 3159 5275 sanguinis
3194 5202 3422 5257 Domini
3452 5201 3669 5254 cunctis

1972 5298 2172 5351 diebus
2221 5298 2352 5351 vitae
2400 5301 2513 5349 tua:
2563 5294 2865 5365 indignum
2899 5296 2954 5345 te
3005 5290 3309 5344 existimes.
3356 5291 3418 5343 In
3466 5288 3668 5341 ultimo

1971 5391 2164 5440 autem
2199 5386 2447 5439 termino
2489 5383 2614 5436 vita?
2645 5388 2776 5448 tuae,
2806 5396 2911 5450 pro
2942 5379 3170 5443 viatico,
3202 5378 3249 5429 si
3282 5376 3668 5431 observaveris

1971 5473 2294 5538 consilium,
2327 5477 2389 5526 ut
2418 5470 2680 5541 accipias,
2702 5469 2807 5523 tibi
2838 5467 3219 5522 concedimus.

2042 5562 2332 5626 Occidisti,
2392 5566 2489 5614 aut
2543 5560 2604 5613 in
2660 5558 2901 5612 concilio
2952 5555 3109 5611 fuisti
3193 5561 3254 5606 ut
3315 5553 3671 5608 occideretur
