  <div class='ocr_page' id='page_1' title='image "/cluster/home/n/w/nwhite01/storage/ocr_20150623/140/umn.31951002477433x/521.png"; bbox 0 0 3944 6302; ppageno 0'>
   <div class='ocr_carea' id='block_1_1' title="bbox 279 332 383 383">
    <p class='ocr_par' dir='ltr' id='par_1_1' title="bbox 279 332 383 383">
     <span class='ocr_line' id='line_1_1' title="bbox 279 332 383 383; baseline 0.01 -1"><span class='ocrx_word' id='word_1_1' title='bbox 279 332 383 383; x_wconf 75' lang='lat'><strong>955</strong></span> 
     </span>
    </p>
   </div>
   <div class='ocr_carea' id='block_1_2' title="bbox 1372 323 2704 382">
    <p class='ocr_par' dir='ltr' id='par_1_2' title="bbox 1372 323 2704 382">
     <span class='ocr_line' id='line_1_2' title="bbox 1372 323 2704 382; baseline -0.002 -1"><span class='ocrx_word' id='word_1_2' title='bbox 1372 327 1778 382; x_wconf 80' lang='lat' dir='ltr'><strong>BURCHARDI</strong></span> <span class='ocrx_word' id='word_1_3' title='bbox 1817 324 2347 382; x_wconf 82' lang='lat' dir='ltr'><strong>WORMACIENSIS</strong></span> <span class='ocrx_word' id='word_1_4' title='bbox 2385 323 2704 381; x_wconf 87' lang='lat' dir='ltr'><strong>EPISCOPI</strong></span> 
     </span>
    </p>
   </div>
   <div class='ocr_carea' id='block_1_3' title="bbox 3689 329 3793 379">
    <p class='ocr_par' dir='ltr' id='par_1_3' title="bbox 3689 329 3793 379">
     <span class='ocr_line' id='line_1_3' title="bbox 3689 329 3793 379; baseline 0 -1"><span class='ocrx_word' id='word_1_5' title='bbox 3689 329 3793 379; x_wconf 80' lang='lat'><strong>956</strong></span> 
     </span>
    </p>
   </div>
   <div class='ocr_carea' id='block_1_4' title="bbox 275 450 3795 525">
    <p class='ocr_par' dir='ltr' id='par_1_4' title="bbox 275 450 3795 525">
     <span class='ocr_line' id='line_1_4' title="bbox 275 450 3795 525; baseline 0 -18"><span class='ocrx_word' id='word_1_6' title='bbox 275 452 560 525; x_wconf 81' lang='lat' dir='ltr'><strong>paenitens</strong></span> <span class='ocrx_word' id='word_1_7' title='bbox 589 451 689 523; x_wconf 91' lang='lat' dir='ltr'><strong>qui</strong></span> <span class='ocrx_word' id='word_1_8' title='bbox 734 450 961 521; x_wconf 84' lang='lat' dir='ltr'><strong>publice</strong></span> <span class='ocrx_word' id='word_1_9' title='bbox 1019 450 1340 521; x_wconf 81' lang='lat' dir='ltr'><strong>paeniteret,</strong></span> <span class='ocrx_word' id='word_1_10' title='bbox 1374 456 1429 506; x_wconf 90' lang='lat' dir='ltr'><strong>et</strong></span> <span class='ocrx_word' id='word_1_11' title='bbox 1474 452 1535 504; x_wconf 90' lang='lat' dir='ltr'><strong>in</strong></span> <span class='ocrx_word' id='word_1_12' title='bbox 1592 453 1714 521; x_wconf 90' lang='lat' dir='ltr'><strong>ipso</strong></span> <span class='ocrx_word' id='word_1_13' title='bbox 1769 452 1978 506; x_wconf 88' lang='lat' dir='ltr'><strong>vestitu</strong></span> <span class='ocrx_word' id='word_1_14' title='bbox 2006 454 2053 507; x_wconf 79' lang='grc' dir='ltr'><strong>Α</strong></span> <span class='ocrx_word' id='word_1_15' title='bbox 2093 452 2261 506; x_wconf 80' lang='lat' dir='ltr'><strong>debet</strong></span> <span class='ocrx_word' id='word_1_16' title='bbox 2298 468 2420 507; x_wconf 88' lang='lat' dir='ltr'><strong>esse</strong></span> <span class='ocrx_word' id='word_1_17' title='bbox 2468 451 2588 507; x_wconf 86' lang='lat' dir='ltr'><strong>sine</strong></span> <span class='ocrx_word' id='word_1_18' title='bbox 2614 451 2974 522; x_wconf 70' lang='lat' dir='ltr'><strong>poenitentia.</strong></span> <span class='ocrx_word' id='word_1_19' title='bbox 3016 454 3253 520; x_wconf 86' lang='lat' dir='ltr'><strong>Tamen,</strong></span> <span class='ocrx_word' id='word_1_20' title='bbox 3280 454 3597 508; x_wconf 87' lang='lat' dir='ltr'><strong>secundum</strong></span> <span class='ocrx_word' id='word_1_21' title='bbox 3635 456 3795 508; x_wconf 85' lang='lat' dir='ltr'><strong>Wor-</strong></span> 
     </span>
    </p>
   </div>
   <div class='ocr_carea' id='block_1_5' title="bbox 280 539 1975 610">
    <p class='ocr_par' dir='ltr' id='par_1_5' title="bbox 280 539 1975 610">
     <span class='ocr_line' id='line_1_5' title="bbox 280 539 1975 610; baseline 0.001 -17"><span class='ocrx_word' id='word_1_22' title='bbox 280 540 368 595; x_wconf 90' lang='lat' dir='ltr'><strong>vel</strong></span> <span class='ocrx_word' id='word_1_23' title='bbox 419 540 619 594; x_wconf 90' lang='lat' dir='ltr'><strong>habitu</strong></span> <span class='ocrx_word' id='word_1_24' title='bbox 664 544 813 593; x_wconf 81' lang='lat' dir='ltr'><strong>esset</strong></span> <span class='ocrx_word' id='word_1_25' title='bbox 870 555 984 609; x_wconf 93' lang='lat' dir='ltr'><strong>quo</strong></span> <span class='ocrx_word' id='word_1_26' title='bbox 1044 540 1231 593; x_wconf 90' lang='lat' dir='ltr'><strong>solent</strong></span> <span class='ocrx_word' id='word_1_27' title='bbox 1260 539 1344 593; x_wconf 92' lang='lat' dir='ltr'><strong>illi</strong></span> <span class='ocrx_word' id='word_1_28' title='bbox 1400 556 1519 593; x_wconf 89' lang='lat' dir='ltr'><strong>esse</strong></span> <span class='ocrx_word' id='word_1_29' title='bbox 1568 540 1667 610; x_wconf 85' lang='lat' dir='ltr'><strong>qui</strong></span> <span class='ocrx_word' id='word_1_30' title='bbox 1722 541 1975 594; x_wconf 88' lang='lat' dir='ltr'><strong>carinam</strong></span> 
     </span>
    </p>
   </div>
   <div class='ocr_carea' id='block_1_6' title="bbox 274 626 1977 700">
    <p class='ocr_par' dir='ltr' id='par_1_6' title="bbox 274 626 1977 700">
     <span class='ocr_line' id='line_1_6' title="bbox 274 626 1977 700; baseline 0.001 -19"><span class='ocrx_word' id='word_1_31' title='bbox 274 627 580 699; x_wconf 80' lang='lat' dir='ltr'><strong>jejunant?</strong></span> <span class='ocrx_word' id='word_1_32' title='bbox 611 627 658 680; x_wconf 91' lang='lat' dir='ltr'><strong>si</strong></span> <span class='ocrx_word' id='word_1_33' title='bbox 676 627 863 680; x_wconf 90' lang='lat' dir='ltr'><strong>fecisti</strong></span> <span class='ocrx_word' id='word_1_34' title='bbox 893 626 1164 698; x_wconf 91' lang='lat' dir='ltr'><strong>idipsum,</strong></span> <span class='ocrx_word' id='word_1_35' title='bbox 1205 628 1374 682; x_wconf 87' lang='lat' dir='ltr'><strong>debes</strong></span> <span class='ocrx_word' id='word_1_36' title='bbox 1388 628 1653 698; x_wconf 88' lang='lat' dir='ltr'><strong>jejunare</strong></span> <span class='ocrx_word' id='word_1_37' title='bbox 1684 629 1835 700; x_wconf 90' lang='lat' dir='ltr'><strong>quod</strong></span> <span class='ocrx_word' id='word_1_38' title='bbox 1856 629 1977 699; x_wconf 89' lang='lat' dir='ltr'><strong>ipse</strong></span> 
     </span>
    </p>
   </div>
   <div class='ocr_carea' id='block_1_7' title="bbox 278 715 1976 787">
    <p class='ocr_par' dir='ltr' id='par_1_7' title="bbox 278 715 1976 787">
     <span class='ocr_line' id='line_1_7' title="bbox 278 715 1976 787; baseline 0.001 -17"><span class='ocrx_word' id='word_1_39' title='bbox 278 718 594 786; x_wconf 84' lang='lat' dir='ltr'><strong>inceperat,</strong></span> <span class='ocrx_word' id='word_1_40' title='bbox 629 721 686 769; x_wconf 90' lang='lat' dir='ltr'><strong>et</strong></span> <span class='ocrx_word' id='word_1_41' title='bbox 740 715 845 769; x_wconf 91' lang='lat' dir='ltr'><strong>hoc</strong></span> <span class='ocrx_word' id='word_1_42' title='bbox 870 720 1054 769; x_wconf 90' lang='lat' dir='ltr'><strong>totum</strong></span> <span class='ocrx_word' id='word_1_43' title='bbox 1086 716 1384 770; x_wconf 90' lang='lat' dir='ltr'><strong>observare</strong></span> <span class='ocrx_word' id='word_1_44' title='bbox 1418 717 1569 787; x_wconf 89' lang='lat' dir='ltr'><strong>quod</strong></span> <span class='ocrx_word' id='word_1_45' title='bbox 1625 723 1778 771; x_wconf 90' lang='lat' dir='ltr'><strong>retro</strong></span> <span class='ocrx_word' id='word_1_46' title='bbox 1827 734 1976 787; x_wconf 62' lang='lat' dir='ltr'><strong>pras—</strong></span> 
     </span>
    </p>
   </div>
   <div class='ocr_carea' id='block_1_8' title="bbox 281 804 1975 876">
    <p class='ocr_par' dir='ltr' id='par_1_8' title="bbox 281 804 1975 876">
     <span class='ocr_line' id='line_1_8' title="bbox 281 804 1975 876; baseline 0.001 -19"><span class='ocrx_word' id='word_1_47' title='bbox 281 810 512 873; x_wconf 87' lang='lat' dir='ltr'><strong>ceptum</strong></span> <span class='ocrx_word' id='word_1_48' title='bbox 540 809 623 858; x_wconf 90' lang='lat' dir='ltr'><strong>est</strong></span> <span class='ocrx_word' id='word_1_49' title='bbox 652 804 722 859; x_wconf 90' lang='lat' dir='ltr'><strong>de</strong></span> <span class='ocrx_word' id='word_1_50' title='bbox 776 804 865 858; x_wconf 90' lang='lat' dir='ltr'><strong>his</strong></span> <span class='ocrx_word' id='word_1_51' title='bbox 898 804 998 875; x_wconf 88' lang='lat' dir='ltr'><strong>qui</strong></span> <span class='ocrx_word' id='word_1_52' title='bbox 1050 804 1325 859; x_wconf 88' lang='lat' dir='ltr'><strong>homicidi</strong></span> <span class='ocrx_word' id='word_1_53' title='bbox 1382 810 1585 875; x_wconf 84' lang='lat' dir='ltr'><strong>sponte</strong></span> <span class='ocrx_word' id='word_1_54' title='bbox 1631 810 1686 859; x_wconf 90' lang='lat' dir='ltr'><strong>et</strong></span> <span class='ocrx_word' id='word_1_55' title='bbox 1726 822 1831 876; x_wconf 91' lang='lat' dir='ltr'><strong>per</strong></span> <span class='ocrx_word' id='word_1_56' title='bbox 1877 822 1975 859; x_wconf 91' lang='lat' dir='ltr'><strong>cu-</strong></span> 
     </span>
    </p>
   </div>
   <div class='ocr_carea' id='block_1_9' title="bbox 279 892 1044 964">
    <p class='ocr_par' dir='ltr' id='par_1_9' title="bbox 279 892 1044 964">
     <span class='ocr_line' id='line_1_9' title="bbox 279 892 1044 964; baseline -0.001 -18"><span class='ocrx_word' id='word_1_57' title='bbox 279 892 582 964; x_wconf 89' lang='lat' dir='ltr'><strong>piditatem</strong></span> <span class='ocrx_word' id='word_1_58' title='bbox 616 892 1044 946; x_wconf 87' lang='lat' dir='ltr'><strong>commiserunt.</strong></span> 
     </span>
    </p>
   </div>
   <div class='ocr_carea' id='block_1_10' title="bbox 354 980 1979 1057">
    <p class='ocr_par' dir='ltr' id='par_1_10' title="bbox 354 980 1979 1057">
     <span class='ocr_line' id='line_1_10' title="bbox 354 980 1979 1057; baseline 0.001 -23"><span class='ocrx_word' id='word_1_59' title='bbox 354 980 557 1035; x_wconf 85' lang='lat' dir='ltr'><strong>Fecisti</strong></span> <span class='ocrx_word' id='word_1_60' title='bbox 596 980 1014 1034; x_wconf 87' lang='lat' dir='ltr'><strong>truncationem</strong></span> <span class='ocrx_word' id='word_1_61' title='bbox 1077 997 1377 1046; x_wconf 88' lang='lat' dir='ltr'><strong>manuum,</strong></span> <span class='ocrx_word' id='word_1_62' title='bbox 1437 986 1537 1035; x_wconf 92' lang='lat' dir='ltr'><strong>aut</strong></span> <span class='ocrx_word' id='word_1_63' title='bbox 1595 982 1827 1057; x_wconf 85' lang='lat' dir='ltr'><strong>pedum,</strong></span> <span class='ocrx_word' id='word_1_64' title='bbox 1879 988 1979 1037; x_wconf 89' lang='lat' dir='ltr'><strong>aut</strong></span> 
     </span>
    </p>
   </div>
   <div class='ocr_carea' id='block_1_11' title="bbox 282 1069 1977 1141">
    <p class='ocr_par' dir='ltr' id='par_1_11' title="bbox 282 1069 1977 1141">
     <span class='ocr_line' id='line_1_11' title="bbox 282 1069 1977 1141; baseline 0.001 -18"><span class='ocrx_word' id='word_1_65' title='bbox 282 1070 474 1123; x_wconf 91' lang='lat' dir='ltr'><strong>oculos</strong></span> <span class='ocrx_word' id='word_1_66' title='bbox 531 1069 718 1123; x_wconf 85' lang='lat' dir='ltr'><strong>fratris</strong></span> <span class='ocrx_word' id='word_1_67' title='bbox 767 1070 849 1122; x_wconf 86' lang='lat' dir='ltr'><strong>tui</strong></span> <span class='ocrx_word' id='word_1_68' title='bbox 892 1069 1114 1136; x_wconf 80' lang='lat' dir='ltr'><strong>eruisti,</strong></span> <span class='ocrx_word' id='word_1_69' title='bbox 1170 1075 1269 1123; x_wconf 89' lang='lat' dir='ltr'><strong>aut</strong></span> <span class='ocrx_word' id='word_1_70' title='bbox 1320 1071 1633 1123; x_wconf 82' lang='lat' dir='ltr'><strong>vulnerasti</strong></span> <span class='ocrx_word' id='word_1_71' title='bbox 1688 1071 1977 1141; x_wconf 83' lang='lat' dir='ltr'><strong>aliquem?</strong></span> 
     </span>
    </p>
   </div>
   <div class='ocr_carea' id='block_1_12' title="bbox 281 1158 1976 1229">
    <p class='ocr_par' dir='ltr' id='par_1_12' title="bbox 281 1158 1976 1229">
     <span class='ocr_line' id='line_1_12' title="bbox 281 1158 1976 1229; baseline 0.002 -18"><span class='ocrx_word' id='word_1_72' title='bbox 281 1174 387 1228; x_wconf 89' lang='lat' dir='ltr'><strong>pro</strong></span> <span class='ocrx_word' id='word_1_73' title='bbox 435 1158 815 1224; x_wconf 88' lang='lat' dir='ltr'><strong>truncatione,</strong></span> <span class='ocrx_word' id='word_1_74' title='bbox 875 1159 1009 1229; x_wconf 88' lang='lat' dir='ltr'><strong>quia</strong></span> <span class='ocrx_word' id='word_1_75' title='bbox 1059 1158 1388 1228; x_wconf 86' lang='lat' dir='ltr'><strong>proximum</strong></span> <span class='ocrx_word' id='word_1_76' title='bbox 1440 1164 1495 1212; x_wconf 92' lang='lat' dir='ltr'><strong>et</strong></span> <span class='ocrx_word' id='word_1_77' title='bbox 1546 1160 1781 1212; x_wconf 82' lang='lat' dir='ltr'><strong>fratrem</strong></span> <span class='ocrx_word' id='word_1_78' title='bbox 1812 1164 1976 1214; x_wconf 86' lang='lat' dir='ltr'><strong>tuum</strong></span> 
     </span>
    </p>
   </div>
   <div class='ocr_carea' id='block_1_13' title="bbox 285 1245 1978 1316">
    <p class='ocr_par' dir='ltr' id='par_1_13' title="bbox 285 1245 1978 1316">
     <span class='ocr_line' id='line_1_13' title="bbox 285 1245 1978 1316; baseline 0.002 -18"><span class='ocrx_word' id='word_1_79' title='bbox 285 1245 530 1299; x_wconf 85' lang='lat' dir='ltr'><strong>debilem</strong></span> <span class='ocrx_word' id='word_1_80' title='bbox 562 1251 619 1298; x_wconf 93' lang='lat' dir='ltr'><strong>et</strong></span> <span class='ocrx_word' id='word_1_81' title='bbox 662 1246 772 1299; x_wconf 86' lang='lat' dir='ltr'><strong>sibi</strong></span> <span class='ocrx_word' id='word_1_82' title='bbox 817 1246 1081 1299; x_wconf 88' lang='lat' dir='ltr'><strong>inutilem</strong></span> <span class='ocrx_word' id='word_1_83' title='bbox 1137 1246 1341 1310; x_wconf 85' lang='lat' dir='ltr'><strong>fecisti,</strong></span> <span class='ocrx_word' id='word_1_84' title='bbox 1393 1246 1503 1300; x_wconf 90' lang='lat' dir='ltr'><strong>nisi</strong></span> <span class='ocrx_word' id='word_1_85' title='bbox 1532 1263 1636 1316; x_wconf 89' lang='lat' dir='ltr'><strong>pro</strong></span> <span class='ocrx_word' id='word_1_86' title='bbox 1665 1247 1839 1314; x_wconf 86' lang='lat' dir='ltr'><strong>furto,</strong></span> <span class='ocrx_word' id='word_1_87' title='bbox 1881 1251 1978 1301; x_wconf 88' lang='lat' dir='ltr'><strong>aut</strong></span> 
     </span>
    </p>
   </div>
   <div class='ocr_carea' id='block_1_14' title="bbox 279 1334 1971 1405">
    <p class='ocr_par' dir='ltr' id='par_1_14' title="bbox 279 1334 1971 1405">
     <span class='ocr_line' id='line_1_14' title="bbox 279 1334 1971 1405; baseline 0.001 -18"><span class='ocrx_word' id='word_1_88' title='bbox 279 1350 384 1405; x_wconf 92' lang='lat' dir='ltr'><strong>pro</strong></span> <span class='ocrx_word' id='word_1_89' title='bbox 446 1334 766 1402; x_wconf 90' lang='lat' dir='ltr'><strong>latrocinio,</strong></span> <span class='ocrx_word' id='word_1_90' title='bbox 838 1335 954 1388; x_wconf 91' lang='lat' dir='ltr'><strong>sive</strong></span> <span class='ocrx_word' id='word_1_91' title='bbox 1014 1351 1118 1404; x_wconf 91' lang='lat' dir='ltr'><strong>pro</strong></span> <span class='ocrx_word' id='word_1_92' title='bbox 1178 1351 1317 1405; x_wconf 87' lang='lat' dir='ltr'><strong>pace</strong></span> <span class='ocrx_word' id='word_1_93' title='bbox 1376 1335 1673 1389; x_wconf 89' lang='lat' dir='ltr'><strong>communi</strong></span> <span class='ocrx_word' id='word_1_94' title='bbox 1726 1336 1971 1404; x_wconf 90' lang='lat' dir='ltr'><strong>fecisses,</strong></span> 
     </span>
    </p>
   </div>
   <div class='ocr_carea' id='block_1_15' title="bbox 281 1422 1977 1493">
    <p class='ocr_par' dir='ltr' id='par_1_15' title="bbox 281 1422 1977 1493">
     <span class='ocr_line' id='line_1_15' title="bbox 281 1422 1977 1493; baseline 0.002 -18"><span class='ocrx_word' id='word_1_95' title='bbox 281 1438 463 1475; x_wconf 90' lang='lat' dir='ltr'><strong>unum</strong></span> <span class='ocrx_word' id='word_1_96' title='bbox 513 1438 729 1475; x_wconf 87' lang='lat' dir='ltr'><strong>annum</strong></span> <span class='ocrx_word' id='word_1_97' title='bbox 756 1422 1005 1493; x_wconf 80' lang='lat' dir='ltr'><strong>graviter</strong></span> <span class='ocrx_word' id='word_1_98' title='bbox 1043 1423 1321 1493; x_wconf 74' lang='lat' dir='ltr'><strong>poenitere</strong></span> <span class='ocrx_word' id='word_1_99' title='bbox 1351 1424 1543 1478; x_wconf 89' lang='lat' dir='ltr'><strong>debes.</strong></span> <span class='ocrx_word' id='word_1_100' title='bbox 1601 1426 1710 1478; x_wconf 88' lang='lat' dir='ltr'><strong>Pro</strong></span> <span class='ocrx_word' id='word_1_101' title='bbox 1742 1426 1977 1479; x_wconf 82' lang='lat' dir='ltr'><strong>vulnera</strong></span> 
     </span>
    </p>
   </div>
   <div class='ocr_carea' id='block_1_16' title="bbox 280 1511 1972 1581">
    <p class='ocr_par' dir='ltr' id='par_1_16' title="bbox 280 1511 1972 1581">
     <span class='ocr_line' id='line_1_16' title="bbox 280 1511 1972 1581; baseline 0.002 -18"><span class='ocrx_word' id='word_1_102' title='bbox 280 1515 491 1579; x_wconf 91' lang='lat' dir='ltr'><strong>autem,</strong></span> <span class='ocrx_word' id='word_1_103' title='bbox 524 1511 572 1564; x_wconf 90' lang='lat' dir='ltr'><strong>si</strong></span> <span class='ocrx_word' id='word_1_104' title='bbox 617 1528 786 1581; x_wconf 86' lang='lat' dir='ltr'><strong>grave</strong></span> <span class='ocrx_word' id='word_1_105' title='bbox 817 1518 921 1577; x_wconf 91' lang='lat' dir='ltr'><strong>est,</strong></span> <span class='ocrx_word' id='word_1_106' title='bbox 972 1516 1028 1565; x_wconf 88' lang='lat' dir='ltr'><strong>et</strong></span> <span class='ocrx_word' id='word_1_107' title='bbox 1055 1512 1342 1565; x_wconf 85' lang='lat' dir='ltr'><strong>cicatrices</strong></span> <span class='ocrx_word' id='word_1_108' title='bbox 1373 1513 1654 1566; x_wconf 90' lang='lat' dir='ltr'><strong>deformes</strong></span> <span class='ocrx_word' id='word_1_109' title='bbox 1687 1513 1972 1581; x_wconf 87' lang='lat' dir='ltr'><strong>habuerit,</strong></span> 
     </span>
    </p>
   </div>
   <div class='ocr_carea' id='block_1_17' title="bbox 280 1600 1973 1669">
    <p class='ocr_par' dir='ltr' id='par_1_17' title="bbox 280 1600 1973 1669">
     <span class='ocr_line' id='line_1_17' title="bbox 280 1600 1973 1669; baseline 0.002 -17"><span class='ocrx_word' id='word_1_110' title='bbox 280 1616 346 1653; x_wconf 91' lang='lat' dir='ltr'><strong>eo</strong></span> <span class='ocrx_word' id='word_1_111' title='bbox 377 1600 529 1669; x_wconf 92' lang='lat' dir='ltr'><strong>quod</strong></span> <span class='ocrx_word' id='word_1_112' title='bbox 560 1601 889 1669; x_wconf 86' lang='lat' dir='ltr'><strong>proximum</strong></span> <span class='ocrx_word' id='word_1_113' title='bbox 918 1606 1083 1653; x_wconf 87' lang='lat' dir='ltr'><strong>tuum</strong></span> <span class='ocrx_word' id='word_1_114' title='bbox 1124 1605 1181 1653; x_wconf 91' lang='lat' dir='ltr'><strong>et</strong></span> <span class='ocrx_word' id='word_1_115' title='bbox 1210 1600 1441 1655; x_wconf 80' lang='lat' dir='ltr'><strong>fratrem</strong></span> <span class='ocrx_word' id='word_1_116' title='bbox 1489 1602 1805 1655; x_wconf 82' lang='lat' dir='ltr'><strong>deformem</strong></span> <span class='ocrx_word' id='word_1_117' title='bbox 1845 1603 1973 1656; x_wconf 90' lang='lat' dir='ltr'><strong>red-</strong></span> 
     </span>
    </p>
   </div>
   <div class='ocr_carea' id='block_1_18' title="bbox 278 1687 1973 1761">
    <p class='ocr_par' dir='ltr' id='par_1_18' title="bbox 278 1687 1973 1761">
     <span class='ocr_line' id='line_1_18' title="bbox 278 1687 1973 1761; baseline 0.002 -20"><span class='ocrx_word' id='word_1_118' title='bbox 278 1687 509 1749; x_wconf 90' lang='lat' dir='ltr'><strong>dideris,</strong></span> <span class='ocrx_word' id='word_1_119' title='bbox 545 1688 925 1758; x_wconf 81' lang='lat' dir='ltr'><strong>quadraginta</strong></span> <span class='ocrx_word' id='word_1_120' title='bbox 955 1689 1076 1742; x_wconf 74' lang='lat' dir='ltr'><strong>dies</strong></span> <span class='ocrx_word' id='word_1_121' title='bbox 1115 1689 1174 1742; x_wconf 91' lang='lat' dir='ltr'><strong>in</strong></span> <span class='ocrx_word' id='word_1_122' title='bbox 1206 1705 1355 1759; x_wconf 89' lang='lat' dir='ltr'><strong>pane</strong></span> <span class='ocrx_word' id='word_1_123' title='bbox 1410 1694 1466 1742; x_wconf 91' lang='lat' dir='ltr'><strong>et</strong></span> <span class='ocrx_word' id='word_1_124' title='bbox 1515 1706 1664 1760; x_wconf 90' lang='lat' dir='ltr'><strong>aqua</strong></span> <span class='ocrx_word' id='word_1_125' title='bbox 1696 1691 1973 1761; x_wconf 77' lang='lat' dir='ltr'><strong>poenitere</strong></span> 
     </span>
    </p>
   </div>
   <div class='ocr_carea' id='block_1_19' title="bbox 281 1775 475 1830">
    <p class='ocr_par' dir='ltr' id='par_1_19' title="bbox 281 1775 475 1830">
     <span class='ocr_line' id='line_1_19' title="bbox 281 1775 475 1830; baseline -0.015 0"><span class='ocrx_word' id='word_1_126' title='bbox 281 1775 475 1830; x_wconf 86' lang='lat' dir='ltr'><strong>debes.</strong></span> 
     </span>
    </p>
   </div>
   <div class='ocr_carea' id='block_1_20' title="bbox 351 1864 1977 1936">
    <p class='ocr_par' dir='ltr' id='par_1_20' title="bbox 351 1864 1977 1936">
     <span class='ocr_line' id='line_1_20' title="bbox 351 1864 1977 1936; baseline 0.002 -18"><span class='ocrx_word' id='word_1_127' title='bbox 351 1864 689 1918; x_wconf 85' lang='lat' dir='ltr'><strong>Interfccisti</strong></span> <span class='ocrx_word' id='word_1_128' title='bbox 736 1866 919 1918; x_wconf 88' lang='lat' dir='ltr'><strong>furem</strong></span> <span class='ocrx_word' id='word_1_129' title='bbox 960 1869 1057 1919; x_wconf 90' lang='lat' dir='ltr'><strong>aut</strong></span> <span class='ocrx_word' id='word_1_130' title='bbox 1085 1866 1389 1929; x_wconf 86' lang='lat' dir='ltr'><strong>latronem,</strong></span> <span class='ocrx_word' id='word_1_131' title='bbox 1426 1865 1524 1920; x_wconf 92' lang='lat' dir='ltr'><strong>ubi</strong></span> <span class='ocrx_word' id='word_1_132' title='bbox 1570 1867 1977 1936; x_wconf 87' lang='lat' dir='ltr'><strong>comprehendi</strong></span> 
     </span>
    </p>
   </div>
   <div class='ocr_carea' id='block_1_21' title="bbox 279 1953 1977 2023">
    <p class='ocr_par' dir='ltr' id='par_1_21' title="bbox 279 1953 1977 2023">
     <span class='ocr_line' id='line_1_21' title="bbox 279 1953 1977 2023; baseline 0.002 -18"><span class='ocrx_word' id='word_1_133' title='bbox 279 1957 500 2023; x_wconf 86' lang='lat' dir='ltr'><strong>poterat</strong></span> <span class='ocrx_word' id='word_1_134' title='bbox 556 1953 771 2022; x_wconf 89' lang='lat' dir='ltr'><strong>absque</strong></span> <span class='ocrx_word' id='word_1_135' title='bbox 850 1954 1150 2020; x_wconf 88' lang='lat' dir='ltr'><strong>occisione,</strong></span> <span class='ocrx_word' id='word_1_136' title='bbox 1231 1959 1288 2008; x_wconf 94' lang='lat' dir='ltr'><strong>et</strong></span> <span class='ocrx_word' id='word_1_137' title='bbox 1338 1959 1532 2008; x_wconf 89' lang='lat' dir='ltr'><strong>tamen</strong></span> <span class='ocrx_word' id='word_1_138' title='bbox 1608 1955 1977 2010; x_wconf 79' lang='lat' dir='ltr'><strong>interfecisti?</strong></span> 
     </span>
    </p>
   </div>
   <div class='ocr_carea' id='block_1_22' title="bbox 279 2040 1976 2116">
    <p class='ocr_par' dir='ltr' id='par_1_22' title="bbox 279 2040 1976 2116">
     <span class='ocr_line' id='line_1_22' title="bbox 279 2040 1976 2116; baseline 0.004 -24"><span class='ocrx_word' id='word_1_139' title='bbox 279 2040 415 2111; x_wconf 88' lang='lat' dir='ltr'><strong>quia</strong></span> <span class='ocrx_word' id='word_1_140' title='bbox 446 2041 515 2095; x_wconf 88' lang='lat' dir='ltr'><strong>ad</strong></span> <span class='ocrx_word' id='word_1_141' title='bbox 556 2042 868 2112; x_wconf 84' lang='lat' dir='ltr'><strong>imaginem</strong></span> <span class='ocrx_word' id='word_1_142' title='bbox 928 2041 1028 2095; x_wconf 90' lang='lat' dir='ltr'><strong>Dei</strong></span> <span class='ocrx_word' id='word_1_143' title='bbox 1066 2046 1305 2111; x_wconf 90' lang='lat' dir='ltr'><strong>creatus,</strong></span> <span class='ocrx_word' id='word_1_144' title='bbox 1358 2048 1414 2096; x_wconf 91' lang='lat' dir='ltr'><strong>et</strong></span> <span class='ocrx_word' id='word_1_145' title='bbox 1468 2043 1525 2096; x_wconf 93' lang='lat' dir='ltr'><strong>in</strong></span> <span class='ocrx_word' id='word_1_146' title='bbox 1566 2044 1801 2097; x_wconf 90' lang='lat' dir='ltr'><strong>nomine</strong></span> <span class='ocrx_word' id='word_1_147' title='bbox 1851 2046 1976 2116; x_wconf 89' lang='lat' dir='ltr'><strong>ejus</strong></span> 
     </span>
    </p>
   </div>
   <div class='ocr_carea' id='block_1_23' title="bbox 281 2130 1974 2201">
    <p class='ocr_par' dir='ltr' id='par_1_23' title="bbox 281 2130 1974 2201">
     <span class='ocr_line' id='line_1_23' title="bbox 281 2130 1974 2201; baseline 0.002 -17"><span class='ocrx_word' id='word_1_148' title='bbox 281 2130 619 2200; x_wconf 85' lang='lat' dir='ltr'><strong>baptizatus,</strong></span> <span class='ocrx_word' id='word_1_149' title='bbox 653 2136 709 2183; x_wconf 91' lang='lat' dir='ltr'><strong>et</strong></span> <span class='ocrx_word' id='word_1_150' title='bbox 740 2130 1017 2200; x_wconf 88' lang='lat' dir='ltr'><strong>sanguine</strong></span> <span class='ocrx_word' id='word_1_151' title='bbox 1050 2132 1174 2201; x_wconf 85' lang='lat' dir='ltr'><strong>ejus</strong></span> <span class='ocrx_word' id='word_1_152' title='bbox 1201 2132 1531 2201; x_wconf 88' lang='lat' dir='ltr'><strong>redemptus</strong></span> <span class='ocrx_word' id='word_1_153' title='bbox 1565 2136 1666 2199; x_wconf 91' lang='lat' dir='ltr'><strong>est,</strong></span> <span class='ocrx_word' id='word_1_154' title='bbox 1726 2133 1811 2187; x_wconf 87' lang='lat' dir='ltr'><strong>XL</strong></span> <span class='ocrx_word' id='word_1_155' title='bbox 1854 2134 1974 2187; x_wconf 91' lang='lat' dir='ltr'><strong>dies</strong></span> 
     </span>
    </p>
   </div>
   <div class='ocr_carea' id='block_1_24' title="bbox 278 2217 1975 2286">
    <p class='ocr_par' dir='ltr' id='par_1_24' title="bbox 278 2217 1975 2286">
     <span class='ocr_line' id='line_1_24' title="bbox 278 2217 1975 2286; baseline 0.003 -16"><span class='ocrx_word' id='word_1_156' title='bbox 278 2233 394 2271; x_wconf 93' lang='lat' dir='ltr'><strong>non</strong></span> <span class='ocrx_word' id='word_1_157' title='bbox 422 2217 598 2270; x_wconf 87' lang='lat' dir='ltr'><strong>intres</strong></span> <span class='ocrx_word' id='word_1_158' title='bbox 630 2218 687 2270; x_wconf 91' lang='lat' dir='ltr'><strong>in</strong></span> <span class='ocrx_word' id='word_1_159' title='bbox 707 2218 1033 2283; x_wconf 88' lang='lat' dir='ltr'><strong>Ecclesiam,</strong></span> <span class='ocrx_word' id='word_1_160' title='bbox 1065 2219 1231 2272; x_wconf 89' lang='lat' dir='ltr'><strong>lanea</strong></span> <span class='ocrx_word' id='word_1_161' title='bbox 1250 2224 1400 2272; x_wconf 88' lang='lat' dir='ltr'><strong>veste</strong></span> <span class='ocrx_word' id='word_1_162' title='bbox 1431 2219 1685 2286; x_wconf 90' lang='lat' dir='ltr'><strong>indutus,</strong></span> <span class='ocrx_word' id='word_1_163' title='bbox 1725 2221 1795 2274; x_wconf 91' lang='lat' dir='ltr'><strong>ab</strong></span> <span class='ocrx_word' id='word_1_164' title='bbox 1836 2222 1975 2275; x_wconf 91' lang='lat' dir='ltr'><strong>escis</strong></span> 
     </span>
    </p>
   </div>
   <div class='ocr_carea' id='block_1_25' title="bbox 278 2306 1975 2379">
    <p class='ocr_par' dir='ltr' id='par_1_25' title="bbox 278 2306 1975 2379">
     <span class='ocr_line' id='line_1_25' title="bbox 278 2306 1975 2379; baseline 0.003 -20"><span class='ocrx_word' id='word_1_165' title='bbox 278 2311 335 2359; x_wconf 91' lang='lat' dir='ltr'><strong>et</strong></span> <span class='ocrx_word' id='word_1_166' title='bbox 386 2306 616 2375; x_wconf 88' lang='lat' dir='ltr'><strong>potibus</strong></span> <span class='ocrx_word' id='word_1_167' title='bbox 648 2307 748 2376; x_wconf 91' lang='lat' dir='ltr'><strong>qui</strong></span> <span class='ocrx_word' id='word_1_168' title='bbox 798 2306 1088 2361; x_wconf 90' lang='lat' dir='ltr'><strong>interdicti</strong></span> <span class='ocrx_word' id='word_1_169' title='bbox 1146 2312 1298 2374; x_wconf 86' lang='lat' dir='ltr'><strong>sunt,</strong></span> <span class='ocrx_word' id='word_1_170' title='bbox 1362 2312 1419 2361; x_wconf 89' lang='lat' dir='ltr'><strong>et</strong></span> <span class='ocrx_word' id='word_1_171' title='bbox 1464 2325 1497 2361; x_wconf 90' lang='lat' dir='ltr'><strong>a</strong></span> <span class='ocrx_word' id='word_1_172' title='bbox 1529 2313 1672 2374; x_wconf 91' lang='lat' dir='ltr'><strong>toro,</strong></span> <span class='ocrx_word' id='word_1_173' title='bbox 1725 2327 1756 2362; x_wconf 92' lang='lat' dir='ltr'><strong>a</strong></span> <span class='ocrx_word' id='word_1_174' title='bbox 1786 2311 1975 2379; x_wconf 89' lang='lat' dir='ltr'><strong>gladio</strong></span> 
     </span>
    </p>
   </div>
   <div class='ocr_carea' id='block_1_26' title="bbox 278 2395 1976 2466">
    <p class='ocr_par' dir='ltr' id='par_1_26' title="bbox 278 2395 1976 2466">
     <span class='ocr_line' id='line_1_26' title="bbox 278 2395 1976 2466; baseline 0.004 -19"><span class='ocrx_word' id='word_1_175' title='bbox 278 2399 332 2447; x_wconf 89' lang='lat' dir='ltr'><strong>et</strong></span> <span class='ocrx_word' id='word_1_176' title='bbox 365 2395 433 2448; x_wconf 90' lang='lat' dir='ltr'><strong>ab</strong></span> <span class='ocrx_word' id='word_1_177' title='bbox 463 2396 721 2465; x_wconf 90' lang='lat' dir='ltr'><strong>equitatu</strong></span> <span class='ocrx_word' id='word_1_178' title='bbox 753 2396 881 2449; x_wconf 92' lang='lat' dir='ltr'><strong>illos</strong></span> <span class='ocrx_word' id='word_1_179' title='bbox 922 2396 1278 2466; x_wconf 88' lang='lat' dir='ltr'><strong>supradictos</strong></span> <span class='ocrx_word' id='word_1_180' title='bbox 1307 2396 1427 2451; x_wconf 89' lang='lat' dir='ltr'><strong>dies</strong></span> <span class='ocrx_word' id='word_1_181' title='bbox 1457 2402 1513 2450; x_wconf 90' lang='lat' dir='ltr'><strong>te</strong></span> <span class='ocrx_word' id='word_1_182' title='bbox 1571 2397 1875 2451; x_wconf 90' lang='lat' dir='ltr'><strong>abstineas.</strong></span> <span class='ocrx_word' id='word_1_183' title='bbox 1909 2401 1976 2453; x_wconf 92' lang='lat' dir='ltr'><strong>In</strong></span> 
     </span>
    </p>
   </div>
   <div class='ocr_carea' id='block_1_27' title="bbox 275 2481 1972 2557">
    <p class='ocr_par' dir='ltr' id='par_1_27' title="bbox 275 2481 1972 2557">
     <span class='ocr_line' id='line_1_27' title="bbox 275 2481 1972 2557; baseline 0.003 -23"><span class='ocrx_word' id='word_1_184' title='bbox 275 2481 442 2535; x_wconf 88' lang='lat' dir='ltr'><strong>tertia</strong></span> <span class='ocrx_word' id='word_1_185' title='bbox 472 2488 663 2535; x_wconf 90' lang='lat' dir='ltr'><strong>autem</strong></span> <span class='ocrx_word' id='word_1_186' title='bbox 709 2484 869 2551; x_wconf 90' lang='lat' dir='ltr'><strong>feria,</strong></span> <span class='ocrx_word' id='word_1_187' title='bbox 907 2490 963 2537; x_wconf 89' lang='lat' dir='ltr'><strong>et</strong></span> <span class='ocrx_word' id='word_1_188' title='bbox 1006 2485 1063 2537; x_wconf 90' lang='lat' dir='ltr'><strong>in</strong></span> <span class='ocrx_word' id='word_1_189' title='bbox 1098 2484 1300 2554; x_wconf 86' lang='lat' dir='ltr'><strong>quinta</strong></span> <span class='ocrx_word' id='word_1_190' title='bbox 1344 2491 1399 2537; x_wconf 91' lang='lat' dir='ltr'><strong>et</strong></span> <span class='ocrx_word' id='word_1_191' title='bbox 1428 2484 1486 2537; x_wconf 89' lang='lat' dir='ltr'><strong>in</strong></span> <span class='ocrx_word' id='word_1_192' title='bbox 1517 2484 1751 2538; x_wconf 83' lang='lat' dir='ltr'><strong>sabbato</strong></span> <span class='ocrx_word' id='word_1_193' title='bbox 1779 2485 1972 2557; x_wconf 89' lang='lat' dir='ltr'><strong>aliquo</strong></span> 
     </span>
    </p>
   </div>
   <div class='ocr_carea' id='block_1_28' title="bbox 280 2571 1973 2642">
    <p class='ocr_par' dir='ltr' id='par_1_28' title="bbox 280 2571 1973 2642">
     <span class='ocr_line' id='line_1_28' title="bbox 280 2571 1973 2642; baseline 0.002 -19"><span class='ocrx_word' id='word_1_194' title='bbox 280 2586 490 2640; x_wconf 86' lang='lat' dir='ltr'><strong>genere</strong></span> <span class='ocrx_word' id='word_1_195' title='bbox 547 2571 927 2641; x_wconf 87' lang='lat' dir='ltr'><strong>leguminum,</strong></span> <span class='ocrx_word' id='word_1_196' title='bbox 1008 2573 1093 2625; x_wconf 86' lang='lat' dir='ltr'><strong>vel</strong></span> <span class='ocrx_word' id='word_1_197' title='bbox 1158 2572 1409 2625; x_wconf 88' lang='lat' dir='ltr'><strong>oleribus</strong></span> <span class='ocrx_word' id='word_1_198' title='bbox 1475 2577 1531 2626; x_wconf 91' lang='lat' dir='ltr'><strong>et</strong></span> <span class='ocrx_word' id='word_1_199' title='bbox 1601 2574 1809 2642; x_wconf 88' lang='lat' dir='ltr'><strong>pomis,</strong></span> <span class='ocrx_word' id='word_1_200' title='bbox 1887 2576 1973 2629; x_wconf 90' lang='lat' dir='ltr'><strong>vel</strong></span> 
     </span>
    </p>
   </div>
   <div class='ocr_carea' id='block_1_29' title="bbox 278 2658 1973 2729">
    <p class='ocr_par' dir='ltr' id='par_1_29' title="bbox 278 2658 1973 2729">
     <span class='ocr_line' id='line_1_29' title="bbox 278 2658 1973 2729; baseline 0.005 -19"><span class='ocrx_word' id='word_1_201' title='bbox 278 2658 468 2728; x_wconf 86' lang='lat' dir='ltr'><strong>parvis</strong></span> <span class='ocrx_word' id='word_1_202' title='bbox 516 2659 802 2728; x_wconf 90' lang='lat' dir='ltr'><strong>pisciculis</strong></span> <span class='ocrx_word' id='word_1_203' title='bbox 855 2678 983 2715; x_wconf 90' lang='lat' dir='ltr'><strong>cum</strong></span> <span class='ocrx_word' id='word_1_204' title='bbox 1048 2661 1325 2715; x_wconf 88' lang='lat' dir='ltr'><strong>mediocri</strong></span> <span class='ocrx_word' id='word_1_205' title='bbox 1379 2661 1615 2715; x_wconf 80' lang='lat' dir='ltr'><strong>cervisia</strong></span> <span class='ocrx_word' id='word_1_206' title='bbox 1674 2667 1857 2729; x_wconf 91' lang='lat' dir='ltr'><strong>utere,</strong></span> <span class='ocrx_word' id='word_1_207' title='bbox 1918 2668 1973 2718; x_wconf 90' lang='lat' dir='ltr'><strong>et</strong></span> 
     </span>
    </p>
   </div>
   <div class='ocr_carea' id='block_1_30' title="bbox 278 2748 1973 2818">
    <p class='ocr_par' dir='ltr' id='par_1_30' title="bbox 278 2748 1973 2818">
     <span class='ocr_line' id='line_1_30' title="bbox 278 2748 1973 2818; baseline 0.003 -18"><span class='ocrx_word' id='word_1_208' title='bbox 278 2751 613 2817; x_wconf 89' lang='lat' dir='ltr'><strong>temperate.</strong></span> <span class='ocrx_word' id='word_1_209' title='bbox 664 2748 720 2802; x_wconf 91' lang='lat' dir='ltr'><strong>Si</strong></span> <span class='ocrx_word' id='word_1_210' title='bbox 766 2754 955 2803; x_wconf 91' lang='lat' dir='ltr'><strong>autem</strong></span> <span class='ocrx_word' id='word_1_211' title='bbox 1007 2749 1128 2803; x_wconf 88' lang='lat' dir='ltr'><strong>sine</strong></span> <span class='ocrx_word' id='word_1_212' title='bbox 1170 2750 1284 2803; x_wconf 92' lang='lat' dir='ltr'><strong>odii</strong></span> <span class='ocrx_word' id='word_1_213' title='bbox 1331 2750 1718 2818; x_wconf 86' lang='lat' dir='ltr'><strong>meditatione,</strong></span> <span class='ocrx_word' id='word_1_214' title='bbox 1764 2756 1819 2805; x_wconf 88' lang='lat' dir='ltr'><strong>te</strong></span> <span class='ocrx_word' id='word_1_215' title='bbox 1846 2756 1973 2805; x_wconf 90' lang='lat' dir='ltr'><strong>tua-</strong></span> 
     </span>
    </p>
   </div>
   <div class='ocr_carea' id='block_1_31' title="bbox 279 2836 1971 2906">
    <p class='ocr_par' dir='ltr' id='par_1_31' title="bbox 279 2836 1971 2906">
     <span class='ocr_line' id='line_1_31' title="bbox 279 2836 1971 2906; baseline 0.005 -20"><span class='ocrx_word' id='word_1_216' title='bbox 279 2851 389 2904; x_wconf 90' lang='lat' dir='ltr'><strong>que</strong></span> <span class='ocrx_word' id='word_1_217' title='bbox 416 2836 734 2902; x_wconf 88' lang='lat' dir='ltr'><strong>liberando,</strong></span> <span class='ocrx_word' id='word_1_218' title='bbox 769 2838 983 2891; x_wconf 89' lang='lat' dir='ltr'><strong>diaboli</strong></span> <span class='ocrx_word' id='word_1_219' title='bbox 1023 2839 1345 2891; x_wconf 88' lang='lat' dir='ltr'><strong>membrum</strong></span> <span class='ocrx_word' id='word_1_220' title='bbox 1369 2839 1724 2906; x_wconf 86' lang='lat' dir='ltr'><strong>interfecisti,</strong></span> <span class='ocrx_word' id='word_1_221' title='bbox 1768 2856 1971 2894; x_wconf 90' lang='lat' dir='ltr'><strong>secun-</strong></span> 
     </span>
    </p>
   </div>
   <div class='ocr_carea' id='block_1_32' title="bbox 280 2923 1976 2997">
    <p class='ocr_par' dir='ltr' id='par_1_32' title="bbox 280 2923 1976 2997">
     <span class='ocr_line' id='line_1_32' title="bbox 280 2923 1976 2997; baseline 0.004 -21"><span class='ocrx_word' id='word_1_222' title='bbox 280 2923 416 2976; x_wconf 92' lang='lat' dir='ltr'><strong>dum</strong></span> <span class='ocrx_word' id='word_1_223' title='bbox 450 2924 868 2993; x_wconf 87' lang='lat' dir='ltr'><strong>indulgentiam</strong></span> <span class='ocrx_word' id='word_1_224' title='bbox 911 2926 1055 2993; x_wconf 88' lang='lat' dir='ltr'><strong>dico,</strong></span> <span class='ocrx_word' id='word_1_225' title='bbox 1105 2932 1343 2996; x_wconf 86' lang='lat' dir='ltr'><strong>propter</strong></span> <span class='ocrx_word' id='word_1_226' title='bbox 1372 2927 1686 2997; x_wconf 87' lang='lat' dir='ltr'><strong>imaginem</strong></span> <span class='ocrx_word' id='word_1_227' title='bbox 1741 2928 1858 2995; x_wconf 88' lang='lat' dir='ltr'><strong>Dei,</strong></span> <span class='ocrx_word' id='word_1_228' title='bbox 1928 2930 1976 2981; x_wconf 92' lang='lat' dir='ltr'><strong>si</strong></span> 
     </span>
    </p>
   </div>
   <div class='ocr_carea' id='block_1_33' title="bbox 2088 540 3792 611">
    <p class='ocr_par' dir='ltr' id='par_1_33' title="bbox 2088 540 3792 611">
     <span class='ocr_line' id='line_1_33' title="bbox 2088 540 3792 611; baseline 0.002 -17"><span class='ocrx_word' id='word_1_229' title='bbox 2088 541 2374 594; x_wconf 88' lang='lat' dir='ltr'><strong>maciense</strong></span> <span class='ocrx_word' id='word_1_230' title='bbox 2406 541 2733 606; x_wconf 90' lang='lat' dir='ltr'><strong>consilium,</strong></span> <span class='ocrx_word' id='word_1_231' title='bbox 2765 540 2844 594; x_wconf 92' lang='lat' dir='ltr'><strong>ita</strong></span> <span class='ocrx_word' id='word_1_232' title='bbox 2871 540 3041 595; x_wconf 90' lang='lat' dir='ltr'><strong>debes</strong></span> <span class='ocrx_word' id='word_1_233' title='bbox 3071 542 3351 611; x_wconf 71' lang='lat' dir='ltr'><strong>paenitere</strong></span> <span class='ocrx_word' id='word_1_234' title='bbox 3385 559 3397 595; x_wconf 93' lang='lat'>:</span> <span class='ocrx_word' id='word_1_235' title='bbox 3432 542 3489 596; x_wconf 89' lang='lat' dir='ltr'><strong>Si</strong></span> <span class='ocrx_word' id='word_1_236' title='bbox 3527 544 3792 598; x_wconf 84' lang='lat' dir='ltr'><strong>sacerdo-</strong></span> 
     </span>
    </p>
   </div>
   <div class='ocr_carea' id='block_1_34' title="bbox 2086 628 3794 698">
    <p class='ocr_par' dir='ltr' id='par_1_34' title="bbox 2086 628 3794 698">
     <span class='ocr_line' id='line_1_34' title="bbox 2086 628 3794 698; baseline 0.002 -16"><span class='ocrx_word' id='word_1_237' title='bbox 2086 633 2203 682; x_wconf 90' lang='lat' dir='ltr'><strong>tem</strong></span> <span class='ocrx_word' id='word_1_238' title='bbox 2234 629 2552 682; x_wconf 89' lang='lat' dir='ltr'><strong>voluntarie</strong></span> <span class='ocrx_word' id='word_1_239' title='bbox 2580 628 2872 696; x_wconf 88' lang='lat' dir='ltr'><strong>occideris,</strong></span> <span class='ocrx_word' id='word_1_240' title='bbox 2915 645 3146 683; x_wconf 90' lang='lat' dir='ltr'><strong>carnem</strong></span> <span class='ocrx_word' id='word_1_241' title='bbox 3178 646 3292 684; x_wconf 93' lang='lat' dir='ltr'><strong>non</strong></span> <span class='ocrx_word' id='word_1_242' title='bbox 3348 632 3681 698; x_wconf 86' lang='lat' dir='ltr'><strong>manduces,</strong></span> <span class='ocrx_word' id='word_1_243' title='bbox 3738 637 3794 685; x_wconf 89' lang='lat' dir='ltr'><strong>et</strong></span> 
     </span>
    </p>
   </div>
   <div class='ocr_carea' id='block_1_35' title="bbox 2087 717 3793 791">
    <p class='ocr_par' dir='ltr' id='par_1_35' title="bbox 2087 717 3793 791">
     <span class='ocr_line' id='line_1_35' title="bbox 2087 717 3793 791; baseline 0.001 -20"><span class='ocrx_word' id='word_1_244' title='bbox 2087 717 2287 771; x_wconf 87' lang='lat' dir='ltr'><strong>vinum</strong></span> <span class='ocrx_word' id='word_1_245' title='bbox 2333 734 2450 771; x_wconf 92' lang='lat' dir='ltr'><strong>non</strong></span> <span class='ocrx_word' id='word_1_246' title='bbox 2481 718 2643 773; x_wconf 89' lang='lat' dir='ltr'><strong>bibas</strong></span> <span class='ocrx_word' id='word_1_247' title='bbox 2699 718 2915 771; x_wconf 82' lang='lat' dir='ltr'><strong>cunctis</strong></span> <span class='ocrx_word' id='word_1_248' title='bbox 2936 718 3137 773; x_wconf 92' lang='lat' dir='ltr'><strong>diebus</strong></span> <span class='ocrx_word' id='word_1_249' title='bbox 3191 719 3321 773; x_wconf 63' lang='lat' dir='ltr'><strong>vitae</strong></span> <span class='ocrx_word' id='word_1_250' title='bbox 3367 724 3499 773; x_wconf 84' lang='lat' dir='ltr'><strong>tuae.</strong></span> <span class='ocrx_word' id='word_1_251' title='bbox 3555 721 3793 791; x_wconf 86' lang='lat' dir='ltr'><strong>Jejunes</strong></span> 
     </span>
    </p>
   </div>
   <div class='ocr_carea' id='block_1_36' title="bbox 2089 806 3784 878">
    <p class='ocr_par' dir='ltr' id='par_1_36' title="bbox 2089 806 3784 878">
     <span class='ocr_line' id='line_1_36' title="bbox 2089 806 3784 878; baseline 0.002 -19"><span class='ocrx_word' id='word_1_252' title='bbox 2089 806 2345 876; x_wconf 87' lang='lat' dir='ltr'><strong>quotidie</strong></span> <span class='ocrx_word' id='word_1_253' title='bbox 2375 822 2557 876; x_wconf 90' lang='lat' dir='ltr'><strong>usque</strong></span> <span class='ocrx_word' id='word_1_254' title='bbox 2593 806 2659 860; x_wconf 89' lang='lat' dir='ltr'><strong>ad</strong></span> <span class='ocrx_word' id='word_1_255' title='bbox 2704 823 3018 877; x_wconf 87' lang='lat' dir='ltr'><strong>vesperam,</strong></span> <span class='ocrx_word' id='word_1_256' title='bbox 3061 808 3311 878; x_wconf 87' lang='lat' dir='ltr'><strong>exceptis</strong></span> <span class='ocrx_word' id='word_1_257' title='bbox 3343 807 3543 861; x_wconf 91' lang='lat' dir='ltr'><strong>diebus</strong></span> <span class='ocrx_word' id='word_1_258' title='bbox 3600 808 3784 876; x_wconf 88' lang='lat' dir='ltr'><strong>festis,</strong></span> 
     </span>
    </p>
   </div>
   <div class='ocr_carea' id='block_1_37' title="bbox 2088 894 3789 967">
    <p class='ocr_par' dir='ltr' id='par_1_37' title="bbox 2088 894 3789 967">
     <span class='ocr_line' id='line_1_37' title="bbox 2088 894 3789 967; baseline 0.001 -19"><span class='ocrx_word' id='word_1_259' title='bbox 2088 899 2259 965; x_wconf 91' lang='lat' dir='ltr'><strong>atque</strong></span> <span class='ocrx_word' id='word_1_260' title='bbox 2282 894 2608 963; x_wconf 91' lang='lat' dir='ltr'><strong>Dominicis,</strong></span> <span class='ocrx_word' id='word_1_261' title='bbox 2644 912 2803 949; x_wconf 89' lang='lat' dir='ltr'><strong>arma</strong></span> <span class='ocrx_word' id='word_1_262' title='bbox 2823 912 2939 949; x_wconf 92' lang='lat' dir='ltr'><strong>non</strong></span> <span class='ocrx_word' id='word_1_263' title='bbox 2971 897 3138 961; x_wconf 90' lang='lat' dir='ltr'><strong>feras,</strong></span> <span class='ocrx_word' id='word_1_264' title='bbox 3173 912 3388 967; x_wconf 90' lang='lat' dir='ltr'><strong>equum</strong></span> <span class='ocrx_word' id='word_1_265' title='bbox 3419 912 3537 949; x_wconf 93' lang='lat' dir='ltr'><strong>non</strong></span> <span class='ocrx_word' id='word_1_266' title='bbox 3585 913 3789 950; x_wconf 88' lang='lat' dir='ltr'><strong>ascen-</strong></span> 
     </span>
    </p>
   </div>
   <div class='ocr_carea' id='block_1_38' title="bbox 2089 982 3789 1055">
    <p class='ocr_par' dir='ltr' id='par_1_38' title="bbox 2089 982 3789 1055">
     <span class='ocr_line' id='line_1_38' title="bbox 2089 982 3789 1055; baseline 0.002 -19"><span class='ocrx_word' id='word_1_267' title='bbox 2089 983 2207 1049; x_wconf 90' lang='lat' dir='ltr'><strong>das,</strong></span> <span class='ocrx_word' id='word_1_268' title='bbox 2257 982 2550 1037; x_wconf 89' lang='lat' dir='ltr'><strong>ecclesiam</strong></span> <span class='ocrx_word' id='word_1_269' title='bbox 2590 999 2694 1053; x_wconf 90' lang='lat' dir='ltr'><strong>per</strong></span> <span class='ocrx_word' id='word_1_270' title='bbox 2737 982 3201 1055; x_wconf 89' lang='lat' dir='ltr'><strong>quinquennium</strong></span> <span class='ocrx_word' id='word_1_271' title='bbox 3255 1001 3372 1037; x_wconf 92' lang='lat' dir='ltr'><strong>non</strong></span> <span class='ocrx_word' id='word_1_272' title='bbox 3420 984 3789 1055; x_wconf 71' lang='lat' dir='ltr'><strong>ingrediaris,</strong></span> 
     </span>
    </p>
   </div>
   <div class='ocr_carea' id='block_1_39' title="bbox 2087 1070 3791 1143">
    <p class='ocr_par' dir='ltr' id='par_1_39' title="bbox 2087 1070 3791 1143">
     <span class='ocr_line' id='line_1_39' title="bbox 2087 1070 3791 1143; baseline 0.002 -19"><span class='ocrx_word' id='word_1_273' title='bbox 2087 1070 2186 1124; x_wconf 87' lang='lat' dir='ltr'><strong>sed</strong></span> <span class='ocrx_word' id='word_1_274' title='bbox 2241 1076 2373 1124; x_wconf 88' lang='lat' dir='ltr'><strong>ante</strong></span> <span class='ocrx_word' id='word_1_275' title='bbox 2430 1072 2580 1125; x_wconf 90' lang='lat' dir='ltr'><strong>fores</strong></span> <span class='ocrx_word' id='word_1_276' title='bbox 2637 1072 2887 1126; x_wconf 60' lang='lat' dir='ltr'><strong>ecclesiae</strong></span> <span class='ocrx_word' id='word_1_277' title='bbox 2935 1078 3065 1126; x_wconf 90' lang='lat' dir='ltr'><strong>stes.</strong></span> <span class='ocrx_word' id='word_1_278' title='bbox 3128 1075 3260 1127; x_wconf 88' lang='lat' dir='ltr'><strong>Post</strong></span> <span class='ocrx_word' id='word_1_279' title='bbox 3321 1073 3791 1143; x_wconf 90' lang='lat' dir='ltr'><strong>quinquennium</strong></span> 
     </span>
    </p>
   </div>
   <div class='ocr_carea' id='block_1_40' title="bbox 2087 1160 3791 1230">
    <p class='ocr_par' dir='ltr' id='par_1_40' title="bbox 2087 1160 3791 1230">
     <span class='ocr_line' id='line_1_40' title="bbox 2087 1160 3791 1230; baseline 0.004 -19"><span class='ocrx_word' id='word_1_280' title='bbox 2087 1160 2379 1213; x_wconf 86' lang='lat' dir='ltr'><strong>ecclesiam</strong></span> <span class='ocrx_word' id='word_1_281' title='bbox 2423 1160 2746 1230; x_wconf 87' lang='lat' dir='ltr'><strong>ingredere,</strong></span> <span class='ocrx_word' id='word_1_282' title='bbox 2791 1162 3045 1214; x_wconf 90' lang='lat' dir='ltr'><strong>nondum</strong></span> <span class='ocrx_word' id='word_1_283' title='bbox 3079 1178 3214 1214; x_wconf 90' lang='lat' dir='ltr'><strong>vero</strong></span> <span class='ocrx_word' id='word_1_284' title='bbox 3238 1163 3644 1228; x_wconf 88' lang='lat' dir='ltr'><strong>communices,</strong></span> <span class='ocrx_word' id='word_1_285' title='bbox 3692 1163 3791 1217; x_wconf 89' lang='lat' dir='ltr'><strong>sed</strong></span> 
     </span>
    </p>
   </div>
   <div class='ocr_carea' id='block_1_41' title="bbox 2086 1248 3794 1318">
    <p class='ocr_par' dir='ltr' id='par_1_41' title="bbox 2086 1248 3794 1318">
     <span class='ocr_line' id='line_1_41' title="bbox 2086 1248 3794 1318; baseline 0.002 -17"><span class='ocrx_word' id='word_1_286' title='bbox 2086 1248 2146 1301; x_wconf 91' lang='lat' dir='ltr'><strong>in</strong></span> <span class='ocrx_word' id='word_1_287' title='bbox 2176 1250 2387 1318; x_wconf 90' lang='lat' dir='ltr'><strong>angulo</strong></span> <span class='ocrx_word' id='word_1_288' title='bbox 2419 1249 2668 1302; x_wconf 61' lang='lat' dir='ltr'><strong>ecclesiae</strong></span> <span class='ocrx_word' id='word_1_289' title='bbox 2700 1254 2811 1303; x_wconf 85' lang='lat' dir='ltr'><strong>stes</strong></span> <span class='ocrx_word' id='word_1_290' title='bbox 2852 1250 2938 1303; x_wconf 87' lang='lat' dir='ltr'><strong>vel</strong></span> <span class='ocrx_word' id='word_1_291' title='bbox 2970 1250 3183 1303; x_wconf 88' lang='lat' dir='ltr'><strong>sedeas.</strong></span> <span class='ocrx_word' id='word_1_292' title='bbox 3219 1250 3359 1305; x_wconf 88' lang='lat' dir='ltr'><strong>Cum</strong></span> <span class='ocrx_word' id='word_1_293' title='bbox 3389 1255 3583 1304; x_wconf 88' lang='lat' dir='ltr'><strong>autem</strong></span> <span class='ocrx_word' id='word_1_294' title='bbox 3612 1251 3794 1305; x_wconf 89' lang='lat' dir='ltr'><strong>fuerit</strong></span> 
     </span>
    </p>
   </div>
   <div class='ocr_carea' id='block_1_42' title="bbox 2087 1336 3793 1405">
    <p class='ocr_par' dir='ltr' id='par_1_42' title="bbox 2087 1336 3793 1405">
     <span class='ocr_line' id='line_1_42' title="bbox 2087 1336 3793 1405; baseline 0.001 -14"><span class='ocrx_word' id='word_1_295' title='bbox 2087 1336 2408 1391; x_wconf 91' lang='lat' dir='ltr'><strong>duodecimi</strong></span> <span class='ocrx_word' id='word_1_296' title='bbox 2439 1337 2574 1390; x_wconf 91' lang='lat' dir='ltr'><strong>anni</strong></span> <span class='ocrx_word' id='word_1_297' title='bbox 2617 1338 2862 1392; x_wconf 87' lang='lat' dir='ltr'><strong>circulus</strong></span> <span class='ocrx_word' id='word_1_298' title='bbox 2891 1338 3113 1405; x_wconf 88' lang='lat' dir='ltr'><strong>ﬁnitus,</strong></span> <span class='ocrx_word' id='word_1_299' title='bbox 3165 1339 3629 1392; x_wconf 90' lang='lat' dir='ltr'><strong>communicandi</strong></span> <span class='ocrx_word' id='word_1_300' title='bbox 3685 1339 3793 1393; x_wconf 89' lang='lat' dir='ltr'><strong>tibi</strong></span> 
     </span>
    </p>
   </div>
   <div class='ocr_carea' id='block_1_43' title="bbox 2085 1424 3785 1497">
    <p class='ocr_par' dir='ltr' id='par_1_43' title="bbox 2085 1424 3785 1497">
     <span class='ocr_line' id='line_1_43' title="bbox 2085 1424 3785 1497; baseline 0.002 -18"><span class='ocrx_word' id='word_1_301' title='bbox 2085 1424 2316 1479; x_wconf 87' lang='lat' dir='ltr'><strong>licentia</strong></span> <span class='ocrx_word' id='word_1_302' title='bbox 2346 1426 2706 1492; x_wconf 88' lang='lat' dir='ltr'><strong>concedatur,</strong></span> <span class='ocrx_word' id='word_1_303' title='bbox 2750 1430 2805 1479; x_wconf 90' lang='lat' dir='ltr'><strong>et</strong></span> <span class='ocrx_word' id='word_1_304' title='bbox 2835 1427 3133 1497; x_wconf 89' lang='lat' dir='ltr'><strong>equitandi</strong></span> <span class='ocrx_word' id='word_1_305' title='bbox 3152 1426 3439 1481; x_wconf 85' lang='lat' dir='ltr'><strong>tribuatur</strong></span> <span class='ocrx_word' id='word_1_306' title='bbox 3466 1427 3785 1482; x_wconf 90' lang='lat' dir='ltr'><strong>remisssio.</strong></span> 
     </span>
    </p>
   </div>
   <div class='ocr_carea' id='block_1_44' title="bbox 2089 1514 3791 1585">
    <p class='ocr_par' dir='ltr' id='par_1_44' title="bbox 2089 1514 3791 1585">
     <span class='ocr_line' id='line_1_44' title="bbox 2089 1514 3791 1585; baseline 0.001 -17"><span class='ocrx_word' id='word_1_307' title='bbox 2089 1514 2312 1568; x_wconf 85' lang='lat' dir='ltr'><strong>Maneas</strong></span> <span class='ocrx_word' id='word_1_308' title='bbox 2342 1517 2534 1567; x_wconf 89' lang='lat' dir='ltr'><strong>autem</strong></span> <span class='ocrx_word' id='word_1_309' title='bbox 2584 1514 2643 1567; x_wconf 92' lang='lat' dir='ltr'><strong>in</strong></span> <span class='ocrx_word' id='word_1_310' title='bbox 2700 1515 2936 1585; x_wconf 88' lang='lat' dir='ltr'><strong>reliquis</strong></span> <span class='ocrx_word' id='word_1_311' title='bbox 2966 1515 3461 1569; x_wconf 88' lang='lat' dir='ltr'><strong>observationibus</strong></span> <span class='ocrx_word' id='word_1_312' title='bbox 3518 1521 3633 1568; x_wconf 90' lang='lat' dir='ltr'><strong>tres</strong></span> <span class='ocrx_word' id='word_1_313' title='bbox 3666 1516 3791 1570; x_wconf 90' lang='lat' dir='ltr'><strong>dies</strong></span> 
     </span>
    </p>
   </div>
   <div class='ocr_carea' id='block_1_45' title="bbox 2088 1602 3782 1673">
    <p class='ocr_par' dir='ltr' id='par_1_45' title="bbox 2088 1602 3782 1673">
     <span class='ocr_line' id='line_1_45' title="bbox 2088 1602 3782 1673; baseline 0.001 -18"><span class='ocrx_word' id='word_1_314' title='bbox 2088 1617 2191 1672; x_wconf 91' lang='lat' dir='ltr'><strong>per</strong></span> <span class='ocrx_word' id='word_1_315' title='bbox 2228 1602 2671 1669; x_wconf 86' lang='lat' dir='ltr'><strong>hebdomadam,</strong></span> <span class='ocrx_word' id='word_1_316' title='bbox 2707 1609 2771 1655; x_wconf 88' lang='lat' dir='ltr'><strong>ut</strong></span> <span class='ocrx_word' id='word_1_317' title='bbox 2798 1602 3107 1673; x_wconf 86' lang='lat' dir='ltr'><strong>perfectius</strong></span> <span class='ocrx_word' id='word_1_318' title='bbox 3136 1603 3431 1673; x_wconf 85' lang='lat' dir='ltr'><strong>purificari</strong></span> <span class='ocrx_word' id='word_1_319' title='bbox 3480 1604 3782 1658; x_wconf 88' lang='lat' dir='ltr'><strong>merearis.</strong></span> 
     </span>
    </p>
   </div>
   <div class='ocr_carea' id='block_1_46' title="bbox 2743 1693 3257 1760">
    <p class='ocr_par' dir='ltr' id='par_1_46' title="bbox 2743 1693 3257 1760">
     <span class='ocr_line' id='line_1_46' title="bbox 2743 1693 3257 1760; baseline -0.002 -15"><span class='ocrx_word' id='word_1_320' title='bbox 2743 1694 2816 1745; x_wconf 87' lang='lat' dir='ltr'><strong>De</strong></span> <span class='ocrx_word' id='word_1_321' title='bbox 2841 1693 3107 1760; x_wconf 79' lang='lat' dir='ltr'><strong>perjuria.</strong></span> <span class='ocrx_word' id='word_1_322' title='bbox 3254 1706 3257 1707; x_wconf 68' lang='lat'><strong><em>&#39;</em></strong></span> 
     </span>
    </p>
   </div>
   <div class='ocr_carea' id='block_1_47' title="bbox 2160 1778 3789 1851">
    <p class='ocr_par' dir='ltr' id='par_1_47' title="bbox 2160 1778 3789 1851">
     <span class='ocr_line' id='line_1_47' title="bbox 2160 1778 3789 1851; baseline 0.001 -18"><span class='ocrx_word' id='word_1_323' title='bbox 2160 1778 2359 1833; x_wconf 87' lang='lat' dir='ltr'><strong>Fecisti</strong></span> <span class='ocrx_word' id='word_1_324' title='bbox 2384 1778 2704 1849; x_wconf 91' lang='lat' dir='ltr'><strong>perjurium</strong></span> <span class='ocrx_word' id='word_1_325' title='bbox 2736 1795 2840 1849; x_wconf 93' lang='lat' dir='ltr'><strong>pro</strong></span> <span class='ocrx_word' id='word_1_326' title='bbox 2872 1780 3224 1851; x_wconf 85' lang='lat' dir='ltr'><strong>cupiditate?</strong></span> <span class='ocrx_word' id='word_1_327' title='bbox 3253 1781 3338 1836; x_wconf 79' lang='lat' dir='ltr'><strong>XL</strong></span> <span class='ocrx_word' id='word_1_328' title='bbox 3368 1781 3488 1834; x_wconf 91' lang='lat' dir='ltr'><strong>dies</strong></span> <span class='ocrx_word' id='word_1_329' title='bbox 3522 1781 3583 1834; x_wconf 90' lang='lat' dir='ltr'><strong>in</strong></span> <span class='ocrx_word' id='word_1_330' title='bbox 3636 1797 3789 1851; x_wconf 90' lang='lat' dir='ltr'><strong>pane</strong></span> 
     </span>
    </p>
   </div>
   <div class='ocr_carea' id='block_1_48' title="bbox 2086 1868 3789 1940">
    <p class='ocr_par' dir='ltr' id='par_1_48' title="bbox 2086 1868 3789 1940">
     <span class='ocr_line' id='line_1_48' title="bbox 2086 1868 3789 1940; baseline 0.001 -19"><span class='ocrx_word' id='word_1_331' title='bbox 2086 1872 2144 1921; x_wconf 89' lang='lat' dir='ltr'><strong>et</strong></span> <span class='ocrx_word' id='word_1_332' title='bbox 2191 1884 2359 1937; x_wconf 88' lang='lat' dir='ltr'><strong>aqua,</strong></span> <span class='ocrx_word' id='word_1_333' title='bbox 2436 1868 2585 1937; x_wconf 92' lang='lat' dir='ltr'><strong>quod</strong></span> <span class='ocrx_word' id='word_1_334' title='bbox 2642 1870 2846 1938; x_wconf 88' lang='lat' dir='ltr'><strong>vulgus</strong></span> <span class='ocrx_word' id='word_1_335' title='bbox 2904 1869 3154 1923; x_wconf 88' lang='lat' dir='ltr'><strong>carinam</strong></span> <span class='ocrx_word' id='word_1_336' title='bbox 3210 1875 3390 1932; x_wconf 88' lang='lat' dir='ltr'><strong>vocat,</strong></span> <span class='ocrx_word' id='word_1_337' title='bbox 3446 1874 3504 1923; x_wconf 89' lang='lat' dir='ltr'><strong>et</strong></span> <span class='ocrx_word' id='word_1_338' title='bbox 3561 1876 3789 1940; x_wconf 89' lang='lat' dir='ltr'><strong>septem</strong></span> 
     </span>
    </p>
   </div>
   <div class='ocr_carea' id='block_1_49' title="bbox 2086 1957 3794 2027">
    <p class='ocr_par' dir='ltr' id='par_1_49' title="bbox 2086 1957 3794 2027">
     <span class='ocr_line' id='line_1_49' title="bbox 2086 1957 3794 2027; baseline 0.001 -17"><span class='ocrx_word' id='word_1_339' title='bbox 2086 1962 2390 2027; x_wconf 88' lang='lat' dir='ltr'><strong>sequentes</strong></span> <span class='ocrx_word' id='word_1_340' title='bbox 2444 1973 2625 2010; x_wconf 89' lang='lat' dir='ltr'><strong>annos</strong></span> <span class='ocrx_word' id='word_1_341' title='bbox 2656 1957 2734 2010; x_wconf 91' lang='lat' dir='ltr'><strong>ita</strong></span> <span class='ocrx_word' id='word_1_342' title='bbox 2765 1957 3026 2010; x_wconf 88' lang='lat' dir='ltr'><strong>observes</strong></span> <span class='ocrx_word' id='word_1_343' title='bbox 3074 1963 3139 2011; x_wconf 91' lang='lat' dir='ltr'><strong>ut</strong></span> <span class='ocrx_word' id='word_1_344' title='bbox 3169 1958 3520 2011; x_wconf 89' lang='lat' dir='ltr'><strong>consuetudo</strong></span> <span class='ocrx_word' id='word_1_345' title='bbox 3550 1963 3655 2011; x_wconf 90' lang='lat' dir='ltr'><strong>est.</strong></span> <span class='ocrx_word' id='word_1_346' title='bbox 3727 1960 3794 2013; x_wconf 85' lang='lat' dir='ltr'><strong>Et</strong></span> 
     </span>
    </p>
   </div>
   <div class='ocr_carea' id='block_1_50' title="bbox 2087 2045 3789 2117">
    <p class='ocr_par' dir='ltr' id='par_1_50' title="bbox 2087 2045 3789 2117">
     <span class='ocr_line' id='line_1_50' title="bbox 2087 2045 3789 2117; baseline 0.002 -20"><span class='ocrx_word' id='word_1_347' title='bbox 2087 2046 2346 2115; x_wconf 91' lang='lat' dir='ltr'><strong>quandiu</strong></span> <span class='ocrx_word' id='word_1_348' title='bbox 2375 2046 2545 2111; x_wconf 89' lang='lat' dir='ltr'><strong>vivas,</strong></span> <span class='ocrx_word' id='word_1_349' title='bbox 2586 2060 2784 2098; x_wconf 89' lang='lat' dir='ltr'><strong>omnes</strong></span> <span class='ocrx_word' id='word_1_350' title='bbox 2816 2051 2999 2099; x_wconf 87' lang='lat' dir='ltr'><strong>sextas</strong></span> <span class='ocrx_word' id='word_1_351' title='bbox 3028 2045 3201 2099; x_wconf 85' lang='lat' dir='ltr'><strong>ferias</strong></span> <span class='ocrx_word' id='word_1_352' title='bbox 3253 2046 3310 2099; x_wconf 90' lang='lat' dir='ltr'><strong>in</strong></span> <span class='ocrx_word' id='word_1_353' title='bbox 3342 2062 3491 2115; x_wconf 88' lang='lat' dir='ltr'><strong>pane</strong></span> <span class='ocrx_word' id='word_1_354' title='bbox 3522 2052 3579 2099; x_wconf 90' lang='lat' dir='ltr'><strong>et</strong></span> <span class='ocrx_word' id='word_1_355' title='bbox 3633 2063 3789 2117; x_wconf 88' lang='lat' dir='ltr'><strong>aqua</strong></span> 
     </span>
    </p>
   </div>
   <div class='ocr_carea' id='block_1_51' title="bbox 2079 2133 3790 2203">
    <p class='ocr_par' dir='ltr' id='par_1_51' title="bbox 2079 2133 3790 2203">
     <span class='ocr_line' id='line_1_51' title="bbox 2079 2133 3790 2203; baseline 0.001 -16"><span class='ocrx_word' id='word_1_356' title='bbox 2079 2133 2328 2203; x_wconf 87' lang='lat' dir='ltr'><strong>jejunes.</strong></span> <span class='ocrx_word' id='word_1_357' title='bbox 2374 2134 2443 2187; x_wconf 92' lang='lat' dir='ltr'><strong>Et</strong></span> <span class='ocrx_word' id='word_1_358' title='bbox 2495 2133 2541 2186; x_wconf 87' lang='lat' dir='ltr'><strong>si</strong></span> <span class='ocrx_word' id='word_1_359' title='bbox 2592 2133 2874 2187; x_wconf 87' lang='lat' dir='ltr'><strong>redimere</strong></span> <span class='ocrx_word' id='word_1_360' title='bbox 2923 2134 3191 2197; x_wconf 84' lang='lat' dir='ltr'><strong>volueris,</strong></span> <span class='ocrx_word' id='word_1_361' title='bbox 3255 2150 3370 2186; x_wconf 90' lang='lat' dir='ltr'><strong>uno</strong></span> <span class='ocrx_word' id='word_1_362' title='bbox 3403 2134 3666 2199; x_wconf 89' lang='lat' dir='ltr'><strong>denario,</strong></span> <span class='ocrx_word' id='word_1_363' title='bbox 3700 2137 3790 2189; x_wconf 84' lang='lat' dir='ltr'><strong>vel</strong></span> 
     </span>
    </p>
   </div>
   <div class='ocr_carea' id='block_1_52' title="bbox 2085 2221 3783 2293">
    <p class='ocr_par' dir='ltr' id='par_1_52' title="bbox 2085 2221 3783 2293">
     <span class='ocr_line' id='line_1_52' title="bbox 2085 2221 3783 2293; baseline 0.001 -19"><span class='ocrx_word' id='word_1_364' title='bbox 2085 2221 2268 2293; x_wconf 90' lang='lat' dir='ltr'><strong>pretio</strong></span> <span class='ocrx_word' id='word_1_365' title='bbox 2314 2221 2484 2274; x_wconf 90' lang='lat' dir='ltr'><strong>unius</strong></span> <span class='ocrx_word' id='word_1_366' title='bbox 2534 2221 2776 2289; x_wconf 89' lang='lat' dir='ltr'><strong>denarii,</strong></span> <span class='ocrx_word' id='word_1_367' title='bbox 2834 2222 2922 2275; x_wconf 88' lang='lat' dir='ltr'><strong>vel</strong></span> <span class='ocrx_word' id='word_1_368' title='bbox 2967 2227 3080 2274; x_wconf 87' lang='lat' dir='ltr'><strong>tres</strong></span> <span class='ocrx_word' id='word_1_369' title='bbox 3133 2238 3414 2291; x_wconf 85' lang='lat' dir='ltr'><strong>pauperes</strong></span> <span class='ocrx_word' id='word_1_370' title='bbox 3468 2224 3783 2291; x_wconf 88' lang='lat' dir='ltr'><strong>pascendo,</strong></span> 
     </span>
    </p>
   </div>
   <div class='ocr_carea' id='block_1_53' title="bbox 2084 2309 3789 2380">
    <p class='ocr_par' dir='ltr' id='par_1_53' title="bbox 2084 2309 3789 2380">
     <span class='ocr_line' id='line_1_53' title="bbox 2084 2309 3789 2380; baseline 0.001 -18"><span class='ocrx_word' id='word_1_371' title='bbox 2084 2314 2423 2380; x_wconf 90' lang='lat' dir='ltr'><strong>potestatem</strong></span> <span class='ocrx_word' id='word_1_372' title='bbox 2472 2310 2681 2363; x_wconf 88' lang='lat' dir='ltr'><strong>habeas</strong></span> <span class='ocrx_word' id='word_1_373' title='bbox 2724 2309 3065 2363; x_wconf 90' lang='lat' dir='ltr'><strong>redimendi.</strong></span> <span class='ocrx_word' id='word_1_374' title='bbox 3124 2311 3333 2364; x_wconf 89' lang='lat' dir='ltr'><strong>Tamen</strong></span> <span class='ocrx_word' id='word_1_375' title='bbox 3365 2310 3789 2365; x_wconf 73' lang='lat' dir='ltr'><strong>Pmnitentialis</strong></span> 
     </span>
    </p>
   </div>
   <div class='ocr_carea' id='block_1_54' title="bbox 2085 2398 3782 2469">
    <p class='ocr_par' dir='ltr' id='par_1_54' title="bbox 2085 2398 3782 2469">
     <span class='ocr_line' id='line_1_54' title="bbox 2085 2398 3782 2469; baseline 0.001 -17"><span class='ocrx_word' id='word_1_376' title='bbox 2085 2400 2376 2453; x_wconf 82' lang='lat' dir='ltr'><strong>Romanus</strong></span> <span class='ocrx_word' id='word_1_377' title='bbox 2430 2398 2740 2468; x_wconf 60' lang='lat' dir='ltr'><strong>praecipit:</strong></span> <span class='ocrx_word' id='word_1_378' title='bbox 2801 2399 2859 2453; x_wconf 90' lang='lat' dir='ltr'><strong>Si</strong></span> <span class='ocrx_word' id='word_1_379' title='bbox 2930 2399 3059 2469; x_wconf 88' lang='lat' dir='ltr'><strong>quis</strong></span> <span class='ocrx_word' id='word_1_380' title='bbox 3119 2414 3222 2468; x_wconf 90' lang='lat' dir='ltr'><strong>per</strong></span> <span class='ocrx_word' id='word_1_381' title='bbox 3273 2399 3652 2469; x_wconf 86' lang='lat' dir='ltr'><strong>cupiditatem</strong></span> <span class='ocrx_word' id='word_1_382' title='bbox 3724 2417 3782 2453; x_wconf 87' lang='lat' dir='ltr'><strong>se</strong></span> 
     </span>
    </p>
   </div>
   <div class='ocr_carea' id='block_1_55' title="bbox 2085 2485 3782 2558">
    <p class='ocr_par' dir='ltr' id='par_1_55' title="bbox 2085 2485 3782 2558">
     <span class='ocr_line' id='line_1_55' title="bbox 2085 2485 3782 2558; baseline 0.002 -19"><span class='ocrx_word' id='word_1_383' title='bbox 2085 2485 2446 2558; x_wconf 87' lang='lat' dir='ltr'><strong>pejeraverit,</strong></span> <span class='ocrx_word' id='word_1_384' title='bbox 2487 2502 2688 2539; x_wconf 90' lang='lat' dir='ltr'><strong>omnes</strong></span> <span class='ocrx_word' id='word_1_385' title='bbox 2735 2502 2827 2540; x_wconf 88' lang='lat' dir='ltr'><strong>res</strong></span> <span class='ocrx_word' id='word_1_386' title='bbox 2875 2503 3002 2539; x_wconf 90' lang='lat' dir='ltr'><strong>suas</strong></span> <span class='ocrx_word' id='word_1_387' title='bbox 3055 2487 3282 2553; x_wconf 89' lang='lat' dir='ltr'><strong>vendat,</strong></span> <span class='ocrx_word' id='word_1_388' title='bbox 3316 2493 3368 2539; x_wconf 89' lang='lat' dir='ltr'><strong>et</strong></span> <span class='ocrx_word' id='word_1_389' title='bbox 3428 2489 3782 2557; x_wconf 89' lang='lat' dir='ltr'><strong>pauperibus</strong></span> 
     </span>
    </p>
   </div>
   <div class='ocr_carea' id='block_1_56' title="bbox 2084 2575 3783 2648">
    <p class='ocr_par' dir='ltr' id='par_1_56' title="bbox 2084 2575 3783 2648">
     <span class='ocr_line' id='line_1_56' title="bbox 2084 2575 3783 2648; baseline 0 -17"><span class='ocrx_word' id='word_1_390' title='bbox 2084 2576 2406 2641; x_wconf 87' lang='lat' dir='ltr'><strong>distribuat,</strong></span> <span class='ocrx_word' id='word_1_391' title='bbox 2450 2580 2507 2629; x_wconf 92' lang='lat' dir='ltr'><strong>et</strong></span> <span class='ocrx_word' id='word_1_392' title='bbox 2533 2575 2945 2629; x_wconf 88' lang='lat' dir='ltr'><strong>monasterium</strong></span> <span class='ocrx_word' id='word_1_393' title='bbox 3002 2576 3307 2646; x_wconf 86' lang='lat' dir='ltr'><strong>ingressus,</strong></span> <span class='ocrx_word' id='word_1_394' title='bbox 3337 2576 3783 2648; x_wconf 76' lang='lat' dir='ltr'><strong>jugipceniten-</strong></span> 
     </span>
    </p>
   </div>
   <div class='ocr_carea' id='block_1_57' title="bbox 2083 2664 2501 2729">
    <p class='ocr_par' dir='ltr' id='par_1_57' title="bbox 2083 2664 2501 2729">
     <span class='ocr_line' id='line_1_57' title="bbox 2083 2664 2501 2729; baseline -0.002 -11"><span class='ocrx_word' id='word_1_395' title='bbox 2083 2665 2165 2718; x_wconf 92' lang='lat' dir='ltr'><strong>tia</strong></span> <span class='ocrx_word' id='word_1_396' title='bbox 2193 2681 2250 2717; x_wconf 89' lang='lat' dir='ltr'><strong>se</strong></span> <span class='ocrx_word' id='word_1_397' title='bbox 2282 2664 2501 2729; x_wconf 84' lang='lat' dir='ltr'><strong>subdat,</strong></span> 
     </span>
    </p>
   </div>
   <div class='ocr_carea' id='block_1_58' title="bbox 2158 2752 3788 2824">
    <p class='ocr_par' dir='ltr' id='par_1_58' title="bbox 2158 2752 3788 2824">
     <span class='ocr_line' id='line_1_58' title="bbox 2158 2752 3788 2824; baseline 0 -17"><span class='ocrx_word' id='word_1_398' title='bbox 2158 2753 2357 2807; x_wconf 87' lang='lat' dir='ltr'><strong>Fecisti</strong></span> <span class='ocrx_word' id='word_1_399' title='bbox 2405 2753 2724 2823; x_wconf 90' lang='lat' dir='ltr'><strong>perjurium</strong></span> <span class='ocrx_word' id='word_1_400' title='bbox 2784 2753 2987 2819; x_wconf 90' lang='lat' dir='ltr'><strong>sciens,</strong></span> <span class='ocrx_word' id='word_1_401' title='bbox 3051 2757 3112 2807; x_wconf 90' lang='lat' dir='ltr'><strong>et</strong></span> <span class='ocrx_word' id='word_1_402' title='bbox 3158 2753 3299 2807; x_wconf 91' lang='lat' dir='ltr'><strong>alios</strong></span> <span class='ocrx_word' id='word_1_403' title='bbox 3351 2752 3413 2806; x_wconf 94' lang='lat' dir='ltr'><strong>in</strong></span> <span class='ocrx_word' id='word_1_404' title='bbox 3459 2754 3788 2824; x_wconf 89' lang='lat' dir='ltr'><strong>perjurium</strong></span> 
     </span>
    </p>
   </div>
   <div class='ocr_carea' id='block_1_59' title="bbox 2087 2840 3790 2912">
    <p class='ocr_par' dir='ltr' id='par_1_59' title="bbox 2087 2840 3790 2912">
     <span class='ocr_line' id='line_1_59' title="bbox 2087 2840 3790 2912; baseline 0.001 -18"><span class='ocrx_word' id='word_1_405' title='bbox 2087 2842 2409 2897; x_wconf 76' lang='lat' dir='ltr'><strong>adduxisti?</strong></span> <span class='ocrx_word' id='word_1_406' title='bbox 2438 2842 2521 2895; x_wconf 86' lang='lat' dir='ltr'><strong>XL</strong></span> <span class='ocrx_word' id='word_1_407' title='bbox 2552 2842 2674 2895; x_wconf 90' lang='lat' dir='ltr'><strong>dies</strong></span> <span class='ocrx_word' id='word_1_408' title='bbox 2727 2840 2786 2895; x_wconf 91' lang='lat' dir='ltr'><strong>in</strong></span> <span class='ocrx_word' id='word_1_409' title='bbox 2838 2858 2987 2911; x_wconf 91' lang='lat' dir='ltr'><strong>pane</strong></span> <span class='ocrx_word' id='word_1_410' title='bbox 3047 2846 3104 2895; x_wconf 89' lang='lat' dir='ltr'><strong>et</strong></span> <span class='ocrx_word' id='word_1_411' title='bbox 3156 2858 3324 2912; x_wconf 88' lang='lat' dir='ltr'><strong>aqua,</strong></span> <span class='ocrx_word' id='word_1_412' title='bbox 3379 2841 3533 2912; x_wconf 92' lang='lat' dir='ltr'><strong>quod</strong></span> <span class='ocrx_word' id='word_1_413' title='bbox 3582 2843 3790 2912; x_wconf 90' lang='lat' dir='ltr'><strong>vulgus</strong></span> 
     </span>
    </p>
   </div>
   <div class='ocr_carea' id='block_1_60' title="bbox 2085 2930 3792 3001">
    <p class='ocr_par' dir='ltr' id='par_1_60' title="bbox 2085 2930 3792 3001">
     <span class='ocr_line' id='line_1_60' title="bbox 2085 2930 3792 3001; baseline 0.001 -18"><span class='ocrx_word' id='word_1_414' title='bbox 2085 2930 2339 2984; x_wconf 90' lang='lat' dir='ltr'><strong>carinam</strong></span> <span class='ocrx_word' id='word_1_415' title='bbox 2380 2935 2560 2996; x_wconf 90' lang='lat' dir='ltr'><strong>vocat,</strong></span> <span class='ocrx_word' id='word_1_416' title='bbox 2591 2931 2871 3000; x_wconf 72' lang='lat' dir='ltr'><strong>poenitere</strong></span> <span class='ocrx_word' id='word_1_417' title='bbox 2902 2930 3091 2995; x_wconf 89' lang='lat' dir='ltr'><strong>debes,</strong></span> <span class='ocrx_word' id='word_1_418' title='bbox 3125 2935 3180 2984; x_wconf 91' lang='lat' dir='ltr'><strong>et</strong></span> <span class='ocrx_word' id='word_1_419' title='bbox 3208 2935 3426 3000; x_wconf 90' lang='lat' dir='ltr'><strong>septem</strong></span> <span class='ocrx_word' id='word_1_420' title='bbox 3479 2938 3792 3001; x_wconf 90' lang='lat' dir='ltr'><strong>sequentes</strong></span> 
     </span>
    </p>
   </div>
   <div class='ocr_carea' id='block_1_61' title="bbox 279 3010 3791 3087">
    <p class='ocr_par' dir='ltr' id='par_1_61' title="bbox 279 3010 3791 3087">
     <span class='ocr_line' id='line_1_61' title="bbox 279 3010 3791 3087; baseline 0.003 -22"><span class='ocrx_word' id='word_1_421' title='bbox 279 3010 495 3081; x_wconf 89' lang='lat' dir='ltr'><strong>aliquid</strong></span> <span class='ocrx_word' id='word_1_422' title='bbox 522 3012 781 3081; x_wconf 88' lang='lat' dir='ltr'><strong>jejunare</strong></span> <span class='ocrx_word' id='word_1_423' title='bbox 816 3014 1082 3079; x_wconf 86' lang='lat' dir='ltr'><strong>volueris,</strong></span> <span class='ocrx_word' id='word_1_424' title='bbox 1113 3014 1327 3067; x_wconf 90' lang='lat' dir='ltr'><strong>bonum</strong></span> <span class='ocrx_word' id='word_1_425' title='bbox 1358 3020 1442 3068; x_wconf 90' lang='lat' dir='ltr'><strong>est</strong></span> <span class='ocrx_word' id='word_1_426' title='bbox 1477 3016 1600 3082; x_wconf 87' lang='lat' dir='ltr'><strong>tibi,</strong></span> <span class='ocrx_word' id='word_1_427' title='bbox 1633 3021 1688 3069; x_wconf 92' lang='lat' dir='ltr'><strong>et</strong></span> <span class='ocrx_word' id='word_1_428' title='bbox 1728 3017 1974 3070; x_wconf 91' lang='lat' dir='ltr'><strong>eleemo-</strong></span> <span class='ocrx_word' id='word_1_429' title='bbox 2010 3018 2049 3071; x_wconf 90' lang='lat' dir='ltr'>C</span> <span class='ocrx_word' id='word_1_430' title='bbox 2088 3035 2289 3084; x_wconf 90' lang='lat' dir='ltr'><strong>annos,</strong></span> <span class='ocrx_word' id='word_1_431' title='bbox 2345 3020 2423 3072; x_wconf 93' lang='lat' dir='ltr'><strong>ita</strong></span> <span class='ocrx_word' id='word_1_432' title='bbox 2479 3023 2543 3072; x_wconf 91' lang='lat' dir='ltr'><strong>ut</strong></span> <span class='ocrx_word' id='word_1_433' title='bbox 2596 3019 2948 3073; x_wconf 88' lang='lat' dir='ltr'><strong>consuetudo</strong></span> <span class='ocrx_word' id='word_1_434' title='bbox 3006 3025 3107 3087; x_wconf 91' lang='lat' dir='ltr'><strong>est,</strong></span> <span class='ocrx_word' id='word_1_435' title='bbox 3158 3020 3456 3074; x_wconf 88' lang='lat' dir='ltr'><strong>observare</strong></span> <span class='ocrx_word' id='word_1_436' title='bbox 3493 3020 3688 3074; x_wconf 90' lang='lat' dir='ltr'><strong>debes.</strong></span> <span class='ocrx_word' id='word_1_437' title='bbox 3730 3022 3791 3074; x_wconf 84' lang='lat' dir='ltr'><strong>Et</strong></span> 
     </span>
    </p>
   </div>
   <div class='ocr_carea' id='block_1_62' title="bbox 281 3100 1975 3172">
    <p class='ocr_par' dir='ltr' id='par_1_62' title="bbox 281 3100 1975 3172">
     <span class='ocr_line' id='line_1_62' title="bbox 281 3100 1975 3172; baseline 0.004 -20"><span class='ocrx_word' id='word_1_438' title='bbox 281 3115 448 3169; x_wconf 88' lang='lat' dir='ltr'><strong>synas</strong></span> <span class='ocrx_word' id='word_1_439' title='bbox 477 3100 711 3169; x_wconf 88' lang='lat' dir='ltr'><strong>largiter</strong></span> <span class='ocrx_word' id='word_1_440' title='bbox 735 3101 840 3154; x_wconf 90' lang='lat' dir='ltr'><strong>fac.</strong></span> <span class='ocrx_word' id='word_1_441' title='bbox 871 3101 929 3155; x_wconf 92' lang='lat' dir='ltr'><strong>Si</strong></span> <span class='ocrx_word' id='word_1_442' title='bbox 976 3102 1275 3171; x_wconf 80' lang='lat' dir='ltr'><strong>presbyter</strong></span> <span class='ocrx_word' id='word_1_443' title='bbox 1321 3103 1521 3157; x_wconf 90' lang='lat' dir='ltr'><strong>eadem</strong></span> <span class='ocrx_word' id='word_1_444' title='bbox 1573 3104 1790 3172; x_wconf 91' lang='lat' dir='ltr'><strong>fecerit,</strong></span> <span class='ocrx_word' id='word_1_445' title='bbox 1860 3122 1975 3159; x_wconf 90' lang='lat' dir='ltr'><strong>non</strong></span> 
     </span>
    </p>
   </div>
   <div class='ocr_carea' id='block_1_63' title="bbox 282 3188 1973 3263">
    <p class='ocr_par' dir='ltr' id='par_1_63' title="bbox 282 3188 1973 3263">
     <span class='ocr_line' id='line_1_63' title="bbox 282 3188 1973 3263; baseline 0.003 -21"><span class='ocrx_word' id='word_1_446' title='bbox 282 3188 648 3257; x_wconf 85' lang='lat' dir='ltr'><strong>deponatur:</strong></span> <span class='ocrx_word' id='word_1_447' title='bbox 717 3194 930 3258; x_wconf 91' lang='lat' dir='ltr'><strong>tamen,</strong></span> <span class='ocrx_word' id='word_1_448' title='bbox 1000 3190 1257 3261; x_wconf 89' lang='lat' dir='ltr'><strong>quandiu</strong></span> <span class='ocrx_word' id='word_1_449' title='bbox 1325 3191 1493 3259; x_wconf 87' lang='lat' dir='ltr'><strong>vivat,</strong></span> <span class='ocrx_word' id='word_1_450' title='bbox 1578 3193 1973 3263; x_wconf 76' lang='lat' dir='ltr'><strong>pmnitentiam</strong></span> 
     </span>
    </p>
   </div>
   <div class='ocr_carea' id='block_1_64' title="bbox 282 3282 433 3347">
    <p class='ocr_par' dir='ltr' id='par_1_64' title="bbox 282 3282 433 3347">
     <span class='ocr_line' id='line_1_64' title="bbox 282 3282 433 3347; baseline 0 -18"><span class='ocrx_word' id='word_1_451' title='bbox 282 3282 433 3347; x_wconf 88' lang='lat' dir='ltr'><strong>agat.</strong></span> 
     </span>
    </p>
   </div>
   <div class='ocr_carea' id='block_1_65' title="bbox 348 3366 1973 3437">
    <p class='ocr_par' dir='ltr' id='par_1_65' title="bbox 348 3366 1973 3437">
     <span class='ocr_line' id='line_1_65' title="bbox 348 3366 1973 3437; baseline 0.004 -19"><span class='ocrx_word' id='word_1_452' title='bbox 348 3366 637 3420; x_wconf 86' lang='lat' dir='ltr'><strong>Accusasti</strong></span> <span class='ocrx_word' id='word_1_453' title='bbox 671 3367 943 3437; x_wconf 89' lang='lat' dir='ltr'><strong>aliquem,</strong></span> <span class='ocrx_word' id='word_1_454' title='bbox 979 3371 1035 3421; x_wconf 91' lang='lat' dir='ltr'><strong>et</strong></span> <span class='ocrx_word' id='word_1_455' title='bbox 1063 3384 1166 3437; x_wconf 87' lang='lat' dir='ltr'><strong>per</strong></span> <span class='ocrx_word' id='word_1_456' title='bbox 1208 3372 1364 3421; x_wconf 90' lang='lat' dir='ltr'><strong>tuam</strong></span> <span class='ocrx_word' id='word_1_457' title='bbox 1395 3369 1813 3424; x_wconf 90' lang='lat' dir='ltr'><strong>accusationem</strong></span> <span class='ocrx_word' id='word_1_458' title='bbox 1880 3388 1973 3425; x_wconf 94' lang='lat' dir='ltr'><strong>oc-</strong></span> 
     </span>
    </p>
   </div>
   <div class='ocr_carea' id='block_1_66' title="bbox 280 3452 1978 3529">
    <p class='ocr_par' dir='ltr' id='par_1_66' title="bbox 280 3452 1978 3529">
     <span class='ocr_line' id='line_1_66' title="bbox 280 3452 1978 3529; baseline 0.004 -24"><span class='ocrx_word' id='word_1_459' title='bbox 280 3452 426 3505; x_wconf 90' lang='lat' dir='ltr'><strong>cisus</strong></span> <span class='ocrx_word' id='word_1_460' title='bbox 451 3457 554 3521; x_wconf 90' lang='lat' dir='ltr'><strong>est,</strong></span> <span class='ocrx_word' id='word_1_461' title='bbox 592 3454 699 3507; x_wconf 92' lang='lat' dir='ltr'><strong>nisi</strong></span> <span class='ocrx_word' id='word_1_462' title='bbox 732 3471 835 3525; x_wconf 93' lang='lat' dir='ltr'><strong>pro</strong></span> <span class='ocrx_word' id='word_1_463' title='bbox 862 3455 1040 3526; x_wconf 84' lang='lat' dir='ltr'><strong>pace?</strong></span> <span class='ocrx_word' id='word_1_464' title='bbox 1072 3455 1456 3526; x_wconf 88' lang='lat' dir='ltr'><strong>quadraginta</strong></span> <span class='ocrx_word' id='word_1_465' title='bbox 1484 3456 1604 3510; x_wconf 91' lang='lat' dir='ltr'><strong>dies</strong></span> <span class='ocrx_word' id='word_1_466' title='bbox 1632 3457 1694 3511; x_wconf 92' lang='lat' dir='ltr'><strong>in</strong></span> <span class='ocrx_word' id='word_1_467' title='bbox 1723 3475 1871 3529; x_wconf 89' lang='lat' dir='ltr'><strong>pane</strong></span> <span class='ocrx_word' id='word_1_468' title='bbox 1920 3464 1978 3513; x_wconf 90' lang='lat' dir='ltr'><strong>et</strong></span> 
     </span>
    </p>
   </div>
   <div class='ocr_carea' id='block_1_67' title="bbox 282 3544 1977 3619">
    <p class='ocr_par' dir='ltr' id='par_1_67' title="bbox 282 3544 1977 3619">
     <span class='ocr_line' id='line_1_67' title="bbox 282 3544 1977 3619; baseline 0.005 -25"><span class='ocrx_word' id='word_1_469' title='bbox 282 3558 447 3613; x_wconf 90' lang='lat' dir='ltr'><strong>aqua,</strong></span> <span class='ocrx_word' id='word_1_470' title='bbox 484 3544 634 3613; x_wconf 90' lang='lat' dir='ltr'><strong>quod</strong></span> <span class='ocrx_word' id='word_1_471' title='bbox 668 3544 917 3597; x_wconf 91' lang='lat' dir='ltr'><strong>carinam</strong></span> <span class='ocrx_word' id='word_1_472' title='bbox 950 3548 1176 3609; x_wconf 89' lang='lat' dir='ltr'><strong>vocant,</strong></span> <span class='ocrx_word' id='word_1_473' title='bbox 1204 3561 1334 3598; x_wconf 91' lang='lat' dir='ltr'><strong>cum</strong></span> <span class='ocrx_word' id='word_1_474' title='bbox 1366 3550 1585 3615; x_wconf 90' lang='lat' dir='ltr'><strong>septem</strong></span> <span class='ocrx_word' id='word_1_475' title='bbox 1608 3548 1977 3619; x_wconf 90' lang='lat' dir='ltr'><strong>sequentibus</strong></span> 
     </span>
    </p>
   </div>
   <div class='ocr_carea' id='block_1_68' title="bbox 281 3630 1974 3702">
    <p class='ocr_par' dir='ltr' id='par_1_68' title="bbox 281 3630 1974 3702">
     <span class='ocr_line' id='line_1_68' title="bbox 281 3630 1974 3702; baseline 0.004 -19"><span class='ocrx_word' id='word_1_476' title='bbox 281 3630 445 3683; x_wconf 87' lang='lat' dir='ltr'><strong>annis</strong></span> <span class='ocrx_word' id='word_1_477' title='bbox 475 3631 755 3701; x_wconf 84' lang='lat' dir='ltr'><strong>poenitere</strong></span> <span class='ocrx_word' id='word_1_478' title='bbox 787 3633 972 3686; x_wconf 91' lang='lat' dir='ltr'><strong>debes.</strong></span> <span class='ocrx_word' id='word_1_479' title='bbox 1007 3632 1063 3687; x_wconf 94' lang='lat' dir='ltr'><strong>Si</strong></span> <span class='ocrx_word' id='word_1_480' title='bbox 1097 3637 1287 3686; x_wconf 88' lang='lat' dir='ltr'><strong>autem</strong></span> <span class='ocrx_word' id='word_1_481' title='bbox 1320 3649 1425 3702; x_wconf 90' lang='lat' dir='ltr'><strong>per</strong></span> <span class='ocrx_word' id='word_1_482' title='bbox 1459 3638 1613 3687; x_wconf 90' lang='lat' dir='ltr'><strong>tuam</strong></span> <span class='ocrx_word' id='word_1_483' title='bbox 1656 3636 1974 3689; x_wconf 88' lang='lat' dir='ltr'><strong>delaturam</strong></span> 
     </span>
    </p>
   </div>
   <div class='ocr_carea' id='block_1_69' title="bbox 283 3718 1976 3794">
    <p class='ocr_par' dir='ltr' id='par_1_69' title="bbox 283 3718 1976 3794">
     <span class='ocr_line' id='line_1_69' title="bbox 283 3718 1976 3794; baseline 0.004 -23"><span class='ocrx_word' id='word_1_484' title='bbox 283 3718 607 3773; x_wconf 89' lang='lat' dir='ltr'><strong>debilitatus</strong></span> <span class='ocrx_word' id='word_1_485' title='bbox 660 3725 764 3785; x_wconf 90' lang='lat' dir='ltr'><strong>est,</strong></span> <span class='ocrx_word' id='word_1_486' title='bbox 824 3726 938 3773; x_wconf 88' lang='lat' dir='ltr'><strong>tres</strong></span> <span class='ocrx_word' id='word_1_487' title='bbox 1002 3721 1466 3791; x_wconf 89' lang='lat' dir='ltr'><strong>quadragesimas</strong></span> <span class='ocrx_word' id='word_1_488' title='bbox 1522 3739 1627 3792; x_wconf 90' lang='lat' dir='ltr'><strong>per</strong></span> <span class='ocrx_word' id='word_1_489' title='bbox 1689 3724 1976 3794; x_wconf 89' lang='lat' dir='ltr'><strong>legitimas</strong></span> 
     </span>
    </p>
   </div>
   <div class='ocr_carea' id='block_1_70' title="bbox 283 3807 982 3876">
    <p class='ocr_par' dir='ltr' id='par_1_70' title="bbox 283 3807 982 3876">
     <span class='ocr_line' id='line_1_70' title="bbox 283 3807 982 3876; baseline 0.001 -16"><span class='ocrx_word' id='word_1_490' title='bbox 283 3807 456 3860; x_wconf 84' lang='lat' dir='ltr'><strong>ferias</strong></span> <span class='ocrx_word' id='word_1_491' title='bbox 483 3807 761 3876; x_wconf 63' lang='lat' dir='ltr'><strong>paenitere</strong></span> <span class='ocrx_word' id='word_1_492' title='bbox 793 3808 982 3862; x_wconf 90' lang='lat' dir='ltr'><strong>debes.</strong></span> 
     </span>
    </p>
   </div>
   <div class='ocr_carea' id='block_1_71' title="bbox 354 3895 1975 3966">
    <p class='ocr_par' dir='ltr' id='par_1_71' title="bbox 354 3895 1975 3966">
     <span class='ocr_line' id='line_1_71' title="bbox 354 3895 1975 3966; baseline 0.004 -18"><span class='ocrx_word' id='word_1_493' title='bbox 354 3895 563 3965; x_wconf 86' lang='lat' dir='ltr'><strong>Cepisti</strong></span> <span class='ocrx_word' id='word_1_494' title='bbox 583 3895 855 3966; x_wconf 90' lang='lat' dir='ltr'><strong>aliquem,</strong></span> <span class='ocrx_word' id='word_1_495' title='bbox 885 3902 941 3950; x_wconf 91' lang='lat' dir='ltr'><strong>et</strong></span> <span class='ocrx_word' id='word_1_496' title='bbox 968 3896 1248 3951; x_wconf 87' lang='lat' dir='ltr'><strong>tradidisti</strong></span> <span class='ocrx_word' id='word_1_497' title='bbox 1278 3914 1407 3952; x_wconf 90' lang='lat' dir='ltr'><strong>eum</strong></span> <span class='ocrx_word' id='word_1_498' title='bbox 1450 3899 1508 3953; x_wconf 93' lang='lat' dir='ltr'><strong>in</strong></span> <span class='ocrx_word' id='word_1_499' title='bbox 1560 3900 1731 3953; x_wconf 90' lang='lat' dir='ltr'><strong>talem</strong></span> <span class='ocrx_word' id='word_1_500' title='bbox 1784 3901 1975 3954; x_wconf 90' lang='lat' dir='ltr'><strong>locum</strong></span> 
     </span>
    </p>
   </div>
   <div class='ocr_carea' id='block_1_72' title="bbox 282 3985 1976 4058">
    <p class='ocr_par' dir='ltr' id='par_1_72' title="bbox 282 3985 1976 4058">
     <span class='ocr_line' id='line_1_72' title="bbox 282 3985 1976 4058; baseline 0.002 -20"><span class='ocrx_word' id='word_1_501' title='bbox 282 3985 379 4038; x_wconf 92' lang='lat' dir='ltr'><strong>ubi</strong></span> <span class='ocrx_word' id='word_1_502' title='bbox 401 3990 498 4039; x_wconf 90' lang='lat' dir='ltr'><strong>aut</strong></span> <span class='ocrx_word' id='word_1_503' title='bbox 519 3985 733 4039; x_wconf 89' lang='lat' dir='ltr'><strong>occisus</strong></span> <span class='ocrx_word' id='word_1_504' title='bbox 764 3991 869 4049; x_wconf 90' lang='lat' dir='ltr'><strong>est,</strong></span> <span class='ocrx_word' id='word_1_505' title='bbox 894 3990 992 4038; x_wconf 93' lang='lat' dir='ltr'><strong>aut</strong></span> <span class='ocrx_word' id='word_1_506' title='bbox 1024 3986 1280 4040; x_wconf 88' lang='lat' dir='ltr'><strong>membra</strong></span> <span class='ocrx_word' id='word_1_507' title='bbox 1322 3988 1443 4058; x_wconf 85' lang='lat' dir='ltr'><strong>ejus</strong></span> <span class='ocrx_word' id='word_1_508' title='bbox 1473 3989 1773 4042; x_wconf 79' lang='lat' dir='ltr'><strong>truncata?</strong></span> <span class='ocrx_word' id='word_1_509' title='bbox 1810 3990 1976 4042; x_wconf 91' lang='lat' dir='ltr'><strong>simi-</strong></span> 
     </span>
    </p>
   </div>
   <div class='ocr_carea' id='block_1_73' title="bbox 279 4074 1975 4148">
    <p class='ocr_par' dir='ltr' id='par_1_73' title="bbox 279 4074 1975 4148">
     <span class='ocr_line' id='line_1_73' title="bbox 279 4074 1975 4148; baseline 0.003 -21"><span class='ocrx_word' id='word_1_510' title='bbox 279 4074 413 4128; x_wconf 88' lang='lat' dir='ltr'><strong>liter</strong></span> <span class='ocrx_word' id='word_1_511' title='bbox 435 4074 701 4145; x_wconf 88' lang='lat' dir='ltr'><strong>jejunare</strong></span> <span class='ocrx_word' id='word_1_512' title='bbox 729 4075 923 4143; x_wconf 90' lang='lat' dir='ltr'><strong>debes,</strong></span> <span class='ocrx_word' id='word_1_513' title='bbox 956 4076 1214 4145; x_wconf 91' lang='lat' dir='ltr'><strong>quamvis</strong></span> <span class='ocrx_word' id='word_1_514' title='bbox 1243 4076 1396 4130; x_wconf 89' lang='lat' dir='ltr'><strong>dicas</strong></span> <span class='ocrx_word' id='word_1_515' title='bbox 1428 4078 1582 4148; x_wconf 91' lang='lat' dir='ltr'><strong>quod</strong></span> <span class='ocrx_word' id='word_1_516' title='bbox 1611 4094 1725 4131; x_wconf 91' lang='lat' dir='ltr'><strong>non</strong></span> <span class='ocrx_word' id='word_1_517' title='bbox 1786 4094 1852 4131; x_wconf 90' lang='lat' dir='ltr'><strong>ea</strong></span> <span class='ocrx_word' id='word_1_518' title='bbox 1885 4094 1975 4132; x_wconf 91' lang='lat' dir='ltr'><strong>ra-</strong></span> 
     </span>
    </p>
   </div>
   <div class='ocr_carea' id='block_1_74' title="bbox 281 4163 1973 4222">
    <p class='ocr_par' dir='ltr' id='par_1_74' title="bbox 281 4163 1973 4222">
     <span class='ocr_line' id='line_1_74' title="bbox 281 4163 1973 4222; baseline 0.004 -6"><span class='ocrx_word' id='word_1_519' title='bbox 281 4163 434 4217; x_wconf 87' lang='lat' dir='ltr'><strong>tione</strong></span> <span class='ocrx_word' id='word_1_520' title='bbox 485 4180 617 4217; x_wconf 92' lang='lat' dir='ltr'><strong>eum</strong></span> <span class='ocrx_word' id='word_1_521' title='bbox 673 4164 808 4218; x_wconf 91' lang='lat' dir='ltr'><strong>illuc</strong></span> <span class='ocrx_word' id='word_1_522' title='bbox 862 4165 1117 4218; x_wconf 90' lang='lat' dir='ltr'><strong>traderes</strong></span> <span class='ocrx_word' id='word_1_523' title='bbox 1169 4172 1235 4219; x_wconf 89' lang='lat' dir='ltr'><strong>ut</strong></span> <span class='ocrx_word' id='word_1_524' title='bbox 1295 4167 1379 4220; x_wconf 90' lang='lat' dir='ltr'><strong>vel</strong></span> <span class='ocrx_word' id='word_1_525' title='bbox 1421 4166 1817 4221; x_wconf 86' lang='lat' dir='ltr'><strong>debilitaretur</strong></span> <span class='ocrx_word' id='word_1_526' title='bbox 1887 4169 1973 4222; x_wconf 90' lang='lat' dir='ltr'><strong>vel</strong></span> 
     </span>
    </p>
   </div>
   <div class='ocr_carea' id='block_1_75' title="bbox 280 4252 653 4307">
    <p class='ocr_par' dir='ltr' id='par_1_75' title="bbox 280 4252 653 4307">
     <span class='ocr_line' id='line_1_75' title="bbox 280 4252 653 4307; baseline 0.003 -3"><span class='ocrx_word' id='word_1_527' title='bbox 280 4252 653 4307; x_wconf 87' lang='lat' dir='ltr'><strong>occideretur.</strong></span> 
     </span>
    </p>
   </div>
   <div class='ocr_carea' id='block_1_76' title="bbox 350 4341 1975 4414">
    <p class='ocr_par' dir='ltr' id='par_1_76' title="bbox 350 4341 1975 4414">
     <span class='ocr_line' id='line_1_76' title="bbox 350 4341 1975 4414; baseline 0.002 -18"><span class='ocrx_word' id='word_1_528' title='bbox 350 4341 613 4397; x_wconf 89' lang='lat' dir='ltr'><strong>Occidisti</strong></span> <span class='ocrx_word' id='word_1_529' title='bbox 662 4345 724 4395; x_wconf 91' lang='lat' dir='ltr'><strong>tu</strong></span> <span class='ocrx_word' id='word_1_530' title='bbox 771 4341 912 4412; x_wconf 86' lang='lat' dir='ltr'><strong>ipse,</strong></span> <span class='ocrx_word' id='word_1_531' title='bbox 946 4348 1042 4396; x_wconf 87' lang='lat' dir='ltr'><strong>aut</strong></span> <span class='ocrx_word' id='word_1_532' title='bbox 1089 4343 1295 4414; x_wconf 91' lang='lat' dir='ltr'><strong>aliquis</strong></span> <span class='ocrx_word' id='word_1_533' title='bbox 1343 4360 1447 4414; x_wconf 90' lang='lat' dir='ltr'><strong>per</strong></span> <span class='ocrx_word' id='word_1_534' title='bbox 1479 4348 1642 4397; x_wconf 89' lang='lat' dir='ltr'><strong>tuum</strong></span> <span class='ocrx_word' id='word_1_535' title='bbox 1673 4346 1975 4400; x_wconf 90' lang='lat' dir='ltr'><strong>consilium</strong></span> 
     </span>
    </p>
   </div>
   <div class='ocr_carea' id='block_1_77' title="bbox 282 4430 1977 4503">
    <p class='ocr_par' dir='ltr' id='par_1_77' title="bbox 282 4430 1977 4503">
     <span class='ocr_line' id='line_1_77' title="bbox 282 4430 1977 4503; baseline 0.002 -20"><span class='ocrx_word' id='word_1_536' title='bbox 282 4430 533 4501; x_wconf 90' lang='lat' dir='ltr'><strong>aliquem</strong></span> <span class='ocrx_word' id='word_1_537' title='bbox 566 4447 630 4484; x_wconf 86' lang='lat' dir='ltr'><strong>ex</strong></span> <span class='ocrx_word' id='word_1_538' title='bbox 659 4431 1048 4485; x_wconf 89' lang='lat' dir='ltr'><strong>ecclesiasticis</strong></span> <span class='ocrx_word' id='word_1_539' title='bbox 1076 4432 1211 4486; x_wconf 83' lang='lat' dir='ltr'><strong>viris</strong></span> <span class='ocrx_word' id='word_1_540' title='bbox 1247 4434 1360 4486; x_wconf 93' lang='lat' dir='ltr'><strong>Deo</strong></span> <span class='ocrx_word' id='word_1_541' title='bbox 1415 4433 1636 4499; x_wconf 87' lang='lat' dir='ltr'><strong>dicatis,</strong></span> <span class='ocrx_word' id='word_1_542' title='bbox 1684 4438 1781 4487; x_wconf 92' lang='lat' dir='ltr'><strong>aut</strong></span> <span class='ocrx_word' id='word_1_543' title='bbox 1817 4436 1977 4503; x_wconf 87' lang='lat' dir='ltr'><strong>psal—</strong></span> 
     </span>
    </p>
   </div>
   <div class='ocr_carea' id='block_1_78' title="bbox 281 4519 1975 4589">
    <p class='ocr_par' dir='ltr' id='par_1_78' title="bbox 281 4519 1975 4589">
     <span class='ocr_line' id='line_1_78' title="bbox 281 4519 1975 4589; baseline 0.003 -18"><span class='ocrx_word' id='word_1_544' title='bbox 281 4519 531 4585; x_wconf 89' lang='lat' dir='ltr'><strong>mistam,</strong></span> <span class='ocrx_word' id='word_1_545' title='bbox 570 4524 670 4573; x_wconf 89' lang='lat' dir='ltr'><strong>aut</strong></span> <span class='ocrx_word' id='word_1_546' title='bbox 701 4519 1023 4589; x_wconf 89' lang='lat' dir='ltr'><strong>ostiarium,</strong></span> <span class='ocrx_word' id='word_1_547' title='bbox 1057 4526 1156 4574; x_wconf 91' lang='lat' dir='ltr'><strong>aut</strong></span> <span class='ocrx_word' id='word_1_548' title='bbox 1184 4522 1483 4589; x_wconf 90' lang='lat' dir='ltr'><strong>lectorem,</strong></span> <span class='ocrx_word' id='word_1_549' title='bbox 1517 4526 1615 4573; x_wconf 88' lang='lat' dir='ltr'><strong>aut</strong></span> <span class='ocrx_word' id='word_1_550' title='bbox 1644 4522 1975 4577; x_wconf 88' lang='lat' dir='ltr'><strong>exorcistam</strong></span> 
     </span>
    </p>
   </div>
   <div class='ocr_carea' id='block_1_79' title="bbox 283 4608 1977 4678">
    <p class='ocr_par' dir='ltr' id='par_1_79' title="bbox 283 4608 1977 4678">
     <span class='ocr_line' id='line_1_79' title="bbox 283 4608 1977 4678; baseline 0.003 -17"><span class='ocrx_word' id='word_1_551' title='bbox 283 4611 381 4661; x_wconf 88' lang='lat' dir='ltr'><strong>aut</strong></span> <span class='ocrx_word' id='word_1_552' title='bbox 412 4608 754 4678; x_wconf 85' lang='lat' dir='ltr'><strong>acolythum,</strong></span> <span class='ocrx_word' id='word_1_553' title='bbox 789 4613 889 4663; x_wconf 90' lang='lat' dir='ltr'><strong>aut</strong></span> <span class='ocrx_word' id='word_1_554' title='bbox 917 4608 1352 4676; x_wconf 89' lang='lat' dir='ltr'><strong>subdiaconum,</strong></span> <span class='ocrx_word' id='word_1_555' title='bbox 1386 4613 1486 4663; x_wconf 92' lang='lat' dir='ltr'><strong>aut</strong></span> <span class='ocrx_word' id='word_1_556' title='bbox 1514 4609 1836 4678; x_wconf 90' lang='lat' dir='ltr'><strong>diaconum,</strong></span> <span class='ocrx_word' id='word_1_557' title='bbox 1879 4617 1977 4666; x_wconf 92' lang='lat' dir='ltr'><strong>aut</strong></span> 
     </span>
    </p>
   </div>
   <div class='ocr_carea' id='block_1_80' title="bbox 282 4694 1974 4770">
    <p class='ocr_par' dir='ltr' id='par_1_80' title="bbox 282 4694 1974 4770">
     <span class='ocr_line' id='line_1_80' title="bbox 282 4694 1974 4770; baseline 0.004 -23"><span class='ocrx_word' id='word_1_558' title='bbox 282 4694 716 4765; x_wconf 85' lang='lat' dir='ltr'><strong>presbyterum?</strong></span> <span class='ocrx_word' id='word_1_559' title='bbox 755 4696 809 4751; x_wconf 92' lang='lat' dir='ltr'><strong>Si</strong></span> <span class='ocrx_word' id='word_1_560' title='bbox 854 4696 1055 4762; x_wconf 86' lang='lat' dir='ltr'><strong>fecisti,</strong></span> <span class='ocrx_word' id='word_1_561' title='bbox 1112 4696 1372 4766; x_wconf 91' lang='lat' dir='ltr'><strong>singulos</strong></span> <span class='ocrx_word' id='word_1_562' title='bbox 1414 4696 1667 4764; x_wconf 88' lang='lat' dir='ltr'><strong>ordines,</strong></span> <span class='ocrx_word' id='word_1_563' title='bbox 1721 4698 1974 4770; x_wconf 90' lang='lat' dir='ltr'><strong>singulos</strong></span> 
     </span>
    </p>
   </div>
   <div class='ocr_carea' id='block_1_81' title="bbox 282 4784 1973 4855">
    <p class='ocr_par' dir='ltr' id='par_1_81' title="bbox 282 4784 1973 4855">
     <span class='ocr_line' id='line_1_81' title="bbox 282 4784 1973 4855; baseline 0.004 -18"><span class='ocrx_word' id='word_1_564' title='bbox 282 4785 492 4853; x_wconf 85' lang='lat' dir='ltr'><strong>gradus</strong></span> <span class='ocrx_word' id='word_1_565' title='bbox 523 4784 887 4855; x_wconf 89' lang='lat' dir='ltr'><strong>singulariter</strong></span> <span class='ocrx_word' id='word_1_566' title='bbox 932 4786 1214 4855; x_wconf 85' lang='lat' dir='ltr'><strong>poenitere</strong></span> <span class='ocrx_word' id='word_1_567' title='bbox 1263 4785 1452 4839; x_wconf 90' lang='lat' dir='ltr'><strong>debes.</strong></span> <span class='ocrx_word' id='word_1_568' title='bbox 1513 4788 1596 4840; x_wconf 91' lang='lat' dir='ltr'><strong>Ita</strong></span> <span class='ocrx_word' id='word_1_569' title='bbox 1650 4787 1973 4843; x_wconf 90' lang='lat' dir='ltr'><strong>faciendum</strong></span> 
     </span>
    </p>
   </div>
   <div class='ocr_carea' id='block_1_82' title="bbox 283 4873 1971 4947">
    <p class='ocr_par' dir='ltr' id='par_1_82' title="bbox 283 4873 1971 4947">
     <span class='ocr_line' id='line_1_82' title="bbox 283 4873 1971 4947; baseline 0.004 -22"><span class='ocrx_word' id='word_1_570' title='bbox 283 4877 366 4926; x_wconf 87' lang='lat' dir='ltr'><strong>est</strong></span> <span class='ocrx_word' id='word_1_571' title='bbox 394 4873 514 4939; x_wconf 89' lang='lat' dir='ltr'><strong>tibi,</strong></span> <span class='ocrx_word' id='word_1_572' title='bbox 551 4878 616 4927; x_wconf 89' lang='lat' dir='ltr'><strong>ut</strong></span> <span class='ocrx_word' id='word_1_573' title='bbox 645 4890 747 4944; x_wconf 92' lang='lat' dir='ltr'><strong>pro</strong></span> <span class='ocrx_word' id='word_1_574' title='bbox 779 4874 1096 4941; x_wconf 87' lang='lat' dir='ltr'><strong>Psalmista,</strong></span> <span class='ocrx_word' id='word_1_575' title='bbox 1129 4874 1222 4927; x_wconf 88' lang='lat' dir='ltr'><strong>XL</strong></span> <span class='ocrx_word' id='word_1_576' title='bbox 1251 4873 1372 4926; x_wconf 91' lang='lat' dir='ltr'><strong>dies</strong></span> <span class='ocrx_word' id='word_1_577' title='bbox 1414 4873 1473 4926; x_wconf 89' lang='lat' dir='ltr'><strong>in</strong></span> <span class='ocrx_word' id='word_1_578' title='bbox 1502 4891 1650 4944; x_wconf 90' lang='lat' dir='ltr'><strong>pane</strong></span> <span class='ocrx_word' id='word_1_579' title='bbox 1701 4880 1758 4929; x_wconf 91' lang='lat' dir='ltr'><strong>et</strong></span> <span class='ocrx_word' id='word_1_580' title='bbox 1804 4892 1971 4947; x_wconf 89' lang='lat' dir='ltr'><strong>aqua,</strong></span> 
     </span>
    </p>
   </div>
   <div class='ocr_carea' id='block_1_83' title="bbox 282 4961 1973 5035">
    <p class='ocr_par' dir='ltr' id='par_1_83' title="bbox 282 4961 1973 5035">
     <span class='ocr_line' id='line_1_83' title="bbox 282 4961 1973 5035; baseline 0.004 -21"><span class='ocrx_word' id='word_1_581' title='bbox 282 4961 433 5031; x_wconf 90' lang='lat' dir='ltr'><strong>quod</strong></span> <span class='ocrx_word' id='word_1_582' title='bbox 481 4962 787 5015; x_wconf 89' lang='lat' dir='ltr'><strong>Teutonice</strong></span> <span class='ocrx_word' id='word_1_583' title='bbox 850 4961 1043 5015; x_wconf 89' lang='lat' dir='ltr'><strong>carina</strong></span> <span class='ocrx_word' id='word_1_584' title='bbox 1095 4967 1348 5029; x_wconf 87' lang='lat' dir='ltr'><strong>vocatur,</strong></span> <span class='ocrx_word' id='word_1_585' title='bbox 1410 4979 1542 5017; x_wconf 90' lang='lat' dir='ltr'><strong>cum</strong></span> <span class='ocrx_word' id='word_1_586' title='bbox 1606 4969 1827 5035; x_wconf 88' lang='lat' dir='ltr'><strong>septem</strong></span> <span class='ocrx_word' id='word_1_587' title='bbox 1887 4983 1973 5020; x_wconf 91' lang='lat' dir='ltr'><strong>se-</strong></span> 
     </span>
    </p>
   </div>
   <div class='ocr_carea' id='block_1_84' title="bbox 281 5050 1971 5123">
    <p class='ocr_par' dir='ltr' id='par_1_84' title="bbox 281 5050 1971 5123">
     <span class='ocr_line' id='line_1_84' title="bbox 281 5050 1971 5123; baseline 0.004 -20"><span class='ocrx_word' id='word_1_588' title='bbox 281 5050 590 5121; x_wconf 90' lang='lat' dir='ltr'><strong>quentibus</strong></span> <span class='ocrx_word' id='word_1_589' title='bbox 646 5051 811 5104; x_wconf 89' lang='lat' dir='ltr'><strong>annis</strong></span> <span class='ocrx_word' id='word_1_590' title='bbox 870 5051 1166 5120; x_wconf 74' lang='lat' dir='ltr'><strong>pmniteas.</strong></span> <span class='ocrx_word' id='word_1_591' title='bbox 1233 5052 1341 5105; x_wconf 89' lang='lat' dir='ltr'><strong>Pro</strong></span> <span class='ocrx_word' id='word_1_592' title='bbox 1400 5052 1631 5107; x_wconf 91' lang='lat' dir='ltr'><strong>ostiario</strong></span> <span class='ocrx_word' id='word_1_593' title='bbox 1689 5053 1971 5123; x_wconf 90' lang='lat' dir='ltr'><strong>similiter,</strong></span> 
     </span>
    </p>
   </div>
   <div class='ocr_carea' id='block_1_85' title="bbox 279 5139 1975 5214">
    <p class='ocr_par' dir='ltr' id='par_1_85' title="bbox 279 5139 1975 5214">
     <span class='ocr_line' id='line_1_85' title="bbox 279 5139 1975 5214; baseline 0.003 -21"><span class='ocrx_word' id='word_1_594' title='bbox 279 5156 383 5211; x_wconf 91' lang='lat' dir='ltr'><strong>pro</strong></span> <span class='ocrx_word' id='word_1_595' title='bbox 440 5141 649 5195; x_wconf 89' lang='lat' dir='ltr'><strong>lectore</strong></span> <span class='ocrx_word' id='word_1_596' title='bbox 714 5139 1002 5208; x_wconf 89' lang='lat' dir='ltr'><strong>similiter,</strong></span> <span class='ocrx_word' id='word_1_597' title='bbox 1057 5157 1160 5212; x_wconf 92' lang='lat' dir='ltr'><strong>pro</strong></span> <span class='ocrx_word' id='word_1_598' title='bbox 1211 5142 1490 5195; x_wconf 89' lang='lat' dir='ltr'><strong>exorcista</strong></span> <span class='ocrx_word' id='word_1_599' title='bbox 1534 5143 1816 5210; x_wconf 90' lang='lat' dir='ltr'><strong>similiter,</strong></span> <span class='ocrx_word' id='word_1_600' title='bbox 1871 5162 1975 5214; x_wconf 91' lang='lat' dir='ltr'><strong>pro</strong></span> 
     </span>
    </p>
   </div>
   <div class='ocr_carea' id='block_1_86' title="bbox 282 5229 1976 5302">
    <p class='ocr_par' dir='ltr' id='par_1_86' title="bbox 282 5229 1976 5302">
     <span class='ocr_line' id='line_1_86' title="bbox 282 5229 1976 5302; baseline 0.002 -20"><span class='ocrx_word' id='word_1_601' title='bbox 282 5230 580 5300; x_wconf 80' lang='lat' dir='ltr'><strong>acoloytho</strong></span> <span class='ocrx_word' id='word_1_602' title='bbox 605 5229 888 5293; x_wconf 89' lang='lat' dir='ltr'><strong>similiter,</strong></span> <span class='ocrx_word' id='word_1_603' title='bbox 913 5246 1020 5300; x_wconf 91' lang='lat' dir='ltr'><strong>pro</strong></span> <span class='ocrx_word' id='word_1_604' title='bbox 1042 5230 1391 5283; x_wconf 90' lang='lat' dir='ltr'><strong>subdiacono</strong></span> <span class='ocrx_word' id='word_1_605' title='bbox 1416 5230 1701 5300; x_wconf 90' lang='lat' dir='ltr'><strong>similiter,</strong></span> <span class='ocrx_word' id='word_1_606' title='bbox 1731 5248 1837 5302; x_wconf 91' lang='lat' dir='ltr'><strong>pro</strong></span> <span class='ocrx_word' id='word_1_607' title='bbox 1861 5233 1976 5287; x_wconf 85' lang='lat' dir='ltr'><strong>dia-</strong></span> 
     </span>
    </p>
   </div>
   <div class='ocr_carea' id='block_1_87' title="bbox 280 5318 1977 5391">
    <p class='ocr_par' dir='ltr' id='par_1_87' title="bbox 280 5318 1977 5391">
     <span class='ocr_line' id='line_1_87' title="bbox 280 5318 1977 5391; baseline 0.002 -19"><span class='ocrx_word' id='word_1_608' title='bbox 280 5335 424 5372; x_wconf 89' lang='lat' dir='ltr'><strong>cono</strong></span> <span class='ocrx_word' id='word_1_609' title='bbox 456 5318 739 5387; x_wconf 90' lang='lat' dir='ltr'><strong>similiter,</strong></span> <span class='ocrx_word' id='word_1_610' title='bbox 761 5335 866 5389; x_wconf 91' lang='lat' dir='ltr'><strong>pro</strong></span> <span class='ocrx_word' id='word_1_611' title='bbox 889 5319 1221 5389; x_wconf 86' lang='lat' dir='ltr'><strong>presbytero</strong></span> <span class='ocrx_word' id='word_1_612' title='bbox 1256 5319 1518 5373; x_wconf 90' lang='lat' dir='ltr'><strong>similiter</strong></span> <span class='ocrx_word' id='word_1_613' title='bbox 1552 5337 1563 5374; x_wconf 93' lang='lat'>:</span> <span class='ocrx_word' id='word_1_614' title='bbox 1598 5320 1734 5391; x_wconf 89' lang='lat' dir='ltr'><strong>quia</strong></span> <span class='ocrx_word' id='word_1_615' title='bbox 1783 5322 1977 5375; x_wconf 92' lang='lat' dir='ltr'><strong>omnia</strong></span> 
     </span>
    </p>
   </div>
   <div class='ocr_carea' id='block_1_88' title="bbox 280 5407 1976 5481">
    <p class='ocr_par' dir='ltr' id='par_1_88' title="bbox 280 5407 1976 5481">
     <span class='ocr_line' id='line_1_88' title="bbox 280 5407 1976 5481; baseline 0.003 -22"><span class='ocrx_word' id='word_1_616' title='bbox 280 5408 578 5477; x_wconf 82' lang='lat' dir='ltr'><strong>presbyter</strong></span> <span class='ocrx_word' id='word_1_617' title='bbox 606 5412 732 5461; x_wconf 92' lang='lat' dir='ltr'><strong>octo</strong></span> <span class='ocrx_word' id='word_1_618' title='bbox 763 5407 990 5461; x_wconf 90' lang='lat' dir='ltr'><strong>ordines</strong></span> <span class='ocrx_word' id='word_1_619' title='bbox 1030 5408 1221 5462; x_wconf 89' lang='lat' dir='ltr'><strong>habet.</strong></span> <span class='ocrx_word' id='word_1_620' title='bbox 1256 5408 1633 5479; x_wconf 90' lang='lat' dir='ltr'><strong>Quapropter,</strong></span> <span class='ocrx_word' id='word_1_621' title='bbox 1664 5409 1851 5463; x_wconf 90' lang='lat' dir='ltr'><strong>omnis</strong></span> <span class='ocrx_word' id='word_1_622' title='bbox 1877 5410 1976 5481; x_wconf 91' lang='lat' dir='ltr'><strong>qui</strong></span> 
     </span>
    </p>
   </div>
   <div class='ocr_carea' id='block_1_89' title="bbox 281 5495 1973 5570">
    <p class='ocr_par' dir='ltr' id='par_1_89' title="bbox 281 5495 1973 5570">
     <span class='ocr_line' id='line_1_89' title="bbox 281 5495 1973 5570; baseline 0.004 -21"><span class='ocrx_word' id='word_1_623' title='bbox 281 5495 624 5550; x_wconf 82' lang='lat' dir='ltr'><strong>interfecerit</strong></span> <span class='ocrx_word' id='word_1_624' title='bbox 656 5496 975 5550; x_wconf 88' lang='lat' dir='ltr'><strong>voluntarie</strong></span> <span class='ocrx_word' id='word_1_625' title='bbox 1012 5497 1435 5566; x_wconf 84' lang='lat' dir='ltr'><strong>presbyterum,</strong></span> <span class='ocrx_word' id='word_1_626' title='bbox 1482 5497 1559 5552; x_wconf 90' lang='lat' dir='ltr'><strong>ita</strong></span> <span class='ocrx_word' id='word_1_627' title='bbox 1591 5499 1761 5553; x_wconf 87' lang='lat' dir='ltr'><strong>debet</strong></span> <span class='ocrx_word' id='word_1_628' title='bbox 1790 5501 1973 5570; x_wconf 64' lang='lat' dir='ltr'><strong>poeni-</strong></span> 
     </span>
    </p>
   </div>
   <div class='ocr_carea' id='block_1_90' title="bbox 279 5585 1975 5663">
    <p class='ocr_par' dir='ltr' id='par_1_90' title="bbox 279 5585 1975 5663">
     <span class='ocr_line' id='line_1_90' title="bbox 279 5585 1975 5663; baseline 0.005 -26"><span class='ocrx_word' id='word_1_629' title='bbox 279 5589 420 5653; x_wconf 88' lang='lat' dir='ltr'><strong>tere,</strong></span> <span class='ocrx_word' id='word_1_630' title='bbox 452 5590 518 5639; x_wconf 92' lang='lat' dir='ltr'><strong>ut</strong></span> <span class='ocrx_word' id='word_1_631' title='bbox 541 5590 665 5639; x_wconf 92' lang='lat' dir='ltr'><strong>octo</strong></span> <span class='ocrx_word' id='word_1_632' title='bbox 696 5585 1004 5641; x_wconf 88' lang='lat' dir='ltr'><strong>homicidia</strong></span> <span class='ocrx_word' id='word_1_633' title='bbox 1033 5592 1235 5658; x_wconf 89' lang='lat' dir='ltr'><strong>sponte</strong></span> <span class='ocrx_word' id='word_1_634' title='bbox 1256 5589 1658 5657; x_wconf 58' lang='lat' dir='ltr'><strong>commissa,»et</strong></span> <span class='ocrx_word' id='word_1_635' title='bbox 1678 5605 1975 5663; x_wconf 90' lang='lat' dir='ltr'><strong>nunquam</strong></span> 
     </span>
    </p>
   </div>
   <div class='ocr_carea' id='block_1_91' title="bbox 2086 3108 3788 3179">
    <p class='ocr_par' dir='ltr' id='par_1_91' title="bbox 2086 3108 3788 3179">
     <span class='ocr_line' id='line_1_91' title="bbox 2086 3108 3788 3179; baseline 0 -17"><span class='ocrx_word' id='word_1_636' title='bbox 2086 3113 2169 3162; x_wconf 90' lang='lat' dir='ltr'><strong>tot</strong></span> <span class='ocrx_word' id='word_1_637' title='bbox 2201 3108 2457 3179; x_wconf 89' lang='lat' dir='ltr'><strong>perjuria</strong></span> <span class='ocrx_word' id='word_1_638' title='bbox 2478 3108 2649 3161; x_wconf 90' lang='lat' dir='ltr'><strong>debes</strong></span> <span class='ocrx_word' id='word_1_639' title='bbox 2673 3108 2958 3178; x_wconf 89' lang='lat' dir='ltr'><strong>jejunare,</strong></span> <span class='ocrx_word' id='word_1_640' title='bbox 2988 3113 3129 3179; x_wconf 93' lang='lat' dir='ltr'><strong>quot</strong></span> <span class='ocrx_word' id='word_1_641' title='bbox 3176 3108 3441 3161; x_wconf 91' lang='lat' dir='ltr'><strong>homines</strong></span> <span class='ocrx_word' id='word_1_642' title='bbox 3488 3108 3676 3162; x_wconf 89' lang='lat' dir='ltr'><strong>sciens</strong></span> <span class='ocrx_word' id='word_1_643' title='bbox 3721 3110 3788 3162; x_wconf 93' lang='lat' dir='ltr'><strong>ad</strong></span> 
     </span>
    </p>
   </div>
   <div class='ocr_carea' id='block_1_92' title="bbox 2083 3196 3789 3268">
    <p class='ocr_par' dir='ltr' id='par_1_92' title="bbox 2083 3196 3789 3268">
     <span class='ocr_line' id='line_1_92' title="bbox 2083 3196 3789 3268; baseline 0.001 -19"><span class='ocrx_word' id='word_1_644' title='bbox 2083 3197 2403 3268; x_wconf 88' lang='lat' dir='ltr'><strong>perjurium</strong></span> <span class='ocrx_word' id='word_1_645' title='bbox 2452 3196 2759 3264; x_wconf 83' lang='lat' dir='ltr'><strong>adduxisti,</strong></span> <span class='ocrx_word' id='word_1_646' title='bbox 2802 3200 2855 3250; x_wconf 87' lang='lat' dir='ltr'><strong>et</strong></span> <span class='ocrx_word' id='word_1_647' title='bbox 2895 3197 3007 3265; x_wconf 83' lang='lat' dir='ltr'><strong>ipsi</strong></span> <span class='ocrx_word' id='word_1_648' title='bbox 3046 3198 3405 3267; x_wconf 90' lang='lat' dir='ltr'><strong>suaperjuria</strong></span> <span class='ocrx_word' id='word_1_649' title='bbox 3454 3198 3789 3265; x_wconf 86' lang='lat' dir='ltr'><strong>emendent,</strong></span> 
     </span>
    </p>
   </div>
   <div class='ocr_carea' id='block_1_93' title="bbox 2086 3285 3785 3355">
    <p class='ocr_par' dir='ltr' id='par_1_93' title="bbox 2086 3285 3785 3355">
     <span class='ocr_line' id='line_1_93' title="bbox 2086 3285 3785 3355; baseline -0.001 -16"><span class='ocrx_word' id='word_1_650' title='bbox 2086 3290 2143 3339; x_wconf 88' lang='lat' dir='ltr'><strong>ut</strong></span> <span class='ocrx_word' id='word_1_651' title='bbox 2172 3302 2345 3355; x_wconf 90' lang='lat' dir='ltr'><strong>supra</strong></span> <span class='ocrx_word' id='word_1_652' title='bbox 2370 3289 2631 3339; x_wconf 90' lang='lat' dir='ltr'><strong>notatum</strong></span> <span class='ocrx_word' id='word_1_653' title='bbox 2653 3290 2754 3348; x_wconf 89' lang='lat' dir='ltr'><strong>est,</strong></span> <span class='ocrx_word' id='word_1_654' title='bbox 2790 3285 2838 3339; x_wconf 92' lang='lat' dir='ltr'><strong>si</strong></span> <span class='ocrx_word' id='word_1_655' title='bbox 2873 3286 3118 3340; x_wconf 89' lang='lat' dir='ltr'><strong>scientes</strong></span> <span class='ocrx_word' id='word_1_656' title='bbox 3140 3286 3417 3340; x_wconf 86' lang='lat' dir='ltr'><strong>fecerunt.</strong></span> <span class='ocrx_word' id='word_1_657' title='bbox 3437 3285 3537 3340; x_wconf 90' lang='lat' dir='ltr'><strong>Sin</strong></span> <span class='ocrx_word' id='word_1_658' title='bbox 3568 3291 3785 3351; x_wconf 90' lang='lat' dir='ltr'><strong>autem,</strong></span> 
     </span>
    </p>
   </div>
   <div class='ocr_carea' id='block_1_94' title="bbox 2084 3373 2284 3427">
    <p class='ocr_par' dir='ltr' id='par_1_94' title="bbox 2084 3373 2284 3427">
     <span class='ocr_line' id='line_1_94' title="bbox 2084 3373 2284 3427; baseline -0.01 0"><span class='ocrx_word' id='word_1_659' title='bbox 2084 3373 2284 3427; x_wconf 90' lang='lat' dir='ltr'><strong>levius.</strong></span> 
     </span>
    </p>
   </div>
   <div class='ocr_carea' id='block_1_95' title="bbox 2155 3461 3788 3533">
    <p class='ocr_par' dir='ltr' id='par_1_95' title="bbox 2155 3461 3788 3533">
     <span class='ocr_line' id='line_1_95' title="bbox 2155 3461 3788 3533; baseline 0 -17"><span class='ocrx_word' id='word_1_660' title='bbox 2155 3461 2355 3516; x_wconf 89' lang='lat' dir='ltr'><strong>Fecisti</strong></span> <span class='ocrx_word' id='word_1_661' title='bbox 2388 3461 2707 3533; x_wconf 89' lang='lat' dir='ltr'><strong>perjurium</strong></span> <span class='ocrx_word' id='word_1_662' title='bbox 2739 3467 2986 3527; x_wconf 90' lang='lat' dir='ltr'><strong>coactus,</strong></span> <span class='ocrx_word' id='word_1_663' title='bbox 3025 3466 3080 3516; x_wconf 92' lang='lat' dir='ltr'><strong>et</strong></span> <span class='ocrx_word' id='word_1_664' title='bbox 3130 3478 3235 3532; x_wconf 91' lang='lat' dir='ltr'><strong>pro</strong></span> <span class='ocrx_word' id='word_1_665' title='bbox 3279 3462 3637 3528; x_wconf 90' lang='lat' dir='ltr'><strong>necessitate,</strong></span> <span class='ocrx_word' id='word_1_666' title='bbox 3689 3468 3788 3517; x_wconf 88' lang='lat' dir='ltr'><strong>aut</strong></span> 
     </span>
    </p>
   </div>
   <div class='ocr_carea' id='block_1_96' title="bbox 2083 3544 3785 3622">
    <p class='ocr_par' dir='ltr' id='par_1_96' title="bbox 2083 3544 3785 3622">
     <span class='ocr_line' id='line_1_96' title="bbox 2083 3544 3785 3622; baseline 0 -18"><span class='ocrx_word' id='word_1_667' title='bbox 2083 3567 2188 3621; x_wconf 92' lang='lat' dir='ltr'><strong>pro</strong></span> <span class='ocrx_word' id='word_1_668' title='bbox 2238 3551 2353 3604; x_wconf 89' lang='lat' dir='ltr'><strong>vita</strong></span> <span class='ocrx_word' id='word_1_669' title='bbox 2381 3550 2520 3605; x_wconf 80' lang='lat' dir='ltr'><strong>tua?</strong></span> <span class='ocrx_word' id='word_1_670' title='bbox 2558 3551 2694 3621; x_wconf 90' lang='lat' dir='ltr'><strong>quia</strong></span> <span class='ocrx_word' id='word_1_671' title='bbox 2733 3550 2979 3604; x_wconf 85' lang='lat' dir='ltr'><strong>dilexisti</strong></span> <span class='ocrx_word' id='word_1_672' title='bbox 3009 3544 3216 3621; x_wconf 77' lang='lat' dir='ltr'><strong>corpus</strong></span> <span class='ocrx_word' id='word_1_673' title='bbox 3264 3553 3392 3621; x_wconf 91' lang='lat' dir='ltr'><strong>plus</strong></span> <span class='ocrx_word' id='word_1_674' title='bbox 3438 3567 3612 3622; x_wconf 91' lang='lat' dir='ltr'><strong>quam</strong></span> <span class='ocrx_word' id='word_1_675' title='bbox 3656 3552 3785 3605; x_wconf 91' lang='lat' dir='ltr'><strong>ani-</strong></span> 
     </span>
    </p>
   </div>
   <div class='ocr_carea' id='block_1_97' title="bbox 2086 3640 3785 3711">
    <p class='ocr_par' dir='ltr' id='par_1_97' title="bbox 2086 3640 3785 3711">
     <span class='ocr_line' id='line_1_97' title="bbox 2086 3640 3785 3711; baseline 0.001 -19"><span class='ocrx_word' id='word_1_676' title='bbox 2086 3655 2260 3707; x_wconf 89' lang='lat' dir='ltr'><strong>mam,</strong></span> <span class='ocrx_word' id='word_1_677' title='bbox 2320 3640 2702 3710; x_wconf 88' lang='lat' dir='ltr'><strong>quadraginta</strong></span> <span class='ocrx_word' id='word_1_678' title='bbox 2751 3640 2889 3707; x_wconf 89' lang='lat' dir='ltr'><strong>dies,</strong></span> <span class='ocrx_word' id='word_1_679' title='bbox 2950 3640 3005 3693; x_wconf 93' lang='lat' dir='ltr'><strong>id</strong></span> <span class='ocrx_word' id='word_1_680' title='bbox 3060 3644 3144 3693; x_wconf 87' lang='lat' dir='ltr'><strong>est</strong></span> <span class='ocrx_word' id='word_1_681' title='bbox 3192 3640 3464 3705; x_wconf 88' lang='lat' dir='ltr'><strong>carinam,</strong></span> <span class='ocrx_word' id='word_1_682' title='bbox 3515 3640 3575 3693; x_wconf 93' lang='lat' dir='ltr'><strong>in</strong></span> <span class='ocrx_word' id='word_1_683' title='bbox 3635 3657 3785 3711; x_wconf 88' lang='lat' dir='ltr'><strong>pane</strong></span> 
     </span>
    </p>
   </div>
   <div class='ocr_carea' id='block_1_98' title="bbox 2084 3729 3783 3801">
    <p class='ocr_par' dir='ltr' id='par_1_98' title="bbox 2084 3729 3783 3801">
     <span class='ocr_line' id='line_1_98' title="bbox 2084 3729 3783 3801; baseline 0.001 -20"><span class='ocrx_word' id='word_1_684' title='bbox 2084 3732 2139 3781; x_wconf 92' lang='lat' dir='ltr'><strong>et</strong></span> <span class='ocrx_word' id='word_1_685' title='bbox 2181 3745 2331 3799; x_wconf 92' lang='lat' dir='ltr'><strong>aqua</strong></span> <span class='ocrx_word' id='word_1_686' title='bbox 2380 3729 2656 3799; x_wconf 73' lang='lat' dir='ltr'><strong>paenitere</strong></span> <span class='ocrx_word' id='word_1_687' title='bbox 2696 3729 2887 3797; x_wconf 90' lang='lat' dir='ltr'><strong>debes,</strong></span> <span class='ocrx_word' id='word_1_688' title='bbox 2925 3734 2980 3782; x_wconf 91' lang='lat' dir='ltr'><strong>et</strong></span> <span class='ocrx_word' id='word_1_689' title='bbox 3006 3745 3206 3782; x_wconf 91' lang='lat' dir='ltr'><strong>omnes</strong></span> <span class='ocrx_word' id='word_1_690' title='bbox 3234 3734 3420 3783; x_wconf 89' lang='lat' dir='ltr'><strong>sextas</strong></span> <span class='ocrx_word' id='word_1_691' title='bbox 3450 3730 3620 3783; x_wconf 88' lang='lat' dir='ltr'><strong>ferias</strong></span> <span class='ocrx_word' id='word_1_692' title='bbox 3652 3746 3783 3801; x_wconf 69' lang='lat' dir='ltr'><strong>quae</strong></span> 
     </span>
    </p>
   </div>
   <div class='ocr_carea' id='block_1_99' title="bbox 2084 3816 3781 3889">
    <p class='ocr_par' dir='ltr' id='par_1_99' title="bbox 2084 3816 3781 3889">
     <span class='ocr_line' id='line_1_99' title="bbox 2084 3816 3781 3889; baseline 0.001 -19"><span class='ocrx_word' id='word_1_693' title='bbox 2084 3821 2216 3871; x_wconf 91' lang='lat' dir='ltr'><strong>sunt</strong></span> <span class='ocrx_word' id='word_1_694' title='bbox 2244 3817 2303 3870; x_wconf 90' lang='lat' dir='ltr'><strong>in</strong></span> <span class='ocrx_word' id='word_1_695' title='bbox 2327 3816 2495 3870; x_wconf 91' lang='lat' dir='ltr'><strong>unius</strong></span> <span class='ocrx_word' id='word_1_696' title='bbox 2524 3817 2663 3870; x_wconf 89' lang='lat' dir='ltr'><strong>anni</strong></span> <span class='ocrx_word' id='word_1_697' title='bbox 2686 3817 2917 3885; x_wconf 89' lang='lat' dir='ltr'><strong>circulo,</strong></span> <span class='ocrx_word' id='word_1_698' title='bbox 2951 3818 3012 3871; x_wconf 92' lang='lat' dir='ltr'><strong>in</strong></span> <span class='ocrx_word' id='word_1_699' title='bbox 3040 3834 3186 3888; x_wconf 90' lang='lat' dir='ltr'><strong>pane</strong></span> <span class='ocrx_word' id='word_1_700' title='bbox 3215 3823 3273 3872; x_wconf 90' lang='lat' dir='ltr'><strong>et</strong></span> <span class='ocrx_word' id='word_1_701' title='bbox 3298 3834 3446 3889; x_wconf 89' lang='lat' dir='ltr'><strong>aqua</strong></span> <span class='ocrx_word' id='word_1_702' title='bbox 3475 3818 3781 3889; x_wconf 81' lang='lat' dir='ltr'><strong>pceniteas,</strong></span> 
     </span>
    </p>
   </div>
   <div class='ocr_carea' id='block_1_100' title="bbox 2085 3905 2571 3961">
    <p class='ocr_par' dir='ltr' id='par_1_100' title="bbox 2085 3905 2571 3961">
     <span class='ocr_line' id='line_1_100' title="bbox 2085 3905 2571 3961; baseline -0.002 -1"><span class='ocrx_word' id='word_1_703' title='bbox 2085 3911 2139 3960; x_wconf 92' lang='lat' dir='ltr'><strong>et</strong></span> <span class='ocrx_word' id='word_1_704' title='bbox 2166 3922 2280 3960; x_wconf 93' lang='lat' dir='ltr'><strong>non</strong></span> <span class='ocrx_word' id='word_1_705' title='bbox 2305 3905 2571 3961; x_wconf 90' lang='lat' dir='ltr'><strong>redimas.</strong></span> 
     </span>
    </p>
   </div>
   <div class='ocr_carea' id='block_1_101' title="bbox 2617 3996 3249 4064">
    <p class='ocr_par' dir='ltr' id='par_1_101' title="bbox 2617 3996 3249 4064">
     <span class='ocr_line' id='line_1_101' title="bbox 2617 3996 3249 4064; baseline 0.002 -16"><span class='ocrx_word' id='word_1_706' title='bbox 2617 3998 2690 4049; x_wconf 87' lang='lat' dir='ltr'><strong>De</strong></span> <span class='ocrx_word' id='word_1_707' title='bbox 2729 3997 2895 4049; x_wconf 77' lang='lat' dir='ltr'><strong>otioso</strong></span> <span class='ocrx_word' id='word_1_708' title='bbox 2920 3996 3249 4064; x_wconf 81' lang='lat' dir='ltr'><strong>juramento.</strong></span> 
     </span>
    </p>
   </div>
   <div class='ocr_carea' id='block_1_102' title="bbox 2156 4082 3780 4155">
    <p class='ocr_par' dir='ltr' id='par_1_102' title="bbox 2156 4082 3780 4155">
     <span class='ocr_line' id='line_1_102' title="bbox 2156 4082 3780 4155; baseline 0.001 -18"><span class='ocrx_word' id='word_1_709' title='bbox 2156 4082 2473 4137; x_wconf 89' lang='lat' dir='ltr'><strong>Promisisti</strong></span> <span class='ocrx_word' id='word_1_710' title='bbox 2505 4083 2793 4137; x_wconf 90' lang='lat' dir='ltr'><strong>meretrici</strong></span> <span class='ocrx_word' id='word_1_711' title='bbox 2814 4084 2902 4138; x_wconf 92' lang='lat' dir='ltr'><strong>vel</strong></span> <span class='ocrx_word' id='word_1_712' title='bbox 2925 4084 3198 4137; x_wconf 65' lang='lat' dir='ltr'><strong>adultera:</strong></span> <span class='ocrx_word' id='word_1_713' title='bbox 3226 4084 3552 4155; x_wconf 89' lang='lat' dir='ltr'><strong>juramento</strong></span> <span class='ocrx_word' id='word_1_714' title='bbox 3584 4085 3780 4152; x_wconf 81' lang='lat' dir='ltr'><strong>fidem,</strong></span> 
     </span>
    </p>
   </div>
   <div class='ocr_carea' id='block_1_103' title="bbox 2085 4171 3791 4244">
    <p class='ocr_par' dir='ltr' id='par_1_103' title="bbox 2085 4171 3791 4244">
     <span class='ocr_line' id='line_1_103' title="bbox 2085 4171 3791 4244; baseline 0.002 -19"><span class='ocrx_word' id='word_1_715' title='bbox 2085 4176 2185 4225; x_wconf 89' lang='lat' dir='ltr'><strong>aut</strong></span> <span class='ocrx_word' id='word_1_716' title='bbox 2223 4171 2442 4242; x_wconf 87' lang='lat' dir='ltr'><strong>aliquid</strong></span> <span class='ocrx_word' id='word_1_717' title='bbox 2500 4172 2611 4225; x_wconf 86' lang='lat' dir='ltr'><strong>tale</strong></span> <span class='ocrx_word' id='word_1_718' title='bbox 2660 4188 2790 4225; x_wconf 91' lang='lat' dir='ltr'><strong>cum</strong></span> <span class='ocrx_word' id='word_1_719' title='bbox 2837 4172 3167 4243; x_wconf 88' lang='lat' dir='ltr'><strong>juramento</strong></span> <span class='ocrx_word' id='word_1_720' title='bbox 3230 4172 3568 4241; x_wconf 85' lang='lat' dir='ltr'><strong>promisisti,</strong></span> <span class='ocrx_word' id='word_1_721' title='bbox 3636 4175 3791 4244; x_wconf 87' lang='lat' dir='ltr'><strong>quod</strong></span> 
     </span>
    </p>
   </div>
   <div class='ocr_carea' id='block_1_104' title="bbox 2006 4262 3789 4345">
    <p class='ocr_par' dir='ltr' id='par_1_104' title="bbox 2006 4262 3789 4345">
     <span class='ocr_line' id='line_1_104' title="bbox 2006 4262 3789 4345; baseline 0.003 -32"><span class='ocrx_word' id='word_1_722' title='bbox 2006 4292 2049 4345; x_wconf 68' lang='grc' dir='ltr'><strong>Β</strong></span> <span class='ocrx_word' id='word_1_723' title='bbox 2092 4265 2288 4314; x_wconf 90' lang='lat' dir='ltr'><strong>contra</strong></span> <span class='ocrx_word' id='word_1_724' title='bbox 2319 4262 2410 4329; x_wconf 89' lang='lat' dir='ltr'><strong>jus</strong></span> <span class='ocrx_word' id='word_1_725' title='bbox 2469 4276 2757 4314; x_wconf 91' lang='lat' dir='ltr'><strong>canonum</strong></span> <span class='ocrx_word' id='word_1_726' title='bbox 2800 4262 2989 4316; x_wconf 73' lang='lat' dir='ltr'><strong>esset?</strong></span> <span class='ocrx_word' id='word_1_727' title='bbox 3038 4262 3319 4332; x_wconf 76' lang='lat' dir='ltr'><strong>poeniteas</strong></span> <span class='ocrx_word' id='word_1_728' title='bbox 3370 4263 3789 4334; x_wconf 89' lang='lat' dir='ltr'><strong>juramentum,</strong></span> 
     </span>
    </p>
   </div>
   <div class='ocr_carea' id='block_1_105' title="bbox 2088 4348 3787 4422">
    <p class='ocr_par' dir='ltr' id='par_1_105' title="bbox 2088 4348 3787 4422">
     <span class='ocr_line' id='line_1_105' title="bbox 2088 4348 3787 4422; baseline 0.003 -20"><span class='ocrx_word' id='word_1_729' title='bbox 2088 4353 2145 4402; x_wconf 88' lang='lat' dir='ltr'><strong>et</strong></span> <span class='ocrx_word' id='word_1_730' title='bbox 2192 4350 2392 4419; x_wconf 87' lang='lat' dir='ltr'><strong>frange</strong></span> <span class='ocrx_word' id='word_1_731' title='bbox 2437 4348 2863 4419; x_wconf 86' lang='lat' dir='ltr'><strong>jusjurandum,</strong></span> <span class='ocrx_word' id='word_1_732' title='bbox 2926 4354 2982 4403; x_wconf 90' lang='lat' dir='ltr'><strong>et</strong></span> <span class='ocrx_word' id='word_1_733' title='bbox 3028 4350 3172 4405; x_wconf 89' lang='lat' dir='ltr'><strong>illud</strong></span> <span class='ocrx_word' id='word_1_734' title='bbox 3205 4351 3411 4404; x_wconf 88' lang='lat' dir='ltr'><strong>melius</strong></span> <span class='ocrx_word' id='word_1_735' title='bbox 3469 4357 3525 4405; x_wconf 90' lang='lat' dir='ltr'><strong>et</strong></span> <span class='ocrx_word' id='word_1_736' title='bbox 3575 4354 3787 4422; x_wconf 91' lang='lat' dir='ltr'><strong>justius</strong></span> 
     </span>
    </p>
   </div>
   <div class='ocr_carea' id='block_1_106' title="bbox 2084 4438 3782 4509">
    <p class='ocr_par' dir='ltr' id='par_1_106' title="bbox 2084 4438 3782 4509">
     <span class='ocr_line' id='line_1_106' title="bbox 2084 4438 3782 4509; baseline 0.002 -17"><span class='ocrx_word' id='word_1_737' title='bbox 2084 4441 2169 4492; x_wconf 89' lang='lat' dir='ltr'><strong>est</strong></span> <span class='ocrx_word' id='word_1_738' title='bbox 2199 4453 2371 4507; x_wconf 90' lang='lat' dir='ltr'><strong>quam</strong></span> <span class='ocrx_word' id='word_1_739' title='bbox 2419 4454 2757 4507; x_wconf 89' lang='lat' dir='ltr'><strong>permanere</strong></span> <span class='ocrx_word' id='word_1_740' title='bbox 2802 4438 2863 4491; x_wconf 91' lang='lat' dir='ltr'><strong>in</strong></span> <span class='ocrx_word' id='word_1_741' title='bbox 2917 4439 3100 4509; x_wconf 88' lang='lat' dir='ltr'><strong>stupri</strong></span> <span class='ocrx_word' id='word_1_742' title='bbox 3156 4439 3375 4509; x_wconf 88' lang='lat' dir='ltr'><strong>flagitio</strong></span> <span class='ocrx_word' id='word_1_743' title='bbox 3420 4446 3519 4494; x_wconf 89' lang='lat' dir='ltr'><strong>aut</strong></span> <span class='ocrx_word' id='word_1_744' title='bbox 3574 4442 3636 4494; x_wconf 91' lang='lat' dir='ltr'><strong>in</strong></span> <span class='ocrx_word' id='word_1_745' title='bbox 3669 4442 3782 4496; x_wconf 93' lang='lat' dir='ltr'><strong>alio</strong></span> 
     </span>
    </p>
   </div>
   <div class='ocr_carea' id='block_1_107' title="bbox 2086 4525 3781 4598">
    <p class='ocr_par' dir='ltr' id='par_1_107' title="bbox 2086 4525 3781 4598">
     <span class='ocr_line' id='line_1_107' title="bbox 2086 4525 3781 4598; baseline 0.004 -19"><span class='ocrx_word' id='word_1_746' title='bbox 2086 4526 2278 4596; x_wconf 90' lang='lat' dir='ltr'><strong>aliquo</strong></span> <span class='ocrx_word' id='word_1_747' title='bbox 2300 4527 2465 4591; x_wconf 89' lang='lat' dir='ltr'><strong>malo,</strong></span> <span class='ocrx_word' id='word_1_748' title='bbox 2502 4525 2638 4596; x_wconf 91' lang='lat' dir='ltr'><strong>quia</strong></span> <span class='ocrx_word' id='word_1_749' title='bbox 2666 4526 2940 4597; x_wconf 91' lang='lat' dir='ltr'><strong>scriptum</strong></span> <span class='ocrx_word' id='word_1_750' title='bbox 2973 4531 3056 4580; x_wconf 87' lang='lat' dir='ltr'><strong>est</strong></span> <span class='ocrx_word' id='word_1_751' title='bbox 3087 4543 3100 4581; x_wconf 90' lang='lat'>:</span> <span class='ocrx_word' id='word_1_752' title='bbox 3141 4550 3161 4576; x_wconf 86' lang='grc'><strong>‹</strong></span> <span class='ocrx_word' id='word_1_753' title='bbox 3221 4528 3439 4598; x_wconf 89' lang='lat' dir='ltr'><strong>Injusta</strong></span> <span class='ocrx_word' id='word_1_754' title='bbox 3469 4532 3596 4583; x_wconf 91' lang='lat' dir='ltr'><strong>vota</strong></span> <span class='ocrx_word' id='word_1_755' title='bbox 3624 4530 3781 4585; x_wconf 85' lang='lat' dir='ltr'><strong>fran-</strong></span> 
     </span>
    </p>
   </div>
   <div class='ocr_carea' id='block_1_108' title="bbox 2085 4616 2518 4685">
    <p class='ocr_par' dir='ltr' id='par_1_108' title="bbox 2085 4616 2518 4685">
     <span class='ocr_line' id='line_1_108' title="bbox 2085 4616 2518 4685; baseline 0 -16"><span class='ocrx_word' id='word_1_756' title='bbox 2085 4616 2274 4685; x_wconf 90' lang='lat' dir='ltr'><strong>genda</strong></span> <span class='ocrx_word' id='word_1_757' title='bbox 2305 4618 2453 4669; x_wconf 90' lang='lat' dir='ltr'><strong>sunt.</strong></span> <span class='ocrx_word' id='word_1_758' title='bbox 2491 4636 2518 4663; x_wconf 82' lang='lat'><strong>»</strong></span> 
     </span>
    </p>
   </div>
   <div class='ocr_carea' id='block_1_109' title="bbox 2156 4702 3777 4775">
    <p class='ocr_par' dir='ltr' id='par_1_109' title="bbox 2156 4702 3777 4775">
     <span class='ocr_line' id='line_1_109' title="bbox 2156 4702 3777 4775; baseline -0.002 -17"><span class='ocrx_word' id='word_1_759' title='bbox 2156 4703 2213 4758; x_wconf 93' lang='lat' dir='ltr'><strong>Si</strong></span> <span class='ocrx_word' id='word_1_760' title='bbox 2235 4702 2441 4773; x_wconf 89' lang='lat' dir='ltr'><strong>jurasti</strong></span> <span class='ocrx_word' id='word_1_761' title='bbox 2490 4719 2592 4774; x_wconf 90' lang='lat' dir='ltr'><strong>per</strong></span> <span class='ocrx_word' id='word_1_762' title='bbox 2620 4703 2889 4774; x_wconf 92' lang='lat' dir='ltr'><strong>capillum</strong></span> <span class='ocrx_word' id='word_1_763' title='bbox 2924 4704 3047 4770; x_wconf 91' lang='lat' dir='ltr'><strong>Dei,</strong></span> <span class='ocrx_word' id='word_1_764' title='bbox 3108 4707 3205 4757; x_wconf 89' lang='lat' dir='ltr'><strong>aut</strong></span> <span class='ocrx_word' id='word_1_765' title='bbox 3253 4720 3355 4775; x_wconf 91' lang='lat' dir='ltr'><strong>per</strong></span> <span class='ocrx_word' id='word_1_766' title='bbox 3409 4709 3579 4773; x_wconf 89' lang='lat' dir='ltr'><strong>caput</strong></span> <span class='ocrx_word' id='word_1_767' title='bbox 3633 4704 3777 4773; x_wconf 88' lang='lat' dir='ltr'><strong>ejus,</strong></span> 
     </span>
    </p>
   </div>
   <div class='ocr_carea' id='block_1_110' title="bbox 2085 4792 3778 4863">
    <p class='ocr_par' dir='ltr' id='par_1_110' title="bbox 2085 4792 3778 4863">
     <span class='ocr_line' id='line_1_110' title="bbox 2085 4792 3778 4863; baseline 0.001 -18"><span class='ocrx_word' id='word_1_768' title='bbox 2085 4793 2171 4847; x_wconf 89' lang='lat' dir='ltr'><strong>vel</strong></span> <span class='ocrx_word' id='word_1_769' title='bbox 2203 4792 2314 4845; x_wconf 92' lang='lat' dir='ltr'><strong>alio</strong></span> <span class='ocrx_word' id='word_1_770' title='bbox 2345 4792 2513 4845; x_wconf 92' lang='lat' dir='ltr'><strong>modo</strong></span> <span class='ocrx_word' id='word_1_771' title='bbox 2557 4792 2912 4863; x_wconf 87' lang='lat' dir='ltr'><strong>blasphemia</strong></span> <span class='ocrx_word' id='word_1_772' title='bbox 2962 4796 3159 4846; x_wconf 89' lang='lat' dir='ltr'><strong>contra</strong></span> <span class='ocrx_word' id='word_1_773' title='bbox 3188 4794 3367 4846; x_wconf 94' lang='lat' dir='ltr'><strong>Deum</strong></span> <span class='ocrx_word' id='word_1_774' title='bbox 3397 4808 3534 4846; x_wconf 89' lang='lat' dir='ltr'><strong>usus</strong></span> <span class='ocrx_word' id='word_1_775' title='bbox 3566 4793 3778 4860; x_wconf 87' lang='lat' dir='ltr'><strong>fueras,</strong></span> 
     </span>
    </p>
   </div>
   <div class='ocr_carea' id='block_1_111' title="bbox 2086 4880 3785 4951">
    <p class='ocr_par' dir='ltr' id='par_1_111' title="bbox 2086 4880 3785 4951">
     <span class='ocr_line' id='line_1_111' title="bbox 2086 4880 3785 4951; baseline -0.001 -15"><span class='ocrx_word' id='word_1_776' title='bbox 2086 4882 2135 4936; x_wconf 89' lang='lat' dir='ltr'><strong>si</strong></span> <span class='ocrx_word' id='word_1_777' title='bbox 2168 4882 2340 4935; x_wconf 89' lang='lat' dir='ltr'><strong>semel</strong></span> <span class='ocrx_word' id='word_1_778' title='bbox 2397 4880 2653 4935; x_wconf 89' lang='lat' dir='ltr'><strong>nesciens</strong></span> <span class='ocrx_word' id='word_1_779' title='bbox 2708 4882 2909 4945; x_wconf 89' lang='lat' dir='ltr'><strong>fecisti,</strong></span> <span class='ocrx_word' id='word_1_780' title='bbox 2968 4886 3187 4951; x_wconf 89' lang='lat' dir='ltr'><strong>septem</strong></span> <span class='ocrx_word' id='word_1_781' title='bbox 3245 4881 3365 4935; x_wconf 89' lang='lat' dir='ltr'><strong>dies</strong></span> <span class='ocrx_word' id='word_1_782' title='bbox 3422 4882 3480 4934; x_wconf 90' lang='lat' dir='ltr'><strong>in</strong></span> <span class='ocrx_word' id='word_1_783' title='bbox 3528 4898 3675 4951; x_wconf 90' lang='lat' dir='ltr'><strong>pane</strong></span> <span class='ocrx_word' id='word_1_784' title='bbox 3729 4887 3785 4936; x_wconf 91' lang='lat' dir='ltr'><strong>et</strong></span> 
     </span>
    </p>
   </div>
   <div class='ocr_carea' id='block_1_112' title="bbox 2085 4969 3780 5040">
    <p class='ocr_par' dir='ltr' id='par_1_112' title="bbox 2085 4969 3780 5040">
     <span class='ocr_line' id='line_1_112' title="bbox 2085 4969 3780 5040; baseline 0.001 -18"><span class='ocrx_word' id='word_1_785' title='bbox 2085 4986 2234 5040; x_wconf 89' lang='lat' dir='ltr'><strong>aqua</strong></span> <span class='ocrx_word' id='word_1_786' title='bbox 2270 4970 2566 5040; x_wconf 86' lang='lat' dir='ltr'><strong>poeniteas.</strong></span> <span class='ocrx_word' id='word_1_787' title='bbox 2618 4971 2676 5025; x_wconf 92' lang='lat' dir='ltr'><strong>Si</strong></span> <span class='ocrx_word' id='word_1_788' title='bbox 2735 4971 2981 5025; x_wconf 90' lang='lat' dir='ltr'><strong>secundo</strong></span> <span class='ocrx_word' id='word_1_789' title='bbox 3041 4971 3127 5024; x_wconf 88' lang='lat' dir='ltr'><strong>vel</strong></span> <span class='ocrx_word' id='word_1_790' title='bbox 3187 4970 3375 5036; x_wconf 90' lang='lat' dir='ltr'><strong>tertio,</strong></span> <span class='ocrx_word' id='word_1_791' title='bbox 3432 4969 3780 5040; x_wconf 90' lang='lat' dir='ltr'><strong>increpatus,</strong></span> 
     </span>
    </p>
   </div>
   <div class='ocr_carea' id='block_1_113' title="bbox 2085 5058 3784 5130">
    <p class='ocr_par' dir='ltr' id='par_1_113' title="bbox 2085 5058 3784 5130">
     <span class='ocr_line' id='line_1_113' title="bbox 2085 5058 3784 5130; baseline 0.001 -19"><span class='ocrx_word' id='word_1_792' title='bbox 2085 5058 2292 5127; x_wconf 88' lang='lat' dir='ltr'><strong>fecisti,</strong></span> <span class='ocrx_word' id='word_1_793' title='bbox 2321 5060 2408 5113; x_wconf 85' lang='lat' dir='ltr'><strong>XV</strong></span> <span class='ocrx_word' id='word_1_794' title='bbox 2447 5059 2566 5112; x_wconf 90' lang='lat' dir='ltr'><strong>dies</strong></span> <span class='ocrx_word' id='word_1_795' title='bbox 2614 5061 2675 5113; x_wconf 92' lang='lat' dir='ltr'><strong>in</strong></span> <span class='ocrx_word' id='word_1_796' title='bbox 2714 5076 2860 5130; x_wconf 92' lang='lat' dir='ltr'><strong>pane</strong></span> <span class='ocrx_word' id='word_1_797' title='bbox 2900 5064 2956 5113; x_wconf 91' lang='lat' dir='ltr'><strong>et</strong></span> <span class='ocrx_word' id='word_1_798' title='bbox 3004 5075 3153 5130; x_wconf 89' lang='lat' dir='ltr'><strong>aqua</strong></span> <span class='ocrx_word' id='word_1_799' title='bbox 3204 5059 3503 5128; x_wconf 89' lang='lat' dir='ltr'><strong>poeniteas.</strong></span> <span class='ocrx_word' id='word_1_800' title='bbox 3565 5059 3623 5115; x_wconf 88' lang='lat' dir='ltr'><strong>Si</strong></span> <span class='ocrx_word' id='word_1_801' title='bbox 3679 5075 3784 5128; x_wconf 90' lang='lat' dir='ltr'><strong>per</strong></span> 
     </span>
    </p>
   </div>
   <div class='ocr_carea' id='block_1_114' title="bbox 2086 5147 3785 5219">
    <p class='ocr_par' dir='ltr' id='par_1_114' title="bbox 2086 5147 3785 5219">
     <span class='ocr_line' id='line_1_114' title="bbox 2086 5147 3785 5219; baseline -0.002 -17"><span class='ocrx_word' id='word_1_802' title='bbox 2086 5147 2292 5202; x_wconf 75' lang='lat' dir='ltr'><strong>coelum</strong></span> <span class='ocrx_word' id='word_1_803' title='bbox 2371 5152 2469 5202; x_wconf 89' lang='lat' dir='ltr'><strong>aut</strong></span> <span class='ocrx_word' id='word_1_804' title='bbox 2522 5164 2626 5219; x_wconf 91' lang='lat' dir='ltr'><strong>per</strong></span> <span class='ocrx_word' id='word_1_805' title='bbox 2679 5153 2915 5216; x_wconf 89' lang='lat' dir='ltr'><strong>terram,</strong></span> <span class='ocrx_word' id='word_1_806' title='bbox 2973 5148 3088 5201; x_wconf 88' lang='lat' dir='ltr'><strong>sive</strong></span> <span class='ocrx_word' id='word_1_807' title='bbox 3138 5163 3241 5217; x_wconf 93' lang='lat' dir='ltr'><strong>per</strong></span> <span class='ocrx_word' id='word_1_808' title='bbox 3287 5148 3465 5201; x_wconf 90' lang='lat' dir='ltr'><strong>solem</strong></span> <span class='ocrx_word' id='word_1_809' title='bbox 3537 5148 3623 5200; x_wconf 92' lang='lat' dir='ltr'><strong>vel</strong></span> <span class='ocrx_word' id='word_1_810' title='bbox 3682 5163 3785 5217; x_wconf 91' lang='lat' dir='ltr'><strong>per</strong></span> 
     </span>
    </p>
   </div>
   <div class='ocr_carea' id='block_1_115' title="bbox 2086 5237 3784 5308">
    <p class='ocr_par' dir='ltr' id='par_1_115' title="bbox 2086 5237 3784 5308">
     <span class='ocr_line' id='line_1_115' title="bbox 2086 5237 3784 5308; baseline -0.001 -17"><span class='ocrx_word' id='word_1_811' title='bbox 2086 5237 2303 5302; x_wconf 91' lang='lat' dir='ltr'><strong>lunam,</strong></span> <span class='ocrx_word' id='word_1_812' title='bbox 2338 5242 2435 5290; x_wconf 92' lang='lat' dir='ltr'><strong>aut</strong></span> <span class='ocrx_word' id='word_1_813' title='bbox 2485 5254 2588 5308; x_wconf 92' lang='lat' dir='ltr'><strong>per</strong></span> <span class='ocrx_word' id='word_1_814' title='bbox 2636 5238 2807 5291; x_wconf 88' lang='lat' dir='ltr'><strong>aliam</strong></span> <span class='ocrx_word' id='word_1_815' title='bbox 2861 5238 3112 5308; x_wconf 90' lang='lat' dir='ltr'><strong>aliquam</strong></span> <span class='ocrx_word' id='word_1_816' title='bbox 3168 5241 3511 5302; x_wconf 88' lang='lat' dir='ltr'><strong>creaturam,</strong></span> <span class='ocrx_word' id='word_1_817' title='bbox 3542 5237 3629 5290; x_wconf 82' lang='lat' dir='ltr'><strong>XV</strong></span> <span class='ocrx_word' id='word_1_818' title='bbox 3662 5237 3784 5290; x_wconf 87' lang='lat' dir='ltr'><strong>dies</strong></span> 
     </span>
    </p>
   </div>
   <div class='ocr_carea' id='block_1_116' title="bbox 2086 5325 2908 5397">
    <p class='ocr_par' dir='ltr' id='par_1_116' title="bbox 2086 5325 2908 5397">
     <span class='ocr_line' id='line_1_116' title="bbox 2086 5325 2908 5397; baseline 0.002 -19"><span class='ocrx_word' id='word_1_819' title='bbox 2086 5325 2145 5379; x_wconf 89' lang='lat' dir='ltr'><strong>in</strong></span> <span class='ocrx_word' id='word_1_820' title='bbox 2170 5341 2317 5395; x_wconf 90' lang='lat' dir='ltr'><strong>pane</strong></span> <span class='ocrx_word' id='word_1_821' title='bbox 2352 5330 2407 5379; x_wconf 91' lang='lat' dir='ltr'><strong>et</strong></span> <span class='ocrx_word' id='word_1_822' title='bbox 2437 5341 2587 5396; x_wconf 90' lang='lat' dir='ltr'><strong>aqua</strong></span> <span class='ocrx_word' id='word_1_823' title='bbox 2608 5326 2908 5397; x_wconf 76' lang='lat' dir='ltr'><strong>poeniteas.</strong></span> 
     </span>
    </p>
   </div>
   <div class='ocr_carea' id='block_1_117' title="bbox 2156 5413 3784 5485">
    <p class='ocr_par' dir='ltr' id='par_1_117' title="bbox 2156 5413 3784 5485">
     <span class='ocr_line' id='line_1_117' title="bbox 2156 5413 3784 5485; baseline -0.001 -17"><span class='ocrx_word' id='word_1_824' title='bbox 2156 5414 2211 5468; x_wconf 90' lang='lat' dir='ltr'><strong>Si</strong></span> <span class='ocrx_word' id='word_1_825' title='bbox 2244 5420 2596 5468; x_wconf 89' lang='lat' dir='ltr'><strong>sacramento</strong></span> <span class='ocrx_word' id='word_1_826' title='bbox 2654 5420 2709 5468; x_wconf 91' lang='lat' dir='ltr'><strong>te</strong></span> <span class='ocrx_word' id='word_1_827' title='bbox 2752 5414 3018 5485; x_wconf 87' lang='lat' dir='ltr'><strong>obligasti</strong></span> <span class='ocrx_word' id='word_1_828' title='bbox 3053 5418 3116 5467; x_wconf 92' lang='lat' dir='ltr'><strong>ut</strong></span> <span class='ocrx_word' id='word_1_829' title='bbox 3165 5414 3233 5467; x_wconf 93' lang='lat' dir='ltr'><strong>ad</strong></span> <span class='ocrx_word' id='word_1_830' title='bbox 3289 5428 3487 5484; x_wconf 90' lang='lat' dir='ltr'><strong>pacem</strong></span> <span class='ocrx_word' id='word_1_831' title='bbox 3545 5413 3784 5484; x_wconf 89' lang='lat' dir='ltr'><strong>alicujus</strong></span> 
     </span>
    </p>
   </div>
   <div class='ocr_carea' id='block_1_118' title="bbox 2086 5501 3781 5572">
    <p class='ocr_par' dir='ltr' id='par_1_118' title="bbox 2086 5501 3781 5572">
     <span class='ocr_line' id='line_1_118' title="bbox 2086 5501 3781 5572; baseline 0.001 -17"><span class='ocrx_word' id='word_1_832' title='bbox 2086 5502 2307 5556; x_wconf 90' lang='lat' dir='ltr'><strong>inimici</strong></span> <span class='ocrx_word' id='word_1_833' title='bbox 2337 5503 2419 5555; x_wconf 91' lang='lat' dir='ltr'><strong>tui</strong></span> <span class='ocrx_word' id='word_1_834' title='bbox 2450 5503 2610 5556; x_wconf 89' lang='lat' dir='ltr'><strong>nullo</strong></span> <span class='ocrx_word' id='word_1_835' title='bbox 2646 5502 2816 5557; x_wconf 89' lang='lat' dir='ltr'><strong>modo</strong></span> <span class='ocrx_word' id='word_1_836' title='bbox 2848 5502 3084 5569; x_wconf 87' lang='lat' dir='ltr'><strong>redires,</strong></span> <span class='ocrx_word' id='word_1_837' title='bbox 3116 5519 3222 5572; x_wconf 89' lang='lat' dir='ltr'><strong>pro</strong></span> <span class='ocrx_word' id='word_1_838' title='bbox 3257 5501 3511 5572; x_wconf 81' lang='lat' dir='ltr'><strong>perjuria</strong></span> <span class='ocrx_word' id='word_1_839' title='bbox 3562 5517 3781 5556; x_wconf 87' lang='lat' dir='ltr'><strong>annum</strong></span> 
     </span>
    </p>
   </div>
   <div class='ocr_carea' id='block_1_119' title="bbox 2088 5589 3782 5664">
    <p class='ocr_par' dir='ltr' id='par_1_119' title="bbox 2088 5589 3782 5664">
     <span class='ocr_line' id='line_1_119' title="bbox 2088 5589 3782 5664; baseline 0.001 -21"><span class='ocrx_word' id='word_1_840' title='bbox 2088 5606 2269 5644; x_wconf 89' lang='lat' dir='ltr'><strong>unum</strong></span> <span class='ocrx_word' id='word_1_841' title='bbox 2312 5607 2343 5643; x_wconf 93' lang='lat' dir='ltr'><strong>a</strong></span> <span class='ocrx_word' id='word_1_842' title='bbox 2387 5606 2623 5663; x_wconf 87' lang='lat' dir='ltr'><strong>corpore</strong></span> <span class='ocrx_word' id='word_1_843' title='bbox 2665 5595 2722 5645; x_wconf 91' lang='lat' dir='ltr'><strong>et</strong></span> <span class='ocrx_word' id='word_1_844' title='bbox 2751 5590 3029 5664; x_wconf 84' lang='lat' dir='ltr'><strong>sanguine</strong></span> <span class='ocrx_word' id='word_1_845' title='bbox 3063 5589 3291 5646; x_wconf 88' lang='lat' dir='ltr'><strong>Domini</strong></span> <span class='ocrx_word' id='word_1_846' title='bbox 3322 5589 3397 5643; x_wconf 91' lang='lat' dir='ltr'><strong>sis</strong></span> <span class='ocrx_word' id='word_1_847' title='bbox 3449 5594 3782 5661; x_wconf 86' lang='lat' dir='ltr'><strong>segregatus</strong></span> 
     </span>
    </p>
   </div>
  </div>
