3944 6300
141 342 242 393 957

989 342 1467 399 DECRETORUM
1510 343 1698 398 LIBRI
1734 342 1843 398 XX.
1886 370 1953 381 -—
1992 342 2200 397 LIBER
2241 339 2548 397 DECIMUS
2586 341 2824 397 NONUS.

3546 346 3647 398 958

141 470 197 520 et
224 465 315 521 XL
343 463 463 519 dies
493 464 553 518 in
591 479 740 535 pane
765 468 821 519 et
860 480 1009 536 aqua
1058 466 1364 536 p:eniteas:
1396 467 1470 521 ad
1507 466 1843 521 charitatem
1871 467 1920 521 Α
1957 468 2222 536 stuprum
2268 465 2631 538 perpetrasti,
2682 465 2879 519 decem
2936 465 3058 519 dies
3113 466 3174 519 in
3232 482 3382 536 pane
3414 472 3469 521 et
3498 483 3650 538 aqua

141 568 296 618 vero,
358 568 489 623 quas
542 553 727 623 operit
779 553 1210 608 multitudinem
1262 559 1645 626 peccatorum,
1698 556 1844 610 cele-

140 641 281 695 riter
311 641 454 696 redi.

214 730 276 783 Si
307 728 578 793 deﬁnisti,
633 730 717 784 vel
764 732 1093 801 juramento
1146 735 1204 786 te
1269 732 1586 787 obﬁrmasti
1627 731 1847 804 aliquid

144 834 314 888 agere
344 817 499 889 quod
535 819 649 873 Deo
680 834 797 873 non
822 820 1093 890 placeret,
1140 820 1305 891 juxta
1356 822 1588 875 modum
1629 820 1849 891 peccati

145 907 549 978 paenitentiam
596 924 720 978 age,
781 913 837 962 et
900 909 1010 963 hoc
1066 910 1223 980 quod
1261 914 1474 963 temere
1531 915 1588 964 et
1635 910 1848 980 injuste

148 995 420 1063 deﬁnisti,
452 997 514 1050 in
562 997 789 1051 irritum
820 1003 1134 1053 revocetur.
1168 998 1221 1053 Si
1255 998 1471 1068 aliquid
1527 1003 1583 1052 te
1621 999 1848 1052 incaute

142 1084 365 1155 jurasse
396 1086 732 1157 contigerat,
787 1087 939 1156 quod
971 1088 1329 1141 observatum
1360 1090 1616 1157 pejorem
1666 1091 1848 1140 verte-

147 1178 308 1227 retur
360 1174 422 1228 in
454 1174 687 1237 exitum,
737 1176 900 1246 juxta
930 1176 1225 1247 synodalia
1256 1176 1481 1230 decreta
1510 1177 1845 1230 mutandum

147 1261 532 1331 decernimus,
581 1263 813 1335 [potius]
861 1280 1055 1335 quam,
1109 1269 1163 1318 te
1192 1270 1564 1335 permanente
1602 1265 1664 1319 in
1686 1266 1845 1335 jura-

146 1354 364 1420 mento,
399 1351 459 1404 in
491 1351 645 1406 aliud
674 1352 892 1406 crimen
925 1353 1111 1422 majus
1150 1354 1480 1407 devertaris.

860 1462 941 1514 De
967 1461 1139 1525 furto.

219 1564 463 1617 Furatus
517 1580 577 1617 es
610 1564 827 1635 aliquid
871 1565 940 1619 de
970 1557 1352 1620 ecclesiastico
1400 1566 1669 1620 thesauro
1699 1566 1849 1619 infra

145 1652 467 1719 ecclesiam,
499 1652 615 1706 sive
646 1668 872 1721 aurum,
910 1654 1024 1707 sive
1055 1659 1381 1724 argentum,
1414 1655 1530 1708 sive
1570 1671 1846 1725 gemmas,

144 1740 262 1794 sive
329 1741 529 1811 libros,
601 1742 717 1796 sive
793 1743 969 1812 pallia
1026 1743 1239 1809 altaris,
1306 1743 1421 1796 sive
1477 1742 1847 1797 sacerdotalia
1878 1759 1918 1811 Β

144 1830 511 1896 vestimenta;
540 1830 655 1884 sive
684 1832 827 1896 vela,
877 1831 992 1885 sive
1023 1832 1253 1901 tapetia,
1299 1831 1415 1885 sive
1448 1830 1663 1901 aliquid
1696 1831 1847 1901 quod

150 1918 218 1972 ad
250 1918 503 1973 ecclesia
554 1935 720 1973 usum
774 1920 861 1973 vel
911 1921 1106 1973 datum
1166 1926 1272 1985 est,
1327 1921 1416 1974 vel
1472 1921 1682 1973 factum
1722 1920 1846 1974 est?

146 2007 193 2059 si
224 2006 429 2071 fecisti,
486 2008 659 2062 redde
719 2009 868 2078 quod
907 2009 1107 2077 tulisti,
1167 2014 1223 2062 et
1280 2014 1395 2062 tres
1457 2008 1677 2061 carinas
1716 2024 1843 2061 cum

148 2100 367 2165 septem
426 2097 799 2167 sequentibus
850 2096 1014 2149 annis
1047 2096 1343 2166 pmniteas.
1389 2096 1447 2150 Si
1478 2098 1630 2166 ipsas
1662 2112 1846 2149 sacras

146 2185 423 2256 reliquias
466 2186 688 2239 furatus
719 2201 799 2255 es,
850 2184 1156 2255 reportatis
1189 2184 1384 2252 sacris,
1433 2191 1652 2255 septem
1697 2184 1844 2237 cari-

148 2289 251 2327 nas
271 2274 537 2344 jejunare
554 2274 747 2328 debes.

220 2362 277 2417 Si
301 2361 584 2432 infregisti
614 2361 857 2432 alicujus
878 2359 1183 2417 Christiani
1210 2362 1443 2415 domum
1470 2377 1574 2431 per
1601 2365 1843 2425 noctem,

150 2455 206 2505 et
262 2449 344 2504 ibi
401 2450 585 2504 tulisti
623 2451 746 2521 ejus
793 2450 1208 2520 quadrupedia,
1242 2449 1299 2503 id
1340 2455 1425 2503 est
1473 2455 1571 2503 aut
1633 2466 1844 2521 equum

148 2544 247 2593 aut
300 2538 524 2606 bovem,
583 2544 683 2592 aut
735 2538 845 2592 alia
875 2538 996 2608 ejus
1043 2538 1334 2605 animalia,
1397 2545 1497 2593 aut
1550 2538 1847 2593 fortiorem

149 2643 382 2682 causam
462 2628 749 2681 valentem
825 2627 1205 2697 quadraginta
1279 2626 1509 2694 solidos,
1594 2628 1846 2697 pretium

144 2716 340 2779 redde,
368 2719 424 2769 et
461 2731 678 2769 annum
724 2730 906 2768 unum
960 2731 1063 2784 per
1109 2715 1395 2785 legitimas
1447 2715 1615 2769 ferias
1664 2717 1845 2785 paeni-

147 2808 269 2858 tere
300 2803 493 2857 debes.
554 2803 610 2857 Si
660 2807 852 2856 autem
910 2818 1029 2855 non
1083 2803 1293 2867 reddis,
1348 2803 1491 2856 duos
1538 2820 1716 2857 annos
1744 2820 1848 2873 per

149 2890 436 2961 legitimas
488 2891 660 2945 ferias
716 2891 991 2961 poenitere
1039 2891 1230 2945 debes.
1284 2892 1343 2947 Si
1392 2891 1576 2961 majus
1626 2892 1845 2946 furtum

148 2978 355 3047 fecisti,
418 2979 601 3049 magis
658 2980 829 3033 debes
880 2979 1181 3049 poenitere.
1225 2981 1289 3034 Et
1336 2981 1382 3034 si
1437 2997 1587 3050 saepe
1642 2981 1841 3048 fecisti,

149 3070 312 3120 tanto
332 3068 518 3136 magis
557 3067 730 3122 debes
770 3084 983 3138 angere
1047 3068 1466 3139 paenitentiam.
1502 3070 1560 3124 Si
1610 3086 1849 3140 parvum

150 3155 369 3209 furtum
418 3155 621 3223 fecisti,
682 3157 876 3211 decem
919 3156 1041 3211 dies
1088 3157 1148 3210 in
1216 3174 1363 3227 pane
1394 3162 1451 3211 et
1501 3174 1647 3229 aqua
1677 3158 1850 3213 debes

150 3244 467 3313 paenitere:
521 3244 683 3314 pueri
711 3244 965 3315 quinque
1021 3244 1140 3298 dies
1190 3244 1249 3298 in
1277 3262 1426 3315 pane
1459 3250 1514 3300 et
1545 3263 1692 3317 aqua
1723 3264 1849 3317 pos—

152 3333 398 3387 niteant.

836 3424 913 3476 De
944 3423 1166 3491 rapina.

221 3526 279 3582 Si
310 3526 574 3597 rapinam
629 3526 833 3594 fecisti,
867 3527 1093 3598 gravius
1150 3527 1321 3582 debes
1374 3528 1682 3598 poenitere:
1718 3529 1852 3599 quia

153 3616 538 3670 miserabilius
566 3620 652 3670 est
699 3617 851 3686 quod
908 3632 1012 3687 per
1065 3616 1183 3670 vim
1237 3632 1295 3669 se
1325 3616 1554 3671 vidente
1592 3616 1851 3687 rapuisti,

152 3720 329 3773 quam
357 3703 505 3774 quod
540 3702 667 3769 sibi,
726 3703 1051 3758 dormiente
1087 3704 1175 3757 vel
1208 3704 1461 3772 absente,
1510 3705 1731 3758 furatus
1773 3721 1850 3759 es.

152 3792 210 3847 Si
239 3792 422 3847 fecisti
449 3791 666 3846 furtum
697 3792 1048 3846 necessitatis
1076 3808 1265 3857 causa,
1324 3792 1404 3845 sic
1455 3793 1580 3847 dico
1628 3797 1691 3847 ut
1738 3809 1855 3846 non

152 3880 393 3935 haberes
433 3881 586 3936 unde
635 3880 868 3949 viveres,
931 3884 987 3935 et
1017 3884 1250 3951 propter
1306 3880 1472 3934 famis
1529 3882 1851 3952 penuriam,

153 3974 213 4023 et
239 3974 462 4023 tantum
518 3969 738 4023 furatus
794 3985 853 4022 es
903 3968 1171 4023 victualia
1224 3973 1384 4024 extra
1427 3970 1742 4038 ecclesiam,
1801 3975 1857 4025 et

155 4073 270 4111 non
327 4062 562 4128 propter
618 4057 1092 4112 consuetudinem
1140 4058 1335 4125 fecisti,
1388 4059 1559 4113 redde
1590 4060 1739 4128 quod
1771 4064 1858 4113 tu-

155 4145 293 4210 listi,
329 4149 386 4199 et
412 4150 529 4199 tres
559 4150 742 4200 sextas
786 4146 956 4200 ferias
1003 4146 1064 4199 in
1092 4162 1241 4216 pane
1275 4151 1331 4200 et
1362 4162 1510 4217 aqua
1551 4148 1852 4217 pmniteas.

158 4232 218 4287 Si
246 4236 436 4287 autem
465 4234 703 4288 reddere
737 4250 852 4288 non
906 4234 1145 4305 poteris,
1195 4234 1391 4289 decem
1439 4234 1562 4288 dies
1607 4234 1667 4288 in
1706 4251 1856 4305 pane

158 4326 215 4375 et
233 4337 384 4393 aqua
407 4323 706 4393 pmniteas.

802 4412 885 4466 De
929 4412 1220 4467 adulten'o.

226 4516 538 4571 Maschatus
585 4534 642 4571 es
673 4534 803 4572 cum
862 4534 1041 4572 uxore
1071 4518 1321 4586 alterius,
1356 4522 1420 4571 tu
1476 4534 1591 4571 non
1643 4517 1861 4573 habens

156 4605 441 4659 uxorem?
471 4606 565 4660 XL
598 4606 718 4661 dies
740 4607 798 4660 in
822 4623 970 4677 pane
1001 4612 1056 4660 et
1074 4623 1246 4677 aqua,
1278 4607 1431 4676 quod
1474 4606 1533 4661 in
1564 4606 1860 4661 communi

156 4710 423 4748 sermone
477 4695 669 4749 carina
721 4699 975 4762 vocatur,
1034 4710 1165 4749 cum
1217 4698 1435 4766 septem
1486 4695 1860 4767 sequentibus

157 4783 325 4838 annis
347 4783 644 4854 poeniteas.

226 4872 287 4927 Si
315 4872 629 4927 mmchatus
674 4888 732 4927 es
777 4877 835 4926 tu
872 4874 1143 4925 uxoratus
1188 4887 1318 4924 cum
1372 4872 1603 4926 alterius
1662 4888 1856 4937 uxore,

154 4961 294 5032 quia
356 4961 609 5015 habuisti
669 4962 959 5033 quomodo
1015 4960 1287 5031 impleres
1329 4965 1485 5015 tuam
1537 4962 1855 5031 libidinem,

157 5051 301 5105 duas
330 5050 571 5118 carinas,
623 5067 754 5105 cum
806 5049 1242 5121 quatuordecim
1290 5049 1664 5120 sequentibus
1694 5052 1859 5104 annis

156 5137 439 5212 pasnitere
470 5139 662 5207 debes,
702 5154 880 5192 unam
920 5138 1056 5211 quia
1114 5153 1287 5209 super
1318 5153 1554 5192 uxorem
1588 5143 1749 5193 tuam
1775 5140 1858 5192 al-

156 5232 343 5298 teram
399 5226 671 5297 habuisti,
741 5242 869 5282 ecce
945 5243 1126 5282 unum
1174 5225 1549 5281 adulterium:
1608 5227 1859 5281 habuisti

158 5318 336 5372 etiam
356 5317 592 5372 alterius
619 5332 879 5384 uxorem,
907 5332 1035 5371 ecce
1057 5316 1214 5370 aliud
1237 5315 1601 5383 adulterium,
1633 5320 1689 5371 et
1712 5332 1860 5369 nun-

161 5423 337 5479 quam
366 5405 542 5461 debes
558 5422 679 5461 esse
711 5406 834 5461 sine
864 5405 1223 5477 pasnitentia.

769 5515 844 5567 De
874 5514 1259 5579 fornicatione.

235 5600 295 5656 Si
362 5604 425 5655 tu
488 5601 706 5657 solutus
762 5600 835 5656 ab
896 5615 1075 5657 uxore
1133 5616 1264 5655 cum
1338 5599 1553 5655 femina
1626 5601 1859 5655 vacante

1951 554 2248 624 pueniteas,
2296 554 2343 607 si
2398 570 2532 608 cum
2586 552 2825 624 propria
2873 551 3097 619 ancilla,
3153 553 3418 608 similiter
3462 555 3646 625 poeni-

1951 648 2091 696 teas.

2024 730 2082 784 Si
2112 730 2379 784 dimisisti
2408 746 2669 796 uxorem,
2701 734 2881 798 tuam,
2914 734 2970 783 et
2994 729 3166 783 aliam
3197 730 3423 796 duxisti,
3458 732 3649 801 accipe

1955 818 2204 889 priorem
2248 835 2504 884 uxorem,
2546 823 2601 871 et
2642 817 2895 871 carinam
2928 834 3103 872 unam
3144 818 3205 871 in
3234 835 3382 888 pane
3417 825 3473 873 et
3504 836 3652 889 aqua

1953 923 2082 960 cum
2114 912 2333 977 septem
2364 908 2731 976 sequentibus
2773 908 2937 960 annis
2969 907 3268 976 pceniteas,
3300 907 3435 977 quia
3474 907 3647 976 scrip-

1955 1002 2118 1066 ptum
2141 1001 2257 1050 est:
2286 1020 2310 1043 ‹‹
2334 996 2491 1060 Quod
2516 997 2663 1049 Deus
2684 995 2994 1065 conjunxit,
3014 995 3187 1049 homo
3210 1012 3326 1048 non
3348 1001 3591 1066 separet.
3624 1019 3644 1043 ι»

1954 1085 2107 1139 Nulli
2126 1085 2256 1138 licet
2308 1100 2541 1137 uxorem
2572 1100 2733 1137 suam
2775 1084 3082 1145 dimittere,
3127 1084 3237 1137 nisi
3267 1100 3436 1137 causa
3465 1084 3649 1137 forni-

1954 1174 2215 1237 cationis,
2246 1173 2301 1227 id
2335 1178 2439 1239 est,
2470 1173 2517 1226 si
2575 1173 2699 1243 ipsa
2735 1172 3079 1226 adulterium
3122 1188 3250 1225 cum
3303 1172 3412 1225 alio
3446 1188 3652 1241 perpe-

1954 1261 2218 1327 traverit;
2252 1266 2388 1314 tunc
2444 1260 2573 1314 licet
2628 1260 2784 1313 illam
2827 1260 3114 1313 dimittere
3146 1265 3379 1330 propter
3411 1260 3651 1313 fornica-

1952 1349 2317 1415 tionem,sed
2364 1349 2464 1403 illa
2488 1349 2713 1402 vivente
2742 1348 2916 1401 aliam
2970 1364 3085 1401 non
3153 1349 3378 1402 ducere.
3443 1348 3552 1402 Sed
3603 1348 3651 1400 si

1956 1438 2035 1492 sic
2064 1438 2272 1508 privati
2309 1438 2594 1491 voluerint
2657 1453 3015 1508 permanere,
3072 1442 3135 1489 ut
3165 1440 3369 1489 neuter
3418 1435 3649 1489 illorum

1956 1544 2014 1580 se
2072 1542 2244 1596 super
2295 1527 2540 1579 alterum
2587 1527 2654 1579 de
2714 1526 2951 1579 discidio
3013 1524 3469 1595 proclamaverit,
3529 1540 3649 1576 ma-

1958 1619 2133 1669 neant
2163 1615 2260 1667 sic.
2296 1615 2353 1669 Si
2410 1620 2604 1669 autem
2642 1630 2700 1666 se
2757 1614 2825 1668 de
2858 1612 3096 1668 discidio
3154 1611 3649 1683 proclamaverint,

1956 1704 2092 1754 tunc
2122 1704 2374 1771 primum
2405 1703 2706 1773 episcopus
2726 1706 2957 1772 peracta
2988 1701 3137 1754 inter
3166 1718 3263 1754 eos
3291 1700 3646 1771 paenitentia,

1958 1788 2016 1841 id
2049 1792 2131 1841 est
2160 1795 2289 1858 post
2318 1792 2653 1859 septennem
2692 1788 3109 1860 paenitentiam,
3144 1788 3188 1839 si
3227 1787 3519 1857 petierint,
3562 1786 3654 1839 de-

1958 1876 2054 1930 bet
2085 1894 2182 1930 eos
2209 1877 2597 1931 reconciliare.
2639 1877 2852 1931 Eadem
2885 1877 2973 1930 lex
3004 1876 3113 1929 erit
3153 1877 3358 1928 marito
3385 1875 3654 1928 adversus

1958 1982 2215 2031 uxorem,
2249 1966 2296 2019 si
2328 1967 2450 2036 ipse
2502 1965 2843 2020 adulterium
2877 1964 3308 2035 perpetraverit,
3363 1968 3417 2016 et
3447 1963 3493 2015 si
3530 1962 3655 2032 ipsa

1958 2054 2217 2120 voluerit,
2276 2060 2515 2124 propter
2565 2053 2997 2108 fornicationem
3037 2057 3225 2123 potest
3274 2051 3544 2105 maritum
3573 2051 3655 2104 di-

1958 2142 2203 2203 mittere,
2237 2143 2435 2195 eadem
2490 2142 2709 2196 ratione
2767 2158 2880 2212 qua
2910 2157 3082 2211 supra
3123 2141 3192 2194 de
3233 2155 3407 2193 uxore
3437 2138 3651 2193 adulte-

1958 2230 2105 2284 rium
2129 2236 2490 2302 perpetrante
2518 2230 2732 2285 dictum
2767 2233 2869 2284 est.

2026 2337 2307 2408 Accepisti
2356 2354 2612 2405 uxorem,
2664 2342 2720 2391 et
2749 2353 2864 2390 non
2901 2335 3084 2391 fecisti
3141 2334 3371 2405 nuptias
3402 2333 3652 2405 publice,

1960 2431 2159 2481 etnon
2185 2427 2389 2481 venisti
2443 2427 2512 2480 ad
2558 2427 2851 2480 ecclesiam
2887 2430 2948 2478 tu
2996 2430 3052 2479 et
3079 2441 3223 2478 uxor
3268 2430 3387 2490 tua,
3445 2429 3647 2476 etnon

1957 2515 2252 2584 accepistis
2312 2514 2771 2567 benedictionem
2840 2532 2872 2567 a
2920 2514 3234 2580 sacerdote,
3290 2512 3435 2565 sicut
3478 2511 3537 2565 in
3567 2527 3653 2563 ca-

1958 2604 2206 2657 nonibus
2237 2604 2510 2674 scriptum
2538 2609 2640 2670 est,
2692 2608 2748 2656 et
2778 2620 2888 2655 non
2921 2602 3130 2656 dotasti
3187 2618 3314 2654 eam
3347 2602 3479 2654 dote
3510 2616 3649 2669 qua-

1956 2692 2226 2763 licunque
2266 2693 2518 2763 potuisti,
2580 2692 2696 2745 sive
2734 2696 2905 2756 terra,
2962 2692 3078 2744 sive
3122 2691 3428 2744 mobilibus
3459 2689 3651 2753 rebus,

1958 2797 2114 2845 auro,
2186 2787 2443 2852 argento,
2503 2781 2592 2833 vel
2648 2779 2966 2850 mancipiis,
3023 2780 3108 2832 vel
3156 2777 3522 2842 animalibus,
3564 2777 3654 2829 vel

1950 2870 2113 2940 juxta
2159 2870 2596 2940 possibilitatem
2650 2874 2837 2922 tuam:
2900 2873 3210 2938 postremo,
3262 2868 3348 2920 vel
3397 2864 3654 2932 denario,

1956 2960 2040 3011 vel
2070 2959 2256 3029 pretio
2287 2958 2456 3012 unius
2487 2956 2727 3018 denarii,
2761 2958 2847 3010 vel
2874 2956 3061 3027 pretio
3103 2956 3278 3009 unius
3317 2954 3492 3021 oboli,
3521 2958 3654 3006 tan-
3722 3024 3727 3029 _

1880 3038 1920 3093 C
1958 3052 2080 3102 tum
2111 3053 2173 3101 ut
2202 3048 2395 3101 dotata
2438 3046 2641 3101 ﬁeret?
2672 3046 2730 3101 Si
2780 3062 2897 3099 non
2930 3044 3132 3109 fecisti,
3176 3050 3291 3098 tres
3329 3044 3656 3112 Quadrage-

1960 3137 2134 3190 simas
2159 3152 2261 3206 per
2289 3135 2576 3206 legitimas
2606 3135 2777 3188 ferias
2801 3134 3078 3204 paenitere
3109 3133 3296 3187 debes.

2034 3242 2235 3297 Fecisti
2290 3243 2730 3296 fornicationem
2788 3257 2919 3294 cum
2970 3239 3407 3306 sanctimoniali,
3469 3238 3523 3292 id
3575 3243 3659 3293 est

1960 3347 2089 3385 cum
2147 3348 2359 3401 sponsa
2389 3331 2636 3385 Christi?
2665 3330 2722 3385 Si
2769 3329 2973 3395 fecisti,
3026 3330 3111 3383 XL
3166 3328 3287 3382 dies
3333 3328 3393 3381 in
3423 3344 3571 3398 pane
3604 3334 3659 3382 et

1961 3437 2129 3491 aqua,
2161 3420 2313 3490 quod
2346 3420 2601 3472 carinam
2660 3422 2887 3485 vocant,
2925 3433 3054 3470 cum
3112 3422 3333 3487 septem
3372 3417 3657 3487 sequenti-

1961 3510 2066 3563 bus
2095 3509 2261 3562 annis
2291 3507 2583 3578 pceniteas,
2628 3510 2687 3560 et
2710 3505 2965 3576 quandiu
3010 3504 3185 3566 vivas,
3244 3521 3442 3559 omnes
3474 3509 3655 3558 sextas

1962 3598 2132 3653 ferias
2164 3598 2223 3650 in
2261 3612 2407 3666 pane
2429 3601 2486 3650 et
2516 3612 2664 3666 aqua
2685 3595 2967 3648 observes.

2033 3701 2089 3756 Si
2120 3699 2422 3770 corrupisti
2474 3698 2777 3769 virginem,
2822 3703 2878 3752 et
2928 3703 3122 3768 postea
3174 3698 3433 3751 eamdem
3482 3714 3662 3751 susce-

1969 3790 2097 3861 pisti
2121 3805 2378 3855 uxorem,
2412 3804 2479 3841 eo
2510 3789 2663 3859 quod
2693 3787 2841 3841 solas
2870 3788 3124 3857 nuptias,
3150 3787 3304 3857 quod
3343 3786 3660 3840 maximum

1965 3884 2071 3946 est,
2094 3877 2339 3943 violasti,
2365 3893 2582 3930 annum
2612 3893 2795 3931 unum
2851 3892 2952 3945 per
3007 3875 3296 3946 legitimas
3344 3875 3513 3929 ferias
3542 3891 3662 3944 pue-

1964 3968 2163 4022 niteas.
2212 3965 2271 4020 Si
2327 3969 2520 4018 autem
2550 3981 2668 4018 non
2724 3964 2936 4018 duxisti
2979 3979 3107 4017 eam
3159 3968 3285 4034 post
3333 3964 3663 4034 corruptio-

1965 4073 2101 4111 nem
2156 4070 2411 4122 uxorem,
2446 4054 2589 4106 duos
2636 4069 2819 4106 annos
2858 4068 2960 4123 per
3008 4052 3293 4121 legitimas
3342 4052 3509 4105 ferias
3540 4068 3660 4121 poe-

1966 4146 2170 4200 niteas.

2040 4250 2320 4321 Accepisti
2371 4249 2529 4303 illam
2557 4247 2663 4303 tibi
2713 4264 2969 4314 uxorem,
3004 4262 3179 4318 quam
3226 4246 3372 4299 alter
3423 4242 3533 4297 sibi
3565 4243 3661 4297 de-

1887 4315 1931 4368 D
1970 4315 2296 4412 sponsatam
2349 4339 2673 4393 habuerat?
2707 4336 2929 4391 dimitte
2988 4315 3170 4401 illam,
3206 4334 3339 4405 quia
3368 4346 3666 4402 nunquam

1965 4434 2158 4499 potest
2188 4428 2292 4483 tibi
2321 4427 2445 4481 fieri
2474 4424 2752 4497 legitima,
2782 4430 2838 4478 et
2877 4424 2959 4478 XL
2992 4424 3111 4478 dies
3136 4423 3194 4476 in
3231 4437 3376 4494 pane
3411 4425 3467 4475 et
3495 4435 3662 4490 aqua,

1969 4517 2125 4587 quod
2178 4518 2430 4570 carinam
2483 4520 2700 4581 vocant,
2745 4529 2874 4567 cum
2925 4513 3017 4565 VII
3076 4509 3448 4582 sequentibus
3506 4508 3669 4562 annis

1968 4606 2265 4676 poeniteas.

2040 4710 2301 4782 Rapuisti
2324 4726 2561 4765 uxorem
2588 4714 2768 4775 tuam,
2818 4711 2872 4761 et
2909 4707 2963 4761 vi
2990 4706 3113 4760 sine
3141 4706 3432 4759 voluntate
3460 4701 3661 4757 mulie-

1971 4799 2068 4866 ris,
2104 4801 2189 4853 vel
2220 4804 2525 4870 parentum
2544 4798 2606 4852 in
2636 4813 2883 4869 quorum
2905 4794 3310 4851 mundiburdio
3339 4792 3661 4856 tenebatur,

1966 4888 2126 4942 illam
2153 4888 2493 4943 adduxisti?
2522 4887 2581 4943 Si
2624 4886 2838 4953 fecisti;
2875 4903 2977 4941 nec
3027 4886 3183 4939 illam
3233 4884 3446 4937 habere
3477 4881 3666 4946 debes,

1967 4977 2279 5031 secundum
2311 4993 2597 5031 canonum
2627 4977 3045 5041 auctoritatem,
3080 4990 3183 5028 nec
3211 4972 3383 5027 aliam
3417 4985 3671 5040 unquam

1967 5082 2213 5119 canones
2246 5069 2298 5119 te
2330 5066 2541 5120 habere
2577 5065 2916 5120 concedunt.
2950 5064 3007 5119 Si
3048 5067 3240 5118 autem
3281 5060 3379 5114 illa
3431 5073 3673 5112 consen-

1967 5155 2114 5209 tiens
2160 5170 2275 5207 non
2336 5154 2544 5220 fuerat,
2593 5154 2654 5207 in
2687 5154 2930 5208 Domino
2986 5151 3270 5207 licentiam
3318 5149 3526 5203 habeat
3562 5161 3671 5199 nu-

1964 5242 2158 5298 bendi.
2189 5244 2269 5296 Tu
2326 5247 2519 5296 autem
2569 5243 2652 5296 XL
2684 5242 2826 5308 dies,
2878 5242 2935 5296 id
2970 5246 3074 5308 est,
3107 5238 3376 5302 carinam,
3432 5236 3493 5289 in
3524 5250 3671 5305 pane

1967 5337 2023 5386 et
2055 5348 2203 5402 aqua
2228 5330 2525 5401 pteniteas,
2562 5334 2619 5384 et
2649 5331 2743 5384 VII
2797 5334 3102 5401 sequentes
3153 5343 3365 5382 annos:
3415 5329 3490 5391 et,
3538 5322 3675 5393 quia

1966 5419 2222 5491 legitima
2279 5417 2544 5488 conjugia
2591 5418 2688 5472 Dei
2746 5424 3035 5489 prrecepto
3095 5422 3228 5471 sunt
3291 5414 3567 5480 ordinata,
3620 5416 3678 5464 et

1968 5510 2104 5580 quia
2129 5525 2197 5562 ex
2228 5507 2453 5562 duobus
2494 5505 2834 5576 corporibus
2869 5522 3050 5560 unum
3102 5523 3166 5560 ex
3217 5504 3317 5559 Dei
3342 5505 3506 5574 jussu
3545 5516 3676 5553 con-

1967 5597 2176 5666 ﬁcitur,
2212 5602 2271 5652 et
2298 5596 2434 5669 quia
2468 5611 2584 5649 non
2616 5594 2786 5649 debet
2824 5594 2949 5649 ﬁeri
2978 5594 3300 5665 legitimum
3343 5589 3676 5664 conjugium
