3944 6302
278 313 381 363 959

1364 303 1766 358 BURCHARDI
1807 301 2336 358 WORMACIENSIS
2376 301 2706 357 EPISCOPI.
3683 303 3784 354 960

275 429 388 482 nisi
415 445 482 482 ex
511 443 790 481 consensu
818 427 1120 479 amborum
1147 431 1204 478 et
1233 429 1556 495 parentum,
1583 431 1664 489 tu,
1699 425 1797 494 qui
1835 441 1970 477 san-
2003 425 2050 476 A
2160 424 2526 479 Concubuisti
2551 439 2683 477 cum
2715 439 2891 477 uxore
2930 426 3030 477 tua
3059 423 3152 478 die
3183 422 3504 476 dominica?
3535 428 3786 494 quatuor

278 523 435 572 ctum
479 517 626 571 illud
651 515 1028 569 constitutum
1058 513 1301 568 turbasti
1353 518 1409 566 et
1435 513 1670 580 violasti,
1715 513 1836 567 sine
1876 529 1975 583 spe

277 606 535 676 conjugii
552 620 914 675 permaneas.

350 693 601 764 Contigit
652 692 755 746 tibi
811 696 875 745 ut
933 707 1076 745 uxor
1114 695 1211 744 tua
1267 695 1321 744 te
1352 690 1575 744 conscio
1626 695 1683 743 et
1715 691 1973 743 hortante

280 798 412 835 cum
443 782 558 835 alio
598 781 740 844 viro,
765 780 864 832 illa
902 783 1094 832 autem
1122 779 1353 832 nolente
1398 779 1744 831 adulterium
1774 793 1972 847 perpe-

279 869 492 923 traret?
545 869 602 924 Si
633 869 835 932 fecisti,
877 868 959 922 XL
985 867 1125 931 dies,
1162 868 1216 920 id
1244 873 1346 932 est,
1401 867 1675 933 carinam,
1710 867 1772 919 in
1827 881 1973 937 pane

281 963 338 1013 et
386 973 536 1028 aqua
578 959 852 1027 pceniteas
879 961 937 1009 et
992 960 1208 1026 septem
1241 972 1444 1022 annos,
1500 971 1676 1007 unum
1701 971 1764 1008 ex
1797 954 1883 1007 his
1913 954 1975 1008 in

281 1060 427 1114 pane
454 1048 510 1098 et
547 1060 694 1114 aqua
737 1043 1035 1114 poeniteas,
1096 1048 1151 1096 et
1205 1059 1503 1113 nunquam
1535 1043 1608 1094 sis
1639 1042 1761 1095 sine
1789 1043 1974 1112 poeni—

282 1132 476 1185 tentia.
531 1132 588 1186 Si
645 1141 838 1185 autem
907 1148 1046 1185 uxor
1104 1136 1201 1184 tua
1255 1131 1364 1184 hoc
1420 1131 1664 1200 probare
1697 1131 1970 1200 potuerit,

283 1220 435 1289 quod
487 1225 586 1273 tua
631 1221 797 1289 culpa
832 1225 889 1272 et
916 1226 1015 1272 tuo
1049 1221 1235 1288 jussu,
1303 1236 1361 1272 se
1429 1224 1705 1272 renuente
1735 1224 1792 1272 et
1821 1219 1970 1272 relu-

279 1311 488 1374 ctante,
517 1308 831 1361 adulterata
852 1307 943 1373 sit,
961 1307 1004 1359 si
1027 1324 1084 1360 se
1107 1306 1395 1360 continere
1425 1323 1538 1359 non
1567 1311 1771 1377 potest,
1797 1307 1975 1360 nubat

280 1397 373 1450 cui
401 1396 665 1463 voluerit,
697 1400 922 1449 tantum
956 1396 1014 1448 in
1039 1395 1301 1449 Domino.
1343 1397 1426 1448 Tu
1459 1400 1651 1449 autem
1683 1397 1805 1448 sine
1834 1411 1973 1448 uxo-

280 1485 364 1537 ria
395 1500 493 1552 spe
533 1485 592 1536 in
645 1487 922 1554 perpetuo
977 1499 1332 1552 permaneas.
1371 1483 1471 1536 Illa
1533 1489 1724 1536 autem
1770 1483 1818 1536 si
1847 1499 1976 1535 con-

279 1573 529 1627 sentiens
585 1573 791 1638 fuerat,
849 1572 1048 1625 eadem
1103 1571 1328 1641 jejunet
1369 1588 1496 1641 qua:
1536 1571 1639 1625 tibi
1681 1572 1975 1642 proposita

282 1666 436 1728 sunt,
469 1666 526 1715 et
555 1661 678 1714 sine
709 1677 808 1731 spe
847 1661 1098 1731 conjugii
1127 1665 1479 1729 permaneat.

351 1767 635 1837 Accepisti
683 1782 921 1820 uxorem
954 1771 1256 1836 cognatam
1302 1771 1482 1831 tuam,
1540 1767 1628 1820 vel
1685 1783 1858 1836 quam
1879 1783 1975 1821 co-

283 1862 492 1927 gnatus
530 1856 777 1910 habuit?
807 1856 1060 1926 separari
1111 1856 1282 1910 debes
1335 1856 1404 1909 ab
1462 1872 1546 1923 ea,
1590 1860 1647 1909 et
1702 1857 1976 1926 paenitere

275 1945 435 2016 juxta
507 1946 744 1999 modum
804 1945 1206 2015 cognationis:
1263 1945 1400 2015 quia
1449 1945 1625 1999 sancti
1678 1948 1872 2000 Patres
1922 1955 1978 2001 et

281 2037 476 2087 sancta
530 2035 763 2087 illorum
820 2039 1033 2087 statuta
1082 2033 1310 2087 incestis
1365 2034 1863 2103 conjunctionibus
1893 2035 1974 2088 nil

219 2171 226 2177 ε
278 2138 516 2192 prorsus
563 2122 747 2176 veniae
803 2127 1114 2184 reservant,
1147 2137 1336 2191 neque
1382 2138 1689 2175 numerum
1729 2138 1976 2192 genera—

277 2210 506 2263 tionum
536 2210 838 2265 definiunt.
885 2210 994 2264 Sed
1054 2210 1110 2263 id
1175 2214 1516 2274 statuerunt,
1553 2214 1615 2263 ut
1653 2211 1795 2264 nulli
1819 2211 1975 2265 Chri-

281 2298 466 2351 stiano
495 2298 661 2351 liceat
709 2298 777 2351 de
816 2297 1054 2367 propria
1085 2297 1582 2368 consanguinitate
1617 2315 1718 2352 seu
1756 2315 1975 2370 cogna-

280 2386 438 2440 tione
470 2378 703 2440 uxorem
736 2387 1013 2454 accipere,
1054 2403 1233 2456 usque
1266 2389 1404 2439 dum
1458 2387 1754 2456 generatio
1787 2404 1973 2441 recor-

282 2473 536 2540 daretur,
597 2479 1053 2543 cognosceretur,
1121 2481 1221 2526 aut
1277 2474 1557 2528 memoria
1608 2475 1971 2530 retineretur.

280 2562 424 2626 Quia
461 2567 690 2616 sanctus
720 2561 1026 2630 Gregorius
1079 2561 1249 2615 dicit:
1289 2581 1315 2612 «
1376 2563 1433 2616 Si
1463 2563 1591 2632 quis
1647 2564 1715 2617 de
1746 2565 1976 2635 propria

279 2650 638 2719 cognatione,
673 2651 755 2702 vel
789 2665 963 2720 quam
993 2655 1268 2719 cognatus
1316 2650 1518 2703 habuit
1550 2649 1608 2703 in
1640 2652 1973 2722 conjugium

281 2738 526 2802 duxerit,
567 2739 874 2793 anathema
906 2738 996 2791 sit.
1026 2760 1051 2786 ι
1086 2739 1446 2808 Quapropter
1475 2738 1616 2792 scire
1637 2739 1809 2793 debes
1838 2740 1972 2810 quia

281 2842 398 2879 non
439 2831 522 2879 est
575 2827 656 2879 ita
709 2831 774 2879 ut
823 2825 986 2879 multi
1046 2827 1362 2880 sacerdotes
1417 2828 1625 2880 multos
1672 2829 1972 2895 seducunt,

280 2913 530 2966 dicentes
557 2915 706 2984 quod
741 2914 799 2966 in
826 2915 947 2983 ipso
979 2920 1211 2984 peccato
1241 2915 1578 2984 poenitentia
1624 2933 1742 2969 esse
1774 2916 1969 2986 possit.

2086 511 2206 565 dies
2237 511 2297 565 in
2329 528 2476 582 pane
2507 516 2562 566 et
2597 528 2747 582 aqua
2774 511 3055 582 poenitere
3075 512 3283 567 debes?

2155 600 2571 671 Coinquinatus
2602 616 2662 653 es
2691 616 2822 653 cum
2854 616 3033 653 uxore
3073 605 3171 653 tua
3198 600 3258 653 in
3287 599 3785 670 Quadragesima?

2083 689 2169 744 XL
2197 689 2315 742 dies
2340 688 2400 742 in
2447 704 2595 758 pane
2627 693 2682 740 et
2732 703 2882 758 aqua
2928 688 3203 758 pmnitere
3243 688 3436 753 debes,
3490 692 3590 740 aut
3628 688 3785 742 XXVI

2083 776 2291 830 solidos
2322 776 2382 829 in
2412 778 2835 847 eleemosynam
2866 777 3020 830 dare.
3080 776 3136 830 Si
3164 793 3266 845 per
3304 777 3638 830 ebrietatem
3663 792 3788 830 eve-

2082 864 2190 925 nit,
2221 866 2308 920 XX
2339 864 2458 918 dies
2511 864 2571 917 in
2603 881 2751 934 pane
2806 869 2862 919 et
2892 881 3042 936 aqua
3083 864 3382 933 pmniteas.
3425 864 3638 934 Viginti
3665 864 3787 917 dies

2083 957 2212 1006 ante
2243 954 2498 1007 Natalem
2519 953 2766 1018 Domini,
2793 959 2849 1006 et
2874 969 3072 1006 omnes
3102 953 3223 1006 dies
3251 953 3599 1018 Dominicos,
3635 958 3694 1006 et
3725 953 3788 1005 in

2084 1041 2351 1094 omnibus
2397 1040 2670 1110 legitimis
2693 1041 2952 1110 jejuniis,
2997 1045 3054 1094 et
3105 1041 3163 1094 in
3196 1040 3469 1094 natalitiis
3498 1041 3790 1109 apostolo-

2083 1146 2229 1189 rum.
2263 1135 2320 1182 et
2349 1129 2409 1181 in
2439 1128 2742 1198 praecipuis
2773 1129 2928 1181 festis
2967 1134 3023 1182 et
3051 1129 3110 1182 in
3160 1129 3420 1198 publicis,
3468 1129 3791 1182 castitatem

2085 1218 2254 1272 debes
2285 1217 2585 1271 custodire.
2621 1216 2679 1271 Si
2711 1222 2902 1270 autem
2935 1234 3046 1270 non
3087 1217 3402 1286 custodisti,
3441 1219 3526 1272 XL
3577 1218 3700 1271 dies
3727 1217 3789 1269 in

2083 1322 2230 1377 pane
2260 1311 2317 1359 et
2346 1322 2496 1376 aqua
2516 1305 2808 1376 pmuiteas.

2622 1431 2700 1483 De
2741 1431 2886 1495 falso
2932 1431 3248 1484 testimonio.

2158 1533 2336 1588 Fuisti
2367 1533 2425 1586 in
2458 1533 2598 1586 falso
2655 1533 3006 1597 testimonio,
3039 1533 3120 1586 ita
3164 1533 3289 1586 dico
3323 1539 3387 1586 ut
3424 1534 3789 1587 testimonia-

2084 1638 2175 1675 res
2205 1627 2260 1674 et
2289 1621 2606 1675 afﬁrmares
2631 1622 2741 1674 hoc
2771 1637 2970 1674 verum
3035 1637 3156 1674 esse
3179 1621 3333 1691 quod
3385 1621 3594 1674 falsum
3639 1627 3786 1690 erat,

2016 1701 2058 1754 Β
2090 1714 2145 1764 et
2177 1710 2282 1764 hoc
2303 1710 2483 1764 fecisti
2505 1714 2739 1780 propter
2767 1725 3022 1762 amorem
3055 1710 3312 1778 alicujus,
3354 1710 3468 1763 sive
3499 1726 3607 1779 per
3635 1727 3790 1780 prae-

2085 1798 2290 1864 mium,
2322 1798 2438 1852 sive
2495 1803 2735 1868 propter
2788 1797 3102 1851 timorem?
3158 1798 3214 1852 Si
3244 1798 3441 1863 fecisti,
3484 1798 3566 1851 ita
3611 1799 3792 1853 debes

2085 1888 2362 1957 paenitere
2393 1887 2537 1939 sicut
2557 1885 2925 1952 adulterium,
2957 1891 3014 1940 et
3045 1886 3348 1940 homicidia
3393 1891 3599 1956 sponte
3631 1903 3791 1940 com-

2087 1977 2278 2042 missa,
2312 1976 2556 2029 Domino
2589 1975 2840 2029 dicente:
2869 1993 2895 2024 «
2943 1976 3018 2028 De
3048 1975 3218 2029 corde
3267 1974 3418 2027 enim
3452 1979 3667 2028 exeunt
3692 1976 3795 2028 ho-

2085 2064 2335 2129 micidia,
2369 2065 2668 2129 adulteria,
2701 2063 2870 2125 furta,
2924 2063 3063 2117 falsa
3095 2063 3440 2116 testimonia.
3469 2083 3490 2109 ι
3539 2064 3606 2116 Et
3656 2063 3792 2117 ideo

2085 2153 2253 2207 debet
2297 2153 2566 2206 similiter
2619 2151 2898 2221 pmnitere
2955 2156 3009 2204 et
3065 2151 3553 2204 excommunicari
3612 2151 3794 2204 falsus

2083 2241 2261 2306 testis,
2296 2241 2442 2294 sicut
2471 2241 2715 2306 adulter,
2749 2245 2804 2293 et
2833 2241 2946 2306 fur,
2997 2245 3052 2292 et
3090 2240 3398 2294 homicida.
3443 2239 3502 2293 Si
3546 2247 3796 2310 propter

2083 2329 2353 2384 timorem
2408 2329 2589 2382 fecisti
2666 2328 2819 2380 illius
2873 2345 2906 2380 a
2973 2344 3085 2398 quo
3144 2328 3348 2380 timere
3415 2328 3674 2396 potuisti,
3739 2333 3797 2382 et

2084 2418 2343 2472 membra
2366 2418 2620 2488 perdere,
2644 2421 2741 2469 aut
2762 2416 2954 2480 vitam,
2988 2421 3046 2470 et
3072 2416 3143 2469 ad
3169 2416 3438 2469 ultimum
3470 2415 3623 2469 bona
3667 2422 3792 2482 tua,

2082 2511 2218 2560 tunc
2251 2507 2440 2560 divide
2489 2505 2910 2574 paenitentiam,
2965 2508 3020 2558 et
3071 2509 3263 2573 postea
3295 2503 3547 2574 praevide
3579 2520 3654 2559 ne
3685 2505 3794 2559 tibi

2083 2595 2322 2649 ulterius
2351 2594 2663 2664 contingat.

2685 2700 2769 2753 De
2795 2704 2913 2753 arte
2938 2701 3172 2766 magica.

2151 2806 2384 2860 Violasti
2430 2806 2777 2876 sepulcrum,
2810 2804 2889 2857 ita
2917 2803 3064 2869 dico,
3115 2803 3252 2856 dum
3283 2802 3534 2872 aliquem
3564 2803 3796 2857 videres

2083 2896 2347 2966 sepelire,
2380 2899 2435 2948 et
2468 2895 2528 2948 in
2585 2898 2748 2947 nocte
2808 2893 3152 2962 infringeres
3191 2893 3514 2962 sepulcrum
3547 2897 3606 2945 et
3631 2893 3795 2946 tolle-

281 3001 448 3054 verbi
479 2977 685 3070 era-tia,
747 3002 794 3054 si
825 2977 882 3055 ιζ]
943 2977 1112 3055 πῖοάο
1175 2977 1382 3056 habere
1439 3009 1739 3074 cognatam
1777 2977 1970 3066 ἰυεωῖ
2008 2977 2048 3032 C
2085 3003 2175 3040 res
2197 2985 2536 3074 vestimenta
2566 2983 2732 3052 ejus?
2761 2982 2818 3037 Si
2839 2981 3039 3048 fecisti,
3072 2982 3120 3035 II
3149 2996 3328 3034 annos
3354 2996 3458 3050 per
3499 2979 3796 3051 legitimas

280 3090 369 3142 vel
421 3106 656 3142 uxorem
687 3090 942 3155 alterius,
985 3090 1071 3142 vel
1128 3090 1344 3160 aliquid
1397 3092 1508 3144 tale
1567 3093 1718 3162 quod
1757 3092 1977 3146 licitum

281 3193 400 3231 non
434 3182 598 3238 esset,
647 3184 703 3234 et
732 3177 902 3229 velles
933 3177 992 3230 in
1023 3193 1090 3230 eo
1125 3183 1351 3246 peccato
1403 3195 1760 3249 permanere,
1808 3187 1864 3234 et
1894 3186 1975 3234 ta-

282 3281 416 3320 men
459 3265 518 3318 in
571 3264 908 3335 poenitentia
943 3281 1094 3318 esse:
1123 3266 1279 3319 verbi
1309 3267 1516 3338 gratia,
1563 3269 1608 3320 si
1645 3268 1812 3322 hodie
1835 3286 1976 3340 qua-

283 3352 549 3421 draginta
600 3352 719 3405 dies
746 3353 802 3405 in
843 3369 985 3422 pane
1018 3358 1076 3406 et
1107 3369 1256 3423 aqua
1285 3371 1388 3424 pro
1421 3372 1534 3409 uno
1568 3356 1822 3425 quolibet
1848 3374 1975 3427 pec-

282 3446 406 3494 cato
465 3447 722 3512 peractos
782 3443 1020 3495 haberes
1086 3442 1146 3495 in
1195 3443 1552 3511 poenitentia,
1611 3448 1668 3497 et
1743 3445 1978 3500 iterares

281 3528 440 3598 prius
468 3535 761 3598 peccatum
794 3529 933 3582 nihil
963 3530 1179 3583 valeret
1198 3530 1536 3600 poenitentia
1573 3548 1745 3602 quam
1777 3533 1978 3603 fecisti,

276 3621 436 3692 juxta
466 3618 521 3671 id
541 3619 690 3688 quod
724 3617 962 3671 dicitur:
997 3638 1019 3665 ι
1053 3617 1209 3671 Sicut
1262 3619 1417 3671 canis
1449 3619 1548 3689 qui
1578 3621 1724 3674 redit
1761 3621 1830 3674 ad
1883 3640 1979 3676 vo-

283 3704 491 3758 mitum
524 3721 709 3766 suum.
747 3709 803 3757 et
833 3721 963 3758 sues
1012 3705 1082 3758 ad
1133 3706 1434 3759 volutabra
1465 3724 1586 3773 sua,
1621 3727 1648 3759 δ)
1683 3708 1761 3762 ita
1793 3710 1900 3763 erit
1926 3716 1982 3764 et

283 3793 572 3861 peccatori
629 3792 730 3862 qui
781 3793 932 3846 redit
995 3794 1063 3846 ad
1099 3799 1395 3861 peccatum
1449 3795 1606 3865 prius
1637 3799 1976 3853 confessum.

286 3883 649 3951 Quapropter
675 3882 818 3934 scias
873 3897 1025 3940 vere.
1077 3883 1210 3936 dum
1253 3883 1312 3935 in
1363 3885 1486 3953 ipso
1515 3893 1748 3956 peccato
1781 3888 1977 3951 fueris,

286 3968 626 4039 pomitentia
653 3970 906 4040 ejusdem
928 3971 1141 4040 peccati
1171 3971 1312 4025 nihil
1345 3975 1505 4027 valet.

821 4097 886 4148 De
915 4095 1170 4149 abusione
1198 4097 1458 4165 conjugii.

2085 3075 2256 3130 ferias
2292 3073 2591 3143 poeniteas.

2157 3158 2505 3216 Consuluisti
2550 3173 2768 3227 magos,
2817 3160 2871 3210 et
2899 3156 2960 3210 in
3015 3158 3256 3209 domum
3306 3159 3465 3208 tuam
3510 3155 3795 3210 induxisti

2086 3247 2424 3318 exquirendi
2452 3245 2667 3316 aliquid
2702 3249 2822 3298 arte
2851 3244 3126 3309 maleﬁca,
3173 3248 3272 3297 aut
3299 3242 3571 3314 expiandi
3593 3259 3790 3306 causa,

2087 3337 2196 3399 vel,
2228 3350 2584 3406 paganorum
2617 3333 3090 3386 consuetudinem
3122 3348 3384 3402 sequens,
3427 3331 3650 3384 divinos
3689 3333 3796 3402 qui

2086 3425 2190 3480 tibi
2224 3425 2564 3488 divinarent,
2599 3428 2660 3476 ut
2688 3422 2878 3474 futura
2917 3421 2986 3474 ab
3037 3422 3118 3474 eis
3177 3421 3500 3491 requireres
3553 3422 3724 3490 quasi
3760 3438 3794 3473 a

2087 3513 2387 3584 propheta,
2421 3516 2476 3566 et
2522 3512 2650 3564 illos
2697 3511 2796 3580 qui
2826 3514 3003 3563 sortes
3055 3513 3338 3576 exercent,
3401 3510 3486 3562 vel
3533 3509 3635 3578 qui
3686 3525 3794 3579 per

2089 3608 2266 3656 sortes
2295 3605 2527 3672 sperant
2576 3616 2634 3652 se
2698 3600 2889 3652 futura
2917 3597 3202 3668 praescire,
3256 3598 3342 3650 vel
3392 3597 3520 3650 illos
3572 3596 3674 3666 qui
3706 3595 3794 3651 vel

2090 3689 2346 3760 auguriis
2378 3690 2462 3742 vel
2509 3687 2992 3741 incantationibus
3046 3686 3383 3752 inserviunt,
3439 3685 3505 3738 ad
3554 3689 3610 3738 te
3644 3685 3796 3738 invi-

2088 3778 2261 3832 tasti?
2307 3777 2365 3831 Si
2423 3776 2623 3840 fecisti,
2680 3776 2824 3829 duos
2875 3791 3053 3828 annos
3114 3791 3217 3844 per
3274 3773 3558 3843 legitimas
3619 3773 3793 3827 ferias

2089 3866 2384 3937 poeniteas.

2159 3955 2217 4008 Si
2247 3954 2558 4007 observasti
2588 3952 2925 4006 traditiones
2982 3967 3360 4021 paganorum,
3425 3966 3589 4020 quas,
3622 3952 3791 4020 quasi

2090 4041 2452 4096 hereditario
2504 4042 2636 4111 jure
2686 4040 2914 4094 diabolo
2963 4039 3455 4103 subministrante,
3513 4055 3697 4108 usque
3730 4039 3790 4092 in

2089 4132 2192 4184 hos
2219 4129 2338 4184 dies
2386 4144 2611 4198 semper
2661 4134 2850 4197 patres
2886 4127 3019 4181 ﬁliis
3051 4127 3433 4197 reliquerunt,
3480 4125 3539 4180 id
3594 4130 3678 4179 est
3725 4133 3794 4180 ut

358 4219 725 4272 Concubuisti
783 4235 913 4272 cum
965 4236 1139 4274 uxore
1187 4225 1283 4273 tua
1317 4222 1400 4273 vel
1451 4236 1582 4274 cum
1625 4220 1734 4273 alia
1786 4220 1980 4290 aliqua
2010 4252 2054 4304 Β
2093 4219 2372 4273 elementa
2396 4218 2629 4281 coleres,
2667 4216 2726 4270 id
2758 4220 2842 4269 est
2889 4217 3084 4269 lunam
3141 4220 3237 4269 aut
3301 4216 3501 4281 solem,
3536 4219 3634 4268 aut
3666 4216 3793 4269 stel-

286 4312 459 4372 retro,
500 4305 696 4359 canico
720 4308 924 4360 more?
953 4307 1007 4361 Si
1036 4307 1238 4374 fecisti,
1277 4308 1474 4362 decem
1499 4307 1618 4361 dies
1655 4308 1712 4360 in
1747 4323 1892 4377 pane
1925 4314 1982 4360 et

288 4411 437 4464 aqua
463 4395 759 4464 pmniteas.

357 4484 602 4537 Junxisti
631 4489 686 4538 te
717 4483 879 4537 uxori
908 4487 1022 4538 tua:
1045 4489 1340 4538 menstruo
1371 4483 1666 4552 tempore?
1702 4484 1749 4537 si
1778 4485 1980 4551 fecisti,

287 4572 480 4625 decem
509 4572 626 4625 dies
653 4572 709 4625 in
741 4588 890 4642 pano
920 4577 976 4625 et
1020 4590 1170 4643 aqua
1208 4572 1500 4642 poeniteas.
1561 4573 1760 4627 Mulier
1811 4578 1908 4626 tua
1937 4574 1980 4627 si

290 4661 588 4715 intraverit
638 4661 932 4715 eccledam
983 4666 1112 4715 ante
1153 4661 1434 4714 mundum
1487 4663 1825 4732 sanguinem
1856 4669 1985 4732 post

287 4754 537 4818 partum,
571 4755 656 4803 tot
688 4750 808 4804 dies
856 4749 1149 4820 poeniteat,
1187 4755 1327 4819 quot
1380 4750 1614 4804 ecclesia
1660 4768 1849 4806 carere
1893 4753 1983 4805 de-

288 4839 508 4893 buerat.
561 4838 616 4892 Si
654 4843 846 4892 autem
893 4838 1250 4891 concubuisti
1307 4855 1435 4891 cum
1495 4855 1560 4892 ea
1619 4841 1704 4893 his
1761 4841 1980 4908 diebus,

287 4926 494 4996 viginti
523 4926 643 4980 dies
674 4927 731 4979 in
771 4943 919 4997 pane
947 4931 999 4978 et
1023 4943 1168 4996 aqua
1201 4926 1493 4996 poeniteas.

358 5016 724 5070 Concubuisti
812 5031 942 5067 cum
1011 5030 1186 5067 uxore
1255 5020 1354 5067 tua
1418 5019 1723 5086 postquam
1797 5016 1983 5070 infans

289 5109 509 5157 motum
567 5105 627 5158 in
657 5109 820 5157 utero
880 5103 1138 5156 fecerat?
1195 5103 1279 5155 vel
1331 5104 1529 5156 saltem
1560 5105 1646 5159 XL
1704 5104 1824 5158 dies
1853 5110 1982 5157 ante

287 5194 565 5257 partum?
608 5191 663 5246 Si
715 5190 916 5256 fecisti,
950 5191 1035 5243 XX
1067 5191 1188 5243 dies
1243 5189 1301 5242 in
1341 5207 1488 5260 pane
1524 5196 1579 5244 et
1622 5208 1768 5262 aqua
1799 5193 1980 5263 poeni-

291 5282 432 5331 teas.

362 5366 728 5420 Concubuisti
796 5383 924 5420 cum
977 5382 1150 5419 uxore
1217 5371 1314 5420 tua
1377 5373 1503 5438 post
1561 5368 1981 5423 manifestatam

289 5453 762 5523 conceptionem?
815 5454 1011 5508 decem
1064 5455 1184 5509 dies
1232 5455 1293 5509 in
1340 5473 1489 5526 pane
1540 5461 1598 5510 et
1628 5473 1778 5527 aqua
1806 5459 1983 5528 poeni-

293 5546 426 5592 leas.

2089 4307 2274 4360 larum
2302 4321 2551 4372 cursum,
2599 4321 2806 4358 novam
2853 4304 3072 4369 lunam,
3129 4308 3228 4356 aut
3279 4302 3564 4357 defectum
3614 4303 3792 4369 lunae,

2091 4400 2156 4449 ut
2183 4394 2296 4448 tuis
2324 4394 2670 4446 clamoribus
2704 4397 2803 4446 aut
2859 4392 3072 4446 auxilio
3104 4393 3467 4461 splendorem
3522 4391 3647 4460 ejus
3699 4408 3790 4444 re-

2091 4487 2342 4536 staurare
2400 4483 2632 4544 valeres,
2694 4487 2792 4535 aut
2845 4482 2944 4534 illa
3015 4481 3300 4534 elementa
3377 4479 3483 4533 tibi
3555 4495 3795 4533 succur—

2094 4587 2216 4624 rere
2275 4575 2374 4623 aut
2401 4576 2460 4622 tu
2522 4570 2633 4623 illis
2672 4586 2884 4640 posses,
2935 4574 3033 4622 aut
3088 4584 3296 4621 novam
3353 4569 3546 4620 lunam
3602 4568 3796 4621 obser-

2089 4659 2232 4713 vasti
2257 4675 2360 4729 pro
2393 4659 2560 4712 modo
2616 4658 2874 4711 facienda
2919 4663 3012 4711 aut
3065 4657 3344 4727 conjugiis
3382 4656 3707 4710 sociandis‘?
3739 4657 3798 4711 Si

2089 4747 2291 4811 fecisti,
2347 4747 2489 4800 duos
2543 4763 2724 4799 annos
2778 4761 2880 4815 per
2934 4744 3221 4815 legitimas
3281 4743 3452 4797 ferias
3493 4744 3794 4814 pmniteas,

2091 4837 2228 4907 quia
2275 4836 2549 4905 scriptum
2591 4839 2702 4888 est:
2739 4856 2766 4882 ι(
2812 4835 2990 4889 Omne
3049 4834 3434 4903 quodcunque
3493 4834 3676 4886 facitis
3736 4834 3798 4886 in

2090 4925 2265 4979 verbo
2291 4929 2347 4977 et
2410 4924 2470 4977 in
2498 4939 2689 4994 opere,
2726 4922 3008 4976 omniain
3060 4922 3290 4976 nomine
3351 4922 3576 4975 Domini
3615 4923 3799 4975 nostri

2091 5015 2222 5067 Jesu
2255 5012 2462 5067 Christi
2495 5012 2682 5066 facite.
2716 5031 2739 5061 ι)

2163 5102 2487 5156 Observasti
2509 5101 2791 5155 Kalendas
2834 5099 3132 5152 Januarias
3155 5098 3267 5152 ritu
3317 5115 3701 5169 paganorum,
3739 5104 3801 5152 ut

2093 5192 2178 5246 vel
2216 5191 2430 5261 aliquid
2471 5191 2600 5260 plus
2629 5191 2842 5244 faceres
2870 5195 3105 5258 propter
3135 5203 3346 5240 novum
3378 5201 3595 5238 annum
3621 5201 3797 5255 quam

2091 5286 2278 5346 antea,
2321 5281 2408 5333 vel
2438 5286 2566 5350 post
2596 5281 2807 5334 soleres
2835 5279 3041 5345 facere,
3071 5277 3149 5330 ita
3206 5277 3331 5331 dico
3379 5282 3441 5328 ut
3489 5281 3589 5328 aut
3627 5290 3795 5328 men-

2093 5386 2214 5424 sam
2255 5374 2414 5423 tuam
2469 5385 2600 5423 cum
2654 5369 2938 5438 lapidibus
2995 5368 3076 5420 vel
3127 5367 3311 5435 epulis
3362 5365 3423 5418 in
3481 5365 3656 5417 domo
3697 5368 3794 5417 tua

2091 5473 2444 5528 praeparares
2487 5474 2554 5511 eo
2581 5463 2858 5526 tempore,
2894 5461 2994 5509 aut
3021 5471 3126 5525 per
3152 5456 3302 5508 vicos
3349 5457 3405 5507 et
3447 5469 3549 5523 per
3579 5454 3796 5524 plateas

2093 5551 2352 5600 cantores
2382 5551 2438 5598 et
2466 5547 2672 5600 choros
2709 5546 2969 5614 duceres,
3000 5549 3098 5598 aut
3126 5560 3299 5614 supra
3345 5546 3556 5596 tectum
3592 5543 3793 5595 domus
