3944 6300
158 344 249 395 961
1002 342 1479 398 DECRETORUM
1522 345 1703 398 LIBRI
1744 345 1849 399 XX.
1892 377 1959 384 —
2003 346 2213 400 LIBER
2254 344 2556 399 DECIMUS
2596 344 2835 401 NONUS.

3553 350 3655 401 96‘2

157 471 268 519 tum
300 466 551 530 sederes,
586 480 719 519 ense
750 469 849 517 tuo
896 464 1373 534 circunsignatus,
1403 468 1468 517 ut
1513 463 1592 517 ibi
1643 463 1861 518 videres
1890 468 1935 519 A
1974 479 2103 533 ceps
2133 464 2312 532 fuisti,
2349 481 2525 519 unum
2567 481 2781 519 annum
2831 480 2935 534 per
2989 463 3268 534 legitimas
3321 464 3492 518 ferias
3544 480 3667 534 poe-

156 558 211 606 et
248 554 602 623 intelligeres
655 552 794 622 quid
843 552 947 605 tibi
994 552 1054 604 in
1102 552 1365 621 sequenti
1399 568 1546 605 anno
1607 552 1864 605 futurum

156 644 339 695 esset?
362 643 450 695 vel
478 642 539 695 in
586 642 738 695 bivio
783 640 978 694 sedisti
1027 657 1198 710 supra
1228 640 1513 693 taurinam
1558 646 1767 705 cutem,
1800 645 1867 693 ut

156 734 210 782 et
235 730 344 782 tibi
364 730 557 783 futura
589 729 695 782 tibi
735 727 1129 797 intelligeres?
1167 728 1253 780 vel
1288 727 1333 779 si
1367 744 1541 797 panes
1594 728 1866 797 praedicta

155 823 321 872 nocte
352 834 598 888 coquere
630 816 809 870 fecisti
857 822 954 870 tuo
990 815 1240 880 nomine,
1275 820 1358 883 ut,
1409 815 1455 868 si
1485 815 1628 869 bene
1682 817 1862 868 eleva-

156 911 377 974 rentur,
420 911 476 959 et
506 904 669 975 spissi
716 910 772 958 et
804 903 903 957 alti
950 903 1173 970 ﬁerent,
1215 904 1346 956 inde
1426 902 1864 973 prosperitatem

154 998 268 1046 tua;
293 994 427 1047 vitae
456 1008 522 1046 eo
544 1009 693 1046 anno
733 992 1075 1062 praevideres
1094 991 1120 1044 ?
1154 992 1306 1057 Ideo,
1341 992 1476 1062 quia
1509 993 1686 1044 Deum
1709 1008 1863 1045 crea-

157 1087 340 1136 torem
392 1087 554 1135 tuum
585 1081 963 1152 dereliquisti,
999 1087 1055 1134 et
1075 1080 1144 1133 ad
1183 1080 1332 1133 idola
1361 1084 1415 1133 et
1455 1080 1522 1132 ad
1567 1080 1665 1132 illa
1720 1096 1865 1133 vana

155 1176 209 1223 te
241 1171 591 1236 convertisti,
625 1175 681 1223 et
744 1176 1003 1239 apostata
1057 1169 1291 1222 effectus
1346 1184 1425 1234 es,
1483 1168 1625 1222 duos
1687 1184 1865 1221 annos

155 1275 260 1328 per
280 1259 566 1328 legitimas
593 1258 763 1312 ferias
785 1259 1084 1327 poeniteas.

226 1343 431 1396 Fecisti
473 1342 769 1412 ligaturas,
822 1347 877 1395 et
915 1341 1355 1405 incantationes,
1407 1344 1463 1393 et
1513 1340 1639 1393 illas
1682 1339 1862 1393 varias

156 1426 561 1481 fascinationes
614 1445 757 1499 quas
836 1428 1040 1482 nefarii
1109 1428 1394 1492 homines,
1457 1428 1697 1496 subulci,
1775 1428 1863 1481 vel

156 1515 414 1581 bubulci,
449 1522 503 1569 et
547 1516 834 1570 interdum
865 1521 1162 1569 venatores
1200 1515 1434 1581 faciunt,
1469 1516 1607 1568 dum
1668 1514 1865 1569 dicunt

154 1602 437 1657 diabolica
485 1604 740 1657 carmina
785 1620 957 1673 super
1000 1621 1208 1673 panem
1260 1608 1357 1657 aut
1404 1620 1576 1673 super
1658 1604 1863 1657 herbas

158 1695 214 1744 et
244 1707 420 1761 super
476 1692 739 1762 quaedam
770 1692 987 1744 nefaria
1014 1693 1345 1759 ligamenta,
1377 1698 1432 1745 et
1486 1694 1605 1746 haec
1654 1699 1753 1745 aut
1802 1693 1859 1745 in

157 1780 363 1834 arbore
404 1779 775 1841 abscondunt.
825 1787 921 1833 aut
966 1781 1025 1833 in
1060 1782 1209 1834 bivio
1244 1787 1342 1834 aut
1393 1782 1451 1833 in
1492 1782 1655 1833 trivio
1688 1782 1861 1851 proji-

157 1866 335 1934 ciunt,
374 1872 438 1921 ut
468 1875 565 1921 aut
592 1884 693 1920 sua
725 1868 996 1921 animalia
1036 1870 1122 1922 vel
1167 1886 1333 1923 canes
1369 1869 1614 1923 liberent
1640 1886 1672 1922 a
1704 1875 1862 1939 peste

159 1961 215 2009 et
274 1973 308 2010 a
358 1957 537 2022 clade,
588 1963 645 2010 et
702 1957 934 2010 alterius
986 1957 1274 2027 perdant?
1339 1957 1395 2012 Si
1441 1958 1642 2023 fecisti,
1718 1958 1861 2010 duos

160 2059 343 2096 annos
373 2060 475 2115 per
504 2044 787 2113 legitimas
813 2044 983 2109 ferias
1012 2045 1307 2114 paenitens.

232 2132 567 2198 lnterfuisti,
616 2138 714 2187 aut
763 2134 1100 2185 consensisti
1157 2133 1501 2187 vanitatibus
1542 2150 1683 2203 quas
1741 2149 1860 2186 mu-

159 2220 329 2275 lieres
363 2225 625 2275 exercent
671 2222 730 2274 in
761 2221 876 2273 suis
935 2220 1214 2288 laniﬁciis,
1268 2222 1329 2274 in
1375 2221 1491 2273 suis
1540 2220 1689 2289 telis,
1735 2237 1860 2290 quae

159 2323 290 2361 cum
346 2308 650 2362 ordiuntur
697 2309 838 2361 telas
918 2326 1065 2373 suas,
1128 2314 1359 2377 sperant
1435 2325 1493 2361 se
1550 2314 1860 2378 utrumque

157 2412 327 2466 posse
355 2396 559 2462 facere,
620 2412 749 2450 cum
784 2396 1267 2450 incantationibus
1298 2403 1355 2450 et
1384 2412 1513 2449 cum
1589 2411 1862 2467 aggressu

158 2485 412 2551 illarum,
444 2490 505 2538 ut
534 2490 591 2539 et
612 2485 707 2538 fila
734 2485 1012 2549 staminis,
1040 2490 1095 2539 et
1121 2485 1496 2556 subtegminis
1516 2486 1572 2538 in
1616 2485 1860 2538 invicem

158 2574 239 2627 ita
268 2573 747 2627 commisceantur
784 2574 908 2643 [ut],
943 2574 1051 2626 nisi
1091 2574 1180 2627 his
1228 2575 1434 2628 iterum
1471 2574 1597 2627 aliis
1653 2573 1862 2627 diaboli

160 2661 643 2715 incantationibus
690 2669 922 2715 econtra
965 2662 1321 2728 subveniant,
1384 2667 1567 2716 totum
1625 2662 1863 2731 pereat?

160 2749 218 2803 Si
250 2749 580 2815 interfuisti,
610 2756 708 2804 aut
757 2750 1108 2816 consensisti,
1147 2750 1382 2820 triginta
1413 2750 1533 2804 dies
1588 2749 1862 2820 poeniteas

162 2837 223 2891 in
253 2854 403 2909 pane
436 2843 492 2893 et
521 2855 688 2909 aqua.

231 2944 521 3013 Collegisti
550 2945 752 2998 herbas
800 2944 1187 3011 medicinales,
1230 2961 1359 2998 cum
1414 2944 1543 2998 aliis
1596 2946 1860 2998 incanta-

158 3032 414 3086 tionibus
444 3048 573 3086 cum
614 3033 870 3103 symbolo
913 3038 971 3086 et
1024 3032 1317 3086 Dominica
1349 3034 1627 3099 oratione,
1675 3032 1727 3087 id
1778 3038 1860 3087 est

2046 3021 2269 3076 Solvisti
2318 3020 2605 3091 jejunium
2679 3020 2737 3073 in
2805 3020 3271 3090 Quadragesima,

161 3136 293 3175 cum
348 3121 531 3177 Credo
579 3122 639 3174 in
677 3123 855 3175 Deum
910 3126 966 3175 et
1006 3122 1172 3175 Pater
1221 3127 1412 3175 noster
1454 3122 1751 3175 cantando.
1801 3120 1860 3176 Si

161 3210 327 3262 aliter
356 3208 554 3274 fecisti,
590 3210 783 3263 decem
826 3210 945 3263 dies
991 3209 1053 3262 in
1082 3225 1231 3278 pane
1278 3214 1335 3262 et
1364 3226 1513 3279 aqua
1556 3210 1856 3279 paeniteas.

227 3315 445 3369 Venisti
487 3317 555 3369 ad
610 3316 861 3386 aliquem
916 3316 1104 3368 locum
1162 3315 1232 3368 ad
1292 3315 1574 3369 orandum
1629 3314 1739 3368 nisi
1790 3315 1859 3368 ad

158 3404 452 3458 ecclesiam
504 3407 586 3457 vel
646 3406 716 3458 ad
770 3404 947 3458 alium
1006 3405 1196 3457 locum
1272 3404 1603 3473 religiosum
1662 3419 1857 3473 quam.

156 3493 458 3563 episcopus
496 3499 628 3546 tuus
676 3494 759 3546 vel
793 3498 924 3546 tuus
964 3494 1225 3546 sacerdos
1262 3492 1367 3545 tibi
1420 3492 1763 3560 ostenderet,
1806 3492 1861 3545 id

158 3588 238 3635 est
270 3583 359 3635 vel
384 3582 451 3635 ad
483 3582 688 3650 fontes,
743 3582 830 3634 vel
875 3582 944 3635 ad
984 3581 1221 3651 lapides,
1254 3582 1338 3633 vel
1386 3580 1457 3633 ad
1498 3581 1746 3647 arbores,
1774 3581 1862 3633 vel

158 3668 226 3722 ad
256 3668 425 3733 bivia,
470 3674 527 3722 et
552 3668 632 3722 ibi
663 3672 758 3721 aut
803 3669 1098 3722 candelam
1135 3672 1233 3721 aut
1259 3668 1501 3721 faculam
1545 3684 1646 3736 pro
1687 3683 1861 3720 vene-

158 3757 379 3811 ratione
408 3757 517 3811 loci
550 3756 873 3824 incendisti,
921 3762 1019 3810 aut
1047 3774 1254 3827 panem
1286 3762 1383 3810 aut
1411 3757 1662 3827 aliquam
1713 3756 1865 3809 obla-

158 3847 385 3900 tionem
457 3845 591 3898 illuc
640 3844 893 3899 detulisti
959 3851 1057 3898 aut
1102 3845 1183 3898 ibi
1229 3844 1547 3911 comedisti,
1609 3849 1708 3897 aut
1755 3844 1865 3896 ali—

161 3950 338 4006 quam
377 3934 617 3987 salutem
684 3933 939 4002 corporis
969 3936 1068 3986 aut
1119 3932 1327 3985 animm
1385 3932 1467 3985 ibi
1535 3930 1863 4001 requisisti?

161 4024 218 4079 Si
258 4024 458 4089 fecisti,
506 4028 603 4077 aut
645 4023 1001 4092 consensisti,
1051 4028 1163 4077 tres
1206 4039 1385 4076 annos
1420 4037 1525 4092 per
1581 4021 1866 4091 legitimas

162 4113 334 4167 ferias
363 4111 665 4182 poeniteas.

232 4218 545 4289 Requisisti
598 4223 781 4271 sortes
843 4216 903 4270 in
946 4217 1236 4271 codicibus
1282 4217 1370 4271 vel
1417 4217 1477 4270 in
1533 4214 1762 4281 tabulis,
1806 4218 1869 4268 ut

157 4308 354 4378 plures
385 4308 592 4373 solent,
625 4307 724 4377 qui
753 4306 814 4359 in
858 4306 1146 4359 Psalteriis
1194 4310 1250 4359 et
1276 4306 1336 4359 in
1388 4303 1723 4374 Evangeliis,
1773 4301 1861 4355 vel
1902 4301 1945 4354 D

160 4396 221 4450 in
246 4395 374 4450 aliis
425 4394 824 4465 hujuscemodi
889 4394 1057 4448 rebus
1114 4394 1307 4448 sortiri
1365 4392 1752 4464 praesumant?
1810 4390 1867 4443 Si

159 4484 367 4551 fecisti,
400 4482 595 4536 decem
616 4482 737 4536 dies
767 4482 1045 4552 pumileas
1074 4482 1132 4535 in
1160 4498 1307 4552 pane
1341 4487 1395 4535 et
1421 4498 1589 4551 aqua.

232 4588 535 4645 Credidisti
573 4604 826 4658 unquam
857 4589 941 4642 vel
971 4587 1259 4657 particeps
1300 4587 1459 4641 fuisti
1508 4586 1663 4640 illius
1701 4586 1869 4655 perii-

161 4678 295 4745 diae,
326 4682 393 4731 ut
443 4677 822 4731 incantatores
866 4680 923 4730 et
967 4676 1067 4746 qui
1098 4692 1155 4729 se
1201 4676 1399 4729 dicunt
1461 4680 1868 4746 tempestatum

160 4766 515 4823 immissores
566 4782 709 4835 esse,
739 4769 975 4836 possent
1011 4780 1116 4835 per
1157 4764 1605 4818 ineantationem
1654 4764 1863 4819 daemo-

158 4872 303 4912 num
334 4860 435 4909 aut
460 4859 828 4925 tempestates
875 4868 1234 4907 commovere
1290 4858 1389 4907 aut
1419 4859 1638 4907 mentes
1680 4853 1867 4907 homi-

161 4962 304 4999 num
362 4946 623 4998 mutare?
670 4943 726 4997 Si
774 4942 1084 5009 credidisti,
1154 4944 1251 4994 aut
1304 4940 1587 5010 particeps
1688 4941 1865 5008 fuisti,

161 5049 383 5088 annum
411 5049 593 5087 unum
629 5048 734 5103 per
760 5032 1049 5102 legitimas
1086 5029 1255 5084 ferias
1310 5029 1602 5098 pmniteas.

233 5139 540 5196 Credidisti
570 5145 671 5193 aut
700 5139 985 5210 particeps
1015 5136 1176 5193 fuisti
1224 5135 1379 5190 illius
1433 5136 1863 5203 incredulitatis,

162 5234 231 5283 ut
261 5228 454 5299 aliqua
501 5228 715 5282 femina
763 5226 836 5281 sit
888 5243 1017 5297 quae
1056 5241 1161 5297 per
1191 5224 1459 5296 quaedam
1497 5224 1777 5278 maleficia
1815 5231 1872 5279 et

164 5315 584 5371 incantationes
616 5320 837 5369 mentes
864 5315 1166 5369 hominum
1198 5325 1523 5385 permutare
1587 5311 1787 5382 possit,
1815 5313 1871 5367 id

166 5410 254 5460 est
284 5410 383 5458 aut
414 5405 481 5458 de
512 5406 643 5458 odio
684 5405 743 5458 in
777 5420 1054 5470 amorem,
1087 5408 1185 5457 aut
1214 5402 1283 5456 de
1325 5417 1520 5456 amore
1546 5399 1607 5454 in
1652 5400 1873 5455 odium-

168 5499 269 5548 aut
302 5494 457 5548 bona
506 5492 815 5548 hominum
854 5492 1329 5547 fascinationibus
1386 5490 1523 5559 suis,
1580 5492 1680 5544 aut
1718 5490 1873 5544 dam-

167 5598 307 5637 nare
350 5588 448 5636 aut
514 5583 801 5652 surripere
849 5582 1065 5653 possit?
1110 5582 1168 5635 Si
1200 5580 1511 5648 credidisti,
1563 5581 1664 5634 aut
1700 5578 1872 5650 parti-

1978 552 2178 607 niteas.

2046 640 2345 695 Credidisti
2374 646 2439 694 ut
2491 641 2683 711 aliqua
2736 641 2949 694 femina
2998 640 3070 693 sit
3127 656 3255 710 quae
3310 641 3415 694 hoc
3488 640 3677 693 facere

1973 728 2151 797 possit
2178 729 2333 799 quod
2359 728 2643 799 quaedam,
2667 746 2697 781 a
2729 728 2957 782 diabolo
2988 729 3260 798 deceptze,
3294 744 3352 781 se
3386 728 3671 783 affirmant

1976 817 2292 870 necessario
2319 822 2374 870 et
2439 833 2507 870 ex
2563 822 2849 886 praecepto
2905 817 3090 870 facere
3164 815 3391 881 debere,
3459 816 3515 868 id
3593 822 3676 870 est

1974 922 2104 959 cum
2163 906 2483 959 daemonum
2525 906 2691 958 turba
2748 905 2807 958 in
2858 905 3298 958 similitudinem
3365 904 3674 957 mulierum

1972 996 2459 1057 transformatam,
2494 1009 2664 1063 quam
2707 993 2956 1061 vulgaris
3010 992 3253 1045 stultitia
3306 991 3535 1044 boldam
3576 1008 3675 1044 vo-

1972 1086 2078 1140 cat,
2107 1081 2274 1135 certis
2306 1081 2567 1133 noctibus
2624 1080 2881 1150 equitare
2936 1081 3142 1134 debere
3183 1096 3358 1149 super
3401 1080 3678 1150 quasdam

1970 1170 2199 1231 bestias,
2260 1175 2316 1223 et
2369 1170 2426 1223 in
2490 1185 2691 1223 eorum
2747 1185 2804 1222 se
2861 1170 3146 1221 consortio
3237 1173 3677 1222 annumeratam

1972 1257 2131 1311 esse?
2180 1258 2236 1310 Si
2274 1258 2559 1327 particeps
2577 1257 2734 1310 fuisti
2774 1257 2929 1310 illius
2974 1255 3414 1318 incredulitatis,
3457 1272 3678 1311 annum

1972 1362 2151 1399 unum
2183 1362 2287 1416 per
2316 1345 2601 1415 legitimas
2632 1344 2804 1399 ferias
2825 1345 3105 1415 poenitere
3138 1346 3330 1398 debes.

2614 1434 2697 1486 De
2721 1435 3029 1500 sacrilegio.

2045 1521 2375 1576 Maledixisti
2434 1522 2585 1591 patri
2653 1522 2739 1574 vel
2788 1522 2957 1574 matri
3015 1526 3148 1587 tuae,
3230 1521 3317 1573 vel
3375 1519 3674 1590 ﬂagellasti

1972 1628 2086 1677 eos,
2116 1613 2201 1664 vel
2251 1611 2309 1663 in
2352 1610 2545 1680 aliquo
2605 1610 3023 1663 dehonestasti?
3066 1610 3123 1663 Si
3164 1609 3366 1676 fecisti,
3431 1610 3674 1679 quadra-

1973 1700 2131 1769 ginta
2170 1700 2310 1763 dies,
2342 1714 2515 1751 unam
2564 1698 2837 1763 carinam,
2884 1699 2943 1751 in
2989 1713 3136 1767 pane
3194 1702 3249 1750 et
3306 1712 3475 1767 aqua,
3544 1712 3675 1749 cum

1973 1792 2191 1857 septem
2220 1786 2593 1857 sequentibus
2634 1787 2796 1839 annis
2850 1786 3146 1856 pmniteas,
3204 1784 3341 1855 quia
3398 1785 3677 1838 Dominus

1972 1876 2153 1931 dixit:
2191 1898 2218 1925 ‹‹
2250 1877 2357 1941 Qui
2387 1876 2743 1931 maledixerit
2774 1877 2919 1947 patri
2956 1893 3081 1944 suo,
3129 1876 3213 1927 vel
3255 1875 3445 1939 matri,
3491 1880 3676 1928 morte

1971 1965 2268 2018 moriatur.
2303 1986 2329 2012 »

2040 2052 2241 2107 Tulisti
2275 2053 2487 2122 aliquid
2520 2052 2588 2107 de
2620 2052 2998 2106 ecclesiastico
3032 2052 3340 2105 thesauro?
3365 2052 3421 2105 Si
3474 2051 3673 2117 fecisti,

1968 2142 2027 2195 in
2059 2143 2449 2212 quadruplum
2504 2142 2761 2207 restitue,
2799 2146 2895 2194 aut
2926 2146 3038 2194 tres
3089 2157 3270 2194 annos
3324 2156 3429 2211 per
3483 2140 3676 2211 legiti-

1972 2245 2092 2283 mas
2131 2229 2299 2282 ferias
2341 2228 2639 2299 pceniteas.

2042 2318 2259 2372 Duxisti
2312 2322 2411 2371 aut
2456 2317 2827 2371 transmisisti
2907 2318 2993 2369 vel
3054 2315 3359 2370 vendidisti
3425 2316 3676 2386 aliquem

1969 2406 2341 2459 hominemin
2372 2406 2781 2476 captivitatem,
2836 2406 2947 2459 nisi
2980 2422 3082 2476 pro
3141 2420 3277 2475 pace
3340 2404 3673 2458 communi?

1970 2495 2029 2548 Si
2089 2495 2293 2560 fecisti,
2338 2496 2510 2547 reduc
2567 2510 2699 2547 eum
2748 2494 2793 2545 si
2848 2493 3094 2563 poteris:
3132 2493 3219 2546 sin
3272 2498 3482 2560 autem,
3526 2492 3674 2546 duos

1968 2599 2151 2635 annos
2180 2599 2281 2652 per
2312 2582 2600 2652 legitimas
2628 2581 2796 2633 ferias
2842 2581 3140 2651 pceniteas.

2038 2670 2427 2724 Concremasti
2476 2670 2712 2722 domum
2752 2671 2835 2721 vel
2869 2685 3062 2722 aream
3113 2669 3366 2737 alterius,
3403 2668 3519 2722 odii
3558 2683 3676 2721 me-

1968 2758 2285 2811 ditatione?
2309 2757 2366 2811 Si
2390 2757 2593 2824 fecisti,
2626 2757 2796 2810 redde
2826 2758 3121 2822 damnum,
3147 2762 3204 2810 et
3236 2772 3417 2810 unum
3459 2772 3678 2809 annum

1967 2862 2070 2916 per
2096 2846 2384 2916 legitimas
2424 2845 2594 2898 ferias
2626 2844 2919 2915 poeniteas.

2493 2935 2565 2987 De
2596 2937 2898 3001 contemptu
2920 2931 3143 3000 jejunii.

3371 3025 3681 3091 antequam

1968 3110 2352 3181 vespertinum
2386 3109 2772 3163 celebraretur
2805 3108 3079 3173 ofﬁcium,
3114 3108 3223 3162 nisi
3255 3114 3489 3179 propter
3523 3109 3681 3162 infir-

1969 3199 2269 3254 mitatem?
2302 3198 2359 3252 Si
2389 3198 2589 3263 fecisti,
2641 3213 2746 3267 pro
2794 3213 3139 3267 unoquoque
3168 3197 3257 3250 die
3299 3203 3415 3249 tres
3454 3198 3576 3250 dies
3615 3197 3676 3250 in

1970 3302 2116 3357 pane
2149 3290 2204 3338 et
2233 3302 2383 3354 aqua
2412 3286 2691 3354 paenitere
2737 3284 2909 3337 debes
2942 3300 2954 3336 :
3012 3284 3148 3353 quia
3191 3299 3437 3337 canones
3473 3283 3677 3353 praeci-

1970 3374 2139 3443 piunt
2178 3374 2333 3442 quod
2387 3373 2447 3425 in
2525 3372 2973 3441 Quadragesima
3056 3371 3406 3424 currendum
3482 3373 3557 3425 sit
3608 3372 3680 3425 ad

1969 3461 2224 3525 missam,
2249 3464 2304 3513 et
2319 3459 2528 3512 auditis
2548 3459 2853 3512 missarum
2874 3459 3329 3512 solemnitatibus
3376 3463 3431 3512 et
3456 3475 3681 3529 vesper-

1970 3550 2105 3604 tinis
2136 3548 2357 3614 ofﬁciis,
2401 3548 2619 3618 largitis
2648 3548 3045 3618 eleemosynis,
3078 3549 3147 3601 ad
3181 3549 3370 3602 cibum
3413 3550 3683 3603 acceden-

1971 3640 2109 3694 dum
2141 3654 2282 3692 esse.
2324 3637 2382 3691 Si
2440 3642 2629 3691 autem
2686 3637 2892 3708 aliquis
2938 3637 3272 3691 necessitate
3343 3638 3683 3692 constrictus

1972 3728 2140 3784 fuerit
2174 3730 2235 3780 ut
2263 3725 2333 3780 ad
2371 3726 2666 3779 ecclesiam
2708 3726 2898 3779 venire
2950 3741 3067 3779 non
3100 3727 3297 3795 possit,
3328 3731 3383 3779 et
3447 3726 3683 3780 missam

1974 3816 2171 3869 audire
2204 3830 2317 3867 non
2365 3814 2566 3883 possit,
2614 3813 2894 3867 aestimata
2931 3813 3254 3883 vespertina
3298 3814 3459 3883 hora,
3518 3831 3678 3869 com-

1974 3906 2127 3975 pleta
2159 3903 2437 3969 oratione,
2464 3902 2751 3972 jejunium
2808 3903 3006 3955 solvat.

2046 3992 2448 4062 Contempsisti
2480 3991 2759 4045 indictum
2801 3991 3085 4061 jejunium
3120 4008 3150 4044 a
3181 3999 3372 4045 sancta
3405 3992 3676 4058 Ecclesia,

1977 4087 2031 4135 et
2059 4081 2291 4135 noluisti
2340 4080 2478 4133 illud
2529 4081 2829 4134 observare
2867 4096 2998 4133 cum
3043 4081 3263 4133 caeteris
3303 4080 3681 4135 Christianis?

1974 4170 2058 4224 ΧΧ
2093 4168 2214 4222 dies
2243 4167 2303 4220 in
2333 4183 2480 4236 pane
2513 4172 2569 4220 et
2592 4183 2740 4237 aqua
2772 4167 3067 4237 poeniteas.

2047 4254 2275 4311 Solvisti
2301 4254 2587 4325 jejunium
2604 4254 2862 4318 Quatuor
2877 4260 3223 4323 temporum,
3253 4260 3311 4309 et
3345 4272 3460 4310 non
3497 4261 3681 4311 custo-

1977 4344 2109 4399 disti
2165 4343 2306 4397 illud
2361 4359 2492 4397 cum
2572 4344 2791 4398 caeteris
2846 4343 3218 4398 Christianis?
3286 4345 3369 4398 XL
3430 4345 3551 4399 dies
3621 4345 3681 4401 in

1974 4452 2121 4506 pane
2144 4438 2198 4490 et
2227 4450 2377 4505 aqua
2407 4433 2708 4504 poeniteas.

2043 4522 2319 4591 Jejunasti
2347 4521 2499 4575 diem
2522 4520 2883 4575 Dominicum
2912 4525 3151 4590 propter
3173 4520 3581 4575 abstinentiam
3627 4525 3684 4575 et

1974 4612 2357 4681 religionem?
2383 4610 2466 4665 XX
2504 4610 2624 4664 dies
2656 4610 2716 4663 in
2742 4625 2890 4679 pane
2921 4612 2978 4663 et
3015 4626 3163 4679 aqua
3187 4610 3487 4680 pceniteas.
3615 4672 3634 4687 .

2045 4700 2247 4755 Sinon
2303 4697 2614 4752 observasti
2658 4696 2947 4767 jejunium
3024 4698 3261 4753 Litanite
3320 4700 3572 4770 majoris,
3627 4703 3683 4753 et

1976 4790 2199 4845 dierum
2261 4786 2668 4857 Rogationum,
2700 4789 2758 4838 et
2813 4785 3141 4855 vigiliarum
3188 4792 3538 4854 sanctorum,
3598 4788 3681 4841 XX

1977 4879 2098 4933 dies
2130 4877 2189 4930 in
2221 4891 2368 4947 pane
2398 4880 2455 4929 et
2480 4889 2630 4945 aqua
2659 4873 2962 4944 poeniteas.

2049 4964 2297 5035 Coegisti
2346 4962 2569 5033 publice
2624 4961 2999 5033 poenitentem
3032 4964 3376 5017 manducare
3405 4968 3461 5018 et
3485 4963 3683 5019 bibere

1976 5054 2127 5107 ultra
2146 5053 2201 5107 id
2234 5052 2388 5123 quod
2418 5050 2526 5105 sibi
2547 5051 2893 5122 imperatum
2922 5050 3125 5118 fuerat,
3161 5051 3269 5105 nisi
3310 5052 3380 5105 ad
3432 5067 3685 5121 praesens

1977 5158 2083 5212 pro
2110 5157 2177 5194 eo
2209 5142 2629 5210 eleemosynam
2658 5138 2949 5193 dedisses?
2975 5138 3031 5193 Si
3066 5138 3265 5203 fecisti,
3305 5139 3501 5194 decem
3564 5139 3685 5193 dies

1979 5228 2039 5281 in
2068 5244 2217 5297 pane
2244 5231 2300 5281 et
2329 5244 2478 5299 aqua
2510 5226 2811 5298 poeniteas.

2050 5314 2456 5385 Contempsisti
2484 5314 2738 5385 aliquem
2790 5329 2916 5367 cum
2964 5318 3026 5367 tu
3052 5313 3365 5383 jejunares,
3417 5312 3691 5383 quijeju-

1980 5418 2117 5456 nare
2148 5419 2263 5456 non
2285 5409 2511 5473 poterat
2547 5410 2604 5457 et
2634 5404 3051 5458 manducabat?
3082 5403 3139 5457 Si
3165 5402 3369 5471 fecisti,
3427 5402 3684 5474 quinque

1982 5491 2103 5545 dies
2135 5491 2195 5544 in
2230 5507 2379 5561 pane
2412 5496 2461 5545 et
2497 5508 2646 5563 aqua
2671 5492 2967 5562 pceniteas.

2053 5578 2277 5633 Solvisti
2299 5579 2587 5649 jejunium
2621 5578 2683 5633 in
2731 5580 2903 5636 Cmna
2953 5578 3201 5645 Domini,
3238 5584 3293 5634 et
3324 5579 3383 5634 in
3436 5579 3683 5635 Sabbato
