3944 6306
279 315 380 366 963

1363 305 1772 362 BUBCHARIM
1812 303 2357 379 WORMACIENSIS‘,
2384 300 2718 358 EPISCOPI.

3688 303 3792 356 964

280 438 494 500 sancto,
553 438 617 486 ut
649 433 709 484 in
753 432 866 485 illis
914 429 1137 484 duobus
1207 428 1409 483 diebus
1463 428 1819 499 frequentius
1878 443 1970 481 co-
2001 428 2049 480 Α
2087 426 2320 498 spiritus
2378 426 2485 479 hoc
2531 425 2766 496 patitur,
2825 424 3076 480 inﬁdelis
3123 440 3289 479 mens
3342 425 3465 480 haec
3538 441 3660 480 non
3736 426 3793 479 in

278 525 540 578 mederes
591 536 766 593 quam
821 521 882 573 in
931 517 1167 589 reliquis
1237 518 1701 587 Quadragesimae
1751 517 1973 582 diebus,

279 618 515 683 excepto
548 611 605 665 in
638 626 815 677 ccena,
868 609 957 662 vel
1010 606 1359 661 infirmitatis
1416 606 1625 660 causa?
1660 606 1716 661 Si
1773 605 1972 673 fecisti,

279 702 478 755 decem
519 700 639 754 dies
670 698 727 751 in
752 713 901 768 pane
922 701 977 749 et
1002 712 1150 766 aqua
1181 695 1476 765 poeniteas.

814 786 894 839 De
920 785 1051 851 gula
1080 788 1130 837 et
1161 784 1437 836 ebrietate.

352 872 607 928 Habuisti
655 872 710 925 in
734 869 1141 924 consuetudine
1175 873 1236 921 ut
1265 870 1392 938 plus
1443 868 1771 921 comederes
1792 870 1847 920 et
1896 868 1976 920 bi-

279 964 442 1017 beres
488 977 659 1032 quam
707 959 808 1013 tibi
868 974 1094 1011 necesse
1151 959 1340 1011 esset?
1410 956 1467 1010 Si
1504 957 1705 1024 fecisti,
1779 957 1977 1010 decem

281 1051 402 1105 dies
446 1050 507 1103 in
552 1064 698 1119 pane
739 1052 793 1100 et
825 1062 975 1117 aqua
1005 1046 1304 1116 poeniteas,
1347 1044 1483 1115 quia
1513 1044 1787 1097 Dominus
1840 1044 1979 1098 dicit

277 1140 337 1193 in
371 1137 670 1208 Evangelio
705 1153 716 1191 :
751 1158 773 1185 ι
809 1135 1081 1189 Videtene
1124 1139 1434 1204 graventur
1489 1133 1660 1187 corda
1693 1138 1878 1187 vestra
1917 1133 1979 1186 in

279 1228 509 1297 crapula
536 1230 592 1279 et
620 1224 910 1279 ebrietate.
939 1242 967 1273 »

350 1314 545 1369 Bibisti
584 1329 839 1384 unquam
870 1316 1115 1377 tantum,
1153 1315 1213 1364 ut
1251 1327 1355 1380 per
1396 1309 1732 1365 ebrietatem
1789 1309 1979 1363 vomi-

277 1410 402 1459 tum
430 1401 686 1457 faceres?
720 1402 778 1457 Si
807 1400 1011 1468 fecisti,
1065 1399 1395 1470 quindecim
1424 1399 1545 1454 dies
1589 1400 1862 1470 poeniteas
1918 1399 1979 1452 in

276 1508 425 1563 pane
453 1496 508 1545 et
538 1506 704 1561 aqua.

349 1578 648 1633 Inebriasti
686 1583 739 1632 te
790 1593 1041 1647 unquam
1100 1594 1202 1647 per
1227 1577 1585 1647 jactantiam,
1614 1577 1694 1630 ita
1746 1576 1871 1629 dico
1913 1579 1979 1628 ut

278 1667 604 1738 gloriareris
631 1666 689 1719 in
722 1666 829 1719 hoc
874 1665 1026 1736 quod
1055 1666 1195 1718 alios
1226 1665 1286 1717 in
1318 1670 1459 1735 potu
1486 1665 1712 1719 vincere
1762 1681 1976 1734 posses,

279 1754 341 1810 et'
357 1757 455 1818 sic,
488 1772 591 1825 per
643 1760 801 1808 tuam
845 1754 1151 1807 vanitatem
1184 1758 1237 1807 et
1266 1769 1369 1822 per
1422 1758 1581 1807 tuam
1631 1753 1981 1807 exhortatio-

277 1862 431 1914 nem,
466 1850 518 1897 te
549 1848 606 1897 et
634 1844 776 1896 alios
804 1843 874 1896 ad
907 1842 1240 1895 ebrietatem
1271 1840 1634 1911 perduxisti?
1664 1841 1720 1896 Si
1779 1842 1981 1908 fecisti,

278 1936 515 2005 triginta
541 1933 661 1987 dies
692 1931 967 2002 pceniteas
998 1930 1059 1983 in
1084 1946 1231 2000 pane
1261 1934 1315 1983 et
1333 1945 1502 2000 aqua.
1942 2000 1947 2003 _

351 2022 550 2077 Fecisti
612 2021 884 2074 vomitum
963 2019 1220 2088 corporis
1280 2024 1336 2072 et
1391 2018 1687 2088 sanguinis
1755 2017 1981 2071 Domini

275 2115 514 2181 propter
563 2107 939 2163 ebrietatem?
982 2107 1038 2161 Si
1071 2107 1267 2170 fecisti,
1327 2106 1709 2177 quadraginta
1763 2107 1885 2160 dies
1921 2106 1981 2159 in

276 2214 426 2268 pane
456 2202 511 2251 et
539 2213 689 2267 aqua
718 2196 1013 2266 poeniteas.

350 2287 407 2341 Si
466 2302 568 2356 per
623 2284 939 2354 nequitiam
1012 2283 1189 2337 alium
1251 2282 1566 2347 inebriasti,
1598 2284 1681 2337 XX
1738 2283 1859 2337 dies
1922 2283 1983 2338 in

278 2390 428 2445 pane
450 2379 504 2427 et
533 2389 681 2443 aqua
713 2372 1005 2442 poeniteas.
1038 2371 1091 2425 Si
1133 2387 1237 2441 per
1270 2370 1481 2424 bonam
1542 2372 1913 2439 voluntatem,
1940 2374 1981 2427 Χ

280 2464 402 2517 dies
432 2462 491 2515 in
522 2478 667 2533 pane
698 2466 754 2515 et
779 2476 930 2531 aqua
968 2461 1266 2530 poeniteas.

862 2551 934 2602 De
958 2550 1388 2615 irreligiositate.

354 2638 659 2710 Neglexisti
692 2641 753 2691 ut
798 2653 916 2691 non
968 2638 1252 2707 acciperes
1282 2653 1488 2707 corpus
1519 2641 1574 2689 et
1639 2637 1979 2705 sanguinem

282 2728 530 2795 Domini,
564 2727 685 2781 istis
743 2730 992 2797 quatuor
1049 2725 1420 2795 temporibus,
1453 2724 1510 2778 id
1562 2729 1648 2778 est
1706 2725 1766 2778 in
1819 2742 1979 2779 coena

281 2817 528 2883 Domini,
562 2821 619 2869 et
670 2815 731 2868 in
776 2815 1010 2880 Pascha,
1043 2818 1099 2867 et
1126 2814 1187 2866 in
1240 2815 1584 2877 Pentecoste,
1618 2818 1675 2866 et
1703 2814 1763 2866 in
1797 2814 1980 2867 Natali

282 2904 531 2969 Domini,
562 2908 618 2957 et
646 2907 825 2957 totam
867 2901 1378 2971 Quadragesimam
1409 2918 1527 2954 non
1567 2906 1621 2954 te
1655 2902 1978 2955 sustinuisti

2087 515 2303 583 animo,
2338 514 2432 568 sed
2475 515 2533 568 in
2557 530 2797 585 corpore
2825 514 3053 568 evenire
3107 514 3398 585 opinatur.
3461 514 3600 579 Quis
3632 514 3789 569 enim

2088 618 2201 656 non
2229 604 2289 656 in
2319 602 2532 656 somnis
2552 607 2610 656 et
2642 603 2938 656 nocturnis
2962 602 3281 656 visionibus
3311 609 3467 657 extra
3538 604 3797 674 seipsum

2088 691 2365 758 educitur,
2400 696 2454 744 et
2504 691 2687 744 multa
2724 691 2879 744 videt
2924 690 3265 744 dormiendo
3315 707 3445 762 quas
3490 706 3795 761 nunquam

2087 780 2304 834 viderat
2362 778 2697 850 vigilando?
2752 778 2891 842 Quis
2928 795 3059 832 vero
3112 785 3230 833 tam
3263 781 3470 833 stultus
3526 783 3583 832 et
3623 779 3799 833 hebes

2088 868 2280 939 sitqui
2329 868 2452 922 hinc
2489 867 2700 935 omnia,
2734 883 2865 938 quae
2894 867 2953 920 in
2995 867 3115 921 solo
3168 867 3372 937 spiritu
3403 868 3569 934 fiunt,
3624 866 3797 921 etiam

2087 956 2147 1010 in
2222 972 2460 1026 corpore
2542 956 2792 1009 accidere
2871 955 3220 1009 arbitretur?
3304 957 3446 1010 Cum
3540 955 3799 1009 Ezechiel

2085 1047 2368 1117 propheta
2398 1044 2643 1098 visiones
2670 1044 2899 1098 Domini
2928 1044 2987 1097 in
3017 1044 3245 1115 spiritu,
3279 1060 3400 1098 non
3431 1044 3490 1097 in
3523 1060 3794 1114 corpore,

2085 1135 2226 1188 vidit
2284 1139 2341 1187 et
2403 1133 2641 1197 audivit,
2699 1132 2843 1187 sicut
2898 1132 3020 1202 ipse
3096 1131 3279 1186 dicit:
3332 1152 3358 1181 α
3411 1131 3639 1196 Statim,
3706 1132 3794 1184 in-

2088 1222 2231 1293 quit,
2265 1221 2347 1273 fui
2376 1220 2438 1273 in
2494 1220 2719 1290 spiritu.
2749 1240 2776 1270 ι
2834 1221 2894 1274 Et
2948 1220 3158 1273 Paulus
3188 1236 3304 1273 non
3357 1220 3531 1274 audet
3575 1235 3635 1273 se
3703 1219 3798 1273 di-

2087 1326 2214 1363 cere
2263 1315 2492 1378 raptum
2548 1308 2608 1362 in
2656 1324 2918 1379 corpore.
2976 1309 3254 1363 Omnibus
3301 1309 3495 1379 itaque
3566 1308 3798 1379 publice

2088 1398 2548 1452 annuntiandum
2611 1403 2697 1451 est
2766 1398 2919 1468 quod
2977 1397 3078 1469 qui
3132 1397 3270 1451 talia
3320 1402 3377 1451 et
3428 1397 3517 1450 his
3584 1396 3799 1451 similia

2088 1487 2290 1553 credit,
2350 1485 2521 1540 ﬁdem
2572 1486 2795 1556 perdit:
2829 1492 2885 1540 et
2916 1486 3013 1557 qui
3064 1486 3237 1540 fidem
3297 1490 3508 1539 rectam
3559 1485 3623 1539 in
3681 1486 3795 1539 Deo

2090 1593 2205 1630 non
2264 1575 2454 1643 habet,
2516 1575 2610 1629 hic
2661 1592 2778 1628 non
2830 1579 2914 1629 est
2970 1575 3111 1645 ejus,
3173 1575 3267 1629 sed
3326 1575 3481 1629 illius
3509 1574 3574 1627 in
3621 1589 3799 1645 quem

2092 1664 2289 1731 credit,
2333 1664 2389 1717 id
2429 1669 2512 1717 est
2550 1664 2781 1717 diaboli.
2826 1664 2967 1717 Nam
3022 1663 3091 1717 de
3143 1663 3384 1717 Domino
3415 1668 3610 1717 nostro
3668 1663 3802 1716 scri-

2097 1757 2259 1821 ptum
2286 1756 2410 1805 est:
2446 1772 2475 1801 ‹
2534 1751 2743 1805 Omnia
2790 1767 2891 1821 per
2939 1750 3127 1821 ipsum
3182 1751 3329 1806 facta
3384 1756 3536 1818 sunt,
3572 1756 3629 1805 et
3674 1751 3801 1804 sine

2094 1840 2218 1909 ipso
2250 1839 2461 1892 factum
2502 1845 2586 1892 est
2632 1839 2796 1892 nihil.
2836 1858 2863 1890 »
2908 1839 2964 1893 Si
3010 1839 3301 1893 credidisti
3358 1840 3458 1893 has
3488 1839 3795 1905 vanitates,

2094 1927 2233 1981 duos
2264 1943 2443 1981 annos
2474 1944 2577 1998 per
2616 1926 2904 1997 legitimas
2944 1927 3114 1981 ferias
3142 1928 3437 1998 poeniteas.

2162 2016 2482 2070 Observasti
2530 2015 2794 2070 excubias
2842 2016 3082 2085 funeris,
3145 2016 3203 2070 id
3232 2022 3315 2070 est
3361 2015 3674 2071 interfuisti
3714 2016 3799 2070 vi-

2090 2105 2239 2175 giliis
2295 2105 2636 2158 cadaverum
2716 2108 3075 2158 mortuorum
3150 2104 3249 2157 ubi
3338 2104 3799 2158 Christianorum

2090 2208 2329 2262 corpora
2359 2193 2471 2246 ritu
2511 2208 2873 2262 paganorum
2923 2192 3410 2253 custodiebantur,
3457 2197 3516 2246 et
3552 2193 3801 2246 cantasti

2090 2280 2471 2334 ibidiabolica
2520 2280 2792 2345 carmina,
2821 2284 2877 2333 et
2910 2280 3097 2333 fecisti
3147 2279 3227 2333 ibi
3275 2279 3607 2334 saltationes
3654 2294 3799 2349 quas

2089 2370 2296 2440 pagani
2325 2370 2554 2424 diabolo
2589 2369 2826 2423 docente
2878 2368 3318 2435 adinvenerunt;
3375 2373 3430 2422 et
3461 2367 3541 2422 ibi
3572 2367 3795 2433 bibisti,

2090 2464 2146 2512 et
2173 2458 2465 2512 cachinnis
2508 2474 2609 2511 ora
2663 2457 2996 2525 dissolvisti,
3030 2463 3105 2523 et,
3158 2457 3313 2511 omni
3343 2456 3555 2527 pietate
3612 2461 3671 2511 et
3713 2457 3796 2510 af-

2088 2546 2240 2600 fectu
2293 2545 2585 2601 charitatis
2614 2546 2953 2617 postposito,
3007 2545 3169 2613 quasi
3208 2546 3277 2600 de
3316 2546 3568 2599 fraterna
3612 2550 3800 2599 morte

2089 2636 2371 2689 exsultare
2419 2635 2573 2688 visus
2609 2634 2706 2689 es?
2756 2635 2813 2690 Si
2857 2635 3058 2702 fecisti,
3098 2636 3220 2689 ΧΧΧ
3268 2634 3387 2689 dies
3435 2634 3495 2687 in
3534 2650 3685 2705 pane
3742 2639 3801 2688 et

2089 2740 2237 2794 aqua
2266 2723 2565 2794 poeniteas.

2680 2815 2754 2867 De
2792 2815 3187 2882 superstitione.

2160 2900 2361 2955 Fecisti
2406 2900 2757 2972 phylacteria
2808 2902 3109 2967 diabolica,
3164 2902 3252 2954 vel
3309 2905 3624 2954 caracteres
3676 2900 3799 2955 dia-

278 3008 313 3045 a
341 2992 517 3060 coitu,
548 2997 605 3045 et
634 2996 829 3061 postea
858 2990 918 3044 in
951 2990 1074 3043 aliis
1125 2989 1409 3059 praedictis
1456 2989 1816 3058 temporibus
1876 2996 1974 3044 aut
2008 2984 2047 3038 C
2088 2987 2302 3041 bolicos
2336 3004 2479 3059 quos
2510 2988 2741 3059 quidam
2785 2989 3014 3043 diabolo
3053 2989 3329 3042 suadente
3359 2988 3544 3042 facere
3584 2988 3798 3055 solent,

280 3085 499 3150 septem
528 3080 665 3145 dies,
697 3084 796 3132 aut
817 3078 1071 3148 quinque
1096 3078 1216 3131 dies
1242 3083 1369 3131 ante
1404 3078 1789 3147 acceptionem
1830 3079 1973 3132 sacri

280 3168 534 3238 corporis
567 3166 837 3221 Domini?
867 3166 925 3220 Si
970 3166 1078 3219 ista
1112 3165 1436 3235 neglexisti,
1480 3166 1561 3218 XX
1587 3165 1707 3219 dies
1738 3166 1797 3219 in
1826 3183 1973 3237 pane

283 3261 340 3311 et
367 3273 515 3327 aqua
535 3256 708 3309 debes
738 3254 1033 3324 poenitere.

354 3342 627 3414 Sprevisti
677 3343 911 3396 missam
964 3342 1047 3394 vel
1107 3340 1446 3405 orationem,
1482 3342 1568 3394 vel
1627 3342 1974 3399 oblationem

280 3431 571 3502 conjugati
603 3429 938 3501 presbyteri,
979 3428 1058 3483 ita
1104 3428 1229 3482 dico
1286 3435 1349 3481 ut
1381 3429 1558 3482 nolles
1592 3435 1689 3483 tua
1745 3438 1974 3499 peccata

279 3521 388 3574 sibi
417 3518 698 3585 conﬁteri,
727 3520 814 3573 vel
835 3519 905 3571 ab
936 3534 1002 3571 eo
1033 3516 1288 3586 accipere
1319 3532 1524 3586 corpus
1545 3522 1600 3570 et
1636 3521 1973 3589 sanguinem

283 3608 528 3675 Domini,
561 3608 632 3662 ob
658 3608 766 3661 hoc
790 3606 924 3677 quia
951 3610 1216 3676 peccator
1246 3604 1350 3658 tibi
1378 3621 1497 3658 esse
1547 3606 1873 3663 videretur?
1915 3610 1974 3664 Si

280 3698 482 3765 fecisti,
518 3712 697 3750 unum
723 3711 940 3749 annum
969 3710 1072 3764 per
1099 3694 1386 3763 legitimas
1410 3693 1577 3747 ferias
1602 3695 1899 3765 poeniteas.

811 3785 941 3837 item
970 3782 1035 3835 de
1063 3787 1180 3835 arte
1210 3785 1439 3847 magica.

354 3872 657 3928 Credidisti
692 3876 790 3925 aut
827 3870 1109 3941 particeps
1151 3869 1307 3923 fuisti
1345 3869 1498 3923 illius
1537 3869 1971 3937 incredulitatis,

282 3962 436 4032 quod
466 3960 727 4031 quaedam
760 3960 1044 4012 sceleratae
1076 3959 1341 4011 mulieres
1359 3963 1505 4011 retro
1535 3965 1661 4027 post
1708 3961 1973 4015 Satanam

281 4066 585 4116 conversae,
620 4048 951 4103 daemonum
991 4047 1352 4101 illusionibus
1383 4052 1439 4099 et
1481 4048 1975 4117 phantasmatibus

283 4141 549 4203 seductas,
594 4137 835 4191 credunt
865 4141 920 4189 et
967 4135 1313 4206 proﬁtentur
1360 4153 1416 4190 se
1466 4136 1758 4191 nocturnis
1817 4137 1974 4191 horis

2084 3077 2172 3130 vel
2203 3076 2429 3145 herbas,
2460 3078 2545 3130 vel
2583 3078 2870 3143 succinos;
2906 3078 2991 3131 vel
3023 3077 3284 3148 quintam
3340 3077 3543 3131 feriam
3591 3077 3654 3130 in
3699 3077 3804 3132 ho-

2084 3180 2281 3219 norem
2339 3165 2487 3219 Jovis
2534 3166 2871 3221 honorasti?
2927 3166 2983 3221 Si
3040 3166 3223 3220 fecisti
3273 3166 3359 3219 vel
3432 3166 3795 3235 consensisti,

2081 3254 2459 3324 quadraginta
2483 3254 2602 3308 dies
2630 3256 2691 3308 in
2732 3271 2879 3325 pane
2910 3261 2966 3309 et
2997 3271 3143 3326 aqua
3168 3255 3468 3325 poeniteas.

2152 3342 2501 3412 Conspirasti
2535 3359 2665 3397 cum
2701 3343 2827 3396 aliis
2868 3342 3299 3397 insidiatoribus
3328 3348 3527 3397 contra
3572 3343 3797 3413 episco-

2080 3447 2219 3502 pum
2250 3436 2435 3496 tuum,
2469 3436 2567 3484 aut
2604 3432 2873 3485 adversus
2914 3438 3310 3502 cooperatores
3341 3448 3493 3497 suos,
3524 3432 3605 3485 ita
3667 3432 3796 3487 dico

2088 3518 2187 3592 [ut]
2224 3520 2311 3572 vel
2343 3521 2661 3573 doctrinam
2690 3520 2780 3573 vel
2811 3525 3097 3590 praecepta
3127 3520 3213 3574 tui
3241 3520 3497 3591 episcopi
3526 3520 3616 3574 vel
3661 3536 3792 3591 pre-

2083 3606 2298 3678 sbyteri
2357 3608 2628 3661 irrideres
2678 3609 2766 3661 vel
2804 3608 3224 3662 subsannares?
3275 3608 3331 3663 Si
3380 3607 3581 3673 fecisti,
3652 3626 3795 3680 qua-

2084 3695 2351 3765 draginta
2378 3695 2497 3749 dies
2528 3696 2586 3749 in
2620 3712 2769 3766 pane
2795 3701 2851 3750 et
2880 3713 3029 3766 aqua
3060 3695 3358 3766 pceniteas.

2154 3783 2459 3839 Comedisti
2507 3784 2726 3854 aliquid
2779 3784 2848 3838 de
2899 3784 3237 3854 idolothyto,
3298 3784 3353 3837 id
3399 3787 3482 3837 est
3510 3784 3581 3838 de
3635 3784 3796 3839 obla-

2084 3872 2333 3925 tionibus
2379 3888 2506 3942 quae
2538 3872 2597 3925 in
2629 3872 2974 3943 quibusdam
3025 3873 3164 3926 locis
3202 3872 3271 3927 ad
3317 3873 3578 3943 sepulcra
3633 3889 3800 3928 mor-

2084 3966 2316 4014 tuorum
2349 3960 2513 4028 fiunt,
2547 3961 2637 4015 vel
2691 3961 2760 4015 ad
2794 3961 2993 4025 fontes,
3044 3967 3145 4015 aut
3176 3962 3246 4016 ad
3282 3962 3549 4028 _arbores,
3587 3968 3689 4017 aut
3727 3962 3797 4016 ad

2083 4048 2324 4119 lapides,
2365 4054 2463 4102 aut
2510 4050 2578 4103 ad
2609 4049 2776 4114 bivia,
2812 4055 2910 4103 aut
2951 4050 3192 4120 portasti
3222 4050 3282 4103 in
3340 4066 3609 4120 aggerem
3648 4052 3795 4121 lapi-

2083 4138 2204 4204 des,
2264 4143 2358 4192 aut
2417 4138 2617 4209 capitis
2660 4139 2936 4209 ligaturas
2984 4139 3055 4193 ad
3100 4156 3293 4194 cruces
3347 4156 3476 4210 quin
3508 4140 3567 4193 in
3632 4139 3799 4194 biviis

278 4244 410 4282 cum
443 4227 619 4281 Diana
670 4240 1024 4296 paganorum
1056 4224 1181 4293 dea,
1214 4229 1270 4278 et
1300 4240 1429 4277 cum
1458 4225 1763 4278 innumera
1816 4228 1973 4280 mul-
2000 4268 2043 4322 Β
2082 4228 2417 4299 ponuntur?
2465 4228 2521 4283 Si
2569 4228 2769 4294 fecisti,
2823 4233 2921 4281 aut
2965 4228 3327 4282 consentiens
3374 4229 3432 4282 in
3506 4228 3799 4299 aliqubius

280 4317 524 4371 titudine
557 4315 861 4369 mulierum
918 4313 1174 4384 equitare
1205 4329 1378 4383 super
1406 4313 1681 4383 quasdam
1740 4314 1968 4381 bestias,

281 4410 337 4460 et
365 4406 543 4459 multa
571 4410 849 4457 terrarum
899 4404 1081 4472 spatia
1120 4402 1483 4471 intempestae
1533 4401 1713 4454 noctis
1745 4402 1972 4456 silentio

281 4493 648 4564 pertransire,
678 4492 915 4562 ejusque
943 4490 1298 4561 jussionibus
1330 4490 1483 4542 velut
1509 4490 1756 4543 dominae
1787 4490 1975 4544 obedi-

283 4600 364 4649 re,
388 4588 444 4636 et
489 4581 656 4636 certis
688 4581 948 4635 noctibus
979 4580 1044 4633 ad
1094 4580 1219 4647 ejus
1249 4578 1542 4633 servitium
1570 4580 1828 4633 evocari?
1868 4580 1975 4635 Sed

280 4670 499 4725 utinam
535 4672 622 4724 hae
680 4671 813 4723 solae
869 4669 928 4721 in
986 4666 1226 4738 perfidia
1257 4682 1357 4719 sua
1409 4667 1706 4735 perissent,
1760 4673 1817 4721 et
1862 4684 1977 4721 non

280 4761 490 4814 multos
537 4775 727 4813 secum
802 4759 860 4811 in
919 4755 1268 4809 infirmitatis
1327 4755 1622 4809 interitum
1666 4756 1979 4826 pertraxis-

280 4852 427 4904 sent!
470 4850 607 4902 Nam
640 4848 945 4901 innumera
993 4843 1321 4910 multitudo,
1353 4845 1458 4898 hac
1515 4845 1653 4899 falsa
1708 4845 1980 4916 opinione

280 4938 533 5008 decepta,
567 4937 687 4991 hac
736 4951 869 4988 vera
909 4950 1029 4986 esse
1069 4932 1265 4999 credit,
1320 4939 1377 4987 et
1420 4934 1703 4989 credendo
1732 4950 1765 4988 a
1829 4939 1983 4989 recta

280 5026 393 5079 ﬁde
449 5025 655 5090 deviat,
680 5028 736 5077 et
765 5024 825 5076 in
884 5038 1078 5076 errore
1127 5037 1483 5092 paganorum
1510 5023 1772 5091 volvitur,
1852 5039 1982 5078 cum

281 5114 500 5185 aliquid
536 5112 852 5167 divinitatis
905 5116 1004 5164 aut
1053 5110 1307 5164 numinis
1358 5116 1513 5165 extra
1570 5127 1751 5165 unum
1803 5112 1983 5165 Deum

282 5218 402 5256 esse
433 5202 762 5256 arbitratur.
796 5200 905 5254 Sed
937 5199 1197 5253 diabolus
1219 5198 1589 5253 transformat
1615 5215 1674 5253 se
1705 5199 1764 5252 in
1797 5198 1982 5252 diver-

279 5307 472 5347 sarum
524 5305 906 5361 personarum
960 5289 1173 5359 species
1229 5294 1400 5360 atque
1452 5288 1874 5355 similitudines,
1930 5293 1985 5343 et

278 5386 556 5451 mentem,
588 5395 760 5451 quam
794 5378 1078 5449 captivam
1108 5381 1285 5443 tenet,
1336 5378 1394 5431 in
1427 5377 1640 5431 somnis
1684 5378 1980 5447 deludens,

279 5468 448 5523 modo
482 5470 632 5535 laeta,
665 5468 835 5522 modo
865 5467 1075 5536 tristia,
1126 5466 1297 5520 modo
1346 5466 1668 5538 incognitas
1712 5482 1986 5536 personas

280 5558 602 5623 ostendens,
641 5574 746 5628 per
798 5557 961 5612 devia
991 5572 1233 5627 quaeque
1263 5556 1512 5623 deducit,
1561 5562 1617 5611 et
1666 5572 1796 5612 cum
1834 5557 1985 5612 solus

2082 4315 2261 4383 fuisti,
2295 4315 2531 4387 triginta
2556 4317 2676 4371 dies
2704 4317 2763 4370 in
2794 4333 2940 4387 pane
2970 4322 3027 4371 et
3063 4332 3214 4387 aqua
3256 4318 3558 4388 pceniteas.

2621 4407 2754 4461 Item
2778 4406 2845 4460 de
2871 4412 2989 4460 arte
3019 4408 3248 4473 magica.

2158 4491 2353 4547 Misisti
2426 4492 2607 4547 ﬁlium
2649 4498 2813 4548 tuum
2869 4495 2959 4548 vel
2990 4493 3168 4547 ﬁliam
3225 4508 3398 4564 super
3442 4496 3656 4547 tectum
3696 4498 3800 4548 aut

2085 4598 2258 4653 super
2286 4583 2575 4636 fornacem
2633 4598 2738 4653 pro
2798 4583 2991 4653 aliqua
3042 4582 3305 4648 sanitate,
3352 4582 3441 4636 vel
3489 4582 3795 4636 incendisti

2087 4688 2267 4742 grana
2292 4672 2390 4725 ubi
2414 4677 2675 4725 mortuus
2706 4673 2880 4725 homo
2929 4677 3071 4739 erat,
3124 4672 3211 4725 vel
3243 4671 3540 4742 cingulum
3577 4672 3797 4725 mortui

2087 4777 2191 4832 pro
2223 4760 2431 4814 damno
2462 4760 2701 4830 alicujus
2730 4763 2791 4814 in
2830 4762 3009 4815 nodos
3057 4760 3356 4831 colligasti,
3398 4761 3486 4814 vel
3547 4760 3805 4831 pectines

2088 4849 2298 4920 quibus
2338 4849 2691 4903 muliercqu
2747 4850 2938 4904 lanam
2994 4850 3313 4921 discerpere
3368 4850 3553 4903 solent
3627 4866 3806 4919 supra

2089 4938 2260 4993 funus
2291 4937 2660 5007 complosisti,
2722 4940 2811 4993 vel
2870 4940 3101 5009 quando
3143 4938 3488 4993 efferebatur
3539 4938 3713 4993 funus
3776 4954 3807 4991 θ

2092 5025 2283 5095 domo,
2311 5027 2635 5096 plaustrum
2685 5027 2745 5081 in
2776 5028 2889 5082 duo
2922 5027 3201 5094 dividisti,
3244 5032 3302 5082 et
3331 5027 3505 5081 funus
3537 5042 3642 5095 per
3679 5042 3803 5081 me-

2091 5115 2244 5170 diam
2292 5115 2629 5170 divisionem
2679 5117 2922 5187 planstri
2967 5121 3262 5188 asportare
3309 5116 3537 5170 fecisti?
3594 5116 3651 5170 Si
3712 5116 3805 5170 fe-

2092 5203 2238 5271 cisti,
2271 5209 2370 5259 aut
2398 5205 2764 5260 consentiens
2792 5205 2973 5271 fuisti,
3005 5206 3089 5260 ΧΧ
3120 5204 3240 5260 dies
3264 5204 3326 5259 in
3358 5220 3508 5275 pane
3554 5208 3610 5259 et
3652 5220 3806 5275 aqua

2094 5292 2390 5363 poeniteas.

2166 5380 2365 5435 Fecisti
2399 5381 2526 5435 illas
2580 5381 2857 5437 vanitates
2886 5386 2985 5437 aut
3040 5382 3375 5437 consensisti
3429 5398 3571 5454 quas
3614 5382 3799 5437 stulte

2094 5470 2364 5524 mulieres
2390 5470 2573 5526 facere
2618 5472 2823 5539 solent,
2870 5470 3062 5544 [quax]
3122 5472 3257 5527 dum
3298 5472 3537 5527 cadaver
3584 5472 3799 5527 mortui

2094 5557 2345 5612 hominis
2376 5558 2559 5614 adhuc
2580 5558 2643 5614 in
2671 5559 2841 5615 domo
2864 5560 3032 5631 jacet,
3065 5565 3303 5615 currunt
3350 5560 3419 5615 ad
3461 5576 3696 5631 aquam,
3739 5565 3797 5615 et
