3944 6306
137 324 240 374 965

976 318 1446 373 DECRETORUM
1492 319 1673 372 LIBRI
1714 319 1814 371 ΧΧ.
1861 347 1906 355 --
1969 319 2178 372 LIBER
2219 317 2520 370 DECIMUS
2558 316 2805 371 NONUS.

3550 319 3650 369 966

139 445 433 499 adducunt
470 442 637 496 tacite
679 457 774 494 vas
810 457 940 494 cum
982 458 1148 510 aqua,
1197 445 1272 507 et,
1325 458 1455 495 cum
1487 442 1828 495 sublevatur.
1865 443 1910 494 Α
1949 445 2005 493 et
2049 457 2222 494 uxore
2267 446 2364 494 tua
2385 440 2705 509 ignorante,
2735 439 2968 492 intravit
3008 456 3169 492 soror
3199 440 3393 493 uxoris
3423 445 3559 506 tuae,
3597 445 3653 494 et

144 547 356 599 corpus
396 527 628 592 mortui,
674 527 934 580 eamdem
973 542 1180 595 aquam
1200 526 1451 580 fundunt
1471 527 1670 579 subtus
1695 527 1842 579 fere-

134 625 309 684 trum,
344 622 400 670 et
429 619 536 670 hoc
566 617 888 679 observant,
933 614 1070 668 dum
1102 620 1255 666 extra
1288 615 1524 668 domum
1559 620 1822 683 asporta—

136 713 230 760 tur
260 707 458 772 funus,
503 703 610 776 [ut]
636 720 750 756 non
777 703 945 756 altius
977 719 1148 773 quam
1181 703 1250 756 ad
1271 719 1460 772 genua
1481 703 1753 766 elevetur,
1779 707 1833 755 et

142 797 251 850 hoc
307 794 526 848 faciunt
579 810 683 863 pro
741 793 987 862 quadam
1046 792 1330 844 sanitate?
1387 792 1443 846 Si
1486 792 1686 858 fecisti,
1750 797 1848 844 aut

141 881 505 949 consensisti,
538 882 578 935 X
623 881 742 934 dies
779 881 839 934 in
872 897 1020 951 pane
1061 885 1117 933 et
1158 897 1305 950 aqua
1345 880 1514 933 debes
1543 880 1843 949 poenitere-

214 970 421 1025 Fecisti
463 974 565 1023 aut
613 969 947 1022 consensisti
989 969 1142 1039 quod
1195 969 1430 1038 quidam
1479 968 1694 1022 faciunt
1742 970 1846 1022 ho-

143 1059 288 1114 mini
322 1058 531 1124 occiso,
559 1075 688 1112 cum
725 1058 1041 1128 sepelitur?
1085 1059 1230 1110 Dant
1277 1057 1329 1110 ei
1363 1057 1421 1109 in
1469 1074 1702 1110 manum
1735 1074 1850 1110 un-

145 1152 429 1217 guentum
461 1148 770 1218 quoddam,
807 1146 966 1216 quasi
1000 1146 1098 1199 illo
1131 1150 1422 1215 unguento
1449 1151 1576 1216 post
1606 1151 1848 1199 mortem

147 1239 358 1290 vulnus
391 1236 579 1288 sanari
606 1236 801 1306 possit,
837 1241 894 1288 et
926 1237 1004 1289 sic
1048 1251 1176 1288 cum
1216 1240 1509 1303 unguento
1538 1235 1840 1305 sepeliunt.

147 1325 206 1379 Si
238 1325 447 1391 fecisti,
474 1325 568 1379 XX
600 1325 719 1378 dies
746 1325 803 1378 in
825 1341 970 1394 pane
1002 1329 1057 1377 et
1088 1340 1236 1394 aqua
1266 1323 1562 1392 pmniteas.

217 1413 423 1466 Fecisti
455 1413 672 1482 aliquid
706 1414 790 1465 vel
822 1413 1013 1466 dixisti
1046 1412 1106 1465 in
1128 1429 1468 1482 quocunque
1499 1428 1668 1482 opere
1697 1412 1849 1482 quod

146 1501 433 1554 inchoasti
490 1518 594 1571 per
651 1503 980 1571 sortilegam
1030 1501 1116 1553 vel
1167 1502 1446 1570 magicam
1496 1507 1701 1570 artem,
1743 1501 1853 1553 nisi

151 1590 250 1642 Dei
284 1606 495 1643 nomen
527 1589 800 1642 invocasti
847 1589 873 1643 ?
899 1590 958 1643 Si
994 1589 1194 1655 fecisti,
1248 1591 1289 1643 X
1339 1590 1460 1642 dies
1519 1590 1576 1642 in
1624 1606 1768 1660 pane
1797 1595 1854 1642 et

149 1695 300 1748 aqua
336 1679 506 1731 debes
537 1679 831 1748 poenitere.

219 1766 425 1820 Fecisti
457 1765 670 1842 aliquid
703 1767 811 1818 tale
840 1766 1007 1836 quale
1039 1765 1251 1834 pagani
1301 1766 1558 1818 fecerunt
1581 1769 1634 1818 et
1668 1766 1851 1818 adhuc

148 1857 370 1910 faciunt
401 1855 458 1907 in
503 1855 740 1907 Kalend.
791 1854 1067 1917 Januarii,
1111 1853 1169 1905 in
1213 1855 1458 1919 cervulo,
1506 1853 1590 1906 vel
1647 1853 1706 1906 in
1760 1869 1851 1905 ve-

153 1944 331 2015 gula‘?
360 1943 417 1998 Si
447 1943 646 2010 fecisti,
713 1943 947 2012 triginta
991 1942 1110 1994 dies
1143 1941 1199 1993 in
1259 1957 1405 2010 pane
1452 1946 1507 1994 et
1543 1958 1692 2011 aqua
1738 1958 1854 2011 poe-

157 2034 362 2086 niteas.

228 2119 533 2174 Detraxisti
563 2120 649 2173 vel
683 2117 1025 2172 maledixisti
1069 2117 1235 2170 alicui
1280 2134 1448 2170 causa
1499 2118 1765 2171 invidiae?
1797 2118 1854 2170 Si

151 2209 359 2275 fecisti,
418 2214 634 2279 septem
689 2208 807 2261 dies
860 2207 916 2259 in
973 2223 1116 2276 pane
1180 2211 1236 2258 et
1294 2223 1440 2275 aqua
1493 2207 1663 2259 debes
1735 2223 1850 2276 pce-

159 2298 367 2352 nitere.

227 2386 432 2440 Fecisti
481 2385 636 2455 quod
689 2386 884 2454 plures
934 2383 1187 2437 faciunt?
1227 2384 1473 2454 Scopant
1531 2385 1715 2436 locum
1758 2384 1855 2436 ubi

154 2477 343 2530 facere
375 2476 560 2527 solent
590 2476 782 2543 ignem
814 2473 870 2526 in
903 2474 1075 2526 domo
1128 2490 1245 2535 sua,
1291 2477 1346 2525 et
1396 2473 1632 2525 mittunt
1679 2489 1856 2542 grana

160 2564 366 2618 hordei
400 2563 580 2616 adhuc
611 2564 732 2615 loco
753 2563 935 2614 calido
971 2578 983 2614 :
1013 2566 1085 2623 et,
1124 2562 1170 2613 si
1199 2560 1456 2613 salierint
1477 2577 1673 2629 grana,
1707 2562 1856 2630 peri-

161 2655 427 2707 culosum
484 2653 619 2717 erit;
673 2652 718 2704 si
769 2657 956 2704 autem
1014 2650 1091 2703 ibi
1135 2651 1576 2719 permanserint,
1639 2651 1856 2704 bonum

159 2745 290 2798 erit.
327 2743 385 2796 Si
417 2741 617 2807 fecisti,
678 2743 872 2794 decem
927 2741 1046 2793 dies
1095 2740 1154 2792 in
1207 2756 1355 2809 pane
1407 2742 1462 2792 et
1503 2756 1650 2809 aqua
1681 2740 1859 2810 poeni-

164 2833 306 2882 teas.

234 2914 436 2969 Fecisti
468 2914 620 2984 quod
653 2913 887 2983 quidam
919 2911 1150 2979 faciunt,
1175 2912 1310 2965 dum
1345 2911 1578 2964 visitant
1608 2912 1861 2982 aliquem

1952 534 2014 582 tu
2064 529 2278 599 putasti
2350 544 2475 582 eam
2540 544 2774 580 uxorem
2808 533 2965 580 tuam
3009 544 3149 592 esse,
3199 532 3253 581 et
3301 529 3653 582 concubuisti

1954 635 2084 671 cum
2133 634 2218 684 ea,
2278 617 2325 670 si
2384 617 2586 683 fecisti,
2649 617 2986 686 pmnitentia
3042 621 3288 686 peracta,
3329 617 3651 686 legitimum

1951 710 2115 758 tuum
2145 704 2480 774 conjugium
2505 704 2714 756 habere
2739 704 2974 772 poteris.
3002 705 3096 756 llla
3141 709 3334 758 autem
3376 706 3651 772 adultera,

1953 794 2125 862 digna
2156 793 2404 846 vindicta
2437 791 2604 845 debet
2631 791 2834 862 afﬂigi,
2869 797 2924 844 et
2969 792 3027 844 in
3069 797 3351 845 aeternum
3386 794 3652 863 conjugio

1958 881 2186 952 privari,

2508 969 2636 1020 Item
2659 967 2722 1019 de
2741 969 3120 1032 fornicatione.

2030 1056 2229 1109 Fecisti
2280 1054 2711 1108 fornicationem
2760 1072 2885 1108 cum
2948 1056 3171 1108 duabus
3220 1056 3532 1122 sororibus,
3594 1064 3650 1111 et

1958 1161 2120 1199 soror
2150 1159 2400 1197 sororem
2434 1160 2464 1196 a
2497 1149 2550 1196 te
2581 1147 2894 1212 stupratam
2925 1160 3037 1196 non
3063 1145 3441 1213 intellexerat,
3494 1151 3549 1200 et
3591 1151 3653 1200 tu

1957 1232 2353 1303 posteriorem,
2402 1247 2659 1284 sororem
2708 1232 2912 1301 prioris
2970 1249 3090 1286 esse.
3123 1233 3442 1302 ignorasti?
3476 1235 3533 1288 Si
3579 1235 3654 1287 fe-

1959 1322 2104 1387 cisti,
2141 1326 2358 1390 septem
2391 1337 2569 1374 annos
2599 1336 2701 1391 per
2744 1320 3028 1390 legitimas
3057 1321 3224 1374 ferias
3264 1322 3436 1376 debes
3466 1324 3651 1393 poeni-

1959 1416 2100 1473 tere,
2155 1415 2209 1462 et
2233 1414 2359 1479 post
2390 1414 2552 1478 potes
2583 1409 2669 1462 uti
2708 1409 2966 1478 legitimo
3015 1410 3304 1479 conjugio.
3343 1412 3404 1464 Et
3434 1411 3548 1464 illa:
3575 1428 3658 1464 so-

1961 1515 2136 1565 rores,
2172 1497 2217 1550 si
2257 1499 2426 1567 digne
2476 1497 2870 1567 pmnituerint,
2918 1503 2974 1550 et
3013 1498 3060 1550 si
3093 1515 3152 1551 se
3197 1499 3490 1553 continere
3539 1516 3656 1553 non

1961 1585 2266 1649 valuerint,
2293 1587 2514 1638 nubant
2540 1586 2597 1637 in
2653 1585 2912 1638 Domino.
2947 1585 3002 1639 Si
3031 1592 3222 1638 autem
3267 1603 3383 1639 non
3425 1588 3655 1657 ignora-

1962 1678 2184 1739 verunt,
2221 1690 2399 1743 usque
2430 1673 2499 1727 ad
2526 1678 2767 1726 mortem
2791 1673 3124 1743 poeniteant,
3155 1679 3212 1727 et
3241 1691 3298 1727 se
3326 1691 3358 1727 a
3388 1676 3656 1746 conjugio

1964 1763 2300 1816 abstineant.

2037 1851 2235 1904 Fecisti
2327 1850 2764 1904 fornicationem
2837 1867 2965 1904 cum
3035 1851 3228 1921 aliqua
3302 1852 3533 1920 femina,
3604 1858 3659 1906 et

1963 1941 2137 1992 frater
2190 1945 2322 1992 tuus
2367 1944 2422 1992 te
2476 1939 2686 1992 sciente
2741 1940 3000 1993 eamdem
3059 1941 3220 1994 duxit
3261 1943 3540 1997 uxorem?
3602 1943 3657 1997 Si

1963 2027 2161 2092 fecisti,
2214 2043 2281 2080 eo
2334 2028 2488 2097 quod
2556 2028 2792 2080 fratrem
2838 2034 3000 2082 tuum
3040 2029 3254 2081 crimen
3305 2031 3517 2097 celasti,
3570 2049 3657 2084 se-

1965 2121 2122 2185 ptem
2175 2132 2355 2168 annos
2396 2131 2498 2184 per
2536 2115 2822 2185 legitimas
2881 2116 3048 2169 ferias
3099 2118 3394 2186 pmniteas,
3428 2125 3484 2172 et
3531 2125 3654 2189 post

1963 2205 2383 2274 paenitentiam,
2436 2209 2498 2258 tu
2541 2209 2596 2258 et
2635 2205 2810 2258 frater
2857 2221 3059 2258 uxores
3112 2206 3368 2276 accipere
3417 2210 3652 2276 potestis

1965 2299 2184 2346 tantum
2218 2293 2275 2345 in
2309 2293 2568 2346 Domino.
2605 2294 2803 2346 Mulier
2835 2299 3026 2346 autem
3056 2310 3238 2363 usque
3287 2295 3358 2347 ad
3403 2301 3656 2349 mortem

1965 2383 2258 2451 poeniteat,
2286 2387 2342 2434 et
2371 2382 2491 2434 sine
2525 2397 2623 2450 spe
2654 2382 2906 2451 conjugii
2939 2386 3290 2450 permaneat.

2039 2470 2236 2522 Fecisti
2268 2470 2703 2523 fornicationem
2733 2486 2862 2523 cum
2898 2469 3134 2522 iiliastra
3183 2472 3318 2524 tua?
3351 2471 3407 2525 Si
3451 2471 3657 2539 fecisti,

1967 2573 2071 2611 nec
2119 2563 2358 2610 matrem
2410 2574 2512 2610 nec
2559 2558 2735 2610 tiliam
2779 2558 2987 2628 poteris
3038 2559 3270 2626 habere,
3323 2575 3426 2612 nec
3455 2565 3516 2613 tu
3546 2577 3658 2630 po-

1967 2647 2103 2699 teris
2132 2662 2366 2698 uxorem
2408 2645 2685 2715 accipere,
2736 2663 2841 2698 nec
2880 2647 2976 2698 illa
3006 2647 3297 2713 maritum,
3351 2648 3447 2701 sed
3481 2666 3659 2720 usque

1967 2735 2038 2789 ad
2091 2741 2336 2788 mortem
2375 2735 2657 2803 pcenitere
2717 2735 2954 2787 debetis.
3014 2736 3159 2788 Uxor
3206 2741 3396 2789 autem
3442 2743 3558 2804 tua,
3613 2738 3660 2791 si

1967 2827 2270 2892 postquam
2312 2823 2577 2891 cognovit
2617 2823 2772 2892 quod
2822 2839 2950 2876 cum
2999 2823 3117 2876 ﬁlia
3167 2840 3268 2877 sua
3314 2825 3660 2880 adulterium

1967 2916 2361 2980 perpetratum
2399 2911 2668 2978 habuisti,
2721 2917 2911 2964 tecum
2955 2927 3069 2964 non
3100 2913 3426 2981 concubuit,
3479 2915 3659 2969 nubat

160 3003 460 3057 inﬁrmum
494 3019 507 3054 :
561 3018 690 3055 cum
739 3001 1328 3070 appropinquaverint
1375 3001 1571 3054 domui
1621 3001 1717 3053 ubi
1770 3001 1856 3054 in-
1893 3004 1932 3058 C
1969 2999 2029 3053 in
2061 2999 2330 3065 Domino,
2361 2999 2406 3052 si
2439 2999 2699 3053 voluerit.

161 3092 366 3145 ﬁrmus
393 3090 700 3156 decumbit,
737 3091 782 3142 si
815 3089 1137 3142 invenerint
1161 3089 1411 3159 aliquem
1435 3089 1863 3158 lapidemjuxta

158 3183 464 3251 jacentem,
516 3180 817 3232 revolvunt
865 3178 1135 3248 lapidem,
1187 3183 1242 3230 et
1285 3178 1588 3246 requirunt
1632 3178 1693 3230 in
1738 3179 1859 3230 loco

164 3268 264 3321 ubi
291 3267 516 3336 jacebat
545 3265 709 3335 lapis,
739 3266 784 3317 si
813 3265 889 3318 ibi
922 3265 990 3317 sit
1022 3264 1236 3334 aliquid
1271 3265 1466 3317 subtus
1498 3265 1650 3334 quod
1688 3265 1859 3330 vivat,

164 3359 221 3408 et
269 3355 315 3406 si
368 3354 698 3406 invenerint
755 3353 836 3405 ibi
884 3352 1190 3418 lubricum,
1261 3357 1360 3404 aut
1425 3369 1698 3415 muscam,
1767 3357 1863 3406 aut

161 3444 486 3507 formicam,
520 3447 619 3495 aut
662 3441 879 3510 aliquid
930 3440 1082 3510 quod
1127 3456 1185 3493 se
1226 3446 1472 3505 moveat,
1528 3447 1664 3494 tunc
1702 3442 1860 3494 affir-

163 3537 329 3586 mant
387 3534 669 3600 aegrotum
725 3531 1136 3582 convalescere.
1199 3529 1256 3582 Si
1312 3535 1502 3582 autem
1583 3530 1727 3582 nihil
1782 3530 1862 3582 ibi

162 3620 490 3674 invenerint
521 3618 670 3688 quod
705 3634 762 3670 se
809 3622 1051 3681 moveat,
1095 3617 1292 3670 dicunt
1322 3633 1446 3670 esse
1495 3618 1859 3673 moriturum.

160 3709 220 3764 Si
251 3707 454 3773 fecisti,
481 3713 577 3760 aut
608 3706 916 3773 credidisti,
953 3706 1158 3775 viginti
1196 3705 1315 3758 dies
1353 3705 1413 3758 in
1444 3722 1590 3774 pane
1626 3712 1683 3759 et
1715 3724 1864 3777 aqua

160 3796 460 3868 pmniteas.

235 3883 438 3939 Fecisti
465 3883 715 3953 pueriles
742 3898 904 3935 arcus
933 3881 1221 3952 parvulos,
1256 3886 1312 3934 et
1357 3897 1669 3951 puerorum
1709 3887 1862 3935 sutu-

160 3971 328 4037 ralia,
381 3976 437 4023 et
487 3970 773 4040 projecisti
825 3971 940 4023 sive
1009 3970 1066 4022 in
1114 3970 1411 4022 cellarium
1461 3970 1581 4022 sive
1630 3971 1690 4022 in
1737 3971 1863 4024 hor-

161 4076 331 4115 reum
364 4064 545 4126 tuum,
582 4064 642 4113 ut
667 4059 841 4128 satyri
871 4059 957 4111 vel
998 4058 1167 4128 pilosi
1209 4075 1338 4111 cum
1388 4059 1469 4112 eis
1502 4059 1581 4112 ibi
1604 4060 1862 4128 jocaren-

162 4153 277 4202 tur.
327 4153 391 4200 ut
433 4147 537 4200 tibi
591 4147 835 4200 aliorum
903 4147 1052 4200 bona
1103 4153 1547 4217 comportarent,
1607 4154 1663 4201 et
1728 4149 1861 4202 inde

164 4237 341 4292 ditior
371 4235 576 4290 ﬁeres?
626 4235 686 4290 Si
739 4235 940 4302 fecisti,
971 4236 1013 4289 X
1046 4236 1164 4289 dies
1211 4237 1271 4289 in
1301 4253 1447 4306 pane
1474 4241 1528 4289 et
1559 4253 1708 4307 aqua
1738 4253 1860 4307 pce-

162 4326 368 4380 niieas.

237 4412 442 4468 Fecisti
476 4412 630 4483 quod
662 4411 894 4482 quidam
925 4411 1142 4465 faciunt
1191 4412 1250 4466 in
1291 4412 1553 4467 Kalendis
1584 4412 1858 4478 Januarii,

163 4501 224 4554 id
285 4506 374 4554 est
417 4501 476 4554 in
534 4506 726 4554 octava
791 4500 1006 4554 Natalis
1066 4501 1330 4556 Domini?
1389 4501 1496 4565 Qui
1552 4518 1618 4555 ea
1670 4507 1863 4555 sancta

160 4594 332 4644 nocte
363 4589 545 4656 ﬁlant,
589 4593 744 4654 nent,
795 4594 1100 4655 consuunt,
1153 4606 1351 4642 omnes
1392 4607 1533 4659 opus
1565 4592 1860 4662 quodcun-

162 4696 274 4750 que
306 4678 556 4749 incipere
589 4684 845 4748 possunt.
872 4679 1098 4732 diabolo
1127 4678 1458 4748 instigante,
1487 4686 1721 4750 propter
1753 4697 1826 4734 no
1847 4711 1864 4720 -

165 4783 301 4821 vum
332 4784 545 4820 annum
611 4767 929 4838 incipiunt?
972 4767 1029 4821 Si
1058 4767 1259 4835 fecisti,
1316 4769 1696 4839 quadraginta
1745 4770 1864 4824 dies

164 4857 226 4910 in
255 4873 402 4927 pane
431 4862 486 4909 et
517 4873 661 4927 aqua
696 4856 996 4926 pceniteas.

736 4948 865 4999 Item
893 4945 958 4998 de
987 4944 1275 4999 adulterio.

240 5033 612 5090 Concubuisti
668 5050 796 5087 cum
847 5051 1041 5087 sorore
1101 5035 1295 5086 uxoris
1343 5033 1498 5087 tute?
1549 5035 1604 5088 Si
1658 5035 1861 5104 fecisti,

166 5128 434 5178 neutram
466 5123 694 5177 habeas.
755 5125 819 5176 Et
857 5123 902 5175 si
933 5123 1032 5175 illa
1079 5138 1207 5192 quae
1233 5138 1377 5176 uxor
1403 5126 1499 5174 tua
1548 5123 1678 5190 fuit,
1726 5141 1865 5177 con-

167 5212 284 5266 scia
317 5211 541 5264 sceleris
572 5227 690 5264 non
720 5210 848 5278 fuit,
884 5209 930 5263 si
960 5228 1016 5263 se
1044 5211 1337 5264 continere
1370 5226 1486 5263 non
1519 5212 1657 5277 vult,
1689 5212 1865 5265 nubat

167 5301 227 5352 in
259 5299 500 5352 Domino
526 5299 615 5353 cui
664 5299 817 5352 velit.
869 5300 950 5352 Tu
984 5305 1176 5352 autem
1230 5304 1286 5352 et
1315 5298 1571 5352 adultera
1603 5301 1725 5352 sine
1766 5317 1863 5370 spe

167 5388 423 5457 conjugii
489 5388 895 5458 permaneatis,
985 5393 1058 5456 et,
1111 5387 1367 5459 quandiu
1423 5387 1644 5455 vivatis,
1699 5388 1864 5458 juxta

170 5481 458 5547 praecepta
488 5477 818 5544 sacerdotis,
849 5477 1245 5548 paenitentiam
1279 5477 1444 5547 agite.

243 5565 301 5618 Si
331 5564 563 5620 absente
592 5582 766 5621 uxore
797 5571 895 5621 tua
934 5567 994 5619 in
1022 5567 1232 5621 lectum
1273 5571 1458 5629 tuum,
1493 5570 1549 5621 te
1576 5566 1862 5622 nesciente

2045 3088 2249 3142 Fecisti
2279 3088 2717 3142 fornicationem
2753 3105 2881 3142 cum
2931 3105 3172 3142 noverca
3199 3092 3337 3143 tua?
3367 3091 3423 3146 Si
3456 3091 3657 3159 fecisti,

1971 3193 2159 3247 neque
2189 3183 2249 3230 tu
2281 3193 2465 3247 neque
2513 3177 2637 3247 ipsa
2683 3178 2922 3230 ulterius
2970 3179 3039 3230 ad
3085 3180 3420 3247 conjugium
3469 3197 3664 3250 perve-

1970 3266 2095 3318 nire
2147 3266 2398 3335 potestis.
2454 3267 2620 3319 Pater
2659 3271 2854 3319 autem
2905 3271 3060 3331 tuus,
3110 3267 3156 3318 si
3193 3268 3455 3335 voluerit,
3491 3269 3662 3323 aliam

1970 3354 2225 3422 accipere
2247 3359 2452 3422 potest'

2043 3441 2244 3494 Fecisti
2291 3441 2730 3494 fornicationem
2784 3458 2913 3495 cum
2963 3458 3139 3495 uxore
3189 3442 3382 3496 fratris
3432 3443 3562 3497 tui?
3606 3443 3663 3497 Si

1971 3530 2170 3594 fecisti,
2205 3529 2482 3599 poenitere
2515 3529 2757 3594 debetis,
2801 3536 2858 3583 tu
2905 3535 2960 3583 et
2991 3531 3116 3600 ipsa
3163 3547 3344 3601 usque
3391 3532 3461 3585 ad
3506 3548 3660 3586 mor-

1972 3623 2107 3682 tem,
2136 3622 2192 3671 et
2225 3617 2348 3670 sine
2379 3634 2477 3686 spe
2504 3618 2758 3687 conjugii
2805 3635 3162 3688 permanere.
3215 3619 3408 3672 Frater
3471 3626 3663 3674 autem

1972 3711 2120 3769 tuus,
2154 3705 2201 3758 si
2230 3707 2367 3770 vult,
2401 3705 2570 3759 aliam
2591 3706 2845 3776 accipiat.

2044 3794 2245 3848 Fecisti
2298 3794 2734 3848 fornicationem
2805 3810 2935 3848 cum
2990 3811 3199 3866 sponsa
3263 3795 3368 3849 ﬁlii
3435 3798 3537 3864 tui,
3607 3803 3663 3852 et

1970 3888 2166 3953 postea
2205 3882 2357 3936 ﬁlius
2387 3889 2519 3936 tuus
2549 3883 2710 3936 duxit
2740 3900 2866 3937 eam
2926 3885 3202 3938 uxorem?
3235 3885 3291 3938 Si
3337 3886 3538 3952 fecisti,
3592 3903 3660 3941 eo

1972 3971 2126 4042 quod
2163 3972 2378 4024 crimen
2409 3971 2602 4024 celasti
2637 3971 2820 4025 ﬁlium
2861 3977 3046 4038 tuum,
3080 3990 3260 4042 usque
3295 3975 3367 4027 ad
3423 3981 3664 4029 mortem

1972 4061 2270 4130 pceniteas,
2323 4065 2381 4112 et
2438 4061 2560 4112 sine
2626 4077 2725 4128 spe
2781 4061 3035 4130 conjugii
3086 4078 3441 4129 permaneas.
3490 4065 3668 4117 Filius

1974 4156 2162 4202 autem
2194 4153 2345 4213 tuus,
2379 4165 2445 4201 eo
2498 4149 2649 4218 quod
2697 4150 2998 4219 ignorabat
3055 4156 3348 4220 peccatum
3408 4154 3668 4219 tuum,si

1974 4238 2111 4304 vult,
2146 4238 2319 4290 aliam
2346 4237 2606 4305 accipiat.
2643 4237 2744 4290 Illa
2775 4243 2987 4305 autem,
3023 4239 3359 4308 poenitentia
3410 4248 3664 4311 peracta,

1972 4326 2093 4379 sine
2126 4341 2224 4396 spe
2253 4326 2502 4396 conjugii
2533 4331 2884 4396 permaneat.

2046 4414 2247 4468 Fecisti
2301 4415 2738 4468 fornicationem
2782 4432 2913 4470 cum
2961 4422 3144 4470 matre
3194 4417 3331 4471 tua?
3375 4417 3434 4472 Si
3461 4417 3667 4488 fecisti,

1970 4505 2054 4558 XV
2084 4519 2264 4557 annos
2292 4520 2394 4572 per
2439 4503 2722 4573 legitimas
2769 4505 2938 4558 ferias
2991 4506 3311 4575 pceniteas:
3365 4523 3546 4560 unum
3591 4509 3670 4577 lex

1971 4592 2061 4645 his
2093 4592 2152 4645 in
2191 4608 2336 4661 pane
2371 4597 2425 4645 et
2456 4609 2622 4663 aqua,
2655 4599 2707 4646 et
2737 4594 2952 4664 absque
2986 4610 3085 4664 spe
3132 4595 3388 4665 conjugii
3439 4612 3666 4666 perma-

1971 4697 2126 4747 neas,
2161 4686 2215 4733 et
2246 4697 2544 4751 nunquam
2576 4683 2652 4734 sis
2693 4682 2814 4735 sine
2863 4683 3219 4752 poenitentia.
3276 4686 3447 4738 Mater
3476 4691 3668 4739 autem

1972 4774 2089 4836 tua,
2125 4769 2170 4822 si
2219 4770 2578 4823 consentiens
2619 4786 2734 4824 non
2786 4769 2912 4837 fuit,
2956 4772 3118 4842 juxta
3153 4773 3455 4828 arbitrium
3488 4791 3668 4829 sacer-

1973 4859 2119 4912 dotis
2150 4858 2424 4928 poeniteat
2459 4875 2470 4912 :
2503 4863 2557 4912 et
2585 4859 2634 4912 si
2664 4876 2722 4912 se
2749 4861 3040 4915 continere
3069 4879 3184 4916 non
3217 4864 3356 4929 vult,
3392 4864 3569 4918 nubat
3609 4864 3670 4917 in

1976 4948 2238 5001 Domino.

2044 5036 2244 5090 Fecisti
2280 5035 2716 5090 fornicationem
2764 5053 2898 5092 cum
2949 5043 3203 5092 comatre
3251 5041 3390 5093 tua?
3438 5039 3494 5094 Si
3540 5040 3672 5093 feci-

1974 5124 2064 5189 sti,
2110 5125 2362 5195 separari
2412 5125 2584 5178 debes
2628 5124 2696 5177 ab
2751 5141 2837 5192 ea,
2888 5129 2944 5179 et
2992 5127 3374 5197 quadraginta
3421 5128 3561 5194 dies,
3614 5128 3671 5182 id

1974 5216 2057 5265 est
2086 5213 2360 5281 carinam,
2393 5213 2453 5267 in
2493 5229 2642 5284 pane
2685 5219 2741 5267 et
2787 5229 2956 5284 aqua,
3006 5231 3137 5268 cum
3181 5220 3400 5285 septem
3427 5231 3674 5286 sequen-

1974 5302 2126 5354 tibus
2159 5303 2324 5355 annis
2355 5303 2649 5373 poenitere.

2046 5390 2248 5444 Fecisti
2296 5391 2729 5446 fornicationem
2787 5407 2917 5445 cum
2986 5390 3163 5445 ﬁliola
3227 5397 3326 5446 tua
3387 5392 3674 5463 spirituali

1973 5494 2147 5548 quam
2188 5480 2256 5533 de
2302 5479 2456 5534 fonte
2512 5481 2829 5552 suscepisti,
2893 5484 2989 5534 aut
3043 5483 3112 5535 ad
3167 5497 3369 5535 manus
3421 5481 3674 5552 episcopi

1971 5567 2245 5621 tenuisti?
2278 5569 2333 5623 Si
2363 5569 2565 5638 fecisti,
2595 5571 2846 5641 separari
2897 5570 3068 5625 debes
3097 5570 3166 5625 ab
3213 5586 3300 5637 ea,
3336 5575 3392 5625 et
3417 5571 3499 5624 XL
3528 5571 3670 5637 dies,
