3944 6302
269 195 290 236 ἱ

296 322 394 372 967
1366 311 1770 367 BURCHARDI
1813 307 1968 364 WOR
1981 307 2352 364 MACIENSIS
2391 305 2724 361 EPISCOPI.

3694 305 3796 356 968

294 442 446 513 quod
473 439 725 494 carinam
766 441 989 503 vocant,
1021 451 1150 490 cum
1183 438 1401 506 septem
1433 433 1797 504 sequentibus
1826 433 1990 488 annis
2015 441 2062 490 A
2100 434 2272 488 fratre
2303 442 2401 487 tuo
2429 430 2643 486 carnali
2681 429 2837 484 idem
2885 428 3070 482 scelus
3101 429 3463 500 perpetrasti,
3498 431 3584 484 XV
3616 447 3798 484 annos

293 529 592 599 poenitere.

825 617 899 668 De
923 611 1153 666 discidio
1187 612 1450 680 conjugii.

362 703 618 758 Tenuisti
669 702 852 756 ﬁlium
911 707 1093 768 tuum,
1153 701 1242 753 vel
1291 700 1488 766 ﬁliam,
1543 700 1627 752 vel
1683 699 1986 751 ﬁliastrum

293 797 483 858 tuum,
513 793 601 845 vel
654 791 950 844 ﬁliastram
990 795 1169 854 tuam,
1225 788 1294 841 ad
1342 786 1858 852 conﬁrmationem,
1900 787 1982 838 vel

291 897 323 933 a
357 880 513 933 fonte
554 877 874 947 suscepisti,
918 881 973 930 et
1011 877 1139 930 ideo
1185 876 1293 928 hoc
1342 875 1517 928 fecisti
1570 881 1635 927 ut
1686 873 1986 928 discidium

292 971 512 1022 faceres
539 969 690 1021 inter
719 974 772 1020 te
803 972 860 1019 et
889 981 1126 1018 uxorem
1155 966 1352 1018 tuam?
1383 964 1438 1017 Si
1487 963 1785 1032 episcopus
1833 962 1988 1016 aliud

293 1056 591 1110 consilium
618 1055 746 1108 inde
778 1054 961 1107 facere
1004 1053 1275 1119 noluerit,
1329 1057 1462 1104 tunc
1507 1051 1761 1121 separari
1816 1051 1990 1104 debes

293 1144 366 1196 ab
397 1158 568 1196 uxore
599 1147 716 1207 tua,
760 1146 815 1195 et
855 1141 939 1194 XL
988 1141 1129 1206 dies,
1185 1139 1340 1211 quod
1374 1141 1626 1194 carinam
1674 1144 1897 1204 vocant,
1929 1138 1990 1192 in

291 1247 439 1302 pane
471 1236 527 1285 et
557 1245 706 1301 aqua
735 1245 866 1282 cum
917 1233 1138 1298 septem
1189 1227 1559 1298 sequentibus
1605 1227 1772 1280 annis
1802 1225 1990 1296 poeni-

291 1326 414 1374 tere
444 1318 637 1385 debes,
670 1323 727 1371 et
755 1333 1055 1387 nunquam
1099 1316 1269 1370 debes
1302 1332 1423 1370 esse
1449 1316 1571 1369 sine
1628 1314 1983 1385 pcenitentia,

293 1412 348 1461 et
378 1407 498 1461 sine
527 1423 628 1476 spe
661 1405 918 1476 conjugii
969 1405 1140 1458 debes
1187 1419 1544 1474 permanere.
1598 1404 1747 1457 Uxor
1797 1408 1989 1456 autem

291 1501 411 1562 tua,
445 1495 488 1548 si
521 1511 579 1548 se
611 1495 902 1547 continere
936 1510 1052 1546 non
1083 1498 1286 1563 potest,
1323 1493 1502 1546 nubat
1529 1493 1588 1544 in
1616 1490 1877 1544 Domino.

363 1583 644 1653 Accepisti
673 1582 995 1646 mulierem,
1032 1585 1088 1634 et
1136 1581 1386 1634 habuisti
1427 1597 1552 1633 eam
1585 1579 1818 1650 aliquod
1853 1584 1989 1632 tem-

292 1689 423 1742 pus,
476 1685 753 1732 mensem,
804 1676 904 1722 aut
951 1675 1084 1736 tres,
1141 1675 1241 1722 aut
1284 1673 1578 1738 postremo
1638 1682 1876 1730 annum,
1933 1671 1989 1720 et

294 1767 432 1815 tunc
472 1760 728 1830 primum
768 1758 959 1812 dixisti
1008 1763 1063 1811 te
1111 1773 1232 1810 esse
1263 1757 1485 1827 frigida:
1517 1761 1758 1823 naturae,
1818 1756 1896 1808 ita
1924 1760 1988 1808 ut

294 1865 412 1902 non
440 1847 722 1918 potuisses
752 1846 902 1900 coire
935 1862 1066 1898 cum
1097 1862 1161 1899 ea
1196 1862 1298 1898 nec
1326 1861 1456 1898 cum
1505 1843 1614 1899 alia
1639 1844 1830 1914 aliqua
1864 1861 1876 1896 :
1933 1849 1990 1896 et

295 1936 341 1989 si
373 1936 469 1989 illa
495 1951 624 2006 quas
656 1951 795 1988 uxor
821 1940 930 2010 tua.
948 1950 1068 1986 esse
1101 1933 1318 2000 debuit,
1347 1933 1548 1986 eadem
1579 1932 1828 1986 afﬁrmat
1857 1947 1987 2002 quin

293 2029 356 2078 tu
385 2025 524 2078 dicis
558 2040 570 2077 :
605 2027 662 2076 et
700 2023 746 2075 si
798 2022 1027 2092 probari
1052 2025 1242 2091 potest
1287 2037 1391 2090 per
1438 2026 1656 2074 rectum
1683 2020 1984 2091 judicium,

293 2113 374 2166 ita
421 2128 542 2166 esse
595 2117 660 2165 ut
702 2112 909 2179 dicitis,
959 2109 1210 2180 separari
1253 2109 1510 2179 potestis,
1559 2114 1752 2164 tamen
1793 2125 1858 2162 ea
1892 2125 1986 2161 ra-

297 2201 451 2255 tione
499 2203 583 2265 ut,
617 2200 665 2252 si
712 2202 772 2252 tu
819 2203 953 2269 post
1000 2199 1172 2252 aliam
1219 2197 1521 2268 acceperis,
1573 2214 1702 2251 reus
1749 2197 1987 2267 perjurii

295 2287 645 2358 dijudiceris,
689 2293 745 2340 et
785 2287 1017 2353 iterum,
1067 2291 1196 2356 post
1242 2291 1531 2356 peractam
1570 2285 1985 2355 paenitentiam,

293 2377 489 2447 priora
511 2375 798 2428 connubia
827 2390 1102 2427 renovare
1123 2373 1360 2426 debetis.
1389 2374 1490 2426 illa
1520 2378 1708 2426 autem
1741 2373 1787 2425 si
1809 2373 1984 2442 prior,

294 2468 426 2534 post
476 2479 692 2516 annum
745 2466 844 2515 aut
885 2461 1209 2527 dimidium,
1262 2461 1334 2514 ad
1379 2461 1710 2531 episcopum
1767 2468 1867 2516 aut
1917 2462 1986 2515 ad

296 2552 420 2621 ejus
474 2550 715 2620 missum
765 2567 823 2603 se
868 2549 1328 2619 proclamaverit,
1387 2555 1444 2604 et
1489 2550 1628 2604 dicit
1673 2550 1826 2620 quod
1875 2566 1986 2603 non

296 2639 659 2709 cognovisses
698 2653 848 2705 eam,
894 2643 952 2691 et
997 2643 1170 2708 negat
1217 2639 1469 2708 aliquam
1521 2639 1987 2692 commixtionem

294 2727 448 2781 inter
476 2743 574 2780 vos
604 2743 726 2780 esse
759 2743 771 2780 :
805 2731 870 2780 tu
901 2731 1091 2780 autem
1119 2725 1370 2780 afﬁrmas
1400 2727 1556 2796 quod
1583 2743 1729 2781 uxor
1768 2734 1866 2781 tua
1897 2729 1984 2794 sit,

292 2816 399 2869 tibi
420 2816 768 2870 credendum
798 2820 901 2879 est,
933 2832 999 2868 eo
1034 2815 1189 2886 quod
1218 2818 1398 2886 :caput
1430 2816 1686 2869 mulieris
1715 2832 1776 2870 es
1806 2833 1818 2870 :
1857 2817 1990 2887 quia

296 2904 344 2956 si
373 2920 432 2956 se
479 2905 830 2973 proclamare
875 2904 1150 2971 voluerat,
1213 2919 1313 2956 cur
1357 2904 1556 2958 tandiu
1611 2905 1826 2959 tacuit?
1867 2906 1990 2960 Cito

2094 538 2199 593 per
2229 521 2514 592 legitimas
2534 518 2704 573 ferias
2729 517 3010 588 poenitere
3028 517 3218 572 debes.

2165 609 2224 664 Si
2271 625 2400 663 cum
2451 607 2701 660 masculo
2747 605 2898 659 intra
2943 621 3125 672 coxas,
3184 611 3251 660 ut
3296 607 3532 677 quidam
3586 607 3794 672 solent,

2095 698 2530 753 fornicationem
2563 694 2766 760 fecisti,
2807 693 2887 747 ita
2923 692 3068 758 dico,
3111 697 3174 746 ut
3201 697 3365 747 tuum
3405 694 3568 748 virile
3609 709 3795 748 mem-

2097 786 2266 839 brum
2314 786 2466 838 intra
2495 799 2658 838 coxas
2708 781 2940 835 alterius
2985 781 3266 849 mitteres,
3293 786 3349 835 et
3395 781 3474 835 sic
3520 782 3797 852 agitando

2097 890 2290 927 semen
2344 869 2703 926 éﬂ‘underes?
2764 870 2823 924 Si
2877 869 3078 936 fecisti,
3133 871 3216 924 XL
3264 870 3386 924 dies
3437 870 3495 924 in
3539 886 3690 940 pane
3741 875 3798 925 et

2098 979 2248 1033 aqua
2276 961 2572 1031 pceniteas.

2170 1049 2369 1104 Fecisti
2435 1045 2893 1110 fornicationem,
2951 1051 3014 1099 ut
3070 1045 3307 1117 quidam
3356 1046 3541 1100 facere
3585 1047 3793 1111 solent,

2097 1139 2178 1192 ita
2217 1139 2342 1192 dico
2374 1141 2438 1190 ut
2491 1142 2554 1190 tu
2617 1135 2678 1189 in
2728 1150 2965 1188 manum
3013 1139 3174 1188 tuam
3216 1140 3501 1188 veretrum
3558 1135 3797 1189 alterius

2098 1226 2400 1297 acciperes,
2433 1230 2490 1278 et
2519 1225 2664 1278 alter
2700 1228 2864 1277 tuum
2915 1222 2976 1276 in
3022 1239 3206 1290 suam,
3265 1228 3321 1277 et
3350 1223 3428 1277 sic
3467 1223 3798 1277 alternatim

2098 1323 2320 1370 veretra
2379 1314 2643 1368 manibus
2698 1312 2900 1367 vestris
2947 1312 3395 1378 commoveritis,
3445 1315 3507 1366 ut
3558 1312 3638 1365 sic
3694 1329 3800 1383 per

2096 1405 2254 1458 illam
2290 1403 2724 1457 delectationem
2761 1417 2959 1456 semen
2989 1417 3022 1454 a
3053 1408 3108 1454 te
3135 1400 3557 1470 projiceres?Si
3584 1401 3797 1466 fecisti,

2099 1493 2338 1562 triginta
2367 1492 2488 1546 dies
2519 1492 2577 1544 in
2602 1508 2747 1561 pane
2772 1495 2828 1544 et
2852 1507 2999 1560 aqua
3030 1490 3324 1561 poeuiteas.

2171 1580 2371 1635 Fecisti
2398 1580 2554 1633 solus
2604 1585 2792 1632 tecum
2833 1577 3290 1642 fornicationem,
3349 1581 3413 1630 ut
3441 1577 3681 1647 quidam
3711 1577 3798 1630 fa-

2099 1685 2223 1723 cere
2258 1670 2462 1734 solent,
2496 1669 2574 1722 ita
2604 1667 2730 1722 dico
2781 1672 2842 1719 ut
2879 1666 3002 1736 ipse
3057 1671 3220 1719 tuum
3264 1665 3425 1718 virile
3468 1665 3799 1719 membrum

2100 1760 2160 1813 in
2185 1773 2420 1812 manum
2458 1761 2618 1810 tuam
2645 1756 2953 1825 acciperes,
2985 1759 3041 1807 et
3070 1755 3148 1808 sic
3179 1755 3416 1808 duceres
3446 1754 3798 1824 praeputium

2099 1854 2283 1911 tuum,
2315 1851 2370 1899 et
2400 1861 2575 1899 mauu
2604 1845 2841 1914 propria
2869 1859 3261 1898 commoveres
3311 1849 3372 1896 ut
3401 1843 3479 1896 sic
3509 1859 3614 1912 per
3639 1842 3799 1896 dele-

2098 1935 2403 1989 ctationem
2433 1948 2632 1987 semen
2660 1949 2693 1985 a
2724 1937 2779 1986 te
2815 1931 3160 2002 projiceres?
3191 1931 3250 1985 Si
3283 1930 3480 1998 fecisti,
3513 1931 3552 1984 Χ
3592 1931 3715 1985 dies
3737 1931 3799 1984 in

2097 2039 2245 2094 pane
2276 2027 2331 2076 et
2359 2038 2507 2092 aqua
2537 2020 2833 2092 pceniteas.

2171 2111 2367 2165 Fecisti
2393 2109 2851 2176 fornicationem,
2893 2113 2956 2162 ut
2985 2107 3219 2178 quidam
3271 2107 3452 2160 facere
3486 2107 3695 2174 solent,
3735 2114 3800 2161 ut

2097 2205 2158 2252 tu
2190 2204 2352 2252 tuum
2379 2198 2541 2251 virile
2574 2197 2899 2250 membrum
2928 2195 2988 2248 in
3019 2195 3241 2266 lignum
3285 2194 3665 2264 perforatum,
3700 2201 3802 2249 aut

2097 2287 2159 2340 in
2189 2286 2415 2356 aliquod
2449 2284 2781 2355 hujusmodi
2815 2285 3071 2337 mitteres
3105 2288 3166 2337 ut
3194 2283 3273 2336 sic
3306 2299 3408 2354 per
3437 2283 3598 2337 illam
3636 2299 3795 2337 com-

2101 2374 2416 2428 motionem
2446 2378 2500 2426 et
2540 2372 2980 2428 delectationem
3029 2389 3062 2426 a
3099 2377 3154 2425 te
3205 2387 3398 2424 semen
3446 2371 3801 2441 projiceres?

2101 2463 2160 2517 Si
2189 2463 2390 2528 fecisti,
2421 2461 2512 2516 XX
2539 2461 2660 2515 dies
2687 2461 2748 2514 in
2779 2477 2928 2531 pane
2954 2466 3009 2515 et
3036 2477 3186 2531 aqua
3213 2460 3504 2530 pceniteas.

2173 2551 2385 2621 Dedisti
2443 2551 2700 2604 osculum
2752 2549 2923 2603 alicui
2987 2549 3217 2602 feminae
3270 2564 3373 2618 per
3424 2547 3799 2602 immundum

2099 2640 2465 2702 desiderium,
2500 2644 2558 2693 et
2581 2639 2660 2692 sic
2690 2643 2743 2692 te
2769 2637 3058 2708 polluisti?
3087 2637 3146 2691 Si
3183 2637 3382 2704 fecisti,
3426 2642 3542 2691 tres
3575 2636 3700 2690 dies
3741 2638 3801 2690 in

2099 2745 2248 2799 pane
2280 2735 2336 2781 et
2363 2744 2512 2798 aqua
2541 2728 2818 2798 poenitere
2851 2727 3044 2782 debes.
3082 2727 3141 2782 Si
3169 2727 3321 2780 intra
3362 2725 3658 2779 ecclesiam
3693 2725 3800 2779 hoc

2101 2817 2436 2886 contigerat,
2464 2817 2547 2870 XX
2577 2816 2699 2870 dies
2725 2816 2786 2869 in
2811 2832 2960 2886 pane
2983 2820 3039 2869 et
3067 2831 3216 2886 aqua
3241 2814 3540 2884 poeniteas.

2173 2905 2373 2960 Fecisti
2431 2904 2868 2958 fornicationem
2920 2907 3115 2957 contra
3169 2907 3452 2966 naturam,
3499 2901 3557 2955 id
3609 2907 3697 2955 est
3738 2907 3801 2955 ut

299 2996 354 3044 et
392 2991 451 3044 in
499 3007 670 3061 parvo
715 2996 974 3060 tempore
1022 2991 1164 3044 scire
1219 2991 1426 3044 mulier
1472 2992 1660 3061 potuit
1705 2992 1751 3046 si
1799 3009 1991 3048 secum
2025 2990 2065 3044 C
2103 3011 2228 3048 cum
2290 2993 2556 3047 masculis
2613 2993 2700 3046 vel
2759 3008 2890 3045 cum
2949 2991 3294 3044 animalibus
3345 2989 3548 3054 coires,
3603 2990 3661 3044 id
3715 2994 3802 3044 est

297 3078 448 3132 coire
479 3079 780 3148 potuisses,
826 3079 874 3131 si
901 3083 1094 3132 autem
1135 3095 1193 3132 se
1236 3079 1428 3133 statim
1467 3080 1527 3132 in
1568 3079 1690 3150 ipsa
1720 3080 1990 3149 novitate,

298 3171 432 3236 post
461 3182 717 3220 mensem
744 3170 845 3220 aut
888 3170 1245 3236 postremum
1297 3173 1425 3238 post
1455 3168 1616 3234 duos,
1665 3185 1724 3222 se
1771 3170 1839 3223 ad
1867 3171 1992 3240 epi-

297 3270 536 3325 scopum
563 3255 648 3310 vel
677 3255 745 3309 ad
779 3254 903 3324 ejus
954 3254 1193 3308 missum
1236 3255 1692 3326 proclamaverit,
1748 3257 1943 3312 dicens
1976 3276 1987 3313 :

295 3343 432 3396 Volo
459 3347 641 3397 mater
671 3359 814 3410 esse,
848 3343 978 3397 volo
1015 3343 1166 3397 ﬁlios
1228 3360 1546 3413 procreare,
1597 3351 1654 3400 et
1702 3346 1832 3400 ideo
1866 3363 1992 3400 ma-

294 3431 467 3484 ritum
521 3432 743 3502 accepi;
796 3432 896 3485 sed
955 3432 1095 3502 quia
1144 3431 1228 3483 vir
1293 3449 1464 3502 quem
1522 3433 1713 3504 accepi
1769 3434 1994 3505 frigidas

296 3525 519 3572 naturae
548 3524 654 3585 est,
687 3535 801 3572 non
856 3524 1044 3589 potest
1073 3535 1140 3573 ea
1177 3519 1360 3573 facere
1404 3525 1641 3590 propter
1689 3537 1818 3591 qua:
1858 3538 1991 3576 eum

295 3605 486 3676 accepi
521 3622 534 3660 :
567 3607 614 3660 si
641 3607 873 3677 probari
901 3611 1086 3676 potest
1114 3623 1214 3676 per
1244 3612 1462 3661 rectum
1488 3608 1792 3678 judicium,
1827 3625 1989 3678 sepa-

294 3695 409 3748 rari
441 3696 697 3764 potestis,
730 3699 785 3748 et
814 3694 913 3747 illa
942 3694 1120 3747 nubat
1143 3695 1202 3748 in
1238 3695 1498 3762 Domino,
1532 3696 1577 3749 si
1608 3697 1748 3751 vult.

441 3784 443 3786 ’
820 3783 962 3835 Item
993 3782 1058 3834 de
1086 3784 1466 3848 fornicatione.

369 3868 570 3924 Fecisti
610 3869 1048 3924 fornicationem
1095 3886 1224 3923 cum
1256 3887 1448 3925 sorore
1480 3873 1621 3927 tua?
1676 3873 1734 3928 Si
1785 3873 1986 3940 fecisti,

293 3959 335 4013 Χ
364 3973 547 4012 annos
574 3973 678 4028 per
701 3958 988 4029 legitimas
1015 3959 1205 4025 ferias,
1253 3976 1431 4014 unum
1483 3977 1549 4014 ex
1599 3961 1688 4014 his
1740 3961 1800 4014 in
1841 3979 1989 4031 pane

296 4051 354 4100 et
412 4062 561 4117 aqua
605 4047 906 4118 poeniteas,
957 4053 1013 4101 et
1059 4049 1314 4119 quandiu
1369 4049 1540 4116 vivas,
1590 4050 1987 4120 paenitentiam

295 4150 450 4204 agas,
484 4140 539 4188 et
571 4135 647 4188 sis
693 4135 816 4190 sine
872 4152 971 4206 spe
1019 4137 1289 4208 conjugii.
1338 4138 1508 4192 Soror
1555 4143 1748 4193 autem
1776 4143 1897 4209 tua,
1942 4139 1988 4193 si

2101 3099 2232 3136 cum
2257 3098 2423 3153 equa,
2466 3097 2597 3135 cum
2637 3097 2820 3148 vacca,
2880 3081 2968 3134 vel
3002 3097 3131 3134 cum
3163 3081 3342 3146 asina,
3388 3079 3476 3132 vel
3509 3094 3641 3132 cum
3684 3080 3798 3132 alio

2101 3172 2301 3242 aliquo
2335 3170 2610 3224 animali?
2634 3169 2691 3224 Si
2733 3170 2911 3222 semel
2948 3170 3030 3222 vel
3073 3169 3158 3223 bis
3203 3167 3384 3222 fecisti
3417 3183 3430 3221 :
3468 3172 3526 3221 et
3567 3167 3616 3220 si
3649 3183 3797 3221 uxo-

2099 3275 2242 3326 rem,
2285 3275 2399 3312 non
2441 3258 2711 3325 habuisti,
2762 3258 2910 3329 quod
2953 3257 3266 3328 adimplere
3301 3261 3458 3310 tuam
3489 3255 3800 3311 libidinem

2098 3348 2401 3420 potuisses,
2443 3346 2824 3416 quadraginta
2856 3347 2999 3411 dies,
3053 3347 3112 3399 in
3156 3361 3301 3416 pane
3340 3349 3398 3398 et
3426 3360 3598 3414 aqua,
3642 3345 3798 3415 quod

2099 3436 2352 3488 carinam
2383 3437 2601 3501 vocant,
2636 3449 2764 3487 cum
2795 3439 3015 3503 septem
3057 3433 3428 3504 sequentibus
3479 3432 3646 3485 annis
3674 3448 3798 3502 pce-

2098 3524 2282 3578 nitere
2338 3523 2532 3589 debes,
2585 3525 2641 3575 et
2686 3538 2983 3592 nunquam
3032 3522 3109 3575 sis
3170 3521 3291 3574 sine
3335 3520 3693 3592 paenitentia.
3746 3520 3802 3576 Si
3836 3507 3852 3523 ’

2100 3617 2292 3666 autem
2324 3627 2562 3665 uxorem
2589 3610 2862 3675 habuisti,
2898 3611 3095 3664 decem
3136 3627 3314 3664 annos
3357 3626 3462 3680 per
3507 3609 3801 3680 legitimas

2098 3701 2266 3754 ferias
2323 3700 2602 3770 paenitere
2653 3699 2844 3754 debes.
2906 3699 2964 3753 Si
3023 3703 3212 3754 autem
3263 3699 3325 3752 in
3387 3699 3801 3753 consuetudine

2099 3788 2348 3842 habuisti
2374 3788 2514 3842 illud
2553 3788 2755 3855 scelus,
2787 3789 2878 3843 XV
2926 3804 3105 3842 annos
3152 3804 3257 3858 per
3300 3787 3586 3858 legitimas
3625 3787 3801 3841 ferias

2100 3877 2376 3947 paenitere
2402 3877 2593 3930 debes.
2628 3876 2684 3931 Si
2715 3877 2775 3929 in
2805 3876 3047 3946 pueritia
3074 3875 3177 3930 tibi
3222 3877 3559 3946 contigerat,
3607 3876 3648 3930 Ο
3677 3875 3800 3930 dies

2100 3967 2161 4018 in
2185 3981 2334 4034 pane
2366 3969 2421 4017 et
2450 3980 2600 4034 aqua
2630 3963 2800 4017 debes
2829 3964 3127 4033 pcenitere.

2168 4051 2225 4106 Si
2259 4057 2452 4105 autem
2501 4067 2695 4104 servus
2736 4054 2820 4104 est
2862 4052 2962 4122 qui
2999 4053 3122 4106 haec
3147 4051 3361 4119 fecerit,
3396 4055 3452 4106 et
3495 4038 3794 4119 uioratus,

2098 4145 2156 4195 et
2184 4157 2314 4194 cum
2345 4139 2686 4194 animalibus
2715 4145 2929 4211 peccat,
2977 4141 3026 4194 si
3077 4157 3205 4196 cum
3239 4141 3424 4210 scopis
3448 4139 3594 4194 bene
3628 4141 3794 4195 casti-

292 4224 654 4277 consentiens
702 4240 820 4278 non
862 4225 985 4290 fuit,
1024 4227 1360 4294 pmnitentia
1404 4232 1650 4297 peracta,
1683 4228 1731 4281 si
1761 4244 1820 4282 se
1848 4245 1985 4283 con-
2019 4269 2064 4323 Β
2102 4234 2290 4300 gatur,
2342 4233 2457 4283 tres
2509 4245 2686 4282 annos
2729 4245 2833 4300 per
2861 4229 3146 4300 legitimas
3191 4229 3362 4284 ferias
3409 4230 3704 4300 poeniteat.
3737 4229 3798 4285 Si

293 4311 476 4366 tinere
500 4329 616 4366 non
644 4317 848 4382 potest,
876 4314 1055 4366 nubat
1075 4314 1132 4367 in
1161 4315 1418 4369 Domino.

367 4401 566 4454 Fecisti
623 4401 1055 4455 fornicationem
1111 4419 1242 4458 cum
1293 4403 1472 4457 amita
1533 4404 1622 4458 vel
1679 4409 1989 4460 matertera

297 4494 414 4554 tua,
453 4489 540 4542 vel
581 4505 710 4542 cum
739 4506 913 4544 uxore
951 4491 1140 4561 patrui
1178 4493 1263 4546 vel
1305 4492 1570 4545 avunculi
1609 4492 1734 4546 tui?
1762 4493 1818 4548 Si
1847 4494 1986 4548 feci-

295 4575 386 4643 sti,
419 4576 487 4630 de
526 4593 617 4630 em
648 4594 824 4632 annos
847 4595 950 4648 per
979 4580 1266 4650 legitimas
1297 4580 1467 4634 ferias
1497 4580 1773 4650 poenitere
1793 4582 1986 4650 debes,

296 4676 413 4714 unu
508 4679 575 4716 ex
606 4663 694 4716 his
723 4664 779 4718 in
812 4682 959 4736 pane
991 4672 1046 4720 et
1071 4683 1237 4737 aqua,
1267 4673 1323 4720 et
1353 4667 1610 4738 quandiu
1638 4669 1814 4738 vivas,
1866 4671 1988 4726 sine

291 4749 632 4820 psnitentia
672 4769 791 4807 non
837 4755 932 4822 sis,
985 4759 1041 4808 et
1087 4755 1210 4808 sine
1259 4771 1358 4825 spe
1407 4757 1604 4811 uxoria
1650 4775 1988 4829 permanere

295 4841 486 4906 t'ebes,
544 4839 651 4894 nisi
705 4842 1007 4914 episcopus
1075 4843 1325 4914 aliquam
1376 4845 1829 4903 misericordiam
1882 4849 1987 4904 tibi

294 4929 602 4983 concedere
636 4931 897 4986 voluerit.

364 5017 565 5070 Fecisti
636 5017 1076 5073 fornicationem
1133 5019 1280 5075 sicut
1339 5021 1648 5078 Sodomitas
1709 5024 1984 5092 fecerunt,

291 5104 371 5159 ita
396 5110 458 5159 ut
485 5105 544 5159 in
575 5107 815 5161 masculi
843 5113 1006 5177 terga
1035 5112 1091 5161 et
1123 5109 1182 5161 in
1211 5112 1528 5180 postoriora
1563 5112 1781 5183 virgam
1828 5117 1985 5168 tuam
2011 5135 2029 5152 ε

292 5193 653 5262 immitteres,
711 5201 766 5249 et
805 5197 887 5250 sic
927 5212 1119 5250 secum
1163 5198 1346 5252 coires
1387 5216 1544 5255 more
1599 5201 1987 5259 Sodomitico?

289 5281 348 5336 Si
377 5297 611 5336 uxorem
637 5281 909 5352 habuisti,
940 5287 996 5337 et
1027 5285 1201 5338 semel
1236 5285 1320 5340 vel
1347 5286 1432 5340 bis
1478 5287 1684 5356 fecisti,
1727 5291 1768 5344 Χ
1807 5306 1986 5344 annos

290 5385 396 5439 per
447 5371 730 5441 legitimas
768 5372 938 5426 ferias
983 5373 1262 5442 poenitere
1311 5375 1499 5444 debes,
1554 5393 1732 5432 unum
1787 5395 1852 5433 ex
1897 5379 1984 5435 his

291 5456 353 5510 in
403 5473 550 5527 pane
581 5465 639 5514 et
685 5475 854 5530 aqua.
888 5460 946 5515 Si
993 5460 1055 5514 in
1100 5465 1509 5520 consuetudine
1557 5466 1829 5538 habuisti,
1883 5469 1984 5523 XII

292 5560 474 5600 annos
503 5563 608 5618 per
651 5548 934 5620 legitimas
982 5549 1152 5606 ferias
1197 5553 1477 5623 poenitere
1525 5555 1716 5611 debes.
1766 5556 1822 5612 Si
1853 5573 1982 5613 cum

2103 4323 2293 4373 autem
2325 4333 2520 4372 servus
2565 4317 2685 4371 sine
2734 4334 2908 4372 uxore
2956 4318 3077 4372 haec
3115 4317 3332 4386 fecerit,
3366 4317 3507 4372 item
3537 4318 3794 4372 verberi-

2097 4408 2203 4462 bus
2229 4407 2554 4478 castigatus,
2593 4407 2738 4460 duos
2773 4423 2954 4461 annos
3001 4423 3106 4478 per
3142 4407 3429 4478 legitimas
3468 4406 3640 4460 ferias
3669 4423 3795 4478 pos-

2097 4495 2295 4549 niteat.
2328 4494 2388 4550 Si
2437 4499 2631 4549 autem
2677 4495 2807 4549 talis
2858 4501 2943 4550 est
2983 4511 3178 4550 servus
3222 4500 3283 4549 ut
3327 4495 3505 4564 gratis
3557 4495 3800 4550 verbera

2096 4585 2215 4656 pati
2240 4601 2358 4639 non
2394 4585 2552 4652 velit,
2587 4589 2642 4638 et
2671 4591 2755 4639 est
2805 4589 2925 4640 tam
2972 4585 3147 4656 digna
3178 4601 3448 4656 persona,
3499 4585 3577 4639 ita
3606 4586 3796 4656 paeni-

2095 4678 2212 4728 teat
2239 4679 2303 4728 ut
2333 4674 2427 4728 ille
2451 4674 2549 4746 qui
2564 4673 2854 4744 ingenuus
2873 4678 2975 4728 est.

2700 4766 2772 4818 De
2802 4762 3018 4817 illicitis
3043 4763 3196 4817 cibis.

2165 4849 2480 4905 Comedisti
2529 4851 2776 4906 scabiem
2828 4851 3187 4921 corporalem
3237 4865 3341 4921 pro
3397 4850 3588 4921 aliquo
3641 4852 3798 4905 sani-

2097 4946 2232 5006 tate,
2263 4944 2361 4994 aut
2389 4939 2584 4994 bibisti
2613 4943 2849 5012 propter
2899 4939 3242 4994 solutionem
3299 4939 3642 4994 vermiculos
3694 4941 3801 5011 qui

2095 5027 2344 5098 pediculi
2375 5031 2667 5093 vocantur,
2697 5027 2785 5082 vel
2816 5028 3009 5082 bibisti
3058 5027 3282 5082 urinam
3329 5027 3666 5093 humanam,
3719 5028 3798 5082 si-

2095 5133 2160 5170 ve
2191 5121 2438 5171 stercora
2463 5116 2654 5187 aliqua
2693 5116 2989 5170 comedisti
3019 5132 3124 5188 pro
3165 5117 3409 5170 sanitate
3446 5117 3686 5187 aliqua?
3737 5116 3798 5171 Si

2095 5203 2295 5271 fecisti,
2325 5205 2412 5259 XX
2439 5204 2560 5258 dies
2590 5204 2650 5258 in
2680 5219 2828 5276 pane
2856 5208 2911 5258 et
2941 5220 3091 5274 aqua
3119 5204 3416 5274 pmniteas.

2165 5293 2474 5349 Comedisti
2527 5293 2851 5360 morticina,
2897 5292 2956 5347 id
3004 5298 3091 5347 est
3131 5292 3404 5346 animalia
3447 5307 3578 5362 qua
3623 5309 3656 5346 a
3706 5292 3796 5345 lu-

2094 5381 2182 5455 pis
2213 5399 2310 5436 seu
2341 5397 2373 5435 a
2415 5382 2652 5436 canibus
2699 5383 3175 5450 dilacerabantur,
3233 5385 3291 5436 et
3315 5381 3394 5434 sic
3437 5385 3663 5435 mortua
3705 5380 3794 5436 in-

2093 5475 2262 5525 venta
2288 5472 2461 5528 sunt?
2489 5470 2547 5526 Si
2572 5470 2776 5540 fecisti,
2821 5471 2867 5526 X
2903 5471 3022 5525 dies
3071 5470 3133 5525 in
3174 5485 3326 5541 pane
3373 5473 3430 5523 et
3482 5485 3635 5541 aqua
3679 5485 3794 5541 pm-

2096 5562 2274 5615 nitere
2305 5560 2498 5616 debes.
