3944 6310
105 356 215 406 969

100 568 261 637 prius
285 567 541 620 occidisti
570 583 664 619 eas
710 567 860 621 ferro
895 568 1127 639 aliquo?
1158 568 1215 622 Si
1264 568 1468 629 fecisti,
1505 570 1547 622 V
1577 568 1695 622 dies
1743 569 1803 622 in

104 672 257 724 pane
300 661 355 708 et
384 671 531 724 aqua
563 654 858 725 pmniteas.

170 743 485 798 Comedisti
515 760 645 796 aves
695 748 752 797 et
781 743 1053 798 animalia
1083 761 1212 815 quae
1248 746 1306 799 in
1338 746 1556 799 retibus
1607 749 1800 799 stran-

98 832 398 900 gulantur,
434 838 490 885 et
529 832 607 884 sic
656 839 881 886 mortua
933 834 1338 887 inveniuntur?
1369 835 1486 888 Nisi
1518 835 1576 887 in
1605 849 1798 887 neces-

100 922 271 974 sitate
312 921 480 974 famis
529 921 749 984 feceris,
800 923 839 975 Χ
895 922 1015 975 dies
1047 923 1104 975 in
1155 939 1304 992 pane
1336 928 1393 977 et
1426 939 1574 993 aqua
1629 922 1800 976 debes

100 1010 404 1078 paenitere.

171 1097 483 1151 Comedisti
517 1098 728 1167 piscem
762 1097 860 1167 qui
893 1103 1151 1151 mortuus
1182 1103 1265 1152 est
1323 1099 1379 1152 in
1413 1098 1654 1153 ﬂumine
1712 1098 1800 1152 in-

98 1186 346 1238 ventus?
377 1184 492 1237 Nisi
522 1201 590 1237 eo
621 1184 711 1237 die
742 1202 775 1238 a
832 1186 1211 1254 piscatoribus
1241 1191 1425 1239 tactus
1455 1192 1557 1253 est,
1610 1196 1666 1240 et
1723 1187 1801 1240 sic

99 1280 387 1337 mortuus,
454 1278 510 1326 et
563 1274 762 1326 eodem
820 1274 911 1327 die
969 1275 1268 1330 inventus?
1329 1276 1387 1329 Si
1436 1275 1636 1335 fecisti,
1686 1281 1800 1329 tres

101 1364 229 1415 dies
257 1362 319 1415 in
351 1377 496 1432 pane
530 1366 587 1415 et
620 1379 766 1432 aqua
797 1364 1096 1432 paenitens.

787 1467 866 1520 De
906 1468 1125 1534 fraude.

175 1556 375 1610 Fecisti
408 1556 731 1621 falsitatem,
768 1558 854 1610 vel
885 1556 1144 1610 fraudem
1172 1556 1423 1627 aliquam
1455 1557 1514 1610 in
1568 1572 1799 1611 mensu-

98 1644 198 1707 ris,
235 1649 335 1697 aut
367 1645 423 1697 in
455 1644 826 1713 ponderibus,
864 1645 943 1697 ita
990 1645 1133 1711 dico,
1168 1651 1231 1698 ut
1262 1646 1399 1698 falso
1430 1645 1643 1708 modio,
1706 1651 1802 1698 aut

95 1749 229 1785 cum
282 1733 633 1802 ponderibus
686 1732 913 1801 injustis
973 1738 1072 1786 tua
1127 1734 1276 1787 bona
1342 1735 1617 1788 venderes
1676 1734 1801 1787 aliis

96 1822 479 1876 Christianis?
510 1822 566 1876 Si
596 1822 800 1887 fecisti,
858 1828 957 1876 aut
997 1822 1353 1884 consensisti,
1411 1823 1613 1893 viginti
1680 1822 1802 1877 dies

95 1912 155 1964 in
195 1927 343 1980 pane
374 1915 429 1963 et
457 1927 603 1981 aqua
634 1911 911 1981 poenitere
941 1912 1131 1965 debes.

784 2017 862 2069 De
903 2019 1125 2071 incestu.

176 2104 237 2157 Si
261 2103 587 2158 obtrectasti
630 2105 1071 2174 turpitudinem,
1104 2109 1167 2158 tu
1192 2104 1532 2175 conjugatus
1562 2104 1802 2175 alicujus

97 2192 355 2254 feminae,
390 2191 469 2245 ita
514 2192 663 2260 dico,
693 2193 737 2244 si
796 2193 1080 2245 mamillas
1111 2195 1168 2245 et
1219 2192 1341 2262 ejus
1396 2192 1645 2246 verenda
1699 2193 1802 2246 ob-

98 2280 383 2332 trectasti.
419 2280 475 2333 Si
524 2278 722 2345 fecisti,
758 2279 1011 2349 quinque
1060 2279 1180 2333 dies
1238 2279 1299 2332 in
1350 2295 1498 2349 pane
1544 2286 1599 2333 et
1654 2295 1800 2349 aqua

96 2370 405 2439 paeniteas.
439 2368 495 2423 Si
526 2374 720 2423 autem
751 2385 868 2422 non
898 2369 1055 2422 fuisti
1095 2368 1454 2438 conjugatus,
1488 2370 1631 2423 duos
1682 2368 1802 2423 dies

98 2460 158 2512 in
192 2474 345 2528 pane
386 2462 440 2511 et
469 2474 616 2528 aqua
642 2458 936 2527 poeniteas.

176 2546 388 2600 Lavisti
419 2550 473 2599 te
522 2546 580 2599 in
614 2546 819 2599 balneo
845 2562 974 2599 cum
1006 2561 1184 2599 uxore
1224 2550 1343 2611 tua,
1396 2550 1453 2598 et
1510 2545 1637 2598 aliis
1666 2562 1801 2599 mu-

98 2634 379 2701 lierculis,
413 2640 469 2687 et
498 2633 685 2688 vidisti
716 2650 810 2687 eas
840 2634 1045 2701 nudas,
1078 2637 1132 2687 et
1174 2633 1310 2703 ipsae
1343 2634 1437 2687 te?
1492 2632 1547 2686 Si
1595 2631 1797 2697 fecisti,

94 2728 217 2776 tres
250 2722 373 2776 dies
399 2722 458 2775 in
490 2738 637 2792 pane
668 2726 724 2775 et
753 2738 900 2792 aqua
932 2721 1103 2776 debes
1127 2722 1424 2792 paenitere.

699 2828 780 2881 Dc
811 2828 1203 2896 hospitalitate.

173 2917 470 2970 Venerunt
512 2916 581 2969 ad
620 2920 674 2969 te
706 2916 957 2985 hospites
1016 2920 1272 2985 tempore
1326 2914 1696 2984 necessitatis,
1746 2918 1803 2969 et

946 356 1419 413 DECRETORUM
1462 356 1645 410 LIBRI
1683 356 1790 412 XX.
1827 386 1895 395 —-
1938 357 2147 413 LIBER
2190 356 2496 414 DECIMUS
2533 360 2777 415 NONUS.

176 478 488 532 Comedisti
515 494 644 531 aves
700 494 839 549 quas
873 485 1233 549 oppresserat
1281 480 1565 549 accipiter,
1599 485 1654 533 et
1687 496 1801 533 non
1835 484 1880 534 Α

3508 366 3612 420 970

2556 486 2631 536 De
2683 484 2966 537 oblatione.

1989 570 2308 635 Detraxisti,
2358 570 2445 623 vel
2487 570 2768 624 retinuisti
2827 573 3044 642 aliquid
3088 574 3156 627 de
3197 575 3599 643 oblationibus,

1914 672 2042 726 quae
2074 659 2187 711 Deo
2238 658 2440 712 oblatae
2479 664 2612 712 sunt
2639 660 2699 712 in
2731 660 3051 731 mancipiis,
3087 661 3148 714 in
3194 663 3381 729 terris,
3410 664 3597 733 sylvis,

1911 745 2110 806 vineis,
2144 747 2505 813 utensilibus,
2537 749 2911 815 vestimentis,
2961 754 3017 802 et
3074 749 3131 802 in
3185 750 3420 821 reliquis
3473 768 3601 822 pos-

1912 833 2282 901 sessionibus,
2318 841 2373 889 et
2405 851 2533 905 quae
2582 836 2840 890 Ecelesiis
2871 837 2991 891 sine
3023 837 3199 891 dubio
3250 838 3471 892 Christo
3502 842 3601 909 qui

1911 936 2109 976 earum
2163 938 2405 992 sponsus
2454 928 2538 977 est
2585 923 2774 978 oblata
2822 931 2975 992 sunt,
3022 930 3363 980 testamento
3420 929 3603 981 Eccle-

1910 1010 2006 1063 siis
2035 1011 2106 1064 ab
2138 1010 2329 1081 aliquo
2357 1012 2514 1066 ﬁdeli
2545 1013 2781 1066 relicta?
2802 1013 3078 1081 Sifecisti,
3112 1015 3199 1069 vel
3244 1016 3604 1079 consensisti,

1910 1099 2288 1169 quadraginta
2320 1100 2441 1153 dies
2470 1100 2528 1153 in
2560 1116 2707 1171 pane
2747 1107 2803 1155 et
2843 1117 2991 1172 aqua
3021 1102 3193 1157 debes
3231 1104 3530 1173 paenitere.

2579 1208 2655 1261 De
2692 1208 2936 1263 decimis.

1985 1288 2290 1358 Neglexisti
2316 1289 2595 1343 decimam
2655 1294 2811 1344 tuam
2875 1292 2986 1344 Deo
3018 1290 3173 1356 dare,
3231 1308 3402 1362 quam
3457 1294 3604 1347 Deus

1909 1378 2030 1448 ipse
2062 1378 2169 1432 sibi
2201 1378 2321 1433 dari
2372 1378 2688 1447 constituit,
2738 1382 2794 1435 id
2827 1387 2911 1435 est
2942 1398 3057 1435 non
3106 1381 3311 1436 dedisti
3361 1384 3411 1436 ei
3452 1384 3603 1437 deci-

1911 1483 2066 1520 mam
2098 1466 2166 1520 de
2217 1468 2437 1521 eunetis
2464 1468 2742 1522 fructibus
2773 1469 2906 1534 tuis,
2934 1485 3078 1540 quos
3107 1475 3169 1524 tu
3200 1470 3267 1524 ad
3308 1476 3434 1524 tuos
3464 1488 3602 1526 usus

1910 1556 2180 1624 colligere
2220 1556 2571 1620 desiderasti,
2605 1558 2688 1609 vel
2719 1557 3016 1627 collegisti,
3059 1562 3115 1611 et
3144 1558 3212 1612 de
3244 1559 3461 1612 cunctis
3490 1558 3603 1612 tuis

1912 1644 2278 1711 animalibus,
2319 1649 2375 1698 et
2428 1646 2712 1699 decimum
2745 1647 2957 1699 animal
2990 1646 3142 1716 quod
3179 1648 3291 1700 Deo
3328 1647 3606 1700 debueras

1841 1757 1881 1809 Β
1913 1732 2068 1797 dare,
2104 1736 2158 1785 et
2187 1733 2337 1803 quod
2388 1750 2553 1787 suum
2587 1740 2727 1799 erat,
2785 1733 2922 1787 illud
2972 1733 3154 1804 pejori
3203 1734 3604 1788 commutasti?

1910 1820 1965 1874 Si
1997 1820 2178 1874 fecisti
2234 1823 2320 1875 vel
2352 1822 2715 1889 consensisti,
2761 1824 2876 1876 Deo
2931 1823 3086 1892 quod
3145 1839 3312 1876 suum
3369 1828 3491 1877 erat
3546 1824 3603 1876 in

1912 1909 2296 1979 quadruplum
2330 1910 2489 1979 prius
2521 1911 2777 1975 restitue,
2813 1916 2869 1965 et
2897 1909 3099 1981 viginti
3129 1911 3248 1964 dies
3279 1912 3340 1964 in
3372 1927 3517 1982 pane
3549 1916 3605 1964 et

1911 2014 2061 2068 aqua
2089 1998 2262 2052 debes
2292 1998 2589 2068 poenitere.

2511 2106 2639 2159 Item
2670 2104 2735 2158 de
2771 2105 2993 2173 rapina.

1981 2191 2321 2261 Oppressisti
2367 2207 2649 2262 pauperes
2676 2192 2775 2264 qui
2825 2193 2926 2246 tibi
2962 2193 3133 2246 vieini
3163 2197 3346 2259 erant,
3381 2193 3479 2264 qui
3543 2209 3600 2247 se

1910 2279 2214 2334 defendere
2246 2297 2356 2334 non
2384 2286 2668 2350 poterant,
2699 2281 2789 2335 vel
2821 2297 3018 2335 eorum
3049 2282 3217 2349 bona,
3255 2282 3365 2335 illis
3395 2282 3595 2335 nolen-

1908 2369 2080 2435 tibus,
2116 2370 2341 2425 tulisti?
2370 2370 2423 2425 Si
2474 2370 2679 2439 fecisti,
2729 2370 2903 2424 redde
2951 2370 3063 2424 illis
3116 2387 3237 2439 sua,
3271 2375 3327 2424 et
3372 2368 3605 2440 triginta

1911 2457 2031 2512 dies
2062 2458 2119 2512 in
2152 2475 2297 2529 pane
2329 2464 2383 2512 et
2421 2476 2568 2530 aqua
2598 2459 2891 2530 posuiteas.

2403 2567 2441 2618 Ι
2442 2573 2545 2620 tem
2573 2566 2638 2620 de
2672 2568 3101 2634 irreligiositate.

1983 2652 2183 2707 Fecisti
2213 2653 2363 2723 quod
2394 2653 2630 2723 quidam
2659 2653 2843 2707 facere
2876 2654 3097 2709 solent?
3125 2657 3260 2708 Post
3291 2654 3598 2724 prandium

1908 2744 2121 2797 vadunt
2170 2741 2241 2795 ad
2291 2742 2543 2808 missam,
2593 2746 2649 2794 et
2702 2742 2813 2810 ipsi
2864 2741 3041 2795 saturi
3102 2746 3156 2794 et
3214 2742 3512 2809 vinolenti,
3568 2759 3601 2795 a

1908 2831 2197 2885 sacerdote
2244 2845 2348 2899 pro
2396 2829 2611 2898 populo
2664 2829 2936 2883 offerente
2976 2829 3202 2898 signum
3258 2830 3411 2900 pacis
3461 2830 3601 2884 acci-
3695 2816 3705 2825 ’

1909 2936 2043 2991 pere
2077 2913 2455 2990 praesumunt.
2489 2917 2544 2973 Si
2572 2917 2771 2983 fecisti,
2803 2927 2917 2972 tres
2942 2918 3064 2972 dies
3095 2918 3153 2972 in
3183 2934 3332 2989 pane
3363 2923 3421 2974 et
3451 2934 3601 2989 aqua

94 3022 218 3060 non
249 3004 512 3076 recepisti
547 3020 641 3058 eos
685 3003 745 3057 in
797 3004 1033 3058 domum
1086 3009 1267 3070 tuam,
1327 3009 1385 3058 et
1444 3020 1558 3057 non
1617 3002 1798 3057 fecisti

1977 3008 2207 3063 enitens.

94 3111 232 3147 cum
265 3093 348 3147 eis
381 3093 851 3160 misericordiam,
887 3093 1030 3147 sicut
1063 3092 1336 3147 Dominus
1380 3092 1692 3163 praecepit?
1743 3092 1800 3147 Si

95 3200 220 3238 non
252 3183 458 3251 fecisti,
518 3183 772 3254 quinque
824 3182 943 3237 dies
994 3182 1053 3237 in
1104 3198 1251 3254 pane
1310 3187 1367 3237 et
1410 3198 1559 3254 aqua
1618 3183 1799 3254 paeni-

98 3278 246 3326 teas.

673 3361 800 3413 Item
831 3359 895 3412 de
932 3360 1233 3427 sacrilegio.

174 3465 486 3521 Incendisti
533 3464 859 3531 Ecclesiam,
919 3470 1019 3519 aut
1074 3464 1451 3519 consensisti?
1502 3464 1557 3518 Si
1597 3463 1796 3530 fecisti,

101 3555 413 3609 Ecclesiam
460 3554 713 3619 restitue,
773 3557 827 3607 et
856 3553 1113 3624 precium
1164 3558 1348 3617 tuum,
1394 3552 1452 3606 id
1483 3557 1597 3605 est
1630 3552 1798 3605 wire-

98 3644 336 3713 geldum
368 3648 532 3696 tuum
566 3642 915 3712 pauperibus
945 3641 1243 3708 distribue,
1275 3645 1331 3695 et
1378 3640 1464 3694 XV
1488 3656 1671 3694 annos
1698 3655 1803 3710 per

97 3739 395 3811 legitimas
424 3740 593 3793 ferias
624 3738 923 3810 paenitens.

173 3828 483 3883 Retinuisti
514 3828 826 3881 oblationes
856 3829 1239 3895 mortuorum,
1291 3825 1371 3879 ita
1428 3830 1493 3879 ut
1542 3825 1800 3879 Ecclesiis

96 3918 329 3972 tradere
365 3916 681 3970 noluisses?
709 3916 768 3971 Si
789 3915 995 3985 fecisti,
1028 3931 1208 3970 unum
1239 3931 1456 3970 annum
1505 3930 1609 3985 per
1659 3913 1798 3984 legi-

96 4008 274 4060 timas
306 4005 473 4060 ferias
502 4005 800 4075 pceniteas.

174 4094 486 4149 Celebrasti
533 4093 765 4157 Pascha,
808 4094 1197 4158 Pentecosten,
1259 4089 1513 4145 Natalem
1570 4089 1798 4144 Domini

98 4185 161 4238 in
198 4182 311 4236 alio
350 4183 495 4252 loco,
534 4181 644 4235 nisi
673 4181 735 4235 in
765 4181 862 4235 illa
893 4181 1117 4235 civitate
1147 4179 1237 4234 cui
1281 4182 1344 4232 tu
1375 4178 1662 4247 subjectus
1718 4193 1797 4245 es,

101 4270 220 4327 nisi
256 4270 590 4325 inﬁrmitate
613 4274 669 4323 te
699 4268 1087 4340 impediente?
1128 4268 1184 4323 Si
1214 4266 1415 4335 fecisti,
1469 4266 1519 4319 Χ
1567 4266 1686 4321 dies
1739 4267 1797 4319 in

98 4376 255 4433 pane
288 4364 344 4413 et
372 4375 521 4431 aqua
545 4358 841 4431 paeniteas.

655 4468 728 4520 De
758 4465 1253 4519 excommunicatis.

176 4554 440 4612 Habuisti
469 4553 719 4624 aliquam
756 4552 1225 4607 communionem
1257 4566 1386 4605 cum
1415 4548 1803 4605 exeommuni:

98 4651 253 4711 cato,
286 4649 342 4698 te
373 4644 584 4698 sciente
640 4644 720 4696 ita
749 4643 896 4709 dico,
930 4647 991 4696 ut
1022 4642 1189 4696 simul
1222 4657 1350 4694 cum
1384 4656 1451 4693 eo
1491 4655 1685 4693 orares
1740 4638 1801 4691 in

99 4732 371 4800 Ecclesia,
406 4738 503 4787 aut
532 4733 590 4786 in
612 4732 805 4803 aliquo
829 4733 973 4797 loco,
1007 4736 1103 4784 aut
1135 4729 1388 4783 salutasti
1437 4744 1591 4791 eum,
1635 4726 1713 4780 ita
1739 4731 1805 4780 ut

95 4825 151 4878 ei
193 4838 299 4876 ave
330 4820 566 4889 diceres,
600 4826 700 4874 aut
730 4836 863 4875 eum
892 4820 950 4872 in
978 4818 1214 4873 domum
1243 4816 1546 4887 reciperes,
1610 4819 1710 4869 aut
1749 4813 1803 4867 ei

94 4914 359 4983 aliquam
405 4910 825 4965 humanitatem
875 4907 1192 4979 praebuisti,
1249 4907 1416 4970 clam,
1468 4905 1556 4958 vel
1607 4907 1803 4975 aperte

92 5000 214 5057 nisi
237 4999 439 5053 eodem
469 5004 745 5069 tempore,
777 4998 865 5052 vel
916 4996 1119 5051 eodem
1170 4994 1376 5049 itinere
1402 4997 1592 5047 tecum
1615 4991 1685 5046 ad
1708 5008 1805 5046 sa-

93 5089 486 5146 tisfactionem
540 5088 623 5141 ire
669 5087 860 5156 vellet,
894 5089 951 5140 et
1002 5091 1137 5139 tunc
1186 5099 1361 5137 unam
1416 5086 1666 5150 noctem,
1714 5081 1804 5135 vel

95 5182 269 5243 duas,
311 5176 399 5231 vel
440 5181 718 5248 quantum
772 5175 882 5229 iter
937 5174 1113 5245 possit
1166 5171 1382 5243 perﬁci,
1437 5185 1692 5224 seorsum
1733 5170 1804 5223 ab

95 5268 233 5323 aliis
254 5265 441 5337 posito
468 5267 520 5319 ei
553 5264 758 5320 dedisti
788 5263 964 5318 victui
995 5261 1355 5317 necessaria?
1404 5259 1462 5314 Si
1508 5258 1672 5313 aliter
1722 5256 1802 5311 fe-

96 5356 253 5423 cisti,
294 5359 431 5407 tunc
457 5358 512 5408 et
554 5359 614 5408 tu
649 5351 915 5407 similiter
944 5350 1469 5406 excommunicatus
1523 5362 1603 5413 es,
1663 5345 1808 5399 sicut

98 5452 159 5501 et
180 5444 307 5508 ille,
332 5447 387 5497 et
417 5442 587 5497 debes
612 5439 997 5513 quadraginta
1039 5444 1094 5494 et
1118 5440 1239 5494 dies
1268 5438 1327 5492 in
1357 5452 1506 5508 pane
1550 5439 1607 5489 et
1637 5449 1805 5505 aqua,

101 5531 262 5607 quod
297 5529 551 5584 carinam
584 5533 806 5597 vocant,
860 5544 989 5583 cum
1020 5532 1242 5598 septem
1273 5522 1643 5597 sequentibus
1704 5537 1806 5576 an-

101 5625 197 5679 nis
233 5620 537 5695 pcenitere.

474 5726 753 5791 Parnm“
806 5724 984 5790 CXL.

1980 3095 2257 3166 Accepisti
2286 3110 2489 3164 corpus
2520 3098 2577 3147 et
2634 3093 2973 3165 sanguinem
3027 3094 3255 3149 Domini
3315 3099 3445 3166 post
3490 3094 3597 3149 ali-

1910 3199 2081 3253 quam
2136 3180 2533 3252 parvissimam
2591 3181 3088 3250 degustationem?
3160 3181 3216 3235 Si
3274 3182 3475 3248 fecisti,
3544 3186 3601 3235 et

1909 3271 2081 3325 semel
2138 3274 2196 3324 et
2232 3268 2373 3323 illud
2428 3268 2483 3321 in
2530 3268 2793 3338 pueritia,
2845 3269 2957 3322 nisi
3003 3285 3106 3340 pro
3153 3269 3356 3323 viatico
3393 3268 3595 3336 fecisti,

1909 3359 2105 3413 decem
2136 3357 2256 3412 dies
2280 3357 2340 3410 in
2369 3373 2515 3427 pane
2545 3361 2601 3411 et
2640 3373 2788 3427 aqua
2819 3357 3094 3427 poenitere
3127 3357 3320 3411 debes.

1980 3446 2181 3501 Fecisti
2208 3446 2360 3516 quod
2388 3444 2625 3515 quidam
2668 3446 2850 3499 facere
2884 3447 3083 3505 solent.
3118 3446 3257 3499 dum
3288 3445 3359 3499 ad
3406 3445 3596 3500 Eccle-

1908 3535 2051 3589 siam
2083 3534 2362 3602 venerint,
2422 3535 2478 3586 in
2517 3534 2719 3604 primis
2775 3550 2980 3604 parum
3034 3534 3189 3588 labia
3236 3538 3600 3588 commovent

1907 3623 2072 3695 quasi
2104 3628 2269 3677 orent
2297 3628 2533 3691 propter
2561 3622 2702 3675 alios
2754 3623 3204 3688 circumstantes,
3254 3622 3342 3676 vel
3393 3622 3597 3676 seden-

1906 3716 2012 3779 tes,
2043 3717 2099 3766 et
2128 3711 2315 3765 statim
2347 3711 2419 3765 ad
2466 3710 2688 3765 fabulas
2726 3716 2782 3764 et
2812 3711 2880 3765 ad
2916 3711 3244 3781 vaniloquia
3298 3710 3595 3777 festinant;

1907 3806 2117 3856 etcum
2168 3801 2460 3871 presbyter
2489 3816 2584 3853 eos
2637 3800 2863 3863 salutat,
2896 3804 2952 3853 et
2983 3800 3242 3854 hortatur
3278 3799 3350 3853 ad
3379 3798 3599 3853 oratio-

1906 3907 2059 3958 nem,
2091 3890 2175 3944 illi
2204 3896 2394 3943 autem
2424 3889 2495 3942 ad
2543 3888 2765 3942 fabulas
2793 3905 2923 3942 suas
2952 3893 3335 3955 revertuntur,
3366 3903 3484 3941 non
3527 3885 3600 3941 ad

1906 3978 2359 4050 responsionem,
2393 3993 2497 4030 nec
2536 3976 2605 4030 ad
2662 3976 3001 4030 orationem.
3044 3975 3103 4030 Si
3151 3974 3352 4043 fecisti,
3402 3974 3599 4029 decem

1908 4068 2029 4124 dies
2062 4068 2119 4122 in
2151 4083 2297 4138 pane
2339 4071 2395 4120 et
2422 4081 2571 4137 aqua
2597 4067 2875 4135 paenitere
2908 4065 3098 4119 debes.

2440 4174 2515 4226 De
2534 4186 2791 4226 consensu
2815 4173 2875 4224 in
2896 4171 3058 4224 male.

1982 4262 2281 4319 Reticuisti
2324 4266 2623 4333 peccatum
2677 4259 2869 4314 fratris
2925 4259 3079 4330 quod
3133 4263 3256 4313 erat
3312 4273 3495 4329 usque
3528 4257 3598 4312 ad

1912 4358 2179 4417 mortem,
2210 4367 2394 4421 neque
2424 4349 2754 4419 corripuisti
2802 4364 2957 4415 eum,
3009 4363 3115 4402 nec
3157 4348 3487 4402 exhortatus
3540 4360 3600 4400 es

1912 4455 2064 4505 eum,
2096 4442 2161 4492 ut
2187 4436 2568 4507 resipisceret,
2601 4450 2704 4488 nec
2735 4434 3062 4489 succurristi
3103 4432 3263 4488 fratri
3293 4433 3398 4487 sub
3427 4447 3601 4486 onere

1905 4525 2162 4598 jacenti?
2191 4526 2247 4581 Si
2272 4524 2476 4592 fecisti,
2500 4530 2616 4579 tam
2662 4523 2762 4577 diu
2807 4522 3086 4594 pasniteas
3108 4537 3281 4594 quam
3314 4522 3412 4576 diu
3461 4521 3601 4575 reti-

1909 4615 2098 4670 euisti.

1984 4703 2295 4758 Defendisti
2337 4718 2461 4757 reos
2504 4705 2739 4773 propter
2768 4699 3218 4755 misericordiam
3251 4698 3341 4754 vel
3370 4702 3606 4770 propter

1912 4792 2245 4857 amicitiam,
2296 4797 2354 4846 et
2404 4792 2463 4845 in
2503 4792 2612 4845 hoc
2654 4789 3059 4844 immisericors
3089 4788 3246 4843 fuisti
3289 4786 3607 4844 innocenti-

1912 4880 2058 4935 bus?
2107 4880 2164 4935 Si
2191 4878 2393 4945 fecisti,
2426 4879 2664 4950 triginta
2713 4879 2833 4934 dies
2870 4878 2932 4932 in
2960 4893 3109 4948 pane
3146 4880 3203 4931 et
3242 4892 3392 4947 aqua
3419 4875 3605 4947 poeni-

1912 4972 2053 5024 teas.

1987 5055 2190 5111 Fecisti
2219 5054 2323 5109 tibi
2371 5055 2603 5110 missam
2648 5059 2900 5123 cantare,
2959 5057 3017 5106 et
3046 5053 3145 5107 illa
3167 5056 3363 5107 sancta
3401 5049 3607 5105 oﬂerre

1915 5147 2053 5202 dum
2082 5144 2235 5198 domi
2295 5144 2504 5206 fueras,
2538 5146 2655 5198 sive
2708 5143 2770 5198 in
2828 5144 3001 5197 domo
3056 5148 3178 5211 tua,
3234 5141 3349 5194 sive
3377 5139 3436 5194 in
3494 5138 3609 5194 alio

1917 5235 2112 5305 aliquo
2146 5233 2292 5299 loco,
2336 5232 2447 5285 nisi
2491 5232 2552 5286 in
2584 5232 2863 5287 Ecclesia?
2891 5231 2948 5287 Si
3003 5230 3207 5298 fecisti,
3239 5230 3437 5285 decem
3488 5227 3610 5282 dies

1916 5325 1976 5378 in
2008 5338 2155 5393 pane
2189 5325 2246 5375 et
2274 5336 2425 5391 aqua
2454 5321 2736 5391 paenitere
2765 5320 2955 5375 debes.

2559 5430 2628 5481 De
2654 5426 2967 5481 incredulis.

1989 5516 2294 5574 Credidisti
2325 5515 2475 5586 quod
2507 5515 2740 5586 quidam
2777 5515 3009 5569 credere
3052 5513 3274 5569 solent?
3321 5513 3468 5568 Dum
3505 5510 3613 5566 iter

1919 5607 2153 5678 aliquod
2208 5605 2420 5660 faciunt
2467 5604 2512 5657 si
2568 5603 2858 5657 cornicula
2908 5619 2971 5657 ex
3026 5603 3254 5658 sinistra
3311 5618 3511 5657 eorum
3552 5601 3613 5655 in

3222 5714 3295 5771 31
