3944 6306
367 328 459 378 971
1445 318 1848 374 BURCHARDI
1895 315 2420 372 WORMACIENSIS
2459 313 2787 369 EPISCOPI.
3217 273 3220 276 t
3773 314 3866 363 971'

365 444 658 500 dexteram
705 444 817 498 illis
861 441 1195 506 cantavcrit,
1245 441 1377 496 inde
1430 457 1488 494 se
1565 445 1792 511 sperant
1851 439 2060 493 habere
2090 441 2134 492 Α
2173 439 2264 506 tis,
2301 442 2358 491 et
2398 437 2537 492 illud
2591 437 2712 490 loco
2765 435 3141 490 verendorum
3189 439 3442 499 tuorum,
3475 441 3578 488 aut
3607 435 3866 498 alterius,

363 549 706 606 prosperum
757 532 886 586 iter.
946 531 1012 584 Et
1058 531 1195 584 dum
1227 529 1382 583 anxii
1433 529 1649 582 fuerint
1709 527 1964 598 hospitii,
2015 528 2058 580 si

363 631 502 677 tunc
532 623 651 676 avis
680 623 799 686 illa,
833 637 958 690 quae
987 619 1271 689 muriceps
1305 623 1553 685 vocatur,
1585 633 1650 670 eo
1681 617 1836 686 quod
1869 632 2060 670 mures

367 713 573 782 capiat,
601 719 657 764 et
695 711 830 764 inde
863 714 1124 778 pascatur
1171 708 1486 772 nominata,
1533 705 1682 758 viam
1739 721 1841 775 per
1887 721 2060 775 quam

369 802 582 854 vadunt
651 803 782 853 ante
829 815 886 852 se
943 797 1391 862 transvolaverit,
1452 812 1510 848 se
1563 795 1646 848 illi
1708 795 1950 864 augurio
2008 802 2064 846 et

367 889 546 942 omini
591 887 774 956 magis
824 885 1192 939 committunt
1239 899 1412 954 quam
1447 885 1586 937 Deo.
1636 882 1694 936 Si
1723 881 1928 950 fecisti,
1965 886 2062 935 aut

365 979 476 1031 ista
501 975 808 1038 credidisti,
844 975 1102 1052 quinque
1158 973 1279 1027 dies
1329 972 1389 1025 in
1416 988 1564 1043 pane
1595 977 1652 1025 et
1682 987 1832 1040 aqua
1883 970 2058 1023 debes

366 1065 666 1136 ptenitere.
1759 1057 1766 1067 '

437 1151 734 1208 Credidisti
764 1151 916 1220 quod
966 1148 1198 1219 quidam
1231 1147 1462 1200 credere
1509 1147 1724 1200 solent?
1759 1146 1902 1199 Dum
1959 1161 2058 1198 ne-

366 1258 520 1296 cesse
549 1241 764 1294 habent
795 1243 927 1292 ante
957 1238 1144 1291 lucem
1167 1237 1443 1290 aliorsum
1476 1235 1648 1302 exire,
1680 1251 1798 1287 non
1827 1233 2059 1300 audent,

301 1309 310 1316 ’
369 1331 619 1382 dicentes
665 1328 818 1398 quod
873 1331 1168 1396 posterum
1218 1325 1308 1390 sit,
1343 1331 1398 1377 et
1448 1330 1578 1378 ante
1626 1322 1761 1392 galli
1829 1327 2060 1376 cantum

369 1417 561 1484 egredi
593 1432 708 1470 non
738 1416 924 1478 liceat,
986 1420 1041 1467 et
1070 1414 1451 1484 periculorum
1487 1412 1558 1465 sit
1613 1428 1680 1464 eo
1744 1411 1894 1481 quod
1952 1410 2061 1463 im-

369 1504 573 1560 mundi
610 1504 840 1574 spiritus
873 1508 1003 1556 ante
1052 1501 1384 1572 gallicinum
1438 1501 1565 1570 plus
1614 1499 1685 1553 ad
1741 1499 2063 1552 nocendum

367 1592 666 1663 potestatis
695 1592 926 1655 habent,
962 1606 1132 1660 quam
1180 1594 1324 1658 post,
1390 1595 1446 1642 ct
1501 1589 1684 1656 gallus
1743 1603 1844 1639 suo
1894 1593 2060 1638 cantu

369 1681 501 1751 plus
532 1679 715 1731 valeat
751 1696 847 1731 eos
877 1678 1156 1746 repellere
1187 1682 1244 1730 et
1282 1676 1500 1741 sedare,
1535 1691 1708 1744 quam
1739 1675 1834 1728 illa
1871 1675 2065 1742 divina

373 1785 535 1822 mens
566 1784 694 1838 quas
729 1772 814 1820 est
843 1766 902 1819 in
949 1766 1181 1818 homine
1231 1781 1330 1817 sua
1375 1763 1488 1816 ﬁde
1535 1769 1592 1816 et
1637 1763 1820 1816 crucis
1869 1763 2063 1832 signa-

373 1857 540 1911 culo?
569 1856 625 1911 Si
657 1855 838 1910 fecisti
870 1861 966 1908 aut
997 1853 1308 1919 credidisti,
1342 1853 1536 1908 decem
1587 1853 1706 1906 dies
1737 1852 1796 1904 in
1833 1869 1980 1922 pane
2009 1858 2066 1904 et

375 1963 520 2016 aqua
553 1945 722 1998 debes
751 1943 1051 2014 poenitere.

445 2033 747 2088 Credidisti
796 2031 947 2102 qnod
998 2030 1230 2100 quidam
1284 2029 1514 2084 credere
1571 2029 1771 2094 solent,
1831 2033 1896 2082 ut
1949 2028 2063 2081 illae

373 2139 498 2193 quae
533 2139 562 2174 a
616 2123 788 2190 vulgo
844 2135 1029 2190 parca),
1079 2123 1371 2185 vocantur,
1442 2119 1603 2188 ipsae,
1663 2118 1748 2170 vel
1805 2117 1934 2184 sint,
1981 2117 2062 2168 vel

371 2211 590 2282 possint
617 2210 726 2263 hoc
773 2209 956 2261 facere
990 2207 1144 2278 quod
1187 2207 1527 2272 creduntur;
1573 2205 1630 2260 id
1663 2210 1765 2270 est,
1799 2205 1936 2258 dum
1962 2204 2067 2256 ali-

374 2298 503 2369 quis
541 2298 714 2351 homo
745 2296 1015 2362 nascitur,
1042 2299 1096 2348 et
1125 2299 1260 2348 tunc
1297 2295 1524 2347 valeant
1572 2294 1734 2346 illum
1769 2293 2066 2362 designare

373 2387 440 2440 ad
475 2387 577 2438 hoc
609 2384 759 2455 quod
791 2384 965 2437 velint
1007 2389 1071 2436 ut
1097 2383 1557 2453 quandocunque
1603 2383 1697 2434 ille
1751 2383 1924 2435 homo
1975 2399 2069 2434 vo-

373 2473 564 2535 luerit,
599 2473 656 2525 in
697 2473 897 2542 lupum
927 2470 1322 2525 transformari
1357 2472 1554 2540 possit,
1617 2471 1766 2540 quod
1816 2469 2068 2539 vulgaris

373 2559 612 2613 stultitia
641 2559 940 2612 weruvofff
967 2563 1145 2626 vocat,
1183 2563 1281 2612 aut
1309 2559 1366 2611 in
1415 2558 1586 2613 aliam
1619 2559 1868 2629 aliquam
1920 2558 2066 2627 ﬁgu-

373 2649 536 2701 ram?
565 2647 620 2702 Si
674 2646 983 2714 credidisti,
1028 2647 1180 2717 quod
1227 2663 1522 2716 nunquam
1575 2647 1739 2700 fieret
1793 2650 1890 2699 aut
1947 2661 2068 2698 esse

373 2735 571 2806 possit,
633 2740 697 2788 ut
746 2734 938 2788 divina
993 2735 1185 2804 imago
1247 2733 1306 2786 in
1355 2735 1524 2787 aliam
1577 2735 1816 2788 formam
1873 2737 1972 2786 aut
2009 2732 2066 2784 in

374 2825 621 2894 speciem
661 2824 1030 2876 transmutari
1059 2823 1234 2891 possit
1262 2823 1330 2875 ab
1384 2823 1598 2892 aliquo,
1649 2822 1758 2875 nisi
1787 2822 1854 2875 ab
1883 2820 2066 2875 omni-

373 2917 605 2984 potente
629 2913 767 2977 Deo,
799 2911 992 2965 decem
1026 2911 1148 2964 dies
1179 2911 1236 2964 in
1261 2926 1406 2980 pane
1435 2916 1491 2963 et
1515 2927 1666 2981 aqua
1715 2910 1888 2964 debes
1949 2924 2068 2980 poe-

373 3002 577 3054 nitere.

445 3086 744 3142 Credidisti
772 3086 924 3157 quod
956 3085 1190 3156 quidam
1239 3086 1468 3140 credere
1502 3086 1707 3152 solent,
1740 3086 1892 3156 quod
1955 3087 2068 3140 sint

376 3181 626 3248 agrestes
644 3175 894 3242 feminas,
927 3191 1065 3244 quas
1097 3173 1391 3244 sylvaticas
1411 3179 1630 3237 vocant,
1669 3191 1808 3244 quas
1869 3175 2066 3228 dicunt

375 3282 495 3319 esse
543 3280 862 3335 corporeas,
923 3268 978 3316 et
1033 3263 1264 3334 quando
1317 3263 1602 3316 voluerint
1662 3263 1964 3317 ostendant
2007 3279 2064 3317 se

375 3355 492 3408 suis
521 3353 890 3420 amatoribus,
922 3357 978 3405 et
1007 3367 1137 3404 cum
1175 3351 1255 3404 eis
1289 3351 1482 3404 dicunt
1521 3369 1579 3405 se
1628 3352 1958 3420 oblectasse,
2012 3358 2067 3405 et

373 3444 512 3496 item
569 3442 793 3512 quando
848 3440 1154 3505 voluerint,
1213 3440 1564 3493 abscondant
1630 3456 1686 3492 se
1757 3445 1812 3493 et
1861 3457 2065 3494 evane-

375 3531 568 3585 scant?
594 3530 649 3585 Si
693 3529 1002 3588 credidisti.
1061 3529 1258 3582 decem
1292 3528 1412 3581 dies
1467 3528 1524 3581 in
1585 3543 1733 3598 pane
1800 3534 1858 3582 et
1918 3545 2068 3600 aqua

375 3621 673 3691 peniteas.

448 3710 510 3762 lu
569 3707 690 3760 istis
751 3705 1016 3760 omnibus
1071 3705 1414 3775 supradictis
1475 3705 1686 3760 debent
1749 3707 2068 3762 sacerdotes

379 3812 648 3866 magnam
703 3793 1104 3848 discretionem
1133 3793 1365 3862 habere,
1427 3799 1486 3847 ut
1543 3795 1868 3849 discernant
1919 3796 2068 3850 inter

377 3883 540 3937 illum
591 3882 690 3952 qui
733 3881 960 3952 publice
991 3881 1246 3951 peccavit
1274 3887 1331 3935 et
1381 3883 1606 3952 publice
1660 3883 1953 3954 paenituit,
2012 3890 2070 3938 et

377 3973 526 4026 inter
579 3969 744 4023 illum
791 3969 890 4040 qui
953 3969 1228 4024 absconse
1280 3970 1534 4040 peccavit
1590 3975 1648 4026 et
1704 3987 1805 4026 sua
1865 3977 2067 4043 sponte

378 4061 668 4114 confessus
699 4061 800 4112 est.

447 4147 714 4212 Quamvis
744 4147 832 4200 hie
877 4146 1165 4216 praedictae
1199 4147 1678 4221 interrogationes
1733 4149 1966 4204 feminis
2013 4155 2070 4204 et

376 4235 514 4290 viris
541 4237 656 4288 sint
686 4251 1038 4301 communes,
1070 4241 1260 4290 tamen
1295 4238 1384 4292 has
1414 4242 1716 4309 sequentes
1746 4239 2068 4310 specialiter

379 4326 446 4379 ad
481 4323 720 4378 feminas
741 4313 1047 4393 pertinent.

451 4412 652 4467 Fecisti
701 4417 765 4464 ut
811 4415 1076 4482 quadam
1134 4413 1406 4466 mulieres
1437 4412 1496 4465 in
1529 4413 1870 4482 quibusdam
1929 4419 2071 4469 tem-

378 4501 611 4572 poribus
641 4499 776 4553 anni
805 4500 990 4554 facere
1018 4501 1241 4553 solent:
1275 4500 1417 4552 utin
1473 4501 1643 4556 domo
1687 4509 1788 4557 tua
1813 4519 2068 4558 mensam

283 4615 296 4627 ο
377 4603 754 4659 praeparares,
779 4594 835 4641 et
865 4593 992 4642 tuos
1019 4588 1200 4652 cibos,
1236 4592 1293 4640 ct
1313 4594 1512 4657 potum
1549 4607 1679 4644 cum
1713 4592 1897 4644 tribus
1943 4594 2068 4646 cul-

379 4677 528 4732 tellis
589 4693 760 4746 supra
801 4691 1058 4728 mensam
1113 4690 1374 4743 poneres,
1407 4681 1472 4729 ut
1519 4677 1563 4729 si
1620 4678 1906 4734 venissent
1955 4686 2071 4736 tres

379 4765 492 4818 illae
540 4780 778 4831 sorores,
841 4781 982 4834 quas
1057 4763 1289 4831 antiqua
1347 4765 1653 4834 posteritas
1722 4772 1778 4822 et
1833 4771 2070 4841 antiqua

379 4853 618 4907 stultitia
644 4869 842 4924 parcas
878 4851 1216 4916 nominavit,
1247 4851 1328 4904 ibi
1369 4853 1759 4920 reﬁcerentur,
1803 4859 1859 4908 et
1891 4857 2070 4910 tulisti

381 4944 590 4997 divinae
619 4941 820 5012 pietati
853 4944 1188 5009 potestatem
1222 4955 1403 5002 suam,
1439 4946 1496 4994 et
1522 4957 1734 4995 nomen
1765 4959 1953 5012 suum,
2015 4950 2072 4998 et

381 5032 608 5086 diabolo
635 5027 942 5094 tradidisti,
986 5027 1083 5092 ita,
1117 5028 1261 5092 dico,
1285 5034 1348 5082 ut
1369 5030 1624 5083 crederes
1655 5031 1781 5084 illas
1824 5048 1964 5102 quas
2006 5039 2071 5088 tu

379 5121 517 5175 dicis
553 5135 673 5173 esse
718 5133 960 5182 sorores,
993 5116 1095 5169 tibi
1121 5133 1310 5186 posse,
1345 5122 1444 5171 aut
1497 5118 1590 5172 hic
1635 5123 1732 5172 aut
1775 5120 1836 5173 in
1877 5120 2068 5176 futuro

377 5209 685 5279 prodesse?
713 5207 771 5261 Si
828 5203 1029 5268 fecisti,
1063 5209 1162 5258 aut
1217 5203 1570 5271 consensisti,
1615 5221 1794 5259 unum
1856 5223 2070 5262 annum

380 5314 483 5368 per
520 5295 805 5367 legitimas
831 5295 998 5348 ferias
1031 5293 1324 5363 poeniteas.

453 5383 654 5439 Fecisti
703 5383 854 5453 quod
903 5381 1168 5452 qmedam
1216 5380 1488 5435 mulieres
1539 5383 1726 5437 facere
1760 5385 1964 5454 solent,
2010 5391 2072 5441 ut

380 5474 592 5526 faceres
617 5471 908 5543 quoddam
965 5469 1244 5522 molimen
1277 5475 1374 5523 aut
1420 5469 1949 5527 machinamentum
2008 5475 2069 5529 in

381 5562 616 5616 modum
649 5561 830 5614 virilis
863 5559 1124 5626 membri,
1153 5560 1224 5613 ad
1257 5575 1585 5614 mensuram
1637 5566 1750 5616 tuae
1805 5564 2068 5618 volunta-

2171 542 2302 580 cum
2334 525 2622 596 aliquibus
2665 524 2928 594 ligaturis
2966 525 3286 592 colligarcs,
3321 531 3380 576 et
3425 523 3865 577 fornicationem

2170 616 2384 668 faceres
2423 631 2552 667 cum
2611 615 2736 667 aliis
2791 613 3162 676 mulierculis,
3213 612 3298 665 vel
3341 611 3466 665 alite
3527 611 3734 664 eodem
3779 612 3864 664 in-

2173 709 2520 768 strumento,
2555 703 2670 755 sive
2695 703 2823 769 alio,
2860 703 3095 754 tecum?
3127 701 3182 754 Si
3205 701 3410 765 fecisti,
3463 701 3728 770 quinque
3765 716 3866 752 an—

2171 809 2274 846 nos
2305 808 2406 862 per
2436 792 2718 862 legitimas
2746 791 2914 844 ferias
2943 790 3243 861 pmniteas.

2243 880 2444 934 Fecisti
2476 880 2628 949 quod
2666 879 2925 950 quaedam
2977 879 3246 932 mulieres
3303 878 3486 932 facere
3545 879 3758 943 solent,
3813 882 3872 930 ut

2165 969 2286 1038 jam
2318 968 2646 1037 supradicto
2680 967 3000 1033 molimine,
3049 967 3138 1019 vel
3171 965 3280 1019 alio
3339 966 3530 1036 aliquo
3571 967 3868 1020 machina-

2173 1062 2386 1120 mento,
2425 1061 2481 1109 tu
2527 1055 2650 1126 ipsa
2707 1057 2762 1108 in
2815 1061 2868 1108 te
2902 1055 3080 1108 solam
3127 1055 3342 1108 faceres
3387 1055 3870 1108 fornicationem?

2171 1145 2226 1200 Si
2257 1144 2460 1209 fecisti,
2507 1161 2687 1198 unum
2739 1159 2955 1198 annum
3013 1159 3118 1213 per
3159 1143 3441 1213 legitimas
3489 1143 3664 1198 ferias
3695 1144 3872 1214 paeni-

2173 1239 2312 1287 teas.

2245 1321 2444 1374 Fecisti
2498 1321 2653 1392 quod
2733 1321 2998 1391 quaedam
3069 1319 3340 1374 mulieres
3403 1320 3592 1374 facere
3661 1319 3868 1384 solent,

2175 1409 2404 1478 quando
2443 1409 2740 1463 libidinem
2799 1423 2860 1461 se
2909 1413 3208 1462 vexantem
3265 1408 3598 1478 extinguere
3649 1407 3866 1472 volunt,

2176 1513 2304 1568 qua:
2326 1513 2382 1550 se
2421 1499 2780 1566 conjungunt
2809 1497 2972 1567 quasi
3017 1497 3166 1550 coire
3198 1497 3442 1551 debeant
3493 1503 3550 1551 et
3607 1503 3868 1568 possunt,

2177 1593 2230 1638 et
2262 1587 2621 1656 conjungunt
2649 1586 2710 1640 in
2741 1587 2988 1639 invicem
3038 1586 3342 1656 puerperia
3365 1602 3486 1654 sua,
3521 1591 3577 1638 et
3625 1586 3709 1639 sic
3746 1601 3872 1639 con-

2175 1675 2430 1728 fricanda
2477 1675 2762 1745 pruritum
2815 1673 3048 1727 illarum
3108 1675 3438 1744 extinguere
3500 1673 3868 1728 desiderant?

2175 1763 2228 1816 Si
2303 1763 2497 1824 fecisti,
2558 1768 2672 1816 tres
2734 1763 3148 1834 quadragenas,
3193 1778 3296 1832 per
3350 1761 3639 1832 legitimas
3703 1760 3872 1815 ferias

2175 1852 2346 1904 debes
2375 1849 2671 1920 poenitere.

2248 1939 2451 1993 Fecisti
2481 1941 2634 2010 quod
2667 1938 2930 2010 quaedam
2991 1939 3264 1992 mulieres
3319 1939 3504 1992 facere
3557 1938 3770 2007 solent,
3813 1945 3868 1991 ut

2176 2043 2304 2081 cum
2354 2027 2471 2084 lilio
2537 2034 2636 2082 tuo
2687 2027 2941 2098 iparvulo
3003 2027 3434 2081 fornicationem
3493 2027 3734 2092 faceres,
3799 2028 3874 2080 ita

2175 2116 2322 2183 dico,
2357 2122 2420 2170 ut
2449 2117 2634 2170 tilium
2683 2121 2848 2170 tuum
2881 2133 3052 2187 supra
3083 2116 3506 2185 turpitudinem
3567 2122 3732 2169 tuam
3779 2133 3874 2186 po-

2178 2221 2358 2272 neres,
2419 2211 2480 2258 ut
2553 2205 2631 2257 sic
2703 2204 3012 2258 imitareris
3041 2204 3515 2258 fornicationem?
3547 2205 3609 2258 Si
3671 2205 3872 2273 fecisti,

2176 2293 2314 2346 duos
2348 2309 2526 2346 annos
2553 2309 2657 2362 per
2685 2293 2970 2362 legitimas
2993 2291 3165 2346 ferias
3195 2291 3364 2346 debes
3393 2293 3704 2362 poenitere.

2250 2381 2448 2434 Fecisti
2489 2381 2640 2451 quod
2670 2381 2932 2450 quaedam
2983 2380 3256 2434 mulieres
3304 2380 3489 2433 facere
3545 2381 3758 2449 solent,
3819 2385 3878 2434 ut

2178 2467 2576 2521 succumberes
2636 2467 2827 2537 aliquo
2879 2468 3161 2537 jumento,
3231 2471 3289 2520 et
3351 2466 3492 2520 illud
3543 2468 3877 2537 jumentum

2180 2573 2518 2625 provocares
2563 2556 2634 2610 ad
2666 2556 2899 2624 coitum,
2943 2556 3330 2626 qualicunque
3363 2572 3560 2626 posses
3619 2556 3875 2626 ingenio,

2179 2649 2243 2698 ut
2298 2643 2378 2696 sic
2427 2643 2604 2696 coiret
2651 2643 2880 2698 tecum?
2920 2644 2976 2698 Si
3032 2644 3230 2712 fecisti,
3273 2644 3527 2698 carinam
3597 2661 3782 2698 unum
3825 2645 3876 2698 in

2181 2748 2330 2801 pane
2365 2737 2419 2785 et
2444 2748 2613 2802 aqua,
2647 2748 2774 2785 cum
2807 2737 3024 2800 septem
3073 2731 3446 2803 sequentibus
3491 2734 3659 2786 annis
3693 2733 3874 2804 pceni-

2179 2827 2317 2884 teas,
2353 2837 2649 2892 nunquam
2681 2823 2754 2874 sis
2775 2821 2896 2874 sine
2927 2821 3283 2892 paenitentia.

2251 2910 2451 2964 Fecisti
2482 2910 2634 2978 quod
2665 2910 2926 2980 quaedam
2959 2910 3228 2962 mulieres
3279 2909 3462 2964 facere
3507 2911 3712 2979 solent,
3753 2927 3877 2982 qua!

2177 2999 2312 3052 dum
2345 2998 2702 3051 fornicantur
2733 3003 2788 3052 et
2819 3001 3017 3067 partus
3049 3013 3182 3052 suos
3209 3013 3414 3052 necare
3445 2999 3664 3064 volunt,
3703 3005 3878 3069 agunt

2177 3092 2236 3140 ut
2268 3091 2424 3140 utero
2461 3093 2766 3150 conceptus
2825 3085 3112 3139 excutiant
3164 3087 3281 3140 suis
3315 3087 3612 3140 maleﬁciis
3660 3093 3722 3140 et
3761 3087 3876 3140 suis

2173 3175 2380 3243 herbis,
2419 3174 2499 3228 ita
2533 3180 2596 3228 ut
2630 3179 2729 3228 aut
2767 3190 3100 3244 conceptum
3148 3174 3494 3229 interficiant
3541 3180 3642 3229 aut
3703 3192 3874 3230 excu—

2175 3263 2338 3331 tiant,
2373 3264 2462 3318 vel
2511 3263 2558 3315 si
2605 3263 2862 3317 nondum
2897 3269 3297 3334 conceperunt,
3349 3264 3566 3318 faciunt
3625 3270 3692 3317 ut
3762 3280 3876 3318 non

2175 3353 2534 3422 concipiant?
2564 3352 2621 3406 Si
2667 3352 2871 3419 fecisti,
2921 3357 3019 3406 aut
3064 3353 3421 3420 consensisti,
3467 3357 3568 3406 aut
3607 3353 3875 3420 docuisti,

2174 3441 2366 3494 decem
2423 3457 2603 3494 annos
2633 3457 2736 3510 per
2785 3440 3074 3510 legitimas
3131 3442 3302 3496 ferias
3355 3441 3634 3511 paenitere
3682 3443 3873 3496 debes.

2173 3529 2283 3584 Sed
2335 3530 2570 3599 antiqua
2613 3529 2870 3583 deﬁnitio
2920 3547 3103 3601 usque
3157 3533 3226 3584 ad
3275 3531 3485 3584 exitum
3547 3532 3678 3585 vitae
3740 3534 3876 3586 tales

2176 3617 2246 3671 ab
2275 3619 2515 3671 Ecclesia
2541 3625 2813 3672 removet.
2849 3619 2990 3672 Nam
3036 3619 3262 3689 quoties
3318 3625 3654 3688 conceptum
3687 3620 3876 3691 impe-

2175 3706 2374 3773 dierat,
2407 3711 2492 3760 tot
2519 3707 2960 3761 homicidiornm
3009 3724 3108 3762 rea
3165 3709 3291 3762 erit.
3353 3708 3454 3763 Sed
3489 3709 3663 3763 distat
3721 3710 3876 3764 mul—

2175 3799 2320 3862 tum,
2354 3799 2550 3848 utrum
2598 3797 2948 3865 paupercula
2979 3796 3070 3863 sit,
3119 3801 3176 3850 et
3223 3813 3327 3866 pro
3387 3796 3728 3852 difficultate
3775 3815 3878 3852 nu-

2175 3883 2408 3951 triendi,
2445 3885 2530 3937 vel
2561 3883 2863 3938 fornicaria
2914 3901 3102 3953 causa,
3133 3889 3188 3939 et
3217 3901 3322 3955 pro
3367 3886 3456 3940 sui
3485 3887 3716 3940 sceleris
3776 3903 3877 3941 cte-

2177 3973 2332 4026 landi
2361 3972 2547 4026 faciat.
3519 3959 3522 3962 ’

2179 4063 2240 4114 ιη
2296 4063 2518 4114 concilio
2569 4065 2747 4115 autem
2802 4063 3114 4117 Hilerdensi
3157 4063 3223 4116 de
3275 4063 3610 4131 supradictis
3649 4067 3750 4133 qui
3791 4068 3870 4118 in-

2246 4151 2428 4214 fantes
2479 4165 2601 4203 suos
2655 4165 2722 4204 cm
2772 4150 3044 4205 adulterio
3117 4157 3386 4221 susceptos
3447 4155 3728 4207 ementium
3797 4157 3872 4208 ita.

2251 4239 2591 4306 praccipitur.

2255 4327 2320 4380 Hi
2351 4343 2484 4380 vero
2541 4326 2640 4397 qui
2671 4328 2817 4380 male
2869 4333 3174 4399 conceptos
3227 4345 3290 4382 ex
3347 4330 3632 4384 adulterio
3674 4331 3870 4398 factos,

2179 4417 2264 4470 vel
2302 4416 2486 4469 editos
2518 4431 2717 4469 necare
2750 4417 3095 4486 studuerint,
3145 4418 3230 4471 vel
3281 4417 3342 4472 in
3404 4419 3694 4474 ventribus
3753 4437 3874 4475 ma-

2179 4509 2333 4558 trum
2387 4504 2718 4573 potionibus
2793 4505 3082 4576 aliquibus
3131 4507 3466 4578 colliseriut,
3499 4508 3558 4562 in
3631 4513 3872 4580 utroque

2181 4610 2317 4648 sexu
2350 4593 2649 4663 adulteris,
2689 4594 2747 4648 id
2795 4600 2881 4649 est
2910 4597 3059 4666 patri
3105 4597 3194 4651 vel
3235 4597 3428 4664 matri,
3460 4603 3594 4668 post
3651 4607 3870 4670 septem

2181 4699 2466 4737 annorum
2497 4683 2781 4737 curricula
2809 4685 3142 4739 communio
3165 4686 3452 4740 tribuatur
3487 4703 3499 4740 :
3557 4687 3638 4741 ita
3685 4692 3870 4741 tamen

2181 4776 2244 4824 ut
2290 4772 2446 4825 omni
2499 4777 2754 4842 tempore
2817 4774 2948 4828 vitae
2999 4791 3118 4828 suae
3175 4773 3404 4830 ﬂetibus
3452 4780 3507 4828 et
3561 4776 3872 4830 humilitati

2181 4859 2467 4915 insistant.

2253 4950 2482 5004 Donasti
2513 4951 2598 5004 vel
2648 4951 2945 5006 ostendisti
2977 4953 3166 5020 alicui,
3201 4958 3265 5006 ut
3317 4959 3660 5024 conceptum
3709 4971 3870 5010 suum

2180 5038 2266 5090 vel
2298 5045 2612 5105 excuteret,
2640 5045 2738 5094 aut
2769 5041 3086 5095 occideret?
3137 5043 3191 5096 Si
3246 5041 3450 5109 fecisti,
3508 5049 3730 5113 septem
3777 5061 3872 5099 an-

2181 5141 2282 5178 nos
2312 5143 2417 5195 per
2443 5127 2732 5196 legitimas
2761 5129 2932 5182 ferias
2965 5131 3242 5200 poenitere
3266 5131 3455 5186 debes.

2251 5214 2551 5269 Excussisti
2585 5223 2928 5285 conceptum
2977 5225 3142 5273 tuum
3190 5225 3500 5290 antequam
3558 5221 3870 5276 vivificare-

2179 5305 2310 5358 tur?
2359 5303 2415 5357 Si
2462 5304 2664 5372 fecisti,
2705 5323 2885 5360 unum
2929 5323 3146 5362 annum
3204 5325 3308 5379 per
3355 5308 3644 5378 legitimas
3705 5311 3868 5364 ferias

2181 5391 2456 5460 poenitere
2511 5394 2724 5448 debes:
2771 5396 2953 5450 fecisti
3003 5403 3132 5467 post
3197 5403 3540 5468 conceptum
3587 5399 3866 5470 spiritum,

2181 5483 2295 5532 tres
2327 5496 2505 5534 annos
2533 5498 2639 5552 per
2669 5484 2953 5553 legitimas
2975 5485 3144 5539 ferias
3173 5487 3454 5556 pmnitere
3488 5487 3682 5542 debes.

2253 5568 2799 5624 lnterfecistitilium
2829 5573 2918 5626 vel
2977 5573 3156 5627 ﬁliam
3204 5575 3524 5629 voluntarie
3558 5581 3688 5646 post
3749 5593 3870 5647 par-
