3944 6306
87 346 185 396 973

931 344 1408 399 DECRETORUM
1453 345 1637 399 LIBRI
1675 346 1781 400 ΧΧ.
1816 366 1884 384 -'
1917 345 2121 399 LIBER
2164 343 2469 399 DECIMUS
2506 344 2749 398 NONUS.

3486 349 3589 400 974

88 464 246 516 tum?
280 465 337 517 Si
374 463 574 527 fecisti,
610 465 703 518 Xll
748 480 926 517 annos
964 480 1067 533 per
1111 464 1395 535 legitimas
1460 466 1626 520 ferias
1667 482 1783 535 pas-
1816 474 1862 524 Α
1902 467 2062 535 alias,
2094 470 2148 520 et
2201 471 2260 519 tu
2328 467 2564 519 vulnera
2595 465 2664 519 ab
2721 466 2801 519 eis
2842 465 3132 533 accipias?
3169 466 3227 521 Si
3276 469 3588 535 credidisti,

87 554 269 606 nitere
304 553 495 618 debes,
556 559 611 605 et
662 568 956 623 nunquam
1018 553 1190 607 debes
1242 570 1362 607 esse
1415 554 1535 607 sine
1595 554 1786 625 pceni-

87 641 277 696 tentia.

160 730 469 797 Neglexisti
510 730 788 783 infant‘em
846 735 1031 796 tuum,
1095 736 1156 784 ut
1219 747 1322 801 per
1365 733 1593 801 culpam
1626 736 1785 786 tuam

88 819 205 871 sine
254 818 539 888 baptismo
599 818 958 872 moreretur?
1006 819 1061 873 Si
1109 820 1314 888 fecisti,
1361 836 1540 874 unum
1571 836 1788 874 annum

90 923 190 977 per
239 907 529 976 legitimas
588 907 754 959 ferias
807 907 1085 976 paenitere
1137 907 1329 975 debes,
1388 913 1443 961 et
1488 924 1789 979 nunquam

90 996 165 1049 sis
194 996 319 1048 sine
347 994 703 1064 pceniteutia.

160 1082 464 1138 Confecisti
493 1084 747 1153 aliquam
801 1083 1149 1137 mortiferam
1199 1085 1517 1154 potionem,
1572 1090 1629 1139 et
1660 1100 1788 1139 cum

91 1189 155 1225 ea
185 1172 436 1242 aliquem
484 1171 783 1225 occidisti?
814 1173 869 1226 Si
902 1172 1099 1237 fecisti,
1142 1174 1394 1227 carinam
1444 1190 1621 1227 unam
1660 1190 1787 1227 cum

88 1266 310 1331 septem
355 1261 724 1331 sequentibus
773 1260 939 1314 annis
985 1262 1248 1330 jejunare
1297 1262 1488 1328 debes,
1529 1266 1585 1316 et
1640 1278 1790 1315 nun-

89 1365 262 1420 quam
294 1349 372 1401 sis
403 1348 522 1402 sine
551 1349 905 1418 pmnitentia.
960 1348 1015 1403 Si
1051 1349 1282 1403 voluisti
1331 1354 1523 1404 autem
1569 1354 1624 1403 et
1671 1366 1791 1404 non

90 1437 382 1508 perfecisti
406 1436 800 1503 homicidium,
857 1454 1072 1491 annum
1114 1454 1294 1492 unum
1350 1454 1454 1508 per
1507 1439 1792 1508 legitimas

92 1527 260 1579 ferias
292 1526 566 1596 paenitere
590 1526 779 1579 debes.

164 1614 412 1669 Gustasti
441 1614 509 1667 de
535 1614 752 1668 semine
796 1614 901 1667 viri
936 1615 1038 1681 tui,
1076 1619 1137 1667 ut
1174 1620 1408 1686 propter
1454 1620 1551 1669 tua
1591 1616 1793 1671 diabo-

94 1704 202 1757 lica
246 1704 392 1756 facta
452 1703 578 1773 plus
626 1703 685 1755 in
738 1719 993 1756 amorem
1026 1709 1189 1757 tuum
1221 1705 1585 1758 exardescet?
1634 1705 1689 1759 Si
1716 1706 1792 1759 fe-

94 1792 236 1859 cisti,
296 1796 516 1862 septem
570 1806 751 1845 annos
808 1806 913 1861 per
970 1791 1259 1861 legitimas
1306 1790 1476 1845 ferias
1518 1790 1792 1862 pmnitere

94 1880 283 1933 debes.

168 1988 368 2043 Bibisti
419 1987 666 2042 chrisma
710 1988 780 2041 ad
831 1987 1275 2040 subvertendum
1330 1986 1429 2041 Dei
1488 1987 1793 2057 judicium,

96 2077 184 2129 vel
216 2074 436 2145 aliquid
484 2075 542 2127 in
574 2074 766 2128 herbis
797 2074 881 2127 vel
914 2075 972 2127 in
1002 2073 1208 2139 verbis,
1257 2074 1345 2127 vel
1380 2074 1439 2126 in
1480 2074 1658 2143 ligno,
1708 2074 1795 2126 vel

96 2165 155 2218 in
185 2164 395 2234 lapide,
427 2169 527 2216 aut
578 2163 636 2216 in
669 2163 860 2233 aliqua
903 2164 1075 2216 stulta
1102 2162 1233 2229 ﬁde,
1276 2163 1363 2215 vel
1422 2162 1545 2231 ipsa
1592 2161 1793 2227 fecisti,

96 2254 184 2308 vel
216 2252 341 2306 aliis
374 2251 667 2305 consiliata
698 2268 775 2315 es,
811 2256 907 2304 aut
936 2251 993 2304 in
1034 2268 1130 2303 ore
1164 2256 1260 2303 tuo
1309 2250 1561 2317 tenuisti,
1610 2254 1708 2303 aut
1739 2250 1797 2303 in

96 2340 451 2396 vestimentis
489 2340 600 2393 tuis
643 2340 919 2407 insutum,
952 2340 1035 2393 vel
1091 2339 1239 2393 circa
1268 2344 1324 2393 te
1382 2339 1665 2409 lignatum
1695 2339 1795 2392 ha-

96 2430 289 2498 buisti,
350 2430 436 2483 vel
468 2428 852 2503 qualicunque
883 2428 1114 2498 ingenio
1148 2429 1380 2493 faceres,
1439 2433 1505 2481 ut
1545 2427 1799 2481 crederes

98 2520 361 2574 divinum
442 2517 718 2587 judicium
804 2517 1132 2570 subvertere
1186 2518 1397 2586 posse?
1457 2517 1514 2570 Si
1592 2515 1796 2583 fecisti,

98 2614 318 2680 septem
350 2622 526 2660 annos
557 2622 660 2675 per
721 2604 1004 2675 legitimas
1061 2604 1229 2659 ferias
1278 2604 1554 2675 pcenitere
1606 2605 1791 2659 debes.

171 2711 375 2765 Fecisti
433 2710 581 2781 quod
635 2711 897 2781 quadam
952 2711 1218 2764 mulieres
1272 2711 1456 2764 facere
1509 2712 1693 2764 solent
1746 2714 1802 2764 et

102 2800 347 2852 firmiter
396 2798 653 2865 credunt,
704 2798 783 2852 ita
827 2798 975 2866 dico,
1004 2803 1067 2851 ut
1124 2798 1169 2850 si
1219 2798 1437 2852 vicinus
1489 2799 1612 2868 ejus
1660 2800 1800 2851 lacte

104 2888 187 2942 vel
246 2886 451 2956 apibus
505 2887 845 2954 abundaret,
905 2902 1136 2940 omnem
1197 2887 1607 2941 abundantiam
1640 2887 1800 2940 lactis

102 2982 157 3030 et
188 2977 376 3031 mellis
408 2992 579 3047 quam
611 2992 745 3029 suus
791 2975 1009 3028 vicinus
1041 2982 1173 3029 ante
1204 2992 1262 3029 se
1296 2976 1506 3029 habere
1539 2976 1686 3029 visus
1718 2980 1802 3029 est

104 3067 171 3119 ad
203 3082 261 3118 se
293 3070 347 3119 et
377 3066 446 3119 ad
506 3082 608 3118 sua
661 3064 952 3130 animalia,
989 3063 1073 3116 vel
1131 3064 1201 3116 ad
1268 3080 1408 3133 quos
1457 3062 1743 3117 voluerint
1769 3079 1802 3116 a

105 3154 332 3208 diabolo
356 3154 584 3224 adjutus,
611 3154 727 3207 suis
748 3151 1212 3206 fascinationibus
1238 3157 1293 3205 et
1313 3151 1800 3206 incantationibus

102 3261 159 3297 se
189 3260 357 3313 posse
418 3247 749 3296 convertere
805 3241 1076 3294 credant?
1133 3241 1187 3295 Si
1243 3240 1443 3308 fecisti,
1476 3245 1591 3294 tres
1620 3256 1800 3293 annos

104 3349 209 3403 per
233 3331 519 3402 legitimas
549 3330 718 3384 ferias
739 3330 1034 3401 paeniteas.

174 3437 479 3493 Credidisti
520 3437 669 3508 quod
706 3436 975 3511 quaedam.
1010 3434 1241 3489 credere
1273 3434 1473 3498 solent,
1508 3438 1571 3486 ut
1600 3448 1801 3503 quam-

107 3545 334 3598 cunque
367 3527 603 3580 domum
650 3526 1005 3591 intraverint,
1064 3524 1251 3594 pullos
1296 3538 1586 3588 aucarum,
1631 3536 1804 3591 pavo-

104 3634 265 3683 num,
298 3616 479 3686 pullos
501 3615 865 3683 gallinarum,
899 3613 1070 3666 etiam
1118 3611 1414 3683 porcellos,
1458 3616 1515 3664 et
1561 3610 1804 3664 aliorum

106 3705 446 3758 animalium
476 3703 665 3767 foetus,
698 3702 885 3769 verbo,
928 3702 1014 3755 vel
1046 3700 1191 3767 visu,
1250 3700 1335 3753 vel
1375 3698 1596 3763 auditu,
1646 3696 1804 3751 obfa-

108 3793 327 3846 scinare
360 3797 411 3845 et
470 3791 709 3860 perdere
762 3804 928 3859 posse
996 3787 1330 3842 afﬁrment?
1379 3786 1435 3841 Si
1490 3784 1675 3839 fecisti
1719 3785 1806 3836 vel

107 3880 421 3946 credidisti,
456 3896 636 3933 unum
694 3895 907 3933 annum
965 3894 1067 3949 per
1095 3876 1382 3947 legitimas
1433 3874 1603 3929 ferias
1635 3873 1807 3928 debes

112 3970 413 4041 poenitere.

185 4076 489 4131 Credidisti
555 4075 710 4147 quod
763 4075 957 4128 multae
1012 4072 1282 4127 mulieres
1332 4075 1487 4125 retro
1538 4071 1809 4125 Satanam

114 4181 404 4221 conversas
450 4165 694 4219 credunt
730 4168 784 4217 et
831 4163 1121 4216 afﬁrmant
1171 4176 1368 4214 verum
1400 4175 1540 4225 esse,
1577 4164 1637 4213 ut
1684 4173 1810 4211 cre-

116 4256 217 4309 das
244 4254 517 4325 inquietae
564 4252 747 4307 noctis
795 4250 1021 4305 silentio
1071 4265 1202 4303 cum
1246 4253 1301 4303 te
1340 4245 1700 4302 collocaveris
1750 4245 1811 4298 in

117 4342 265 4399 lecto
295 4344 417 4406 tuo,
451 4345 508 4394 et
550 4340 755 4393 marito
806 4346 904 4392 tuo
936 4339 994 4392 in
1028 4338 1159 4392 sinu
1204 4342 1303 4391 tuo
1327 4336 1573 4407 jacente,
1597 4340 1652 4388 te
1677 4334 1813 4387 dum

118 4445 393 4500 corporea
433 4430 508 4482 sis
555 4428 747 4498 januis
792 4428 997 4481 clausis
1052 4427 1204 4481 exire
1236 4442 1422 4497 posse,
1455 4430 1510 4478 et
1536 4429 1818 4478 terrarum

120 4517 314 4589 spacia
341 4532 469 4570 cum
524 4518 651 4571 aliis
703 4517 878 4570 simili
932 4532 1125 4570 errore
1171 4514 1421 4584 deceptis
1468 4511 1819 4584 pertransire

121 4609 330 4671 valere,
359 4611 417 4660 et
468 4606 732 4660 homines
784 4605 1123 4676 baptizatos,
1176 4608 1231 4657 et
1285 4602 1492 4658 Christi
1542 4600 1820 4671 sanguine

124 4696 473 4767 redemptos,
523 4694 645 4748 sine
694 4694 867 4748 armis
905 4692 1223 4747 visibilibus
1280 4696 1336 4745 et
1391 4690 1735 4756 interficere,
1767 4693 1825 4743 et

126 4785 372 4838 decoctis
402 4783 666 4837 carnibus
723 4798 922 4836 eorum
988 4798 1084 4835 vos
1129 4779 1450 4845 comedere,
1486 4784 1542 4832 et
1583 4777 1642 4831 in
1701 4777 1825 4829 loco

128 4871 317 4926 cordis
346 4887 548 4925 eorum
577 4874 831 4924 stramen
881 4875 981 4924 aut
1037 4868 1280 4939 lignum,
1334 4872 1433 4920 aut
1461 4865 1691 4936 aliquod
1719 4865 1825 4918 hu-

124 4960 381 5032 jusmodi
434 4976 667 5031 ponere,
721 4964 778 5013 et
806 4958 1149 5025 commestis,
1198 4957 1408 5009 iterum
1440 4956 1595 5009 vivos
1624 4955 1827 5022 facere,

128 5055 184 5104 et
211 5048 469 5104 inducias
496 5048 722 5102 vivendi
754 5048 932 5101 dare?
989 5047 1046 5101 Si
1101 5044 1416 5110 credidisti,
1449 5041 1831 5114 quadraginta

130 5138 272 5204 dies,
321 5137 379 5191 id
426 5142 509 5191 est
563 5137 818 5191 carinam
874 5137 934 5189 in
993 5152 1140 5205 pane
1171 5138 1228 5188 et
1260 5148 1408 5203 aqua
1437 5147 1566 5185 cum
1610 5136 1831 5200 septem

135 5225 508 5297 sequentibus
529 5226 694 5280 annis
725 5225 1022 5295 pceniteas.

208 5331 507 5386 Credidisti
542 5332 693 5402 quod
730 5336 996 5401 quaedam
1027 5329 1300 5383 mulieres
1346 5326 1578 5380 credere
1628 5324 1832 5389 solent,

137 5425 200 5474 nt
237 5427 299 5475 tu
331 5436 462 5473 cum
510 5420 635 5474 aliis
666 5419 884 5473 diaboli
911 5418 1184 5472 membris
1234 5417 1370 5470 item
1406 5412 1678 5484 inquietas
1709 5427 1839 5465 noc-

137 5511 209 5564 tis
249 5509 478 5563 sil’entio
509 5508 719 5562 clausis
752 5507 945 5577 januis
974 5507 1033 5560 in
1062 5522 1255 5561 aerem
1296 5519 1475 5574 usque
1530 5502 1601 5555 ad
1658 5500 1839 5554 nubes

141 5598 478 5668 subleveris,
532 5602 587 5650 et
635 5596 715 5651 ibi
770 5612 899 5650 cum
945 5596 1071 5649 aliis
1117 5610 1360 5666 pugnes,
1396 5596 1451 5646 et
1488 5596 1551 5645 ut
1580 5590 1841 5644 vulneres

1897 556 2039 609 duos
2067 571 2245 609 annos
2260 571 2363 625 per
2388 555 2674 625 legitimas
2703 555 2872 608 ferias
2913 554 3210 625 pmniteas.

1968 645 2333 715 Fecistiquod
2350 645 2612 715 quaedam
2631 644 2902 698 mulieres
2917 644 3103 698 facere
3116 644 3343 698 solent?
3364 645 3595 699 Tollunt

1897 732 2116 801 piscem
2144 732 2359 800 vivum,
2391 736 2448 785 et
2490 732 2727 785 mittunt
2753 747 2884 785 eum
2912 731 2972 784 in
3002 730 3371 801 puerperium
3404 748 3591 798 suum,

1897 825 1953 874 et
1978 826 2094 875 tam
2122 821 2215 875 diu
2250 837 2382 874 eum
2407 820 2485 874 ibi
2513 825 2731 889 tenent,
2765 821 2946 874 donec
2996 824 3259 874 mortuus
3303 820 3490 887 fuerit,
3520 826 3592 883 et,

1897 909 2128 962 decocto
2163 909 2317 979 pisce
2344 910 2432 962 vel
2489 914 2692 976 assato,
2748 909 2964 963 maritis
3018 909 3135 962 suis
3182 909 3251 963 ad
3291 911 3594 963 comeden-

1897 998 2034 1052 dum
2065 998 2316 1065 tradunt,
2345 999 2475 1053 ideo
2506 998 2722 1052 faciunt
2758 999 2888 1066 hoc,
2930 1002 2995 1051 ut
3039 999 3169 1068 plus
3224 998 3284 1052 in
3343 1015 3596 1052 amorem

1899 1103 2097 1140 earum
2128 1087 2543 1142 exardescant?
2576 1087 2631 1141 Si
2681 1086 2880 1154 fecisti,
2918 1087 3060 1141 duos
3111 1102 3292 1140 annos
3331 1103 3435 1157 per
3455 1087 3597 1157 legi-

1897 1175 2067 1229 timas
2093 1176 2261 1229 ferias
2291 1176 2587 1246 pmniteas.

1970 1262 2175 1317 Fecisti
2239 1264 2393 1333 quod
2466 1262 2730 1333 quaedam
2801 1262 3070 1316 mulieres
3127 1262 3311 1316 facere
3367 1263 3599 1317 solent?

1900 1353 2276 1405 Prosternunt
2309 1367 2366 1405 se
2416 1352 2478 1405 in
2527 1350 2749 1414 faciem,
2815 1358 2870 1406 et
2922 1351 3294 1422 discoopertis
3344 1350 3599 1420 natibus,

1892 1439 2101 1508 jubent
2129 1443 2191 1492 ut
2223 1455 2394 1509 supra
2422 1440 2604 1493 nudas
2645 1443 2805 1493 nates
2835 1439 3169 1493 conﬁciatur
3198 1439 3385 1509 panis,
3436 1444 3492 1492 et
3529 1454 3597 1493 eo

1901 1528 2131 1580 decocto
2178 1528 2410 1580 tradunt
2458 1528 2677 1581 maritis
2734 1527 2851 1579 suis
2880 1527 2949 1580 ad
2988 1527 3426 1581 comedendum.
3483 1528 3600 1581 Hoc

1900 1615 2029 1669 ideo
2059 1616 2292 1681 faciunt,
2325 1619 2383 1669 ut
2402 1617 2530 1685 plus
2561 1616 2931 1669 exardescant
2960 1615 3021 1668 in
3049 1630 3305 1668 amorem
3336 1614 3600 1669 illarum?

1904 1703 1964 1757 Si
2016 1703 2222 1771 fecisti,
2281 1704 2423 1757 duos
2482 1719 2661 1756 annos
2719 1719 2823 1773 per
2867 1702 3154 1772 legitimas
3211 1703 3381 1755 ferias
3412 1703 3602 1773 poeni-

1904 1796 2043 1847 teas.

1977 1880 2217 1934 Posuisti
2245 1880 2522 1934 infantem
2554 1884 2717 1933 tuum
2742 1881 2907 1949 juxta
2937 1880 3152 1949 ignem,
3188 1884 3244 1932 et
3298 1879 3445 1932 alius
3483 1881 3602 1933 cal-

1904 1968 2123 2021 dariam
2188 1984 2362 2037 supra
2423 1968 2615 2037 ignem
2660 1984 2791 2021 cum
2849 1983 2997 2038 aqua
3052 1967 3229 2032 misit,
3278 1972 3329 2021 et
3371 1967 3605 2021 ebullita

1906 2072 2054 2126 aqua
2084 2057 2415 2125 superfusus
2466 2061 2552 2109 est
2607 2056 2816 2123 infans,
2869 2059 2925 2109 et
2954 2060 3214 2108 mortuus
3263 2060 3364 2109 est.
3399 2056 3481 2109 Tu
3512 2071 3604 2108 au-

1904 2150 2019 2197 tem
2050 2144 2150 2214 qui
2201 2144 2477 2198 infantem
2511 2149 2727 2215 septem
2756 2160 2939 2198 annos
2969 2144 3027 2197 in
3059 2148 3156 2197 tua
3201 2144 3461 2197 custodia
3500 2144 3602 2197 de-

1904 2232 2081 2286 buisti
2132 2232 2363 2298 habere,
2421 2237 2534 2285 tres
2563 2248 2742 2285 annos
2800 2247 2905 2301 per
2954 2231 3236 2301 legitimas
3274 2231 3446 2285 ferias
3484 2247 3603 2301 poe-

1906 2321 2091 2375 nitere
2139 2321 2330 2375 debes.
2387 2322 2485 2374 Ille
2540 2326 2731 2375 autem
2766 2320 2866 2391 qui
2926 2335 3137 2391 aquam
3194 2319 3252 2373 in
3289 2319 3605 2373 caldarium

1907 2409 2077 2473 misit,
2108 2410 2382 2463 innocens
2407 2410 2531 2463 erit.

1983 2498 2181 2551 Fecisti
2209 2498 2361 2567 quod
2389 2499 2655 2568 quaedam
2687 2496 2957 2551 mulieres
3003 2497 3186 2550 facere
3236 2497 3439 2563 solent,
3485 2496 3606 2549 dia-

1908 2586 2108 2640 bolicis
2139 2587 2465 2657 adimpletaa
2505 2585 2870 2656 disciplinis?
2926 2585 3061 2648 Quae
3114 2584 3419 2637 observant
3438 2583 3603 2637 vesti-

1911 2676 2002 2744 gia
2051 2680 2108 2729 et
2155 2676 2455 2745 indagines
2516 2673 2987 2739 Christianorum,
3047 2677 3104 2727 et
3150 2673 3360 2726 tollunt
3412 2673 3482 2725 de
3516 2687 3607 2725 eo-

1909 2779 2040 2817 rum
2072 2763 2309 2833 vestigio
2356 2762 2651 2832 cespitem,
2703 2766 2758 2815 et
2810 2761 2973 2815 illum
3006 2761 3329 2826 observant,
3381 2764 3437 2813 et
3471 2759 3606 2813 inde

1912 2857 2143 2923 sperant
2173 2851 2471 2905 sanitatem
2505 2855 2605 2903 aut
2650 2850 2823 2903 vitam
2855 2865 3055 2903 eorum
3109 2848 3380 2903 auferre?
3434 2848 3491 2903 Si
3519 2848 3606 2901 fe-

1912 2941 2032 2994 cisti
2067 2945 2166 2994 aut
2211 2938 2569 3005 consensisti,
2619 2938 2874 3009 quinque
2932 2953 3113 2991 annos
3173 2952 3278 3007 per
3325 2936 3610 3007 legitimas

1840 3030 1880 3086 C
1912 3029 2082 3083 ferias
2109 3028 2387 3099 poenitere
2413 3026 2604 3082 debes.

1984 3117 2187 3173 Fecisti
2241 3117 2389 3187 quod
2459 3116 2723 3187 quaedam
2792 3115 3063 3169 mulieres
3133 3114 3317 3168 facere
3386 3114 3610 3168 solent?

1910 3207 2139 3260 Tollunt
2170 3196 2535 3258 menstruum
2567 3220 2733 3257 suum
2771 3202 3130 3270 sanguinem,
3183 3206 3239 3254 et
3292 3201 3613 3254 immiscent

1911 3295 2037 3348 cibo
2070 3294 2159 3347 vel
2190 3292 2372 3362 potui,
2407 3298 2464 3345 et
2511 3292 2651 3345 dant
2679 3290 2813 3343 viris
2844 3289 2959 3342 suis
3011 3290 3081 3343 ad
3123 3289 3605 3356 manducandum,

1912 3384 2001 3437 vel
2032 3381 2101 3434 ad
2131 3380 2465 3445 bibendum,
2496 3384 2560 3433 ut
2586 3381 2714 3449 plus
2756 3378 3071 3446 diligantur
3101 3377 3173 3430 ab
3205 3377 3286 3431 eis
3307 3378 3337 3431 ?
3367 3377 3423 3431 Si
3452 3377 3613 3430 fecis-

1912 3470 1977 3535 ti,
2004 3468 2260 3539 quinque
2290 3485 2471 3521 annos
2502 3483 2605 3535 per
2635 3465 2923 3535 legitimas
2953 3465 3122 3517 ferias
3155 3466 3453 3534 pmniteas.

1986 3557 2185 3612 Fecisti
2257 3557 2519 3626 quaedam
2596 3554 2864 3607 mulieres
2946 3553 3131 3607 facere
3196 3552 3430 3606 solent?
3482 3552 3609 3606 Tol-

1915 3648 2043 3701 lunt
2069 3651 2273 3700 testam
2296 3644 2568 3708 hominis,
2593 3648 2650 3696 et
2696 3642 2818 3713 igni
2865 3642 3232 3709 comburunt,
3277 3646 3333 3694 et
3360 3641 3612 3694 cinerem

1915 3736 2051 3790 dant
2079 3735 2214 3788 viris
2240 3734 2355 3786 suis
2378 3733 2445 3787 ad
2502 3732 2813 3786 bibendum
2843 3747 2948 3801 pro
2979 3730 3218 3784 sanitate
3237 3728 3265 3783 ?
3302 3728 3360 3783 Si
3406 3728 3612 3797 fecisti,

1915 3840 2098 3878 unum
2128 3839 2343 3876 annum
2378 3838 2481 3892 per
2503 3821 2789 3892 legitimas
2828 3820 2997 3874 ferias
3021 3819 3318 3889 pmniteas.

1989 3912 2299 3967 Comedisti
2362 3911 2449 3964 vel
2506 3909 2700 3965 bibisti
2765 3909 3003 3979 alicujus
3060 3906 3326 3961 animalis
3383 3905 3615 3977 sangui-

1919 4002 2095 4055 nem?
2129 4002 2187 4056 Si
2218 3999 2417 4067 fecisti,
2445 3999 2698 4070 quinque
2735 3997 2855 4051 dies
2884 3998 2945 4050 in
2973 4012 3121 4067 pane
3150 4000 3207 4050 et
3244 4011 3392 4065 aqua
3438 3994 3616 4064 paeni-

1918 4097 2056 4145 teas.

1992 4176 2193 4231 Fecisti
2226 4175 2377 4245 quod
2411 4174 2673 4245 quaedam
2704 4173 2975 4226 mulieres
3004 4172 3191 4226 facere
3242 4170 3473 4225 solent?
3505 4171 3621 4225 Illae

1923 4266 2049 4320 dico
2077 4281 2205 4335 qua).
2256 4264 2467 4318 habent
2525 4262 2819 4333 vagientes
2872 4261 3137 4327 infantes,
3188 4259 3621 4329 effodiuntter-

1927 4370 2070 4419 ram,
2104 4356 2161 4406 et
2216 4368 2284 4405 ex
2314 4356 2475 4421 parte
2524 4354 2823 4420 pertusant
2874 4364 3022 4415 eam,
3083 4354 3139 4402 et
3167 4364 3271 4418 per
3298 4347 3438 4401 illud
3469 4347 3626 4400 fora-

1928 4459 2062 4496 men
2091 4441 2433 4512 pertrahunt
2471 4440 2769 4507 infantem,
2798 4442 2856 4491 et
2886 4437 2964 4491 sic
2993 4436 3190 4491 dicunt
3217 4434 3497 4506 vagientis
3535 4435 3625 4489 in-

1928 4527 2101 4583 fantis
2167 4544 2384 4581 cessare
2439 4526 2714 4597 vagitum.
2779 4525 2836 4580 Si
2889 4524 3072 4579 fecisti
3128 4527 3227 4577 aut
3269 4522 3626 4590 consensisti,

1932 4616 2190 4687 quinque
2220 4616 2342 4670 dies
2368 4615 2427 4669 in
2450 4631 2596 4687 pane
2619 4625 2675 4668 et
2707 4631 2856 4685 aqua
2894 4612 3191 4683 pmniteas.

2006 4705 2206 4759 Fecisti
2253 4704 2404 4775 quod
2452 4703 2717 4774 quaedam
2774 4702 3043 4757 mulieres
3097 4700 3373 4756 instinctu
3418 4701 3633 4756 diaboli

1934 4794 2117 4848 facere
2168 4792 2399 4848 solent?
2450 4793 2591 4847 Cum
2664 4791 2872 4863 aliquis
2932 4790 3121 4843 infans
3170 4789 3294 4845 sine
3345 4790 3632 4861 baptismo

1935 4887 2198 4937 mortuus
2227 4881 2419 4948 fuerit,
2481 4881 2695 4935 tollunt
2740 4880 2978 4934 cadaver
3019 4878 3267 4948 parvuli,
3315 4883 3372 4932 et
3410 4882 3637 4948 ponunt

1936 4969 1999 5023 in
2044 4968 2237 5039 aliquo
2295 4971 2511 5021 secreto
2565 4968 2711 5033 loco,
2768 4971 2825 5020 et
2873 4966 3006 5036 palo
3061 4965 3464 5034 corpusculum
3514 4965 3637 5034 ejus

1937 5056 2302 5127 transﬁgunt,
2334 5057 2604 5121 dicentes,
2637 5056 2683 5108 si
2706 5056 2785 5109 sic
2812 5071 2929 5109 non
2949 5054 3235 5119 fecissent,
3263 5053 3419 5123 quod
3449 5052 3638 5106 infan-

1940 5147 2096 5202 tulus
2127 5152 2406 5215 surgeret,
2449 5149 2507 5198 et
2571 5145 2781 5198 multos
2808 5143 3020 5198 laedere
3065 5140 3302 5212 posset?
3350 5141 3409 5195 Si
3437 5140 3638 5208 fecisti,

1944 5240 2042 5289 aut
2069 5233 2421 5297 consensisti,
2454 5237 2552 5286 aut
2589 5230 2903 5297 credidisti,
2963 5231 3105 5285 duos
3133 5245 3316 5284 annos
3348 5244 3452 5299 per
3499 5228 3641 5298 legi-

1944 5324 2114 5378 timas
2146 5323 2314 5376 ferias
2334 5323 2505 5377 debes
2542 5320 2825 5391 ponitere.

2020 5412 2221 5466 Fecisti
2248 5412 2399 5483 quod
2423 5411 2686 5482 quaedam
2716 5409 2901 5462 facere
2924 5406 3129 5474 solent,
3164 5405 3378 5461 diaboli
3409 5404 3645 5460 audacia

1950 5499 2222 5569 repletas?
2269 5500 2411 5553 Cum
2443 5500 2637 5569 aliqua
2669 5496 2883 5551 femina
2918 5510 3122 5564 parere
3172 5494 3363 5560 debet,
3424 5497 3480 5547 et
3527 5506 3647 5546 non

1950 5592 2158 5657 potest,
2220 5587 2357 5641 dum
2418 5602 2620 5656 parere
2652 5601 2769 5639 non
2814 5587 3018 5655 potest,
3073 5582 3134 5636 in
3178 5583 3302 5653 ipso
3346 5581 3541 5635 dolore
3602 5581 3649 5635 si
