3944 6302
341 332 442 384 975

1411 319 1813 376 BURCHARDI
1853 313 2384 373 WORMACIENSIS
2423 313 2733 370 EPISCOPl
2749 355 2762 367 .

3755 313 3853 360 976

345 455 530 505 morte
576 448 805 516 obierit,
855 447 914 500 in
980 447 1104 518 ipso
1152 445 1412 515 sepulcro
1463 449 1700 498 matrem
1768 457 1898 495 cum
1954 441 2110 494 in-A
2223 437 2529 492 Comedisti
2561 451 2792 490 carnem
2842 435 2898 488 in
2933 433 3420 505 quadragesima?
3475 433 3531 488 Si
3562 431 3768 496 fecisti,
3801 432 3855 482 in

343 539 500 594 fante
525 538 656 607 palo
684 536 743 589 in
777 541 986 590 terram
1018 534 1378 603 transfigunt.
1408 533 1463 587 Si
1486 531 1668 586 fecisti
1689 531 1775 583 vel
1806 545 2040 584 consen-

347 626 488 693 sisti,
519 627 660 680 duos
718 641 897 678 annos
953 640 1055 694 per
1087 623 1369 693 legitimas
1419 620 1585 674 ferias
1641 618 1811 674 debes
1857 617 2042 688 poeni-

348 720 488 770 tere.

423 801 763 872 Oppressisti
802 801 1077 854 infantem
1111 803 1273 852 tuum
1297 797 1416 851 sine
1467 797 1756 850 voluntate
1795 798 1912 858 tua,
1946 794 2044 845 aut

352 891 606 961 pondere
661 889 1127 942 vestimentorum
1190 892 1416 939 tuorum
1467 883 1774 949 sutfocasti,
1835 886 1889 934 et
1938 881 2045 933 hoc

351 985 485 1050 post
512 977 857 1048 baptismum
913 976 1125 1030 factum
1177 975 1397 1028 fuerat?
1445 972 1504 1027 Si
1545 971 1743 1036 fecisti,
1776 970 1864 1025 XL
1902 968 2041 1033 dies,

352 1068 408 1121 id
441 1071 542 1132 est,
575 1066 824 1119 carinam
867 1065 925 1118 in
957 1080 1103 1135 pane
1134 1069 1192 1117 et
1237 1079 1408 1133 aqua,
1453 1065 1509 1114 et
1549 1059 1819 1124 oleribus,
1874 1062 2047 1126 atque

352 1154 739 1224 leguminibus
795 1152 1096 1224 pceniteas,
1167 1156 1223 1205 et
1283 1168 1314 1204 a
1359 1150 1598 1219 conjuge
1655 1153 1710 1201 te
1767 1145 2047 1200 abstineas

352 1242 530 1295 donec
586 1241 667 1294 illi
697 1241 781 1294 XL
831 1240 952 1294 dies
1007 1243 1432 1309 pertranseant;
1493 1239 1639 1306 post,
1702 1239 1814 1288 tres
1872 1247 2049 1286 annos

350 1346 453 1400 per
475 1329 755 1398 legitimas
796 1327 986 1393 ferias,
1045 1333 1102 1380 et
1146 1332 1260 1379 tres
1292 1323 1756 1396 quadragesimas
1804 1321 1863 1374 in
1894 1335 2047 1374 anno

353 1418 634 1470 observes.
679 1416 838 1480 Quod
872 1415 918 1468 si
959 1420 1091 1468 ante
1138 1413 1490 1483 baptismum
1525 1411 1712 1464 infans
1742 1423 2050 1480 oppressus

353 1503 541 1567 fuerit,
576 1502 868 1572 proximos
896 1503 980 1556 XL
1006 1502 1147 1567 dies,
1193 1505 1256 1554 ut
1313 1515 1484 1569 supra
1544 1500 1892 1567 praeceptum
1945 1497 2049 1561 est,

355 1591 652 1662 poeniteas.
681 1593 877 1644 Postea
905 1607 1036 1642 vero
1070 1588 1530 1659 quinquennium
1555 1586 1799 1654 expleas.

429 1679 697 1732 Invenisti
740 1679 1014 1732 infantem
1058 1683 1219 1730 tuum
1265 1677 1425 1746 juxta
1481 1681 1530 1728 te
1563 1687 1920 1744 oppressum,
1956 1670 2049 1724 ubi

357 1773 420 1820 tu
451 1772 509 1820 et
545 1767 631 1819 vir
659 1771 792 1820 tuus
831 1766 1000 1818 simul
1027 1765 1082 1817 in
1111 1765 1253 1818 lecto
1289 1762 1566 1833 jacuistis,
1622 1765 1678 1814 et
1729 1776 1842 1813 non
1879 1775 2052 1828 appa-

360 1856 476 1909 ruit
505 1860 700 1909 utrum
731 1871 763 1908 a
791 1860 972 1924 patre,
997 1870 1093 1906 seu
1127 1870 1154 1906 a
1189 1858 1240 1905 te
1275 1851 1578 1905 suffocatus
1610 1854 1775 1914 esset,
1809 1865 1879 1901 an
1921 1864 2050 1918 pro-

359 1944 483 2014 pria
516 1948 695 1996 morte
726 1943 1023 1996 defunctus
1050 1946 1216 1994 esset.
1275 1940 1398 1993 Non
1430 1937 1644 1992 debetis
1697 1936 1828 1989 inde
1872 1935 2054 1987 securi

359 2047 498 2097 esse,
552 2046 656 2083 nec
725 2045 846 2082 esse
904 2029 1026 2081 sine
1065 2026 1422 2097 paenitentia.
1476 2025 1580 2078 Sed
1634 2029 1826 2076 tamen
1874 2022 1934 2074 in
1965 2021 2054 2074 his

361 2135 569 2188 magna
625 2117 1000 2171 consideratio
1055 2116 1227 2169 debet
1283 2129 1401 2167 esse
1455 2112 1703 2184 pietatis,
1752 2110 1847 2164 ubi
1898 2110 2054 2163 nulla

362 2207 510 2260 mala
540 2207 803 2259 voluntas
826 2205 951 2271 fuit,
982 2203 1078 2256 sed
1111 2203 1338 2274 propin
1372 2218 1544 2256 mors.
1579 2201 1788 2254 Tamen
1823 2204 2058 2268 propter

363 2292 791 2361 negligentiam,
828 2293 913 2346 XL
933 2291 1051 2344 dies
1085 2291 1140 2344 in
1163 2307 1310 2358 pane
1344 2295 1396 2342 et
1430 2304 1577 2358 aqua
1627 2285 1843 2340 debetis
1873 2284 2055 2355 paeni-

363 2387 503 2432 tere.
553 2379 611 2434 Si
660 2386 852 2432 autern
914 2395 1011 2432 vos
1044 2394 1158 2431 non
1200 2379 1334 2430 latet
1379 2365 1770 2430 interfectores
1821 2389 1940 2426 esse
1974 2373 2059 2425 in-

363 2466 550 2532 fantis,
570 2483 684 2519 non
714 2467 1028 2532 voluntate,
1067 2464 1161 2518 sed
1197 2463 1568 2534 negligentia,
1601 2467 1713 2515 tres
1745 2477 1926 2514 annos
1955 2473 2059 2529 per

363 2555 647 2626 legitimas
695 2555 860 2608 ferias
923 2555 1198 2624 pmnilere
1255 2553 1486 2618 debetis,
1559 2567 1735 2604 unum
1788 2565 1850 2602 ex
1882 2549 1969 2601 bis
1999 2548 2058 2600 in

363 2659 510 2714 pane
533 2650 589 2697 et
618 2659 784 2713 aqua,
819 2647 876 2696 et
899 2648 1156 2712 tempore
1190 2641 1561 2712 paenitudinis
1593 2640 1662 2694 ab
1689 2638 1847 2692 omni
1888 2638 2059 2690 luxu-

364 2732 448 2785 ria
479 2749 573 2786 vos
605 2733 884 2785 custodire
933 2733 1171 2785 debetis.

437 2821 744 2875 Exercuisti
779 2820 1126 2875 lenocinium
1147 2825 1244 2874 aut
1275 2820 1332 2874 in
1353 2825 1406 2873 te
1435 2819 1574 2888 ipsa,
1597 2824 1693 2871 aut
1721 2817 1777 2870 in
1803 2816 1945 2878 aliis,
1981 2815 2060 2867 ita

363 2909 510 2976 dico,
566 2915 626 2962 ut
653 2915 710 2962 tu
774 2911 1094 2963 meretricio
1130 2925 1283 2962 more.
1317 2908 1429 2961 tuis
1478 2906 1828 2960 amatoribus
1856 2920 2060 2973 corpus

2149 527 2329 597 ipsius
2387 525 2522 580 anni
2553 524 2768 578 circulo
2801 524 2872 577 ab
2925 523 3083 578 omni
3132 538 3233 577 esu
3280 521 3541 576 carnium
3573 526 3628 574 te
3682 519 3855 573 absti-

2151 631 2307 670 D885.

2223 703 2534 768 Comedisti
2574 703 2643 756 de
2675 702 2800 756 cibo
2819 701 3164 766 Iudaeorum,
3199 701 3287 754 vel
3325 699 3567 754 aliorum
3605 712 3860 767 pagano-

2154 809 2304 862 rum,
2327 807 2496 862 quem
2516 791 2624 860 ipsi
2648 790 2754 844 sibi
2783 795 3251 860 prmparaverunt
3271 791 3300 843 ?
3327 789 3385 843 Si
3415 787 3620 854 fecisti,
3663 787 3862 840 decem

2153 881 2274 936 dies
2306 881 2362 933 in
2394 897 2541 950 pane
2573 883 2630 932 et
2661 894 2808 948 aqua
2838 878 3131 948 pceniteas.

2225 969 2425 1023 Fecisti
2447 968 2597 1038 quod
2628 967 2859 1037 quidam
2894 966 3074 1018 facere
3124 964 3354 1018 solent?
3389 965 3535 1017 Dum
3568 963 3636 1016 ad
3672 961 3862 1015 Eccle-

2156 1059 2297 1112 siam
2328 1057 2561 1124 vadunt,
2613 1056 2672 1108 in
2723 1055 2843 1125 ipsa
2897 1054 2989 1107 via
3035 1053 3337 1124 proferunt
3392 1068 3522 1105 suas
3554 1050 3860 1111 vanitates,

2156 1147 2551 1216 etloqnuntur
2607 1143 2810 1208 otiosa,
2842 1158 2946 1196 nec
2977 1142 3034 1194 in
3097 1141 3294 1195 eadem
3327 1141 3416 1193 via
3464 1140 3722 1210 cogitant
3768 1137 3866 1190 ali-

2157 1235 2292 1305 quid
2334 1233 2486 1304 quod
2517 1233 2586 1286 ad
2647 1231 2855 1285 animae
2913 1230 3217 1284 utilitatem
3274 1229 3584 1299 pertineat;
3628 1233 3687 1281 et
3735 1241 3866 1280 cum

2155 1322 2419 1377 venerint
2439 1321 2496 1376 in
2524 1321 2731 1374 atrium
2765 1319 3024 1374 Ecclesize
3054 1319 3152 1372 ubi
3196 1319 3421 1389 sepulta
3449 1323 3582 1371 sunt
3621 1331 3868 1386 corpora

2158 1411 2438 1477 fidelium,
2496 1413 2552 1464 et
2605 1409 2742 1463 dum
2769 1407 3106 1462 calcaverint
3152 1409 3411 1478 sepulcra
3463 1405 3869 1476 proximorum

2165 1517 2277 1554 non
2332 1499 2708 1553 recordentur
2767 1496 2905 1568 quid
2963 1497 3044 1550 eis
3087 1495 3348 1550 futurum
3400 1495 3492 1559 sit,
3546 1509 3654 1547 nec
3687 1493 3867 1546 ullam

2161 1588 2537 1651 mentionem,
2590 1603 2694 1640 nec
2747 1586 2886 1638 ullas
2944 1601 3138 1655 preces
3166 1600 3270 1654 pro
3319 1583 3399 1636 eis
3431 1582 3500 1636 ad
3553 1582 3865 1635 Dominum

2162 1677 2431 1742 fundunt,
2466 1676 2618 1745 quod
2655 1675 2836 1728 facere
2882 1673 3222 1726 debuerunt.
3280 1671 3336 1724 Si
3396 1671 3718 1742 neglexisti,
3773 1669 3872 1724 de-

2163 1781 2285 1818 cem
2316 1764 2432 1818 dies
2463 1763 2521 1817 in
2553 1777 2698 1834 pane
2738 1767 2793 1816 et
2831 1777 2978 1832 aqua
3016 1761 3312 1826 pceniteas,
3335 1831 3347 1834 _
3371 1765 3428 1813 et
3459 1760 3587 1812 vide
3626 1758 3873 1813 ulterius

2163 1869 2234 1906 ne
2267 1853 2371 1905 tibi
2423 1831 2734 1921 contingat.
2789 1831 2899 1904 Sed
2929 1831 3388 1921 quandocunque
3431 1848 3490 1901 in
3517 1847 3736 1901 atrium
3779 1847 3876 1900 Ec-

2163 1941 2351 1996 clesiae
2381 1940 2699 2006 intraveris,
2755 1956 2854 1992 ora
2887 1954 2991 2009 pro
3032 1937 3133 2004 eis,
3167 1943 3224 1992 et
3277 1952 3421 2006 roga
3469 1936 3596 1990 illas
3646 1941 3873 1990 sanctas

2164 2029 2385 2085 animas
2412 2045 2658 2099 quarum
2689 2044 2928 2098 corpora
2950 2027 3027 2081 ibi
3060 2026 3438 2097 requiescunt,
3469 2029 3533 2079 ut

2164 2120 2385 2189 possint
2408 2134 2510 2187 pro
2547 2117 2654 2170 tuis
2676 2115 2920 2187 peccatis
2951 2115 3020 2168 ad
3049 2115 3352 2168 Dominum
3376 2114 3433 2166 in

2237 2206 2514 2276 Operatus
2573 2221 2633 2258 es
2682 2204 2899 2274 aliquid
2932 2203 2986 2256 in
3023 2203 3316 2256 Dominica
3365 2200 3508 2255 die?
3563 2201 3618 2256 Si
3663 2201 3872 2265 fecisti,

2165 2299 2281 2348 tres
2309 2295 2429 2348 dies
2455 2294 2509 2346 in
2533 2309 2681 2364 pane
2703 2297 2758 2345 et
2786 2309 2936 2362 aqua
2964 2292 3242 2362 poenitere
3274 2290 3460 2345 debes.

2239 2382 2438 2438 Fecisti
2507 2382 2658 2452 quod
2730 2382 2990 2452 quaedam
3049 2380 3318 2433 mulieres
3390 2379 3575 2432 facere
3647 2379 3876 2433 solent?

2169 2472 2474 2541 Deponunt
2526 2469 2863 2522 vestimenta
2919 2485 3021 2521 sua
3061 2473 3113 2520 et
3162 2472 3348 2521 totum
3401 2483 3606 2536 corpus
3650 2467 3872 2521 nudum

2168 2559 2335 2611 melle
2383 2558 2689 2626 inungunt,
2739 2561 2792 2609 et
2850 2555 2928 2608 sic
2969 2554 3185 2608 mellito
3243 2571 3344 2607 suo
3391 2571 3630 2624 corpore
3703 2570 3876 2624 supra

2168 2646 2421 2700 triticum
2473 2646 2533 2698 in
2579 2645 2820 2716 quodam
2874 2644 3051 2697 linteo
3108 2643 3166 2695 in
3223 2646 3373 2696 terra
3416 2643 3706 2712 deposito,
3756 2659 3873 2696 sese

2170 2734 2274 2788 hac
2307 2740 2478 2804 atque
2535 2733 2660 2786 illac
2700 2732 2906 2802 saepius
2955 2731 3278 2797 revolvunt,
3331 2735 3388 2784 et
3446 2737 3654 2784 cuncta
3705 2731 3883 2785 tritici

2170 2839 2368 2892 grana,
2429 2839 2558 2892 quae
2599 2821 2836 2875 humido
2901 2820 3128 2891 corpori
3183 2820 3494 2884 adhaerent,
3547 2820 3874 2874 cautissime

2169 2911 2466 2981 colligunt,
2519 2916 2573 2964 et
2603 2910 2661 2963 in
2696 2910 2910 2963 molam
2941 2909 3199 2972 mittunt,
3233 2914 3290 2962 et
3335 2913 3648 2962 retrorsum
3677 2915 3875 2962 contra

364 3002 528 3050 tuum
560 2998 627 3050 ad
660 2997 1017 3051 tractandum
1072 3003 1128 3050 et
1156 2998 1223 3050 ad
1255 2996 1682 3056 sordidandum,
1733 3010 1837 3063 pro
1870 2992 2060 3063 precio
2093 2995 2132 3051 C
2169 3001 2345 3054 solam
2381 3001 2589 3053 molam
2639 2997 2875 3052 circuire
2935 2997 3153 3050 faciunt
3196 3000 3250 3050 et
3277 2996 3357 3049 sic
3413 2996 3472 3050 in
3511 2996 3762 3050 farinam
3797 3013 3876 3050 re-

366 3085 714 3150 tradidisses,
757 3101 850 3138 seu
899 3087 1047 3155 quod
1107 3085 1393 3138 crudelius
1436 3089 1521 3136 est
1573 3088 1626 3136 et
1685 3082 2058 3153 periculosius

359 3179 462 3234 est.
489 3175 738 3228 alienum
774 3191 999 3245 corpus,
1030 3174 1164 3228 filiae
1204 3173 1346 3241 dico,
1381 3173 1468 3226 vel
1495 3172 1699 3243 neptis,
1728 3176 1783 3224 et
1817 3170 2056 3240 alicujus

359 3263 715 3321 Christianae.
773 3264 1124 3316 amatoribus
1185 3261 1506 3325 vendidisti,
1558 3262 1643 3314 vel
1708 3259 2050 3326 concessisti,

358 3351 446 3404 vel
479 3350 840 3404 internuncia
895 3351 1068 3414 fuisti,
1128 3351 1215 3403 vel
1267 3349 1563 3403 consiliata
1604 3364 1660 3401 es
1690 3352 1751 3401 ut
1791 3353 2051 3416 stuprum

359 3439 593 3509 aliquod
616 3439 899 3492 talimodo
933 3443 1357 3508 perpetraretur
1382 3437 1409 3491 )
1440 3437 1494 3490 Si
1524 3436 1716 3499 fecisti,
1741 3452 1834 3490 sex
1874 3452 2055 3489 annos

357 3542 459 3596 per
491 3526 773 3595 legitimas
795 3525 962 3580 ferias
995 3526 1288 3595 poeniteas.
1323 3526 1534 3578 Tamen
1565 3524 1623 3577 in
1670 3522 1908 3577 concilio
1939 3522 2050 3576 Eli-

357 3616 594 3669 bertano
625 3615 980 3685 praecipitur,
1011 3619 1074 3668 ut
1099 3615 1194 3668 ille
1217 3614 1315 3684 qui
1338 3614 1458 3667 haec
1483 3611 1914 3683 perpetraverit,
1943 3611 2056 3665 nisi

360 3705 418 3757 in
461 3705 572 3756 fine
605 3719 720 3757 non
753 3703 994 3773 accipiat
1021 3703 1508 3756 communionem.

430 3791 631 3845 Fecisti
655 3791 809 3862 quod
850 3793 1113 3862 quaedam
1146 3791 1414 3844 mulieres
1444 3791 1625 3844 facere
1649 3787 1882 3844 solent?
1911 3787 2048 3842 Cum

356 3879 544 3934 infans
579 3880 798 3934 noviter
839 3886 1006 3935 natus
1041 3885 1144 3945 est,
1180 3886 1236 3934 et
1262 3881 1449 3934 statim
1499 3881 1838 3950 baptizatus,
1887 3882 1943 3931 et
1973 3878 2052 3931 sic

359 3978 617 4022 mortuus
673 3969 866 4031 fuerit,
920 3969 1056 4022 dum
1109 3970 1392 4040 sepeliunt
1453 3985 1606 4036 eum,
1643 3969 1698 4022 in
1756 3967 2050 4021 dexteram

356 4075 588 4112 manum
608 4063 833 4128 ponunt
862 4058 913 4112 ei
949 4063 1213 4128 patenam
1242 4044 1462 4112 ceream
1495 4073 1623 4112 cum
1655 4056 1863 4126 oblata,
1906 4060 1962 4110 et
1991 4056 2051 4110 in

353 4147 641 4201 sinistram
699 4163 932 4200 manum
983 4146 1215 4201 calicem
1275 4164 1405 4201 cum
1457 4147 1588 4200 vino
1647 4145 1912 4200 similiter
1958 4161 2047 4198 ce-

355 4251 513 4288 reum
537 4242 756 4303 ponunt
783 4235 853 4302 ei,
881 4242 935 4291 et
958 4235 1036 4289 sic
1057 4252 1186 4290 eum
1212 4236 1513 4307 sepeliunt.
1544 4235 1600 4289 Si
1626 4235 1825 4304 fecisti,
1849 4236 2045 4288 decem

350 4323 470 4377 dies
503 4325 559 4377 in
589 4340 735 4394 pane
772 4329 826 4376 et
857 4341 1003 4395 aqua
1031 4325 1308 4394 poenitere
1329 4325 1521 4379 debes.

423 4412 624 4466 Fecisti
677 4413 829 4483 quod
878 4413 1140 4483 quaedam
1200 4415 1468 4468 mulieres
1526 4412 1797 4464 adulterae
1862 4410 2043 4464 facere

348 4501 577 4554 solent?
623 4501 764 4556 Cum
824 4501 1076 4571 primum
1135 4501 1518 4556 intellexerint
1569 4500 1720 4570 quod
1760 4505 2042 4553 amatores

348 4606 545 4642 earum
611 4590 894 4660 legitimas
953 4607 1158 4644 uxores
1217 4589 1504 4643 voluerint
1557 4588 1831 4658 accipere,
1905 4593 2041 4642 tunc

347 4678 592 4746 quadam
625 4686 743 4732 arte
771 4678 1028 4732 maleca
1061 4679 1358 4732 libidinem
1391 4677 1642 4731 virorum
1679 4678 2035 4748 extinguunt,

346 4766 700 4836 utlegitimis
751 4768 1018 4837 prodesse
1065 4783 1180 4820 non
1229 4766 1470 4837 possint,
1528 4783 1712 4836 neque
1768 4783 1897 4820 cum
1956 4767 2036 4820 eis

341 4856 511 4909 coire.
546 4855 602 4910 Si
669 4857 847 4910 fecisti
907 4862 1006 4909 aut
1047 4856 1192 4909 alios
1225 4855 1488 4920 docuisti,
1538 4855 1622 4910 XL
1653 4855 1772 4910 dies
1804 4856 1862 4909 in
1888 4872 2033 4926 pane

341 4950 396 4996 et
420 4961 565 5013 aqua
592 4945 866 5014 poenitere
901 4944 1089 4997 debes.

410 5033 676 5086 Obtulisti
702 5032 971 5086 infantem
1004 5037 1166 5084 tuum
1186 5031 1256 5084 ab
1285 5031 1718 5100 baptizandum,
1752 5031 1862 5085 nisi
1891 5033 2031 5102 legi-

334 5120 473 5174 timo
503 5127 779 5191 tempore,
841 5121 895 5174 id
927 5125 1010 5173 est
1059 5120 1117 5173 in
1163 5120 1396 5174 sabbato
1452 5121 1699 5188 Paschse,
1733 5126 1790 5174 et
1819 5121 1877 5174 in
1910 5123 2030 5176 sab-

331 5209 463 5263 bato
517 5213 893 5274 Pentecostes,
947 5208 1056 5262 nisi
1112 5208 1463 5262 infirmitatis
1510 5209 1903 5265 necessitate?
1972 5210 2028 5265 Si

327 5298 527 5363 fecisti,
562 5298 758 5351 decem
792 5298 912 5351 dies
942 5296 1000 5350 in
1029 5313 1172 5366 pane
1193 5301 1247 5350 et
1269 5313 1415 5368 aqua
1453 5297 1624 5351 debes
1659 5298 1952 5367 poenitere.

397 5386 700 5455 Neglexisti
737 5385 963 5438 visitare
999 5384 1276 5453 infirmos,
1335 5390 1389 5438 et
1421 5401 1536 5439 non
1594 5385 1796 5438 venisti
1827 5386 1897 5440 ad
1930 5402 2026 5439 eos

322 5474 421 5543 qui
455 5474 511 5527 in
560 5491 782 5528 carcere
840 5479 1024 5540 erant,
1081 5480 1138 5527 et
1169 5490 1284 5527 non
1335 5473 1779 5530 sulxniuistrasti
1812 5473 1934 5529 eis?
1967 5475 2024 5530 Si

325 5577 443 5615 non
475 5563 676 5631 fecisti,
709 5563 904 5616 decem
937 5563 1054 5616 dies
1091 5563 1149 5616 iu
1178 5579 1325 5632 pane
1357 5568 1412 5617 et
1441 5579 1588 5634 aqua
1613 5564 1909 5634 pceniteas.

2167 3088 2388 3158 digunt,
2421 3092 2475 3141 et
2506 3088 2573 3141 de
2635 3086 2733 3140 illa
2786 3085 2970 3139 farina
3039 3100 3243 3156 panem
3294 3083 3626 3151 conficiunt,
3691 3091 3749 3138 et
3794 3085 3869 3137 sic

2167 3175 2384 3227 maritis
2429 3173 2544 3227 suis
2603 3173 2676 3227 ad
2728 3171 3142 3227 comedendum
3202 3171 3454 3234 trahunt,
3513 3175 3579 3224 ut
3621 3179 3875 3225 comesto

2163 3278 2313 3332 pane
2360 3267 2710 3316 marcescant
2777 3266 2832 3314 et
2879 3259 3192 3315 deficiant?
3233 3259 3292 3314 Si
3343 3259 3546 3322 fecisti,
3623 3261 3872 3330 quadra-

2164 3351 2323 3421 ginta
2353 3350 2471 3404 dies
2511 3351 2566 3403 in
2591 3366 2736 3420 pane
2757 3352 2813 3403 et
2842 3365 2991 3419 aqua
3020 3348 3319 3418 poeniteas.

2235 3439 2433 3493 Fecisti
2485 3439 2635 3509 quod
2711 3438 2974 3509 quaedam
3053 3437 3324 3491 mulieres
3389 3435 3575 3490 facere
3637 3437 3874 3492 solent?

2165 3529 2310 3582 Dum
2342 3527 2594 3598 pluviam
2633 3543 2751 3580 non
2771 3526 3003 3590 habent,
3038 3531 3094 3579 et
3109 3541 3175 3579 ea
3197 3525 3474 3596 indigent,
3513 3531 3652 3579 tunc
3683 3527 3872 3597 plures

2161 3617 2380 3687 puellas
2437 3621 2805 3687 congregant,
2880 3619 2933 3669 et
2991 3630 3165 3668 unam
3223 3615 3518 3685 parvulam
3581 3615 3868 3685 virginem

2162 3707 2324 3777 quasi
2356 3706 2556 3760 ducem
2611 3706 2719 3759 sibi
2751 3709 3113 3776 praeponunt,
3163 3709 3219 3758 et
3249 3703 3508 3757 eamdem
3549 3703 3867 3771 denudant,

2162 3799 2219 3848 et
2245 3800 2402 3848 extra
2423 3795 2617 3849 villam
2674 3793 2774 3848 ubi
2804 3794 3039 3848 herbam
3094 3793 3486 3864 jusquiamum
3543 3793 3866 3858 inveniunt,

2161 3899 2288 3954 quae
2341 3885 2646 3938 Teutonice
2696 3883 2874 3937 bclisa
2917 3886 3170 3948 vocatur,
3221 3883 3301 3935 sic
3361 3881 3632 3935 nudatam
3695 3883 3870 3936 dedu-

2160 3977 2314 4039 cunt,
2357 3977 2414 4025 et
2442 3973 2701 4026 eamdem
2742 3971 3001 4033 herbam,
3035 3971 3294 4025 eamdem
3333 3971 3613 4040 virginem
3655 3972 3736 4025 sic
3767 3987 3868 4025 nu-

2158 4060 2289 4114 dam
2351 4061 2588 4114 minimo
2642 4060 2820 4130 digito
2863 4060 3074 4114 dextrae
3124 4076 3328 4113 manus
3375 4075 3574 4113 eruere
3622 4059 3863 4126 faciunt,

2159 4153 2216 4202 et.
2245 4149 2512 4203 radicitus
2563 4153 2782 4202 erutam
2824 4164 2954 4202 cum
2991 4148 3266 4219 ligamine
3315 4149 3532 4219 aliquo.
3571 4148 3642 4202 ad
3690 4149 3861 4202 mini-

2160 4254 2316 4292 mum
2351 4238 2591 4308 digitum
2623 4237 2803 4291 dextri
2832 4237 2994 4306 pedis
3024 4237 3202 4306 ligare
3253 4237 3486 4290 faciunt.
3517 4237 3585 4290 Et
3621 4236 3864 4306 singulae

2159 4327 2365 4397 puellre
2392 4327 2646 4396 singulas
2676 4326 2862 4396 virgas
2909 4325 2967 4378 in
3000 4325 3265 4378 manibus
3310 4325 3603 4390 habentes,
3660 4342 3862 4397 supra-

2153 4416 2358 4470 dictam
2407 4414 2688 4485 virginem
2719 4415 2955 4468 herbam
2999 4419 3129 4485 post
3177 4431 3234 4468 se
3283 4414 3606 4467 trahentem
3658 4415 3720 4467 in
3750 4413 3859 4468 u-

2152 4519 2283 4558 men
2339 4504 2667 4574 proximum
2708 4502 3100 4570 introducunt,
3151 4508 3367 4556 etcum
3425 4503 3640 4557 eisdem
3685 4503 3862 4574 virgis

2151 4593 2431 4663 virginem
2466 4591 2704 4646 umine
2753 4596 3084 4662 aspergunt,
3127 4596 3183 4646 et
3229 4591 3308 4645 sic
3349 4593 3467 4646 suis
3522 4591 3861 4646 incantatio-

2149 4681 2316 4734 nibus
2371 4680 2625 4751 pluviam
2679 4696 2738 4733 se
2785 4680 2993 4734 habere
3043 4686 3292 4750 sperant.
3356 4681 3420 4734 Et
3468 4687 3597 4751 post
3654 4682 3858 4736 eadem

2147 4769 2430 4840 virginem
2461 4769 2540 4822 sic
2571 4768 2786 4822 nudam
2835 4769 3200 4839 transpositis
3248 4775 3306 4822 et
3342 4770 3576 4823 mutatis
3627 4769 3688 4823 in
3733 4786 3855 4824 mo-

2147 4858 2283 4912 dum
2327 4858 2514 4911 cancri
2571 4857 2844 4927 vestigiis,
2899 4873 2933 4911 a
2990 4857 3229 4912 umine
3286 4857 3358 4911 ad
3421 4857 3633 4921 villam,
3701 4859 3856 4912 inter

2144 4960 2349 4999 manus
2403 4945 2724 4999 reducunt?
2772 4944 2826 5000 Si
2883 4945 3061 4999 fecisti
3114 4951 3211 4999 aut
3259 4946 3619 4999 consentiens
3673 4946 3852 5014 fuisti,

2141 5033 2344 5103 viginti
2370 5034 2490 5088 dies
2521 5034 2579 5087 in
2607 5049 2752 5104 pane
2775 5038 2830 5088 et
2851 5050 2999 5104 aqua
3031 5035 3202 5088 debes
3245 5035 3542 5104 poenitere.

2142 5121 2269 5176 CAP.
2312 5124 2397 5177 VI.
2548 5125 2618 5176 De
2669 5123 3032 5178 admonitione
3081 5129 3194 5178 octo
3245 5125 3638 5193 principalium
3681 5126 3849 5179 vitio-

2597 5228 2736 5273 rum,
2779 5217 2830 5266 et
2870 5228 3049 5266 eorum
3078 5214 3370 5282 speciebus.

2210 5300 2320 5367 (Eae
2377 5302 2744 5356 Ptenitentiali
2796 5301 3014 5366 Theod.)
3071 5302 3230 5355 Nunc
3285 5301 3390 5355 tibi
3453 5305 3580 5355 octo
3630 5301 3843 5372 princi-

2134 5388 2288 5458 palia
2335 5389 2470 5442 vitia
2502 5389 2813 5460 explicabo.
2849 5389 2907 5444 Si
2955 5390 3015 5444 in
3065 5391 3175 5444 illis
3231 5395 3286 5444 te
3345 5407 3705 5460 percussum,
3756 5397 3844 5445 ta-

2135 5482 2289 5531 ctum
2338 5483 2395 5532 et
2451 5479 2812 5532 vulneratum
2863 5479 3058 5543 sentis,
3113 5480 3240 5533 vide
3283 5495 3353 5533 ne
3413 5495 3505 5534 me
3554 5481 3741 5546 caeles,
3786 5481 3842 5534 id

2133 5571 2236 5634 est,
2301 5567 2648 5636 superbiam,
2701 5584 2902 5622 vanam
2980 5569 3242 5638 gloriam,
3314 5567 3612 5634 invidiam,
3676 5569 3837 5636 iram,
