3944 6320
115 357 220 410 9⁸77

965 356 1433 415 DECRETORUM
1480 360 1668 414 LIBRI
1706 360 1812 415 ΧΧ.
1855 390 1924 399 —
1964 359 2178 415 LIBER
2217 359 2525 416 DECIMUS
2565 360 2806 418 NONUS.

3512 368 3614 419 978

111 482 429 549 tristitiam,
494 482 812 550 avaritiam,
861 482 1073 536 ventris
1116 482 1452 553 ingluviem,
1506 483 1809 537 luxuriam.
1843 487 1891 537 A
1931 482 2235 536 Humiliter
2266 482 2439 536 etiam
2470 488 2525 537 te
2558 483 2814 537 sacerdos
2862 483 2964 537 Dei
2986 501 3243 554 exposco,
3282 490 3344 539 ut
3372 486 3613 540 interce-

112 572 189 625 Ex
242 572 455 642 quibus
500 570 546 624 si
594 576 650 624 te
698 571 1044 641 culpabilem
1101 573 1482 641 recognoscis,
1525 572 1810 642 paniten-

111 661 253 713 tiam
287 660 533 730 suscipe,
565 675 698 713 nam
732 675 797 713 ex
834 660 920 712 his
952 660 1146 713 omnia
1178 662 1313 714 vitia
1341 661 1627 714 oriuntur.

183 750 264 802 De
307 748 593 818 superbia,
650 763 778 818 qua
830 748 1060 801 initium
1110 749 1298 803 omnis
1347 750 1560 819 peccati
1607 754 1705 812 est,
1759 753 1814 803 et

107 838 316 906 regina
346 836 605 890 omnium
641 837 945 903 malorum,
980 837 1233 890 nascitur
1264 838 1453 891 omnis
1474 837 1811 891 inobedien-

107 925 211 990 tia,
256 925 447 977 omnis
503 926 898 994 prasumptio,
941 930 998 977 et
1043 925 1229 978 omnis
1282 926 1632 995 pertinacia,
1677 941 1812 977 con-

106 1012 425 1079 tentiones,
457 1012 721 1079 hareses,
753 1012 1101 1081 arrogantia.

180 1101 262 1153 De
301 1116 445 1153 vana
486 1099 690 1170 gloria,
729 1099 1027 1168 jactantia,
1079 1099 1426 1168 arrogantia,
1469 1098 1809 1169 indignatio,

109 1186 423 1254 discordia,
450 1186 640 1240 inanis
669 1187 869 1256 gloria
900 1187 1125 1258 cupido,
1167 1192 1223 1240 et
1253 1186 1584 1256 hypocrisis.

185 1277 267 1330 De
327 1275 559 1338 invidia,
632 1276 881 1329 nascitur
947 1275 1162 1339 odium,
1230 1275 1569 1343 susurratio,
1624 1275 1809 1329 detra-

106 1364 246 1432 ctio,
307 1363 580 1417 exultatio
657 1364 718 1416 in
799 1363 1053 1417 adversis
1115 1363 1380 1433 proximi,
1449 1362 1684 1417 afﬂictio
1751 1363 1811 1416 in

109 1452 428 1523 prosperis.

184 1544 265 1596 De
293 1542 379 1595 ira
421 1540 686 1595 oriuntur
739 1540 893 1607 rixa,
930 1548 1126 1594 tumor
1165 1540 1392 1605 mentis,
1426 1541 1807 1606 contumelia,

108 1631 349 1695 clamor,
394 1629 730 1698 indignatio,
782 1629 1180 1698 prasumptio,
1227 1628 1622 1698 blasphemia,
1678 1646 1808 1681 san-

109 1718 306 1789 guinis
351 1718 576 1784 etfusio,
626 1717 947 1777 homicidia,
1005 1716 1313 1771 ulciscendi
1367 1716 1667 1787 cupiditas,
1721 1717 1810 1770 in-

105 1807 402 1878 juriarum
433 1806 729 1859 memoria.
1454 1826 1457 1827 ν

183 1896 263 1949 De
315 1894 545 1947 tristitia
568 1893 815 1946 nascitur
844 1892 1081 1958 malitia,
1122 1909 1327 1946 rancor
1384 1892 1583 1961 animi,
1634 1892 1810 1963 pusil-

109 1982 428 2048 lanimitas,
502 1982 839 2042 amaritudo,
905 1982 1251 2052 desperatio,
1308 1986 1527 2050 torpor,
1584 1980 1809 2049 vagatio

109 2074 346 2135 mentis,
416 2087 566 2140 sape
613 2071 787 2124 etiam
842 2075 900 2123 et
942 2070 1236 2140 prasentis
1285 2069 1419 2122 vita
1457 2070 1614 2123 nulla
1656 2069 1807 2122 dele-

110 2159 309 2213 ctatio.

186 2249 264 2301 De
326 2246 561 2299 avaritia
609 2246 877 2300 oriuntur
928 2245 1177 2312 invidia,
1246 2246 1418 2311 furta,
1486 2243 1807 2310 latrocinia,

111 2334 453 2399 homicidia,
504 2334 821 2400 mendacia,
874 2335 1149 2405 perjuria,
1197 2334 1435 2404 rapina,
1496 2332 1809 2401 violentia,

110 2422 482 2494 inquietudo,
560 2423 773 2491 injusta
833 2422 1068 2492 judicia,
1137 2427 1498 2491 contemptus
1559 2420 1812 2475 veritatis

112 2513 350 2577 futura,
379 2508 749 2563 beatitudinis
776 2508 1005 2575 oblivio,
1039 2508 1344 2562 obduratio
1374 2507 1579 2561 cordis.

184 2598 269 2651 De
327 2596 540 2649 ventris
593 2597 846 2667 ingluvie
923 2600 1277 2666 prapagatur
1349 2597 1542 2666 inepta
1592 2596 1809 2661 latitia,

113 2684 454 2749 scurrilitas,
501 2683 715 2751 levitas,
776 2684 1195 2754 vaniloquium,
1256 2682 1633 2738 immundicia
1683 2700 1811 2737 cor-

113 2773 295 2844 poris,
326 2772 668 2827 instabilitas
720 2773 945 2838 mentis,
982 2772 1247 2839 ebrietas,
1296 2773 1492 2837 libido,
1526 2773 1811 2827 hebetudo

117 2878 340 2916 εθηευε.

187 2951 270 3005 De
306 2950 534 3004 luxuria
592 2954 903 3020 generatur
950 2950 1170 3003 cacitas
1220 2950 1446 3013 mentis,
1495 2948 1814 3003 inconside-

1922 572 2021 624 das
2049 587 2151 641 pro
2182 587 2293 639 me,
2348 576 2402 624 et
2444 588 2550 641 pro
2586 573 2830 641 peccatis
2877 572 3018 626 meis
3066 574 3135 626 ad
3189 574 3492 628 Dominum
3560 580 3616 628 et

1922 666 2232 713 creatorem
2289 664 2570 728 nostrum,
2636 665 2916 731 quatenus
2969 662 3038 715 de
3096 661 3183 714 his
3240 668 3296 715 et
3343 663 3610 717 omnibus

1923 748 2231 802 sceleribus
2282 748 2420 802 meis
2469 748 2696 802 veniam
2746 754 2802 803 et
2857 750 3281 820 indulgentiam
3340 753 3612 822 consequi

1924 852 2167 890 merear.

1922 926 2120 980 Deinde
2162 925 2409 980 sacerdos
2459 940 2577 979 cum
2622 930 2905 994 panitente
2954 930 3265 994 prosternat
3309 942 3363 981 se
3392 930 3449 980 in
3500 933 3613 982 ter-

2160 1029 2299 1080 ram,
2335 1018 2385 1066 et
2400 1013 2644 1067 decantet
2675 1014 2766 1067 hos
2794 1018 3067 1081 sequentes
3099 1015 3358 1067 Psalmos.

1992 1103 2054 1155 In
2085 1102 2289 1171 primis
2337 1102 2486 1155 dicat
2541 1102 2829 1155 Psalmum
2886 1101 3244 1171 trigesimum
3303 1102 3614 1171 septimum

1920 1197 2124 1257 totum,
2161 1192 2399 1245 Domine
2431 1207 2500 1244 ne
2550 1193 2609 1243 in
2651 1192 2843 1244 furore
2892 1197 2988 1243 tuo
3023 1207 3035 1243 :
3086 1198 3143 1244 et
3196 1197 3391 1261 postea
3431 1192 3607 1255 dicat;

1921 1278 2449 1347 Oremus,etcantet
2472 1280 2761 1334 Psalmum
2797 1279 2887 1333 Cll
2915 1295 2927 1333 :
2955 1279 3216 1343 Benedic,
3252 1280 3442 1333 anima
3464 1296 3610 1340 mea,

1922 1370 2200 1435 Domino;
2250 1376 2306 1423 et
2335 1369 2544 1423 iterum
2601 1370 2772 1435 dicat,
2828 1369 3084 1429 Oremus,
3133 1373 3186 1421 et
3230 1374 3417 1421 cantet
3464 1369 3612 1422 Psal-

1922 1475 2075 1513 mum
2114 1460 2151 1512 L
2188 1474 2199 1512 :
2234 1458 2497 1511 Miserere
2528 1459 2662 1522 mei,
2704 1459 2867 1510 Deus.
2917 1457 3198 1511 Posthac
3231 1462 3418 1510 cantet
3456 1457 3605 1510 Psal-

1923 1560 2081 1597 mum
2115 1544 2231 1597 LllI
2265 1560 2276 1595 :
2318 1545 2483 1607 Deus,
2520 1543 2574 1595 in
2610 1543 2841 1596 nomine
2884 1549 3016 1608 tuo;
3061 1548 3115 1595 et
3145 1543 3314 1605 dicat,
3348 1543 3608 1607 Oremus,

1921 1636 1977 1686 et
2005 1637 2195 1685 cantet
2226 1632 2512 1684 Psalmum
2551 1632 2611 1685 LI
2640 1647 2652 1684 :
2690 1632 2833 1695 Quid
2874 1630 3135 1701 gloriaris
3164 1631 3222 1683 in
3250 1630 3486 1684 malitia.

2186 1723 2329 1775 Tunc
2358 1721 2506 1773 dicat
2537 1721 2633 1773 has
2653 1720 3028 1787 subsequentes
3060 1723 3345 1773 orationes.

1996 1810 2141 1863 Deus
2186 1809 2346 1879 cujus
2406 1808 2765 1877 indulgentia
2828 1824 2998 1861 nemo
3047 1824 3161 1860 non
3210 1807 3453 1876 indiget,
3497 1822 3612 1861 me-

1920 1902 2116 1951 mento
2147 1897 2347 1951 famuli
2373 1898 2457 1951 tui
2489 1899 2553 1951 N.
2588 1896 2687 1967 qui
2718 1896 2939 1950 lubrica
2968 1895 3181 1949 terreni
3218 1894 3474 1965 corporis
3502 1896 3611 1949 fra-

1920 1985 2137 2056 gilitate
2160 1985 2407 2039 nudatus
2427 1990 2530 2052 est,
2558 2000 2908 2055 quasumus,
2938 1985 3009 2038 da
3032 1983 3257 2037 veniam
3288 1984 3606 2043 conﬁtenti,

1920 2090 2087 2144 parce
2126 2073 2392 2143 supplici,
2438 2078 2502 2126 ut
2560 2072 2658 2142 qui
2717 2072 2833 2125 suis
2879 2071 3098 2124 meritis
3144 2077 3458 2134 accusatur,
3509 2076 3608 2125 tua

1919 2160 2283 2215 miseratione
2317 2162 2578 2214 salvetur.
2614 2162 2718 2213 Per
2749 2158 3076 2213 Dominum.

1993 2249 2232 2303 Domine
2264 2254 2477 2315 sancte,
2536 2250 2720 2313 Pater,
2769 2246 3129 2317 omnipotens
3177 2253 3389 2301 aterne
3440 2248 3606 2314 Deus,

1920 2337 2020 2408 qui
2078 2353 2181 2407 per
2230 2339 2422 2392 Jesum
2479 2337 2764 2392 Christum
2819 2337 3024 2391 Filium
3078 2340 3241 2389 tuum
3302 2335 3609 2390 Dominum

1920 2426 2178 2476 nostrum
2210 2423 2444 2476 vulnera
2475 2426 2671 2475 nostra
2702 2437 2901 2475 curare
2929 2421 3198 2489 dignatus
3245 2436 3323 2487 es,
3373 2427 3426 2475 te
3476 2437 3607 2490 sup-

1921 2511 2094 2580 plices
2123 2526 2408 2580 rogamus,
2428 2515 2484 2563 et
2508 2510 2775 2580 petimus,
2798 2514 2859 2561 ut
2886 2508 3149 2578 precibus
3176 2508 3384 2562 nostris
3414 2524 3609 2561 aurem

1920 2603 2032 2652 tua
2062 2597 2292 2668 pietatis
2339 2598 2614 2652 inclinare
2663 2597 2938 2665 digneris,
2993 2596 3093 2666 qui
3138 2596 3309 2650 etiam
3368 2596 3611 2649 remittis

1922 2687 2117 2742 omnia
2146 2687 2406 2753 crimina,
2442 2690 2493 2739 et
2552 2692 2779 2756 peccata
2818 2685 3083 2738 universa
3121 2685 3423 2748 condonas,
3486 2684 3609 2738 des-

1921 2793 2032 2847 que
2065 2777 2197 2830 huic
2227 2774 2442 2828 famulo
2472 2779 2594 2841 tuo,
2622 2772 2886 2841 Domine,
2909 2789 3011 2843 pro
3039 2772 3332 2842 suppliciis
3362 2773 3607 2838 veniam,

1921 2880 2024 2936 pro
2065 2876 2307 2917 maerore
2358 2862 2634 2929 latitiam,
2694 2878 2797 2932 pro
2845 2867 3029 2916 morte
3072 2861 3270 2926 vitam,
3302 2865 3368 2914 ut
3416 2861 3485 2915 de
3516 2864 3611 2913 tua

1925 2951 2312 3008 misericordia
2344 2950 2659 3015 conﬁdens,
2716 2950 3010 3020 pervenire
3059 2964 3384 3003 mereamur
3433 2948 3504 3002 ad
3538 2947 3612 3000 vi-

117 3038 282 3102 ratio,
346 3037 727 3091 inconstantia
796 3037 1116 3103 oculorum,
1184 3038 1270 3091 vel
1336 3038 1511 3091 totius
1561 3038 1813 3107 corporis
1847 3035 1886 3089 C
1926 3046 2040 3095 tam
2067 3040 2491 3094 aternam.Per
2521 3039 2789 3091 eumdem
2825 3038 3149 3091 Dominum.

117 3126 519 3198 pracipitatio,
583 3142 743 3180 amor
796 3126 1209 3181 immoderatus
1255 3128 1363 3192 sui,
1413 3127 1608 3182 odium
1652 3143 1811 3180 man-

120 3216 391 3269 datorum
451 3214 569 3280 Dei,
619 3214 854 3268 aﬂ‘ectus
906 3214 1205 3285 praesentis
1259 3216 1472 3281 saculi,
1525 3215 1727 3269 horror
1761 3218 1815 3267 et

120 3302 444 3375 desperatio
470 3303 668 3357 futuri.

189 3391 321 3446 CAP.
348 3392 470 3445 VII.
498 3423 562 3431 —
583 3393 719 3447 Item
743 3392 807 3445 de
826 3392 1121 3446 virtutibus
1138 3393 1332 3461 quibus
1362 3392 1544 3446 eadem
1570 3395 1708 3445 vitia
1728 3406 1815 3445 su-

276 3483 472 3550 perari
496 3482 731 3550 possint,
761 3485 816 3534 et
847 3481 913 3534 de
942 3482 1275 3535 conclusione
1303 3482 1652 3548 panitentia.

193 3570 342 3639 Ergo
408 3568 455 3621 si
520 3569 799 3639 superbus
861 3584 1039 3640 usque
1106 3569 1278 3622 modo
1334 3568 1513 3633 fuisti,
1576 3566 1817 3622 humilia

120 3657 375 3727 teipsum
404 3656 464 3709 in
516 3661 820 3726 conspectu
874 3657 989 3711 Dei.
1052 3656 1109 3711 Si
1152 3672 1353 3709 vanam
1389 3656 1628 3726 gloriam
1682 3656 1816 3709 dile-

120 3745 276 3812 xisti,
311 3745 499 3816 cogita
531 3762 603 3799 ne
632 3750 872 3815 propter
913 3746 1295 3799 transitoriam
1344 3746 1594 3807 laudem,
1645 3749 1816 3799 ater-

120 3848 257 3888 nam
284 3834 489 3903 perdas
524 3835 859 3888 mercedem.
886 3833 943 3888 Si
965 3833 1197 3888 invidia
1218 3833 1420 3904 rubigo
1441 3837 1498 3887 te
1523 3833 1818 3903 hucusque

120 3922 502 3991 consumpsit,
537 3922 690 3993 quod
724 3928 809 3977 est
836 3927 1130 3994 peccatum
1164 3922 1498 3987 maximum,
1551 3927 1607 3975 et
1648 3936 1819 3991 super

121 4011 323 4065 omnia
351 4010 681 4065 detestabile
715 4028 728 4065 :
764 4012 899 4082 quia
928 4011 1155 4066 diabolo
1179 4015 1546 4082 comparatur
1571 4010 1815 4077 invidus,

124 4099 225 4170 qui
279 4098 471 4169 primo
516 4100 736 4154 homini
797 4100 1003 4154 invidit
1060 4100 1277 4167 datum,
1342 4100 1496 4171 quod
1548 4099 1668 4169 ipse
1718 4114 1821 4168 per

122 4204 288 4241 suam
319 4187 545 4257 culpam
574 4188 923 4257 perdiderat,
980 4204 1085 4259 age
1116 4189 1536 4257 paenitentiam,
1586 4192 1641 4241 et
1687 4203 1819 4257 pro-

122 4277 616 4366 fectumaliorum
650 4281 814 4366 tuum
840 4278 1068 4366 deputa.
1122 4277 1179 4331 Si
1211 4277 1440 4331 tristitia
1471 4283 1524 4330 te
1564 4280 1815 4366 superat,
1846 4312 1888 4366 Β

123 4363 465 4435 patientiam
499 4370 553 4418 et
581 4364 1081 4436 longanimitatem
1112 4367 1412 4420 meditare.
1459 4366 1515 4421 Si
1568 4365 1818 4419 avaritia

126 4452 362 4507 morbus
408 4457 462 4505 te
510 4460 729 4524 gravat,
772 4454 957 4525 cogita
1032 4454 1166 4525 quia
1207 4456 1370 4509 radix
1426 4459 1509 4508 est
1557 4453 1815 4508 omnium

124 4542 434 4609 malorum,
469 4547 525 4596 et
556 4543 895 4597 idololatria
922 4548 1306 4612 comparatur,
1337 4548 1392 4597 et
1420 4543 1551 4597 ideo
1592 4544 1819 4613 largum

124 4638 178 4687 te
213 4646 338 4684 esse
369 4635 611 4699 oportet.
648 4630 705 4684 Si
743 4630 828 4682 ira
874 4634 929 4684 te
979 4637 1158 4692 vexat,
1212 4647 1341 4701 qua
1393 4631 1450 4684 in
1515 4632 1819 4685 stultorum

125 4721 255 4774 sinu
289 4718 617 4789 requiescit,
651 4718 933 4772 dominari
970 4720 1142 4773 debes
1171 4721 1365 4772 animo
1398 4723 1516 4781 tuo,
1568 4726 1624 4773 et
1675 4721 1822 4774 hanc

128 4812 245 4861 ate
273 4805 482 4858 mentis
521 4804 932 4874 tranquillitate
986 4806 1139 4875 fuga.
1186 4804 1245 4860 Si
1294 4805 1508 4859 ventris
1539 4806 1821 4876 ingluvies

126 4900 182 4949 te
210 4894 282 4947 ad
316 4893 703 4947 devorandum
736 4894 1036 4963 pertrahit,
1083 4893 1446 4947 sobrietatem
1493 4900 1724 4949 sectare.
1766 4895 1823 4949 Si

129 4982 393 5048 luxuria,
428 4982 746 5037 castitatem
778 4999 936 5036 vove.

199 5072 358 5125 Tunc
404 5075 729 5139 prosternat
775 5087 831 5124 se
875 5070 1161 5141 paenitens
1208 5069 1267 5124 in
1314 5074 1549 5139 terram,
1600 5075 1656 5125 et
1694 5088 1821 5125 cum

130 5157 399 5228 lacrymis
446 5158 597 5212 dicat
651 5159 761 5212 :Et
801 5158 862 5211 in
910 5158 1016 5227 his,
1070 5162 1125 5213 et
1170 5158 1231 5211 in
1297 5157 1422 5211 aliis
1469 5157 1641 5225 vitiis,
1691 5159 1826 5228 qui-

132 5249 469 5317 buscunque
497 5247 750 5301 humana
777 5247 1056 5318 fragilitas
1108 5244 1305 5302 contra
1358 5248 1536 5300 Deum
1581 5252 1635 5301 et
1677 5263 1826 5301 crea-

132 5343 317 5389 torem
345 5351 535 5403 suum,
560 5340 660 5389 aut
684 5336 1009 5406 cogitando,
1043 5342 1141 5390 aut
1190 5336 1497 5407 loquendo,
1540 5340 1639 5389 aut
1684 5352 1827 5406 ope-

133 5424 337 5489 rando,
392 5428 492 5477 aut
548 5424 898 5491 delectando,
949 5429 1045 5479 aut
1104 5424 1556 5495 concupiscendo
1593 5440 1827 5494 peccare

134 5517 342 5582 potest,
374 5512 433 5566 in
465 5513 734 5567 omnibus
764 5530 855 5567 me
882 5530 1162 5584 peccasse,
1184 5519 1416 5568 etreum
1440 5514 1496 5566 in
1523 5518 1824 5582 conspectu

140 5600 238 5653 Dei
274 5616 446 5669 super
477 5616 674 5654 omnes
708 5602 967 5654 homines
992 5618 1112 5655 esse
1130 5607 1499 5671 cognosco,et
1531 5602 1824 5655 conliteor.

1995 3129 2367 3199 Omnipotens
2398 3133 2453 3181 et
2507 3126 2828 3181 misericors
2876 3127 3044 3191 Deus,
3102 3125 3201 3195 qui
3251 3130 3609 3194 peccatorum

1923 3216 2362 3286 indulgentiam,
2396 3214 2454 3267 in
2472 3214 2825 3267 confessione
2858 3215 3029 3266 celeri
3054 3214 3311 3281 posuisti,
3347 3227 3613 3264 succurre

1925 3304 2117 3373 lapsis,
2170 3304 2439 3355 miserere
2496 3302 2784 3368 confessis,
2835 3306 2897 3354 ut
2925 3316 3066 3370 quos
3119 3300 3456 3354 dilectarum
3513 3315 3606 3352 ca-

1925 3398 2059 3445 tena
2114 3390 2473 3460 constringit,
2528 3389 2863 3459 magnitudo
2904 3392 3017 3442 tua
3056 3388 3282 3458 pietatis
3331 3387 3608 3439 absolvat.

1927 3482 2050 3534 Per.

1998 3571 2216 3633 Precor,
2263 3566 2519 3631 Domine,
2570 3564 2889 3619 clementia
2933 3570 2988 3618 et
3046 3563 3446 3617 misericordia
3504 3568 3612 3616 tua

1926 3657 2301 3726 majestatcm,
2335 3659 2397 3707 at
2423 3654 2637 3707 famulo
2668 3658 2765 3706 tuo
2800 3655 2863 3708 N.
2896 3658 3125 3723 peccata
3153 3658 3209 3706 et
3238 3652 3489 3706 facinora
3513 3668 3610 3704 sua

1926 3744 2240 3807 conﬁtenti,
2324 3742 2516 3797 debita
2588 3742 2862 3808 relaxare,
2940 3746 2996 3794 et
3047 3740 3273 3794 veniam
3344 3744 3613 3808 prastare

1927 3832 2199 3904 digneris,
2232 3838 2289 3886 et
2309 3831 2732 3900 prateritorum
2752 3829 3266 3898 criminumculpas
3289 3828 3613 3895 indulgeas,

1928 3922 2027 3992 qui
2057 3920 2310 3975 humeris
2351 3921 2465 3973 tuis
2496 3935 2660 3973 ovem
2710 3919 2990 3989 perditam
3030 3917 3329 3980 reduxisti,
3380 3916 3478 3986 qui
3511 3931 3613 3985 pu-

1928 4011 2139 4066 blicani
2164 4009 2427 4078 precibus
2458 4015 2515 4062 et
2544 4007 2894 4061 confessione
2926 4007 3180 4077 placatus
3210 4022 3269 4059 es
3304 4022 3315 4058 :
3351 4010 3410 4058 tu
3445 4004 3615 4057 etiam

1897 4094 2168 4153 'Domine
2200 4097 2332 4150 huic
2388 4097 2605 4150 famulo
2646 4100 2745 4148 tuo
2772 4096 3027 4165 placatus
3071 4110 3193 4148 esse
3237 4092 3508 4163 digneris,
3558 4098 3615 4144 tu

1930 4188 2098 4256 hujus
2141 4185 2403 4256 precibus
2461 4184 2747 4253 benignus
2795 4183 3002 4252 aspira,
3056 4189 3117 4237 ut
3163 4183 3223 4235 in
3268 4180 3615 4234 confessione

1928 4274 2223 4345 placabilis
2252 4278 2606 4342 permaneat,
2654 4271 2822 4325 fletus
2862 4272 2985 4340 ejus
3033 4276 3087 4324 et
3133 4269 3356 4339 petitio,
3409 4283 3617 4339 perpe—

1927 4370 2081 4419 tuam
2128 4361 2487 4415 clementiam
2550 4366 2706 4415 tuam
2760 4361 2989 4413 cleriter
3047 4364 3258 4423 exoret,
3296 4358 3617 4425 sanctisque

1927 4451 2202 4507 altaribus
2232 4451 2549 4516 restitutus,
2581 4449 2701 4519 spei
2750 4464 2979 4502 rursum
3013 4453 3241 4502 aterna
3293 4463 3353 4499 ac
3404 4443 3616 4498 caelesti

1928 4540 2125 4612 gloria
2152 4538 2526 4607 mancipatur.
2564 4537 2669 4600 Qui
2701 4537 2844 4590 vivis
2878 4543 2932 4589 et
2962 4551 3187 4606 regnas.

2524 4626 2732 4681 Deinde
2760 4625 3013 4694 adiunge.

2003 4718 2148 4771 Deus
2188 4714 2551 4784 omnipotens
2583 4714 2659 4767 sit
2686 4713 2914 4783 adjutor
2944 4718 3000 4766 et
3043 4715 3334 4782 protector
3372 4714 3520 4770 tuus.
3567 4713 3623 4761 et

1928 4810 2158 4876 prastet
2203 4803 2621 4873 indulgentiam
2696 4803 2763 4857 de
2814 4801 3057 4871 peccatis
3097 4800 3231 4863 tuis,
3295 4797 3617 4869 praeteritis,

1930 4894 2330 4965 praesentibus,
2364 4898 2420 4946 et
2448 4890 2674 4945 futuris.
2709 4894 2908 4944 Amen.

2128 4984 2254 5037 CAP.
2288 4981 2427 5035 VIII.
2462 5011 2529 5019 —
2562 4979 2789 5035 Salubre
2817 4977 3127 5032 antidotum
3156 4975 3462 5031 animabus.

2004 5072 2121 5141 (Ea:
2150 5072 2369 5139 scriptis
2398 5070 2675 5138 Propheta
2713 5073 2763 5121 et
2807 5068 3033 5134 Gregor.
3089 5067 3345 5132 Hierony.
3381 5066 3625 5133 August-

1932 5160 2071 5215 etde
2106 5160 2281 5215 tribus
2311 5158 2784 5214 Paenitentiulibus
2832 5157 3147 5225 collectum.)
3193 5152 3483 5208 Institutio
3526 5152 3623 5206 illa

1934 5264 2063 5319 qua
2091 5248 2257 5301 ﬁebat
2295 5248 2353 5300 in
2384 5247 2583 5301 diebus
2635 5252 2863 5316 patrum
2910 5247 3236 5297 nostrorum
3288 5246 3468 5295 rectas
3508 5239 3625 5291 vias

1936 5352 2233 5406 nunquam
2295 5336 2564 5401 deseruit,
2623 5335 2724 5405 qui
2783 5334 3155 5387 instituerunt
3213 5327 3625 5398 paenitentibus

1937 5429 2109 5495 atque
2158 5424 2488 5495 lugentibus
2558 5440 2688 5477 suas
2749 5422 3038 5492 passiones
3077 5435 3139 5474 ac
3188 5418 3325 5472 vitia
3382 5415 3626 5470 medica-

1939 5518 2129 5566 mento
2160 5512 2356 5565 salutis
2389 5517 2617 5566 aterna
2655 5527 2943 5581 superare.
2977 5509 3120 5573 Quia
3166 5506 3461 5561 diversitas
3505 5504 3624 5557 cnl-

1940 5617 2161 5671 parum,
2208 5600 2591 5653 diversitatem
2628 5600 2759 5653 facit
2794 5598 3201 5670 pauitantibus
3245 5594 3627 5649 medicamen-
