3944 6376
174 349 273 400 981

170 561 396 612 caveat.

169 662 302 716 CAP.
323 664 383 716 Χ.
422 694 488 741 έ
518 666 623 717 Iste
642 681 817 741 annus
844 668 1107 741 secundus
1155 674 1233 723 est
1263 671 1330 724 ab
1356 673 1448 724 illo
1478 689 1641 739 anno,
1674 677 1769 741 qui
1816 678 1872 728 in

238 750 386 812 pane
417 739 473 812 et
492 751 639 812 aqua
667 737 1030 812 observandas
1060 744 1157 804 est,
1194 746 1242 794 et
1270 749 1392 810 post
1423 744 1573 796 illum
1609 737 1871 812 jejunan-

241 804 368 880 dus.
404 806 514 869 Qui
554 809 717 860 etiam
756 808 972 880 dandus
1025 816 1103 863 est
1133 804 1285 874 illis,-
1301 816 1398 880 qui
1434 816 1578 867 uiros
1609 804 1871 870 ecclesia-

241 878 404 928 sticos
445 883 630 944 sponte
687 879 952 941 occidunt,
1012 884 1062 933 et
1132 884 1189 933 in
1237 878 1618 939 consuetudine
1676 887 1873 940 habent

241 946 639 1001 Sodomiticum
685 951 875 1014 scelus,
919 955 969 1003 et
1001 953 1098 1018 qui
1133 955 1192 1004 in
1258 955 1638 1008 consuetudine
1675 958 1872 1011 habent

241 1023 430 1070 contra
476 1023 733 1072 naturam
778 1035 1018 1088 peccare,
1066 1027 1116 1074 et
1157 1025 1215 1074 in
1268 1024 1522 1078 Ecclesiis
1578 1028 1871 1081 homicidia

237 1093 431 1161 sponte
502 1093 860 1161 committunt,
917 1096 967 1144 et
1027 1094 1291 1147 Ecclesias
1341 1096 1653 1161 incendunt,
1722 1103 1771 1151 et
1811 1100 1870 1152 in

236 1159 496 1212 Ecclesiis
527 1159 800 1236 adulteria
832 1164 1191 1230 committunt,
1225 1169 1274 1218 et
1305 1171 1401 1234 qui
1421 1167 1538 1220 alia
1555 1159 1870 1236 hujusmodi

231 1233 696 1298 perpetrauerint.

240 1319 356 1386 (Ea:
381 1318 608 1390 eodem.)
641 1319 983 1374 Puenitentia
1015 1319 1171 1375 illius
1201 1323 1337 1377 anni
1392 1324 1518 1378 talis
1549 1342 1670 1379 esse
1701 1327 1870 1381 debet

161 1409 228 1457 ut
261 1404 410 1458 duos
457 1406 599 1472 dies,
649 1407 703 1460 id
733 1412 834 1474 est,
884 1409 1191 1464 secundam
1238 1417 1294 1464 et
1325 1417 1586 1483 quartam
1644 1415 1865 1482 feriam,

156 1493 221 1546 in
245 1509 596 1565 unaquaque
641 1496 1001 1550 hebdomada
1041 1499 1264 1568 jejunet
1315 1501 1382 1554 ad
1430 1519 1746 1570 vesperam,
1813 1509 1871 1559 et

159 1585 307 1636 tunc
335 1583 626 1637 reﬁciatur
659 1585 726 1638 de
757 1585 902 1638 sicco
935 1585 1082 1651 cibo,
1114 1587 1169 1641 id
1202 1594 1303 1654 est,
1344 1606 1491 1659 pane
1520 1595 1578 1644 et
1622 1593 1865 1661 legumi-

161 1670 340 1724 nibus
388 1672 568 1742 siccis,
628 1675 724 1727 sed
795 1673 991 1740 coctis,
1045 1680 1141 1729 aut
1198 1677 1404 1748 pomis,
1465 1684 1564 1732 aut
1619 1681 1870 1735 oleribus

158 1759 382 1827 crudis,
419 1777 594 1815 unum
626 1762 798 1832 eligat
832 1778 902 1818 ex
940 1762 1028 1815 his
1083 1764 1288 1833 tribus,
1334 1771 1389 1819 et
1420 1771 1626 1832 utatur,
1659 1769 1864 1823 et'cer-
1901 1761 1939 1815 Β

157 1847 367 1902 visiam
409 1849 586 1916 bibat,
621 1851 719 1904 sed
776 1849 980 1904 sobrie.
1011 1852 1079 1904 Et.
1137 1854 1371 1908 tertium
1413 1856 1586 1920 diem,
1645 1856 1701 1911 id
1760 1863 1861 1918 est,

157 1941 383 1990 sextam
439 1937 639 1990 feriam
694 1938 754 1992 in
802 1955 951 2009 pane
997 1946 1052 1992 et
1109 1957 1259 2011 aqua
1311 1943 1591 2009 observet,
1647 1950 1704 1998 et
1753 1950 1863 1999 tres

157 2025 634 2094 quadragesimae
685 2028 909 2098 jejunet
950 2046 962 2083 :
1014 2045 1188 2082 unam
1223 2033 1353 2082 ante
1386 2030 1580 2084 Natale
1611 2032 1858 2099 Domini,

156 2113 472 2167 secundam
512 2121 644 2168 ante
692 2118 924 2183 Pascha,
967 2118 1194 2171 tertiam
1245 2121 1376 2171 ante
1407 2118 1638 2172 missam
1684 2122 1861 2175 sancti

154 2201 428 2267 Joannis;
482 2209 537 2257 et
593 2203 635 2256 si
687 2209 866 2258 totam
907 2206 1428 2277 quadragesimam,
1464 2212 1595 2260 ante
1626 2207 1858 2262 missam

154 2289 342 2342 sancti
384 2290 621 2345 Joannis
699 2294 938 2363 implere
993 2311 1110 2348 non
1152 2294 1349 2364 possit,
1421 2303 1552 2364 post
1627 2295 1858 2350 missam

156 2376 422 2447 impleat.
506 2381 568 2434 Et
622 2381 682 2434 in
754 2382 842 2436 his
899 2383 1082 2437 tribus
1135 2383 1590 2453 quadragesimis
1638 2384 1859 2453 jejunet

157 2465 305 2520 duos
336 2467 457 2522 dies
487 2469 544 2522 in
589 2469 945 2524 hebdomade
991 2472 1062 2525 ad
1096 2488 1325 2534 nonam,
1365 2477 1421 2525 et
1450 2473 1518 2525 de
1549 2472 1696 2526 sicco
1732 2474 1858 2526 cibo

157 2555 444 2623 comedat,
481 2562 540 2610 ut
564 2574 737 2628 supra
784 2563 1042 2613 notatum
1091 2567 1178 2613 est
1207 2563 1262 2613 et
1309 2561 1376 2612 VI
1409 2559 1610 2613 feriam
1635 2560 1858 2630 jeiunet

157 2644 220 2697 in
254 2659 407 2713 pane
476 2650 531 2698 et
569 2663 734 2717 aqua.
770 2649 838 2701 Et
877 2649 934 2701 in
985 2649 1184 2703 diebus
1216 2648 1544 2714 Dominicis,
1583 2649 1642 2702 iu
1676 2649 1856 2702 Natali

159 2732 418 2800 Domini,
452 2734 577 2787 illos
619 2741 864 2806 quatuor
894 2737 1032 2793 dies.
1075 2738 1144 2792 Et
1167 2743 1228 2791 in
1268 2737 1585 2808 Epiphania
1604 2737 1854 2803 Domini,

158 2839 349 2876 unum
381 2822 554 2878 diem.
600 2826 664 2879 Et
712 2825 771 2879 in
808 2827 1016 2880 Pascha
1061 2843 1243 2897 usque
1275 2826 1337 2879 in
1389 2831 1650 2880 octavum
1681 2825 1852 2880 diem.

157 2911 230 2963 Et
267 2911 326 2963 in
348 2912 690 2966 Ascensione
716 2914 963 2981 Domini,
989 2919 1046 2968 et
1076 2916 1406 2968 Pentecoste
1433 2920 1678 2985 quatuor
1713 2915 1854 2981 dies,

158 3003 220 3053 et
243 2999 305 3052 in
341 2998 513 3054 missa
550 3001 730 3054 sancti
759 3002 990 3055 Joannis
1011 3001 1294 3070 Baptistae,
1331 3006 1388 3055 et
1411 3008 1622 3056 sanctae
1646 3000 1853 3066 Mariae,

158 3092 219 3142 et
270 3089 368 3143 XII
429 3091 840 3159 apostolorum,
899 3096 955 3143 et
1004 3090 1181 3144 sancti
1225 3090 1530 3158 Michaelis,
1578 3097 1634 3145 et
1678 3092 1857 3144 sancti

157 3176 433 3247 Remigii,
490 3183 545 3231 et
599 3179 869 3233 Omnium
916 3179 1273 3244 Sanctorum,
1304 3185 1360 3234 et
1406 3181 1585 3233 sancti
1624 3180 1856 3233 Martini

159 3269 218 3318 et
249 3265 310 3319 in
365 3265 520 3320 illius
565 3267 744 3320 sancti
800 3268 1125 3335 festivitate,
1159 3269 1256 3339 qui
1287 3268 1346 3322 in
1398 3269 1496 3322 illo
1528 3268 1851 3339 episcopatu

158 3354 402 3408 celebris
450 3355 708 3410 habetur.
769 3358 832 3410 Iu
879 3357 966 3409 his
1027 3373 1199 3427 supra
1246 3357 1409 3411 dictis
1441 3358 1643 3412 diebus
1686 3358 1858 3411 faciat

157 3443 499 3497 cbaritatem
556 3461 683 3498 cum
761 3446 975 3499 caeteris
1061 3446 1417 3500 Christianis.
1489 3446 1598 3500 Sed
1665 3450 1854 3500 tamen

158 3532 522 3600 ebrietatem,
581 3539 637 3588 et
705 3534 918 3588 ventris
1000 3533 1432 3599 distensionem,
1518 3551 1741 3606 semper
1797 3535 1855 3588 in

157 3621 426 3675 omnibus
456 3625 666 3675 caveat.

159 3727 290 3783 CAP.
343 3728 429 3784 XI.
483 3759 550 3767 —
597 3730 674 3782 De
727 3729 842 3783 illis
886 3731 982 3796 qui
1018 3729 1274 3798 jejunare
1312 3733 1360 3784 et
1414 3729 1711 3797 adimplere
1751 3746 1857 3784 non

363 3798 592 3868 possunt
613 3800 756 3869 quod
785 3805 844 3853 in
872 3801 1238 3854 Paenitentiali
1263 3802 1527 3870 scriptum
1559 3805 1653 3854 est.

229 3906 340 3976 (Ea:
370 3905 600 3975 eodem.)
628 3905 734 3969 Qui
762 3905 1023 3976 ieiunare
1069 3909 1273 3977 potest,
1309 3910 1364 3959 et
1424 3906 1668 3975 implere
1700 3909 1852 3978 quod

154 3993 218 4047 in
275 3993 662 4048 Pceniteutiali
727 3995 1004 4064 scriptum
1075 4002 1176 4060 est,
1209 3994 1424 4048 bonum
1473 3999 1578 4062 est,
1632 4000 1686 4048 et
1741 3997 1854 4050 Deo

155 4082 370 4153 gratias
413 4082 640 4137 referat.
695 4083 803 4147 Qui
835 4087 1024 4136 autem
1079 4099 1196 4136 non
1228 4087 1437 4154 potest,
1489 4099 1593 4154 per
1624 4084 1854 4138 miseri—

155 4169 411 4224 cordiam
445 4170 544 4224 Dei
590 4171 896 4224 consilium
942 4171 1144 4224 damus
1173 4172 1305 4237 tale,
1353 4175 1416 4224 ut
1457 4187 1559 4224 nec
1588 4171 1717 4235 sibi,
1752 4189 1855 4226 nec

155 4258 330 4313 alicui
357 4275 585 4314 necesse
616 4261 707 4328 sit,
737 4277 841 4313 nec
867 4259 1191 4329 desperare,
1220 4275 1325 4313 nec
1355 4259 1558 4328 perire.

1009 352 1479 412 DECRETOBUM
1524 358 1708 414 LIBRI
1744 361 1852 415 XX.
1886 391 1954 400 —
1996 361 2208 416 LIBER
2249 359 2558 419 DECIMUS
2594 366 2834 422 NONUS.

171 472 354 522 tatem
404 472 460 522 et
491 469 702 524 ventris
749 469 1180 535 distensionem,
1243 491 1468 546 semper
1526 477 1584 531 in
1607 479 1872 534 omnibus
1903 483 1949 534 Α

3575 375 3677 428 982

2387 483 2516 538 CAP.
2557 484 2692 539 XIV.
2723 514 2791 526 —-
2817 487 2948 540 Item
2985 488 3094 541 alio
3131 489 3304 543 modo.

2056 569 2167 637 (Ea:
2199 570 2425 642 eodem.)
2463 571 2570 635 Qui
2596 573 2652 625 in
2688 573 2934 627 Ecclesia
2959 591 3149 644 genua
3187 578 3400 632 centies
3433 579 3676 644 ﬂexerit,

1982 656 2038 710 id
2070 663 2173 721 est,
2209 658 2256 711 si
2285 659 2497 713 centies
2531 660 2754 714 veniam
2815 663 3068 732 petierit,
3119 665 3166 717 si
3223 667 3345 718 fieri
3379 672 3582 737 potest,
3616 675 3679 723 ut

1980 743 2041 798 in
2074 747 2320 800 Ecclesia
2340 747 2459 815 ﬁat,
2506 748 2616 802 hoc
2649 750 3036 820 justissimum
3087 757 3186 806 est.
3255 753 3311 807 Si
3340 761 3529 808 autem
3573 757 3679 810 hoc

1982 833 2106 886 ﬁeri
2136 851 2253 888 non
2284 841 2488 906 potest,
2541 843 2755 891 secrete
2789 839 2848 892 in
2899 839 3019 893 loco
3067 842 3423 896 convenienti
3477 845 3676 898 eadem

1980 920 2177 992 faciat;
2230 922 2276 975 si
2321 923 2399 977 sic
2428 924 2644 990 fecerit,
2692 942 2759 978 eo
2809 927 2901 980 die
2951 934 3182 998 excepto
3224 929 3377 997 vino,
3429 947 3596 984 carne
3623 937 3679 985 et

1980 1010 2283 1080 sagimine,
2315 1018 2504 1066 sumat
2534 1014 2684 1084 quod
2717 1015 2954 1084 placeat.

2429 1103 2556 1155 CAP.
2591 1103 2698 1156 XV.
2732 1133 2798 1142 ——
2839 1106 2968 1157 Item
3001 1105 3108 1158 alio
3140 1107 3294 1161 modo

2051 1188 2158 1256 (Eas
2183 1189 2406 1259 eodem.)
2435 1189 2543 1254 Qui
2599 1192 2848 1260 psalmos
2910 1209 3028 1245 non
3077 1193 3234 1246 novit
3283 1211 3462 1250 unum
3512 1196 3666 1250 diem

1979 1293 2151 1347 quem
2189 1277 2246 1330 in
2272 1295 2418 1349 pane
2449 1284 2504 1332 et
2547 1297 2695 1350 aqua
2725 1281 2999 1351 poenitere
3031 1282 3197 1335 debet
3229 1299 3240 1336 :
3285 1283 3441 1336 dives
3494 1285 3676 1339 tribus

1977 1366 2245 1434 denariis,
2279 1373 2336 1420 et
2366 1384 2584 1438 pauper
2614 1385 2726 1422 uno
2759 1371 2991 1423 denario
3023 1371 3288 1438 redimat,
3348 1380 3402 1426 et
3455 1389 3521 1425 eo
3583 1374 3674 1427 die

1980 1461 2209 1524 excepto
2256 1457 2410 1520 vino,
2467 1473 2637 1511 carne
2695 1464 2750 1510 et
2796 1458 3092 1527 sagimine,
3163 1465 3350 1513 sumat
3392 1461 3673 1531 quidquid

1978 1544 2132 1597 velit.

2355 1633 2481 1686 CAP.
2526 1634 2668 1688 XVI.
2701 1665 2769 1672 —
2803 1637 2933 1688 Item
2972 1636 3078 1688 alio
3125 1636 3297 1689 modo.

2051 1721 2168 1789 (Ea:
2203 1719 2430 1788 eodem.)
2465 1723 2569 1774 Pro
2622 1738 2734 1775 uno
2761 1721 2874 1788 die,
2909 1739 3080 1792 quem
3132 1722 3194 1776 in
3245 1740 3393 1793 pane
3442 1727 3496 1777 et
3526 1739 3674 1794 aqua

1980 1805 2255 1875 poenitere
2309 1807 2494 1873 debet,
2536 1812 2650 1861 tres
2737 1824 3018 1878 pauperes
3068 1814 3281 1879 pascat.
3340 1811 3408 1864 Et
3461 1826 3528 1863 eo
3583 1810 3673 1864 die

1976 1897 2210 1964 excepto
2241 1893 2393 1962 vino,
2463 1911 2631 1948 carne
2667 1900 2720 1949 et
2753 1895 3054 1966 sagimine,
3106 1901 3292 1950 sumat
3339 1898 3490 1967 quod
3550 1899 3669 1968 pla-

1973 1987 2116 2035 ceat.
3251 2038 3260 2048 .

2347 2070 2478 2124 CAP.
2521 2072 2675 2125 XVII.
2715 2101 2781 2112 -
2809 2075 2940 2127 Item
2971 2073 3079 2126 alio
3110 2073 3283 2128 modo.

2044 2155 2150 2227 (Ea:
2206 2157 2429 2225 eodem.)
2461 2157 2703 2222 Quidam
2761 2159 2959 2213 dicunt
3009 2161 3094 2215 XX
3154 2162 3430 2231 palmatas
3475 2162 3665 2215 valere

1969 2261 2073 2314 pro
2104 2261 2218 2299 uno
2244 2246 2355 2299 die.

1969 2331 2095 2385 (ΖΑΡ.
2132 2333 2313 2386 XVIll.
2343 2363 2408 2375 ——
2440 2337 2514 2389 De
2543 2335 2902 2404 redemptione
2923 2338 3082 2390 unius
3113 2337 3456 2392 hebdomadae
3502 2354 3666 2407 quam

2352 2407 2407 2457 in
2425 2421 2566 2473 pane
2597 2411 2644 2459 et
2675 2423 2822 2476 aqua
2837 2408 3092 2477 jejunare
3113 2407 3283 2461 debet.

2041 2490 2148 2561 (Ea:
2177 2492 2403 2561 eodem.)
2438 2494 2544 2546 Pro
2574 2509 2688 2546 una
2719 2495 3073 2548 hebdomade
3133 2512 3305 2565 quam
3335 2496 3392 2549 in
3419 2513 3566 2563 pane
3612 2503 3669 2550 et
3769 2491 3773 2496 ’

1968 2595 2117 2650 aqua
2151 2581 2415 2649 jejuuare
2456 2581 2642 2647 debet,
2688 2582 2813 2636 CCC
2860 2584 3109 2652 psalmos
3140 2583 3385 2652 genibus
3414 2584 3573 2637 ﬂexis
3605 2585 3665 2636 in

1969 2667 2202 2721 ecclesia
2232 2669 2510 2723 decantet.
2559 2670 2616 2723 Si
2672 2677 2864 2724 autem
2926 2672 3033 2725 hoc
3073 2671 3257 2725 facere
3308 2688 3424 2725 non
3459 2678 3660 2742 potest,

1969 2757 2079 2809 tria
2131 2757 2402 2810 Psalteria
2444 2757 2504 2811 in
2549 2759 2805 2826 ecclesia,
2855 2760 2942 2812 vel
3003 2759 3061 2813 in
3129 2761 3254 2813 loco
3308 2760 3664 2814 convenienti

1967 2843 2186 2898 intente
2251 2845 2527 2900 decantet.
2621 2849 2682 2900 Et
2739 2851 3040 2917 postquam
3099 2847 3370 2917 psallerit,
3431 2852 3663 2917 excepto

1970 2933 2123 2998 vino,
2155 2950 2323 2987 carne
2353 2939 2406 2988 et
2428 2935 2728 3004 sagimine,
2771 2940 2958 2990 sumat
2986 2936 3262 3006 quidquid
3295 2936 3449 2989 velit.

1890 3041 1929 3095 ρ
1969 3021 2096 3076 CAP.
2156 3022 2285 3076 XIX.
2357 3053 2414 3063 -
2484 3027 2557 3077 De
2593 3024 2954 3094 redemptione
2985 3028 3144 3078 unius
3174 3027 3391 3091 mensis,
3427 3040 3581 3095 quem
3609 3028 3663 3078 in

2377 3110 2520 3163 pane
2547 3099 2598 3149 et
2626 3111 2770 3163 aqua
2794 3096 3049 3164 jejunare
3078 3096 3249 3150 debet.

2041 3181 2152 3250 (Ea:
2179 3183 2406 3249 eodem.)
2440 3184 2550 3236 Pro
2582 3200 2696 3235 uno
2723 3200 2918 3237 mense
2950 3199 3125 3256 quem
3154 3183 3213 3237 in
3245 3200 3393 3254 pane
3426 3188 3480 3237 et
3519 3201 3667 3254 aqua

1961 3269 2226 3338 jejunare
2255 3271 2443 3337 debet,
2478 3272 2728 3340 psalmos
2760 3271 2915 3324 mille
2937 3273 3205 3325 ducentos
3235 3273 3478 3342 genibus
3506 3272 3664 3325 flexis

1966 3358 2245 3412 decantet.

2037 3446 2146 3516 (Em
2191 3447 2416 3513 eodem)
2466 3446 2522 3500 Si
2555 3451 2748 3500 autem
2783 3448 2890 3500 hoc
2933 3446 3116 3500 facere
3151 3463 3264 3500 non
3295 3454 3502 3518 potest,
3540 3448 3662 3500 sine

1967 3534 2382 3605 genuﬂexione,
2409 3535 2660 3588 sedendo
2700 3539 2799 3588 aut
2846 3535 3044 3589 stando
3073 3535 3131 3589 in
3163 3535 3408 3589 Ecclesia
3460 3535 3506 3588 si
3536 3536 3662 3589 ﬁeri

1965 3627 2154 3693 potest
2186 3640 2198 3677 :
2230 3623 2314 3676 sin
2351 3629 2563 3691 autem,
2599 3623 2656 3676 in
2713 3640 2829 3676 uno
2875 3625 3016 3690 loco,
3073 3623 3226 3677 mille
3259 3625 3346 3679 DC
3375 3624 3662 3694 octoginta

1970 3712 2217 3780 psalmos
2251 3711 2530 3765 decantet.
2565 3713 2627 3765 Et
2654 3711 2813 3765 omni
2843 3712 2933 3765 die
2965 3711 3012 3765 si
3041 3712 3193 3777 velit,
3223 3716 3278 3765 et
3308 3713 3352 3765 si
3377 3713 3661 3766 abstinere

1969 3817 2081 3853 non
2103 3801 2241 3866 vult,
2272 3799 2489 3854 reﬁciat
2518 3815 2576 3852 se
2606 3800 2678 3853 ad
2710 3805 2925 3853 sextam
2965 3799 3112 3853 :nisi
3144 3805 3408 3870 quartam
3439 3800 3658 3861 feriam.

1966 3893 2021 3941 et
2051 3893 2286 3954 sextam,
2314 3888 2538 3958 jejunet
2565 3888 2632 3941 ad
2695 3903 2924 3940 nonam.
2963 3889 3025 3941 Et
3053 3905 3086 3941 a
3116 3905 3285 3942 carne
3338 3895 3392 3942 et
3421 3905 3451 3941 a
3519 3890 3664 3959 sagi-

1969 3976 2141 4043 mine,
2173 3981 2226 4029 et
2257 3994 2286 4029 a
2319 3976 2470 4041 vino,
2498 3980 2685 4030 totum
2741 3991 2995 4029 mensem
3027 3991 3087 4028 se
3117 3977 3416 4030 abstineat.
3471 3978 3660 4030 Alium

1966 4067 2156 4118 autem
2190 4065 2378 4118 cibum
2408 4069 2710 4135 postquam
2740 4064 2988 4133 psalmos
3036 4064 3389 4133 supradictus
3455 4066 3658 4118 decan-

1964 4153 2188 4219 taverit,
2223 4158 2428 4207 sumat.
2463 4154 2576 4207 Isto
2613 4152 2831 4218 ordine,
2865 4157 3016 4206 totus
3049 4152 3143 4206 ille
3173 4170 3355 4206 anuus
3379 4153 3658 4207 redimen-

1968 4244 2071 4296 dus
2095 4249 2199 4297 est.

155 4350 288 4404 CAP.
323 4349 438 4404 XII.
473 4380 537 4388 —
569 4349 649 4402 De
671 4319 1032 4416 redemptione
1060 4319 1210 4400 illius
1243 4319 1394 4415 anni,
1432 4363 1587 4415 quem
1627 4349 1686 4401 in
1711 4364 1854 4417 pane

2035 4349 2096 4417 ᾗ).
2145 4332 2252 4417 XX.
2295 4361 2356 4369 ——
2396 4335 2466 4414 De
2519 4331 2630 4417 illis
2691 4333 2786 4398 qui
2833 4330 3088 4417 jejunare
3141 4345 3246 4417 non
3307 4334 3553 4413 possunt,
3610 4336 3659 4414 et

365 4468 368 4470 γ
652 4423 702 4472 et
732 4435 878 4488 aqua
900 4419 1158 4487 jejunare
1185 4418 1354 4472 debet.

229 4489 340 4558 (Ea:
377 4489 600 4560 eodem.)
633 4491 739 4543 Pro
790 4505 904 4542 uno
954 4490 1046 4542 die
1085 4505 1256 4559 quem
1311 4491 1372 4542 in
1420 4505 1568 4558 pane
1601 4493 1658 4542 et
1705 4505 1854 4559 aqua

149 4579 416 4650 jejunare
457 4577 644 4644 debet,
673 4578 731 4643 L,
760 4579 1011 4646 psalmos
1042 4577 1284 4647 genibus
1314 4577 1473 4632 ﬂexis
1499 4577 1558 4630 in
1592 4577 1848 4643 Ecclesia,

157 4667 206 4721 si
237 4666 362 4720 ﬁeri
394 4671 600 4737 potest,
633 4668 895 4720 decantet
927 4683 940 4720 :
976 4666 1062 4718 sin
1110 4671 1323 4732 autem,
1385 4667 1444 4719 in
1483 4665 1608 4719 loco
1659 4681 1854 4729 conve-

158 4755 341 4808 nienti
382 4755 583 4808 eadem
623 4754 808 4822 faciat,
856 4760 913 4808 et
951 4771 1130 4807 unum
1182 4771 1492 4825 pauperem
1543 4759 1756 4825 pascat,
1799 4758 1854 4807 et

159 4861 227 4898 eo
288 4843 380 4898 die
430 4850 665 4915 excepto
743 4845 894 4908 vino,
963 4859 1133 4896 carne
1196 4848 1254 4898 et
1301 4843 1602 4914 sagimine,
1662 4848 1854 4897 sumat

157 4934 441 5005 quidquid
477 4933 627 4988 velit.

620 5058 747 5112 CAP.
780 5057 914 5112 XIII.
953 5089 1020 5096 —
1058 5057 1184 5111 Alio
1214 5056 1388 5112 modo.

229 5164 345 5232 (Ea:
376 5164 601 5232 eodem.)
656 5163 714 5218 Si
744 5169 937 5218 autem
988 5163 1115 5217 talis
1155 5167 1259 5229 est,
1315 5161 1468 5232 quod
1523 5162 1724 5215 tandiu
1791 5161 1852 5214 in

162 5252 403 5322 genibus
453 5252 643 5322 jacere
699 5268 816 5306 non
873 5252 1074 5321 possit,
1124 5251 1293 5305 faciat
1323 5255 1513 5304 autem
1549 5250 1626 5303 sic
1659 5266 1670 5303 :
1704 5249 1853 5304 infra

162 5340 487 5407 Ecclesiam,
521 5341 568 5394 si
614 5340 738 5394 ﬁeri
786 5344 1017 5408 potest:
1052 5340 1136 5392 sin
1168 5344 1379 5400 autem,
1434 5339 1493 5391 in
1554 5354 1672 5391 uno
1731 5339 1851 5390 loco

160 5429 361 5482 stando
389 5428 627 5496 intente,
682 5430 810 5484 LXX
841 5429 1090 5499 psalmos
1117 5445 1218 5499 per
1266 5427 1525 5481 ordinem
1572 5427 1849 5488 decantet,

163 5525 216 5572 et
247 5534 560 5588 pauperem
605 5523 814 5589 pascat,
871 5523 927 5570 et
982 5534 1049 5570 eo
1082 5518 1172 5571 die
1209 5522 1439 5587 excepto
1472 5516 1621 5578 vino,
1683 5532 1850 5569 carne

163 5615 215 5660 et.
246 5607 547 5677 sagimine,
581 5612 767 5661 sumat
798 5607 1072 5677 quidquid
1104 5607 1254 5659 velit.

2032 4403 2270 4455 Psalmos
2319 4404 2584 4463 nesciunt,
2627 4402 2886 4470 quomodo
2916 4402 3286 4467 paenitentiam
3313 4403 3493 4453 .unius
3526 4405 3660 4454 anni

2035 4488 2191 4540 quem
2230 4475 2290 4526 in
2346 4488 2485 4541 pane
2537 4478 2588 4526 et
2643 4488 2790 4540 aqua.
2836 4472 3090 4541 jejunare
3145 4472 3334 4524 debent
3398 4472 3659 4524 redimere

2033 4545 2262 4612 possint.

2033 4635 2142 4697 (Em
2189 4630 2413 4700 eodem.)
2463 4630 2570 4694 Qui
2599 4647 2734 4685 vero
2793 4631 3046 4684 Psalmos
3081 4647 3193 4684 non
3221 4631 3396 4696 novit,
3427 4635 3483 4683 et
3507 4630 3655 4700 jeju-

1964 4735 2100 4773 nare
2124 4735 2238 4772 non
2262 4723 2463 4788 potest,
2494 4735 2598 4789 pro
2633 4736 2746 4773 uno
2778 4736 2928 4772 anno
2961 4735 3134 4790 quem
3169 4719 3229 4772 in
3251 4735 3399 4790 pane
3423 4725 3479 4772 et
3510 4736 3658 4789 aqua

1963 4808 2240 4880 pcenitere
2270 4808 2459 4870 debet,
2493 4809 2586 4862 det
2629 4808 2979 4877 pauperibus
3026 4809 3086 4862 in
3119 4809 3547 4879 eleemosynam
3575 4809 3654 4862 vi-

1963 4895 2108 4966 ginti
2136 4895 2278 4949 duos
2311 4895 2536 4962 solidos,
2569 4899 2625 4948 et
2649 4912 2846 4949 omnes
2877 4901 3062 4950 sextas
3108 4895 3274 4949 ferias
3301 4897 3546 4966 jejuuet,
3597 4897 3654 4949 in

1962 5001 2107 5054 pane
2138 4989 2194 5037 et
2225 5000 2398 5054 aqua.
2436 4984 2501 5037 Et
2528 4988 2642 5037 tres
2675 4985 3158 5056 quadragesimus,
3187 4984 3244 5038 id
3275 4991 3380 5049 est,
3417 4984 3657 5054 quadra-

1962 5074 2122 5142 ginta
2152 5072 2272 5126 dies
2332 5077 2463 5124 ante
2517 5073 2750 5138 Pascha,
2806 5076 2861 5126 et
2914 5073 3296 5143 quadraginta
3354 5072 3474 5125 dies
3523 5077 3656 5126 ante

1958 5162 2316 5216 festivitatem
2351 5159 2528 5213 sancti
2556 5161 2795 5214 Joannis
2827 5161 3093 5230 Baptistae
3129 5178 3141 5215 :
3184 5165 3239 5214 et
3268 5160 3313 5213 si
3342 5166 3472 5213 ante
3503 5161 3656 5213 festi-

1962 5250 2190 5303 vitatem
2212 5248 2427 5318 aliquid
2458 5248 2797 5302 remanserit
2828 5255 2955 5318 post
2982 5250 3309 5320 adimpleat,
3339 5254 3396 5303 et
3417 5249 3656 5318 quadra-

1962 5338 2123 5407 ginta
2153 5337 2271 5390 dies
2303 5340 2430 5389 ante
2478 5337 2733 5389 Natalem
2771 5336 2994 5390 Domini
3026 5339 3086 5391 in
3133 5338 3255 5398 istis
3303 5337 3485 5391 tribus
3517 5353 3654 5406 qua-

1961 5424 2318 5496 dragesimis,
2374 5423 2655 5495 quidquid
2704 5439 2806 5477 suo
2867 5425 2954 5478 ori
2997 5429 3356 5496 praeparatur
3417 5425 3475 5477 in
3503 5424 3650 5486 cibo,

1965 5516 2049 5568 vel
2076 5516 2134 5568 in
2164 5519 2324 5584 potu,
2383 5514 2468 5566 vel
2505 5512 2895 5582 cujuscunque
2937 5515 3165 5582 generis
3203 5514 3295 5578 sit,
3326 5513 3478 5566 istud
3509 5513 3655 5566 aesti-

1965 5608 2082 5657 met
2113 5603 2310 5673 quanti
2343 5601 2510 5672 pretii
2539 5602 2629 5663 sit,
2663 5601 2748 5653 vel
2791 5617 2911 5653 esse
2943 5602 3142 5670 possit,
3176 5608 3232 5655 et
3288 5601 3653 5656 medietatem
