3944 6374
283 343 387 395 983

1348 337 1753 393 BURCHARDI
1797 334 2324 392 WORMACIENSIS
2361 333 2700 390 EPISCOPI.

3684 330 3782 382 984

274 462 430 516 illius
491 461 660 532 pretii
703 460 1006 516 distribuat
1048 460 1106 514 in
1161 461 1583 530 eleemosynam
1627 459 2051 530 pauperibusA
2087 463 2144 513 et
2203 474 2353 529 aqua
2399 457 2664 528 jejunare
2705 456 2896 520 debet,
2958 455 3173 508 centies
3225 459 3551 525 prosternat
3611 469 3673 508 se
3731 455 3785 507 in

279 557 336 606 et
365 551 590 604 assidue
619 555 763 617 oret,
795 555 852 603 et
899 553 1064 618 roget
1097 549 1276 601 Deum
1327 551 1386 601 ut
1411 547 1591 601 oratio
1621 548 1742 618 ejus
1771 552 1828 601 et
1857 548 1980 618 ejus

281 640 660 707 eleemosynas
690 637 844 707 apud
875 638 1055 690 Deum
1077 635 1452 705 acceptabiles
1482 636 1614 690 sint.

283 729 412 783 CAP.
447 726 582 785 XXI.
612 753 686 766 —
715 727 853 779 Item
882 725 1178 792 redemptio
1207 725 1356 777 illius
1389 726 1523 777 anni
1573 740 1728 793 quem
1757 727 1814 778 in
1844 739 1983 792 pane

774 801 824 850 et
851 811 997 864 aqua
1021 797 1275 864 paenitere
1313 795 1481 848 debet.

360 873 467 940 (Ea:
523 876 885 931 Pmu'tentiali
942 873 1160 942 Theod.)
1217 874 1359 927 Item
1391 873 1492 943 qui
1542 873 1806 943 jejunare
1865 889 1980 926 non

287 966 498 1030 potest,
585 968 640 1016 et
709 962 1008 1016 observare
1085 960 1240 1031 quod
1297 961 1355 1014 in
1418 959 1801 1014 Poenitentiali
1851 960 1985 1014 scri-

287 1056 452 1118 ptum
484 1057 584 1118 est,
637 1052 742 1105 hoc
775 1051 944 1105 faciat
989 1050 1144 1121 quod
1192 1055 1421 1121 sanctus
1474 1049 1797 1104 Bonifacius
1836 1067 1983 1120 papa

287 1140 596 1193 constituit.
635 1141 741 1193 Pro
791 1156 903 1191 uno
935 1138 1026 1193 die
1058 1154 1232 1208 quem
1265 1138 1323 1190 in
1377 1153 1526 1208 pane
1578 1142 1634 1190 et
1666 1153 1814 1207 aqua
1837 1138 1986 1208 jeju-

290 1243 427 1280 nare
483 1227 670 1294 debet,
721 1232 885 1298 roget
949 1227 1348 1298 presbyterum
1398 1231 1459 1278 ut
1518 1226 1744 1280 Missam
1797 1231 1986 1281 cantet

287 1331 394 1385 pro
435 1301 542 1380 eo,'
582 1315 693 1370 nisi
750 1316 862 1369 sint
918 1314 1160 1368 crimina
1220 1315 1487 1385 capitalia
1545 1331 1669 1385 quae
1727 1315 1986 1369 confessa

288 1406 449 1475 prius
515 1404 690 1459 lavari
753 1420 881 1458 cum
934 1403 1200 1474 lacrymis
1273 1403 1504 1470 debent,
1561 1408 1618 1457 et
1674 1407 1806 1457 tunc
1863 1404 1985 1474 ipse

293 1492 440 1546 adsit
513 1498 570 1547 et
617 1493 809 1546 audiat
885 1493 1134 1560 Missam,
1224 1495 1279 1545 et
1335 1492 1534 1545 devote
1605 1491 1726 1562 ipse
1785 1491 1986 1546 offerat

290 1581 540 1652 propriis
569 1582 832 1635 manibus
891 1597 1098 1652 panem
1129 1585 1186 1634 et
1231 1579 1426 1634 vinum
1475 1581 1741 1634 manibus
1795 1597 1984 1634 sacer-

294 1667 461 1732 dotis,
517 1672 574 1721 et
641 1667 854 1721 intente
926 1667 1270 1738 respondeat
1343 1670 1624 1738 quantum
1700 1666 1850 1737 sapit
1912 1667 1984 1721 ad

296 1754 688 1820 salutationes,
720 1758 775 1808 et
831 1755 900 1809 ad
933 1755 1354 1809 exhortationes
1394 1755 1721 1822 sacerdotis,
1777 1760 1833 1809 et
1888 1757 1986 1810 hu—
2016 1741 2059 1795 Β

299 1841 516 1896 militer
570 1844 746 1897 Deum
805 1843 1162 1914 deprecetur,
1222 1847 1286 1898 ut
1334 1843 1546 1898 oblatio
1573 1860 1748 1914 quam
1781 1844 1902 1914 ipse
1935 1849 1991 1899 et

298 1931 595 2002 presbyter
653 1948 758 2001 pro
793 1949 851 1985 se
885 1939 940 1986 et
1000 1932 1245 2002 peccatis
1303 1931 1420 1985 suis
1471 1933 1584 1985 Deo
1633 1933 1986 1996 obtulerunt,

302 2019 449 2072 Deus
496 2020 858 2090 omnipotens
915 2020 1364 2075 misericorditer
1391 2037 1494 2091 per
1522 2022 1791 2092 angelum
1823 2038 1991 2076 suum

301 2107 589 2178 suscipere
616 2108 904 2179 dignetur.
937 2110 1005 2163 Et
1031 2125 1097 2162 eo
1129 2108 1218 2163 die
1266 2113 1500 2178 excepto
1530 2109 1684 2177 vino,
1717 2113 1773 2164 et
1800 2125 1990 2176 carne,

303 2199 358 2248 et
387 2194 686 2266 sagimine,
720 2196 982 2250 comedat
1013 2195 1297 2267 quidquid
1328 2196 1466 2250 vult.
1524 2197 1590 2250 Et
1634 2196 1713 2251 sic
1753 2197 1996 2252 redimat

301 2282 552 2352 reliquos
583 2282 719 2336 anni
749 2283 887 2336 dies.

305 2369 433 2424 CAP.
491 2369 645 2424 XXII.
704 2400 772 2442 έ-
823 2374 896 2425 De
958 2371 1068 2442 illis
1098 2375 1192 2441 qui
1241 2370 1492 2440 jejunare
1521 2387 1626 2426 non
1653 2377 1898 2442 possunt,
1949 2377 1998 2426 et

696 2441 891 2495 habent
918 2441 1060 2495 unde
1096 2442 1356 2496 redimere
1383 2445 1606 2510 possint.

381 2530 486 2595 (Ea:
539 2528 760 2600 eodem.)
792 2530 849 2584 Si
902 2530 1032 2600 quis
1085 2530 1233 2584 forte
1278 2546 1391 2583 non
1421 2531 1676 2601 potuerit
1716 2531 1996 2602 jejunare,

309 2621 367 2669 et
396 2616 661 2669 habuerit
687 2617 836 2671 unde
877 2617 1054 2689 possit
1083 2618 1389 2685 redimere,
1420 2619 1466 2672 si
1514 2617 1668 2673 dives
1697 2619 1870 2673 fuerit
1898 2636 2000 2690 pro

309 2710 526 2773 septem
582 2705 1036 2760 hebdomadibus
1098 2707 1194 2760 det
1223 2705 1432 2761 solidos
1479 2706 1586 2761 XX.
1649 2707 1706 2762 Si
1753 2724 1867 2761 non
1907 2708 2003 2761 ha-

311 2793 500 2848 buerit
529 2795 680 2849 unde
736 2800 960 2850 tantum
1013 2796 1146 2849 dare
1176 2795 1375 2867 possit,
1433 2795 1528 2850 det
1583 2796 1797 2851 solidos
1851 2798 1910 2850 X.
1944 2796 2002 2851 Si

311 2886 500 2935 autem
536 2883 776 2936 multum
811 2900 1033 2954 pauper
1054 2884 1242 2950 fuerit,
1271 2885 1365 2938 det
1399 2884 1610 2938 solidos
1648 2891 1781 2939 tres.
1817 2884 2005 2939 Nemi-

313 2985 443 3022 nem
477 2986 608 3022 vero
629 2971 934 3024 conturbet
956 2971 1090 3041 quia
1115 2971 1394 3041 jussimus
1417 2972 1552 3025 dare
1578 2973 1787 3026 solidos
1805 2974 1886 3027 XX
1907 2977 2006 3026 aut

317 3057 545 3111 minus:
580 3058 715 3126 quia
747 3058 792 3111 si
853 3059 1007 3112 dives
1065 3059 1256 3124 fuerit,
1323 3059 1543 3114 facilius
1586 3066 1671 3114 est
1727 3059 1812 3114 illi
1870 3062 2004 3115 dare

316 3143 526 3198 solidos
558 3144 647 3198 XX
703 3159 875 3213 quam
909 3145 1147 3214 pauperi
1177 3149 1308 3198 tres.
1363 3145 1467 3200 Sed
1518 3147 1770 3200 attendat
1829 3163 2004 3201 unus-

317 3232 560 3302 quisque
591 3231 683 3286 cui
713 3231 848 3286 dare
901 3232 1123 3297 debeat,
1160 3232 1274 3286 sive
1331 3250 1435 3304 pro
1497 3235 1887 3304 redemptione
1919 3252 2008 3289 ca-

316 3320 622 3390 ptivorum,
653 3319 768 3373 sive
795 3337 969 3390 super
997 3326 1254 3374 sanctum
1287 3322 1485 3389 altare,
1521 3323 1637 3376 sive
1675 3324 1772 3378 Dei
1807 3325 2003 3392 servis,

318 3423 418 3462 seu
449 3408 818 3480 pauperibus,
853 3409 913 3462 in
943 3410 1380 3481 eleemosynam.

320 3496 446 3549 CAP.
482 3496 661 3552 XXIII.
693 3525 763 3571 -τ-
799 3500 868 3551 De
895 3498 1006 3552 illis
1027 3501 1122 3568 qui
1140 3514 1244 3571 non
1272 3505 1498 3568 possunt
1528 3499 1840 3570 adimplere,
1867 3503 2011 3571 quod

728 3570 787 3622 in
816 3569 1182 3624 Pamitentiali
1209 3572 1472 3639 scriptum
1500 3576 1596 3625 est.

391 3658 496 3725 (Ea:
536 3656 762 3726 eodem.)
816 3657 922 3722 Qui
952 3674 1068 3711 non
1100 3662 1285 3727 potest
1311 3657 1390 3711 sic
1420 3674 1590 3728 agere
1618 3660 2010 3729 paenitentiam

321 3749 387 3798 ut
418 3745 682 3814 superius
738 3746 1008 3812 diximus,
1043 3745 1212 3800 faciat
1241 3746 1320 3798 sic
1353 3762 1366 3799 :
1417 3747 1473 3800 Si
1515 3752 1630 3800 tres
1663 3764 1844 3801 annos
1873 3765 2014 3803 con—

321 3833 518 3885 tinuos
557 3833 822 3902 jejunare
875 3834 1064 3899 debet,
1101 3839 1154 3887 et
1197 3834 1460 3904 jejunare
1508 3850 1623 3888 non
1671 3841 1874 3905 potest,
1937 3837 2016 3891 sic

323 3919 606 3974 redimere
631 3926 817 3991 potest
847 3938 859 3975 :
917 3923 975 3975 in
1031 3922 1220 3992 primo
1248 3938 1399 3976 anno
1457 3929 1652 3991 eroget
1679 3925 1735 3977 in
1766 3925 2013 3980 eleemo-

324 4024 523 4078 synam
571 4009 784 4062 solidos
816 4010 1017 4080 viginti
1060 4026 1174 4063 sex.
1230 4011 1291 4063 In
1336 4011 1586 4064 secundo
1629 4028 1779 4066 anno
1820 4018 2016 4082 eroget

324 4096 382 4150 in
415 4097 834 4166 eleemosynam
883 4099 1112 4164 solidos,
1145 4099 1255 4152 XX.
1288 4099 1350 4152 In
1379 4099 1543 4153 tertio
1599 4116 1750 4153 anno
1783 4101 2016 4172 solidos,

324 4185 502 4240 XVIII.
547 4186 659 4239 Hoc
685 4191 816 4239 sunt
842 4187 1008 4240 solidi
1055 4188 1224 4241 LXIV.
1261 4189 1523 4242 Potentes
1571 4195 1763 4242 autem
1823 4188 2017 4242 homi-

327 4289 426 4327 nes
456 4273 581 4344 plus
611 4273 744 4327 dare
788 4275 1044 4329 debent:
1099 4277 1233 4347 quia
1282 4277 1374 4330 cui
1430 4277 1559 4347 plus
1615 4277 2012 4344 committitur,
2046 4291 2088 4344 ι)

327 4363 456 4432 plus
513 4363 581 4416 ab
645 4379 712 4416 eo
769 4363 1047 4432 exigetur.
1112 4367 1179 4419 Et
1238 4365 1334 4436 qui
1388 4365 1587 4418 illicita
1625 4365 2017 4431 committunt,

327 4451 497 4506 etiam
523 4467 556 4504 a
587 4451 753 4505 licitis
784 4469 842 4506 se
882 4454 1164 4508 abstinere
1221 4454 1453 4520 debent,
1499 4458 1556 4506 ct
1579 4469 1785 4524 corpus
1815 4454 2024 4508 debent

329 4539 584 4609 affligere
652 4539 908 4610 jejuniis,
950 4541 1182 4612 vigiliis,
1245 4546 1300 4593 et
1353 4540 1566 4594 crebris
1647 4541 2020 4596 orationibus.

331 4627 471 4681 Caro
529 4626 683 4680 enim
730 4629 859 4682 laeta
903 4629 1079 4682 trahit
1112 4629 1179 4682 ad
1232 4629 1460 4698 culpam
1516 4643 1530 4682 :
1575 4628 1784 4684 afflicta
1833 4634 2023 4683 autem

327 4715 552 4769 reducit
579 4714 650 4769 ad
679 4717 925 4772 veniam.

331 4805 458 4858 CAP.
492 4805 666 4859 XXIV.
714 4835 782 4845 —
817 4809 888 4859 be
907 4808 1018 4859 illis
1036 4808 1133 4873 qui
1150 4805 1406 4873 jejunare
1427 4821 1533 4860 non
1559 4813 1804 4876 possunt,
1844 4814 1893 4862 et
1923 4823 2027 4862 non

862 4877 1059 4930 habent
1087 4877 1228 4931 unde
1268 4880 1499 4946 possint.

404 4955 524 5022 (Ea:
554 4956 921 5009 Paenitentiali
939 4956 1094 5009 Beda:
1115 4955 1458 5028 presbyteri.)
1489 4955 1595 5020 Qui
1614 4956 1878 5027 jejunare
1909 4973 2026 5011 non

331 5047 516 5114 potest
546 5047 602 5097 et
632 5059 745 5096 non
776 5043 946 5096 habet
999 5043 1148 5097 unde
1181 5043 1424 5098 redimat
1453 5049 1509 5098 et
1564 5045 1814 5100 Psalmos
1847 5045 2023 5111 novit,

333 5147 436 5203 pro
479 5147 593 5185 uno
637 5130 727 5186 die
774 5148 944 5202 quem
990 5132 1050 5185 in
1106 5147 1253 5202 pane
1283 5137 1338 5185 et
1368 5132 1802 5202 aquajejunare
1858 5132 2025 5188 debet

331 5221 515 5276 tribus
545 5221 796 5275 viribus:
847 5221 1002 5275 Beati
1034 5220 1406 5286 immaculati,
1449 5238 1652 5291 usque,
1708 5221 1791 5275 Ad
1825 5221 2025 5275 Domi-

332 5325 471 5364 num
503 5325 632 5363 cum
680 5309 986 5363 tribularer
1034 5309 1313 5363 decantet.
1375 5309 1442 5362 Et
1475 5309 1702 5363 sexies:
1761 5309 2023 5363 Miserere

330 5399 442 5452 mei
475 5399 642 5453 Deus.
678 5400 741 5454 Et
771 5399 1092 5469 septuagies
1128 5404 1456 5469 prosternat
1502 5415 1561 5452 se
1614 5398 1674 5452 in
1700 5405 1932 5465 terram,
1967 5403 2024 5454 et

330 5503 434 5557 per
478 5486 731 5558 singulas
787 5487 1236 5554 genuﬂexiones,
1283 5487 1448 5541 Pater
1507 5492 1702 5540 noster
1735 5487 2014 5543 decantet.

329 5575 436 5638 Qui
457 5576 934 5652 autemPsalmos
955 5576 1154 5643 nescit,
1187 5591 1290 5646 pro
1313 5592 1426 5630 uno
1460 5575 1550 5629 die
1581 5591 1751 5647 quem
1782 5576 1842 5631 in
1871 5593 2020 5648 pane

2089 551 2321 612 terram,
2357 550 2412 600 et
2439 561 2542 616 per
2593 544 2848 614 singulas
2895 542 3346 612 genuﬂexiones,
3381 544 3548 597 Pater
3596 547 3791 596 noster

2090 635 2258 689 dicat.

2162 723 2291 776 CAP.
2320 723 2465 777 XXV.
2492 753 2548 760 -—
2583 724 2649 774 [ιιι
2679 721 3044 790 redemptione
3063 725 3264 789 septem
3288 735 3573 774 annorum.

2165 811 2270 880 (Ea:
2329 811 2691 864 Pwnitenttal.
2748 808 3031 878 Romano.)
3092 809 3232 861 Item
3292 808 3404 861 alio
3465 809 3656 875 modo,
3704 809 3796 862 XII

2097 899 2374 953 triduana
2403 899 2646 967 singula:
2677 913 2806 950 cum
2839 896 3124 966 psalteriis
3150 897 3223 950 IlI
3261 897 3533 966 impletis,
3577 901 3632 950 et
3660 913 3798 949 cum

2096 987 2358 1058 palmatis
2407 986 2532 1041 CCC
2602 1001 2706 1056 per
2735 985 2962 1055 singula
2989 985 3260 1055 psalteria
3295 991 3563 1038 excusant
3620 985 3800 1038 unius

2094 1077 2230 1130 anni
2261 1075 2676 1146 paenitentiam.
2709 1074 2776 1126 Et
2805 1073 3008 1143 viginti
3035 1079 3284 1143 quatuor
3329 1073 3598 1128 biduauaa
3630 1073 3795 1126 simi-

2095 1165 2244 1233 liter,
2270 1180 2397 1218 cum
2428 1170 2541 1218 tres
2571 1162 2857 1233 psalteriis
2923 1162 3197 1231 impletis,
3253 1167 3310 1215 et
3340 1162 3466 1216 CCC
3522 1161 3801 1232 palmatis

2095 1269 2196 1323 per
2241 1253 2466 1322 singula
2550 1251 2844 1321 psalteria,
2897 1255 3168 1304 excusant
3214 1250 3357 1303 duos
3429 1266 3611 1303 annos
3664 1251 3802 1304 XXV

2096 1340 2303 1412 psalmi
2331 1355 2460 1393 cum
2488 1339 2727 1392 totidem
2756 1338 2937 1391 veniis
2958 1353 3061 1408 per
3099 1344 3344 1401 noctem,
3399 1343 3454 1391 et
3506 1353 3638 1391 cum
3671 1338 3797 1408 pal-

2096 1430 2263 1483 matis
2288 1428 2416 1485 CCC
2448 1432 2722 1481 excusant
2755 1427 3087 1480 biduanam.
3133 1426 3373 1480 Centum
3413 1426 3617 1496 psalmi
3662 1441 3805 1479 cum

2101 1519 2278 1572 veniis
2323 1532 2427 1588 per
2483 1519 2731 1580 noctem,
2784 1521 2839 1568 et
2883 1531 3011 1568 cum
3045 1515 3338 1584 psalmatis
3363 1514 3491 1570 CCC
3522 1521 3806 1568 excusant

2098 1605 2413 1658 tridurnam
2467 1603 2590 1657 CXX
2647 1602 2835 1656 missae
2894 1602 3188 1671 speciales,
3255 1601 3496 1671 singulae
3547 1617 3680 1654 cum
3729 1601 3806 1654 III

2096 1691 2400 1764 psalteriis,
2478 1696 2533 1744 et
2621 1690 2750 1746 CCC
2819 1690 3118 1760 psalmatis
3201 1695 3471 1743 excusant
3556 1705 3806 1754 annum,

2098 1788 2328 1836 centum
2361 1780 2526 1835 solidi
2583 1780 2715 1834 data
2767 1779 2828 1833 in
2875 1780 3298 1850 eleemosynam
3356 1795 3575 1833 annum
3631 1794 3808 1833 excu-

2103 1873 2253 1922 sant.

2102 1957 2228 2010 CAP.
2259 1957 2434 2010 XXVI.
2458 1987 2525 1994 ——
2558 1958 2623 2010 Ut
2651 1959 2708 2024 in
2723 1958 2899 2023 capite
2928 1954 3358 2024 quadragesimae
3375 1969 3552 2009 omnes
3569 1955 3815 2023 publica

2167 2031 2482 2097 paenitentes
2513 2029 2571 2080 in
2610 2022 2885 2080 civitatem
2913 2022 3156 2092 ueniant,
3201 2031 3250 2097 et
3295 2030 3418 2079 ante
3442 2022 3587 2091 fores
3618 2026 3815 2079 Eccle-

2171 2096 2266 2152 sia
2316 2097 2481 2152 nudis
2521 2097 2770 2166 pedibus,
2829 2100 2879 2150 et
2937 2098 3113 2150 cilicio
3149 2096 3350 2164 induti,
3413 2099 3662 2166 episcopo
3712 2112 3813 2150 suo

2172 2183 2227 2223 se
2259 2173 2661 2238 reprasentent.

2175 2258 2284 2328 (Ea:
2320 2258 2542 2312 concilio
2567 2257 2864 2323 Agathen.,
2894 2259 3070 2324 capite
3105 2256 3183 2324 9.)
3229 2256 3289 2309 In
3327 2255 3511 2324 capite
3543 2255 3812 2318 Quadra-

2105 2345 2340 2416 gesimas
2383 2359 2581 2398 omnes
2622 2343 2966 2415 pamitentes
3011 2342 3108 2414 qui
3142 2343 3429 2412 publicam
3484 2343 3817 2413 suscipiunt

2106 2437 2206 2486 aut
2252 2437 2624 2502 susceperunt
2679 2431 3097 2502 paenitentiam,
3157 2439 3290 2484 ante
3337 2431 3485 2485 fores
3545 2431 3816 2485 Ecclesia:

2108 2537 2166 2576 se
2191 2525 2601 2592 repraesentem
2639 2521 2908 2590 episcopo
2965 2520 3225 2585 civitatis,
3258 2535 3416 2573 sacco
3462 2519 3670 2585 induti,
3702 2536 3814 2573 nu-

2107 2609 2194 2664 dis
2223 2609 2483 2679 pedibus,
2532 2609 2780 2663 vultibus
2847 2609 2903 2662 in
2957 2613 3168 2662 terram
3222 2608 3542 2678 prostratis,
3579 2624 3707 2662 reos
3759 2624 3818 2661 se

2109 2713 2230 2752 esse
2269 2699 2390 2768 ipso
2463 2697 2662 2751 habitu
2716 2701 2773 2751 et
2828 2696 2986 2749 vultu
3022 2697 3465 2766 proclamantes.
3500 2695 3585 2749 Ibi
3616 2696 3818 2749 adesse

2110 2786 2320 2840 debent
2339 2785 2559 2845 decani.
2600 2785 2655 2838 id
2689 2790 2792 2850 est,
2845 2784 3318 2853 archipresbyteri
3376 2783 3814 2853 parochiarum,

2110 2872 2165 2926 id
2190 2878 2293 2939 est,
2330 2872 2651 2944 presbyteri
2696 2871 3099 2941 paenitentum,
3135 2871 3236 2941 qui
3266 2886 3466 2924 eorum
3511 2887 3817 2925 conversa-

2111 2961 2326 3014 tionem
2381 2961 2688 3030 diligenter
2741 2961 3019 3031 inspicere
3107 2959 3340 3023 debeut,
3393 2964 3449 3012 et
3495 2961 3816 3014 secundum

2116 3050 2347 3104 modum
2375 3051 2578 3119 culpm,
2609 3049 3008 3119 paenitentiam
3067 3064 3169 3119 per
3197 3049 3462 3118 praefixos
3490 3049 3706 3117 gradus
3741 3051 3824 3101 in-

2109 3137 2376 3208 jungant.
2404 3139 2538 3192 Post
2562 3138 2683 3191 haec
2704 3136 2765 3191 in
2787 3137 3093 3191 Ecclesiam
3118 3153 3214 3190 eos
3236 3136 3584 3204 introducat,
3615 3142 3819 3191 etcum

2117 3226 2275 3280 omni
2300 3227 2453 3280 clero
2504 3230 2722 3296 septem
2784 3225 3134 3294 pcenitentiae
3178 3226 3430 3279 Psalmos
3479 3225 3538 3278 in
3601 3231 3818 3279 terram

2117 3319 2434 3386 prostratus
2492 3330 2623 3368 cum
2673 3313 2939 3384 lacrymis
3021 3329 3124 3383 pro
3183 3329 3379 3367 eorum
3448 3314 3819 3368 absolutione

2117 3405 2400 3459 decantet.
2455 3403 2612 3457 Tunc
2668 3417 2977 3471 resurgens
3007 3403 3077 3456 ab
3125 3403 3403 3462 oratione,
3449 3403 3612 3472 juxta
3658 3403 3814 3474 quod

2119 3507 2366 3547 canones
2391 3491 2614 3560 jubent,
2656 3505 2863 3543 manus
2915 3489 2995 3543 eis
3049 3490 3330 3560 imponat,
3387 3507 3598 3562 aquam
3636 3491 3823 3545 bene-

2121 3581 2329 3635 dictam
2386 3595 2558 3649 super
2606 3596 2700 3632 eos
2755 3585 3004 3649 spargat,
3082 3579 3332 3632 cinerem
3386 3580 3545 3649 prius
3604 3580 3822 3639 mittat,

2119 3671 2322 3724 deinde
2365 3668 2550 3722 cilicio
2605 3667 2790 3738 capita
2835 3683 3032 3720 eorum
3095 3667 3402 3736 c00periat,
3457 3673 3514 3720 et
3568 3684 3701 3721 cum
3728 3684 3826 3737 ge-

2123 3760 2265 3812 mitu
2320 3763 2376 3812 et
2439 3756 2652 3811 crebris
2711 3756 2972 3824 suspiriis
3021 3756 3102 3808 eis
3134 3756 3456 3823 denunciet,
3490 3757 3648 3826 quod
3679 3757 3831 3810 sicut

2122 3847 2301 3902 Adam
2333 3847 2618 3916 projectus
2649 3850 2732 3899 est
2761 3845 2830 3898 de
2869 3844 3154 3915 paradiso,
3180 3845 3257 3898 ita
3288 3850 3339 3899 et
3376 3845 3482 3915 ipsi
3511 3845 3584 3898 ab
3639 3846 3829 3899 Eccle-

2125 3937 2208 3990 sia
2232 3952 2337 4005 pro
2367 3934 2614 4004 peccatis
2670 3933 3035 4003 abjiciuntur.
3071 3935 3205 3986 Post
3230 3934 3352 3988 haec
3404 3933 3604 4002 jubeat
3650 3934 3826 3987 mini-

2126 4021 2255 4074 stris
2297 4025 2360 4073 ut
2407 4036 2503 4074 eos
2550 4025 2706 4074 extra
2745 4021 2951 4090 januas
3000 4019 3260 4073 Ecclesia:
3283 4020 3590 4090 expellant.
3621 4020 3832 4087 ,Clerus

2125 4126 2256 4163 vero
2295 4113 2672 4180 prosequatur
2723 4125 2818 4162 eos
2850 4125 2979 4162 cum
3030 4108 3456 4178 Responsorio:
3516 4108 3574 4161 In
3621 4109 3832 4162 sudore

2126 4199 2315 4253 vultus
2362 4197 2445 4250 tui
2492 4196 2732 4251 vesceris
2778 4213 2947 4267 pane,
3002 4201 3226 4262 etc.,ut
3257 4196 3512 4250 videntes
3571 4203 3832 4250 sanctam

2129 4285 2432 4341 Ecclesiam
2481 4301 2586 4356 pro
2629 4285 2973 4339 facinoribus
3022 4285 3138 4338 suis
3198 4284 3585 4338 tremefactam
3659 4291 3831 4354 atque

2129 4380 2494 4437 commotam,
2581 4391 2699 4428 non
2782 4374 3196 4445 parvipendant
3277 4372 3697 4443 paenitentiam.
3773 4376 3832 4427 In

2130 4480 2287 4518 sacra
2307 4469 2497 4517 autem
2533 4462 2762 4517 Domini
2792 4479 2971 4526 caena,
3029 4478 3228 4516 rursus
3257 4462 3328 4517 ab
3359 4478 3560 4516 eorum
3596 4463 3832 4516 decanis

2131 4557 2188 4607 et
2217 4567 2414 4607 eorum
2447 4551 2815 4621 presbyteris,
2849 4550 3109 4605 Ecclesia:
3157 4549 3456 4604 liminibus
3502 4566 3832 4620 repraesen—

2129 4645 2342 4698 tentur.

2132 4734 2258 4786 CAP.
2285 4730 2484 4786 XXVII.
2513 4758 2574 4768 —
2601 4731 2666 4784 Ut
2686 4731 3000 4798 pamitentes
3013 4729 3230 4798 quando
3241 4729 3615 4798 paenitentiam
3637 4735 3830 4797 petunt

2413 4803 2810 4870 impositionem
2839 4817 3096 4855 manuum
3125 4805 3542 4868 consequantur.

2202 4890 2322 4957 (Em
2343 4889 2538 4952 eodem,
2572 4891 2751 4958 capite
2766 4887 2840 4958 7.)
2861 4888 3207 4943 Poenitentes
3232 4893 3491 4956 tempore
3506 4903 3621 4957 quo
3658 4888 3838 4956 poeni-

2132 4979 2370 5033 tentiam
2403 4982 2627 5048 petunt,
2665 4977 3096 5047 impositionem
3141 4993 3442 5041 manuum,
3475 4976 3547 5042 iet
3586 4975 3837 5030 cilicium

2133 5083 2303 5137 super
2324 5066 2513 5136 capita
2549 5067 2923 5126 asacerdote,
2981 5066 3128 5119 sicut
3194 5065 3405 5136 ubique
3463 5063 3835 5118 constitutum

2136 5159 2236 5215 est,
2275 5159 2722 5222 consequantur.
2754 5152 2812 5207 Si
2835 5157 3027 5206 autem
3057 5168 3246 5206 comas
3291 5169 3406 5204 non
3437 5151 3830 5220 deposuerint,

2129 5246 2229 5295 aut
2251 5241 2592 5295 vestimenta
2625 5258 2738 5294 non
2768 5242 3137 5308 mutaverint,
3183 5241 3546 5310 abjiciantur.

2131 5332 2256 5384 CAP.
2274 5331 2425 5384 XXVI
2434 5331 2498 5383 II.
2515 5361 2582 5369 —
2597 5337 2714 5397 ()ua
2732 5332 3054 5384 auctoritate
3068 5329 3256 5382 modus
3266 5331 3594 5396 pmnitentiae
3609 5335 3831 5398 peccata

2574 5402 2946 5470 conﬁtentibus
2974 5400 3181 5469 imponi
3212 5401 3382 5454 debet.

2199 5490 2540 5560 (Erconcilio
2566 5492 2894 5555 Moguntin.,
2937 5491 3112 5558 capite
3145 5490 3252 5555 to.)
3272 5488 3466 5542 Modus
3489 5493 3826 5559 tempusque

2127 5578 2479 5650 paenitentiae
2527 5583 2754 5649 peccata
2782 5595 2885 5631 sua
2925 5578 3350 5642 conﬁtentibus,
3395 5584 3493 5632 aut
3541 5593 3645 5647 per
3691 5579 3825 5631 anti-
