3944 6300
210 340 310 391 985

1034 334 1516 392 DECRETORUM
1558 335 1745 391 LIBRI
1786 336 1892 390 XX.
1934 363 2002 373 ——
2044 334 2257 389 LIBER
2298 333 2602 389 DECIMUS
2640 332 2887 387 NONUS.

3601 333 3703 387 986

208 474 456 529 quorum
485 473 770 512 canonum
819 456 1257 525 institutionem,
1300 462 1401 512 aut
1443 474 1546 528 per
1574 463 1896 512 sanctarum
1936 463 1982 515 A
2014 457 2351 528 protelanda
2385 456 2715 510 existimant
2741 472 2754 511 :
2780 458 2973 509 tamen
3002 471 3106 523 pro
3130 453 3472 524 quibusdam
3496 451 3700 523 culpis,

207 544 428 615 Scriptu
438 561 631 599 rarum
646 544 1064 611 auctoritatem,
1095 550 1193 598 aut
1205 560 1307 615 per
1320 545 1760 599 ecclesiasticam
1774 561 1903 599 con-

208 635 570 688 suetudinem
602 635 899 703 probatam
932 633 1153 704 imponi
1187 634 1354 688 debet
1398 651 1429 687 a
1487 634 1899 688 sacerdotibus'

209 725 355 778 Nam
388 724 489 793 qui
518 723 762 793 peccatis
805 723 1072 793 gravibus
1116 723 1270 776 leves
1298 724 1578 793 quosdam
1622 728 1676 777 et
1728 723 1904 777 inusi-

208 816 358 867 tatos
387 812 695 882 imponunt
720 811 1074 881 poenitentiae
1106 813 1323 878 modos,
1357 816 1641 867 consuunt
1686 813 1903 882 pulvil-

207 900 293 954 los
348 901 661 953 secundum
719 901 1116 970 propheticum
1189 917 1535 967 sermonem,
1585 901 1689 954 sub
1746 900 1906 954 omni

208 988 402 1042 cubito
433 1004 658 1055 manus,
708 992 766 1041 et
814 988 1028 1042 faciunt
1074 989 1372 1042 cervicalia
1418 989 1521 1043 sub
1568 989 1753 1059 capite
1785 989 1903 1043 uni—

212 1092 388 1130 versae
443 1076 626 1129 aetatis
678 1076 748 1129 ad
793 1076 1098 1146 capiendas
1164 1078 1431 1131 animas:
1488 1078 1587 1131 sed
1638 1077 1904 1131 discretio

211 1166 490 1218 servanda
542 1170 628 1219 est
657 1164 809 1218 inter
849 1166 1192 1234 poenitentes
1227 1166 1473 1235 publice,
1507 1172 1565 1219 et
1610 1165 1901 1219 absconse.

213 1255 359 1307 Nam
391 1254 490 1324 qui
520 1253 748 1324 publice
779 1258 993 1324 peccat,
1027 1259 1254 1324 oportet
1282 1260 1345 1308 ut
1374 1254 1598 1324 publice
1631 1255 1907 1308 multetur

211 1342 571 1413 pcenitentia,
631 1348 704 1408 et,
756 1343 1070 1397 secundum
1128 1343 1393 1397 ordinem
1445 1358 1753 1408 canonum,
1802 1357 1907 1413 pro

212 1432 420 1485 merito
451 1448 553 1484 suo
585 1432 1129 1498 excommunicetur,
1157 1438 1212 1486 et
1239 1431 1653 1486 reconcilietur.

212 1539 342 1592 CAP.
376 1538 546 1592 XXIX.
577 1567 647 1578 —
678 1539 830 1608 Quod
857 1539 1147 1593 diversitas
1180 1541 1482 1608 culparum,
1533 1525 1907 1593 diversitatem

708 1612 885 1675 faciat
915 1612 1378 1679 pcenitentiarum.

284 1699 398 1766 (Ea:
422 1697 585 1752 dictis
629 1698 891 1768 August.)
941 1697 1246 1752 Diversitas
1285 1700 1604 1769 culparum,
1662 1698 1898 1753 diversi-
1932 1736 1972 1790 Β

210 1790 391 1839 tatem
420 1784 556 1839 facit
604 1786 1093 1856 pcenitentiarum.
1147 1787 1289 1841 Nam
1322 1792 1379 1841 et
1416 1803 1724 1857 corporum
1780 1802 1900 1840 me-

209 1872 344 1939 dici,
401 1873 618 1928 diversa
691 1875 1106 1928 medicamenta
1172 1881 1542 1944 componunt,
1622 1881 1684 1929 ut
1740 1876 1907 1929 aliter

212 1963 470 2023 vulnera,
522 1963 689 2015 aliter
720 1963 1005 2028 morbum,
1058 1964 1224 2017 aliter
1261 1969 1539 2032 tumores,
1589 1964 1752 2017 aliter
1799 1980 1905 2034 pu-

212 2050 491 2110 tredines,
526 2051 689 2105 aliter
721 2050 1011 2121 caligines,
1062 2052 1228 2105 aliter
1257 2051 1685 2115 confractiones,
1741 2052 1907 2105 aliter

213 2138 641 2193 combustiones
690 2144 912 2193 curent.
952 2141 1036 2193 Ita
1103 2146 1160 2193 et
1209 2139 1494 2210 spiritales
1542 2140 1771 2208 medici,
1827 2140 1908 2193 di-

217 2228 395 2281 versis
461 2228 820 2282 curationum
903 2228 1212 2298 generibus
1294 2230 1617 2282 animarum
1672 2230 1909 2282 vulnera

218 2332 421 2370 sanare
485 2317 738 2371 debent:
795 2316 889 2370 sed
960 2317 1096 2387 quia
1148 2318 1265 2371 haec
1320 2334 1636 2387 paucorum
1692 2324 1777 2372 est
1840 2317 1909 2372 ad

219 2421 431 2476 purum
489 2406 703 2459 scilicet
766 2410 969 2458 cuncta
1035 2422 1399 2475 cognoscere,
1464 2414 1521 2461 et
1571 2422 1790 2472 curare,
1854 2410 1911 2460 et

222 2493 462 2560 mederi,
493 2499 666 2564 atque
699 2499 760 2547 ut
811 2495 871 2547 in
898 2494 1189 2563 integrum
1220 2495 1416 2547 salutis
1447 2500 1657 2548 statum
1689 2496 1913 2548 valeant

220 2598 507 2647 revocare,
558 2582 687 2636 ideo
738 2582 978 2636 solerter
1028 2583 1404 2637 admonemus
1432 2584 1662 2638 doctum
1704 2600 1912 2653 quem-

220 2687 333 2742 que
388 2671 741 2724 sacerdotem
793 2670 1001 2724 Christi
1054 2676 1117 2724 ut
1166 2687 1280 2724 non
1322 2688 1385 2724 ex
1420 2688 1522 2725 suo
1572 2687 1761 2736 sensu,
1815 2671 1913 2724 sed

220 2759 538 2815 secundum
585 2775 867 2812 canonum
919 2763 1151 2824 statuta,
1202 2763 1257 2813 et
1304 2760 1639 2813 traditiones
1679 2762 1912 2814 Patrum

221 2848 487 2902 universa
516 2847 805 2917 disponat,
839 2850 895 2900 et
922 2846 1315 2900 conditionem
1374 2847 1671 2918 utriusque
1723 2864 1910 2914 sexus,

222 2941 474 3001 nitatem,
532 2941 951 3006 paupertatem,
1017 2951 1265 2994 causam,
1323 2941 1553 3004 statum,
1612 2953 1913 3007 personam

220 3026 499 3095 cujusque
531 3023 925 3093 paenitentiam
957 3040 1125 3093 agere
1157 3024 1417 3091 volentis,
1464 3024 1651 3095 ipsum
1685 3042 1915 3095 quoque
1949 3018 1989 3073 C

222 3128 320 3167 cor
348 3112 676 3183 paenitentis
723 3111 989 3181 inspiciat
1021 3128 1033 3164 :
1070 3116 1125 3165 et
1154 3113 1466 3166 secundum
1503 3114 1645 3181 haec,
1701 3118 1763 3168 ut
1813 3113 1919 3167 sibi

222 3201 408 3255 visum
446 3200 639 3266 fuerit,
679 3205 739 3253 ut
788 3200 1013 3269 sapiens
1058 3200 1332 3269 medicus,
1394 3200 1620 3271 singula
1675 3219 1919 3272 quaeque

225 3288 525 3357 dijudicet.

300 3394 427 3447 CAP.
460 3394 608 3447 XXX.
640 3423 708 3431 —
742 3393 894 3459 Quod
926 3394 1092 3449 multi
1121 3396 1233 3447 sint
1256 3397 1471 3459 fructus
1496 3397 1847 3464 pcenitentiae.

298 3483 407 3546 (Ea:
436 3480 596 3534 dictis
634 3481 918 3549 ejusdem.)
956 3481 1113 3535 Multi
1146 3488 1277 3534 sunt
1318 3483 1675 3552 poenitentiae
1706 3482 1920 3536 fructus

230 3585 334 3638 per
364 3586 509 3639 quos
539 3569 609 3622 ad
638 3569 1023 3639 expiationem
1055 3570 1360 3624 criminum
1413 3572 1761 3640 pervenitur.
1798 3572 1921 3625 Non

229 3658 384 3712 enim
419 3662 643 3711 tantum
689 3658 933 3728 simplici
973 3659 1071 3712 illo
1104 3660 1459 3729 paenitentiae
1491 3659 1725 3714 nomine
1773 3662 1923 3713 salus

228 3750 444 3800 aeterna
483 3746 925 3816 repromittitur,
961 3752 1021 3799 ut
1073 3747 1219 3802 illud
1270 3747 1650 3817 apostolicum
1685 3764 1697 3802 :
1735 3748 1922 3803 Poeni-

227 3833 453 3897 temini,
486 3835 694 3905 inquit,
748 3840 803 3889 et
832 3836 1231 3889 convertimini
1261 3840 1325 3890 ut
1368 3836 1667 3891 deleantur
1695 3843 1925 3906 peccata

228 3927 435 3976 vestra.
488 3924 552 3976 Et
601 3922 743 3977 illud
780 3924 1179 3993 propheticum
1211 3942 1223 3978 :
1257 3926 1395 3978 Cum
1430 3941 1732 3979 conversus
1762 3925 1923 3997 inge-

230 4010 445 4064 mueris
475 4020 612 4065 tunc
639 4013 827 4066 salvus
876 4012 1006 4077 eris,
1058 4019 1294 4082 propter
1342 4012 1508 4067 illum
1562 4014 1775 4066 nudum
1827 4030 1925 4084 ge-

234 4099 461 4165 mitum,
497 4104 553 4153 et
584 4106 817 4169 propter
868 4100 1013 4153 illud
1044 4102 1263 4154 nudum
1297 4117 1507 4155 nomen
1556 4102 1921 4171 poenitentiae,

236 4188 428 4241 nullus
484 4188 809 4255 salvabitur,
857 4188 957 4242 sed
1004 4205 1108 4258 per
1161 4206 1350 4243 veram
1394 4190 1829 4255 confessionem,
1873 4197 1927 4245 et

237 4276 547 4330 sacerdotis
588 4277 963 4347 intelligentis
1008 4277 1329 4342 consilium,
1395 4283 1449 4331 et
1495 4295 1595 4349 per
1636 4279 1927 4332 charitatis
1958 4301 2000 4354 ι)

238 4364 527 4429 affectum,
577 4369 633 4417 et
664 4381 766 4435 per
822 4366 1313 4435 eleemosynarum
1352 4366 1624 4432 fructum,
1664 4374 1931 4437 peccato-

240 4469 371 4507 rum
403 4454 581 4507 moles
606 4453 919 4507 subruitur.

242 4561 372 4624 Cap.
407 4559 577 4613 XXXI.
611 4588 679 4598 —
710 4560 818 4614 Cur
846 4573 1070 4612 canones
1096 4559 1390 4629 praeﬁgant
1418 4576 1523 4615 non
1559 4564 1797 4630 perfecte
1833 4578 1931 4629 pro

312 4645 634 4698 unoquoque
707 4631 932 4684 crimine
999 4634 1205 4699 tempus
1283 4635 1333 4683 et
1390 4646 1715 4696 mensuram
1745 4636 1931 4701 paeni-

317 4704 512 4755 tentias.

312 4790 431 4859 (Ea:
458 4790 620 4844 dictis
660 4788 1001 4859 Hieronym.)
1052 4790 1373 4843 Mansuram
1420 4795 1615 4845 autem
1657 4792 1931 4863 temporis

239 4881 303 4933 in
333 4878 553 4948 agenda
588 4878 941 4948 poenitentia,
980 4878 1190 4932 idcirco
1225 4895 1342 4932 non
1370 4878 1505 4932 satis
1534 4888 1728 4951 aperte
1782 4898 1930 4951 prae.-

239 4970 429 5039 ligunt
473 4983 718 5022 canones
775 4984 878 5037 pro
929 4983 1277 5037 unoquoque
1330 4968 1588 5035 crimine,
1622 4975 1687 5022 ut
1716 4970 1785 5024 de
1817 4970 1931 5023 sin—

239 5057 391 5129 gulis
439 5057 648 5125 dicant,
710 5057 954 5127 qualiter
1010 5057 1462 5128 unumquodque
1505 5059 1931 5113 emendandum

170 5172 175 5175 -
237 5146 332 5211 sit,
365 5148 463 5200 sed
494 5145 674 5215 magis
705 5145 765 5199 in
800 5145 1036 5201 arbitrio
1064 5145 1721 5217 antistitisintelligentis
1752 5149 1932 5203 relin-

239 5235 537 5305 quendum
568 5240 829 5289 statuunt
860 5252 870 5288 :
910 5237 1043 5306 quia
1068 5236 1216 5306 apud
1252 5237 1428 5291 Deum
1462 5252 1577 5289 non
1628 5240 1744 5290 tam
1784 5238 1935 5291 valet

236 5339 507 5377 mensura
562 5322 838 5393 temporis
891 5338 1066 5393 quam
1124 5323 1358 5389 doloris,
1412 5338 1514 5376 nec
1585 5323 1933 5378 abstinentia

235 5416 459 5467 tantum
489 5411 748 5466 ciborum
773 5427 947 5483 quam
978 5411 1344 5466 mortiﬁcatio
1365 5410 1655 5465 vitiorum.
1690 5412 1933 5482 Propter

238 5502 390 5572 quod
456 5505 716 5571 tempora
785 5500 1155 5570 poenitentia,
1216 5500 1329 5554 fide
1386 5505 1442 5553 et
1501 5501 1929 5553 conversatione

237 5592 641 5660 pmnitentum,
696 5590 1078 5646 abbrevianda
1116 5590 1475 5662 praecipiunt,
1499 5594 1554 5644 et
1579 5590 1934 5661 negligentia

2010 543 2168 597 modi
2199 543 2549 613 pcenitentiaa
2582 548 2715 595 sunt.
2757 540 3031 611 impositi,
3077 542 3238 610 juxta
3282 556 3426 609 quos
3479 544 3699 592 caetera:

2009 634 2431 703 perpendendae
2463 637 2597 686 sunt
2625 633 2827 701 culpae,
2858 647 2987 684 cum
3015 629 3086 684 sit
3123 629 3287 683 facile
3328 643 3429 697 per
3472 626 3701 680 eosdem

2011 718 2210 772 modos
2239 716 2547 771 vindictam
2568 722 2622 770 et
2654 732 2953 770 censuram
2975 730 3261 769 canonum
3287 713 3591 766 aestimare.

2012 807 2137 862 CAP.
2171 806 2374 861 XXXII.
2405 835 2478 847 —
2510 810 2577 860 lle
2602 807 2711 860 illis
2734 805 2831 875 qui
2858 807 3231 874 plenitentiam
3260 803 3368 857 sibi
3395 801 3698 868 injunctam

2561 877 2859 946 adimplere
2881 879 3167 942 festinant.

2082 948 2192 1016 (Ea:
2241 949 2611 1003 Paenitentiali
2657 940 2937 1017 Romano.)
2997 947 3479 1014 Unumquemque
3519 940 3703 994 homi-

2013 1052 2145 1089 nem
2177 1036 2539 1090 accedentem
2599 1036 2663 1088 ad
2720 1034 3117 1105 pmnitentiam
3149 1034 3195 1085 si
3245 1031 3452 1085 videris
3500 1029 3707 1082 acriter

2015 1129 2069 1177 et
2099 1125 2322 1178 assidue
2348 1130 2494 1177 stare
2526 1125 2583 1178 in
2630 1124 2988 1194 poenitentia,
3038 1122 3230 1175 statim
3275 1119 3570 1173 remissius
3601 1133 3705 1187 age

2013 1214 2280 1267 adversus
2311 1230 2462 1267 eum.
2497 1213 2604 1277 Qui
2633 1230 2765 1267 vero
2797 1219 2985 1282 potest
3014 1213 3276 1281 jejunare
3312 1208 3463 1279 quod
3510 1207 3707 1275 impo-

2014 1303 2185 1355 situm
2216 1308 2299 1355 est
2326 1302 2397 1369 ei,
2451 1302 2568 1355 noli
2623 1301 2949 1372 prohibere,
3002 1301 3097 1353 sed
3148 1297 3465 1369 permitte:
3520 1295 3704 1364 magis

2015 1391 2166 1445 enim
2200 1391 2471 1444 laudandi
2501 1394 2629 1444 sunt
2660 1390 2717 1443 hi
2750 1389 2848 1461 qui
2879 1388 3139 1443 celeriter
3187 1386 3440 1440 debitum
3480 1383 3705 1453 pondus

2015 1479 2339 1548 persolvere
2371 1478 2637 1531 festinant
2670 1494 2683 1531 :
2709 1477 2843 1548 quia
2864 1476 3152 1547 jejunium
3181 1474 3435 1527 debitum
3457 1477 3544 1525 est
3563 1485 3705 1540 pon-

2013 1567 2138 1633 dus,
2163 1572 2220 1621 et
2250 1568 2328 1620 sic
2349 1567 2658 1619 amandum
2682 1566 2771 1620 his
2800 1567 2897 1637 qui
2922 1564 3316 1635 paenitentiam
3339 1565 3546 1631 agunt;
3571 1558 3707 1629 quia

2016 1655 2061 1708 si
2086 1656 2450 1727 jejunaverit,
2480 1659 2535 1708 et
2567 1654 2938 1724 compleverit
2961 1654 3110 1724 quod
3141 1651 3225 1705 illi
3256 1650 3591 1704 mandatum
3621 1651 3704 1701 est

2016 1761 2048 1798 a
2078 1744 2388 1810 sacerdote,
2424 1743 2822 1813 puriﬁcabitur
2850 1760 2878 1795 a
2912 1741 3170 1812 peccatis.
3207 1739 3367 1803 Quod
3407 1737 3451 1790 si
3497 1736 3707 1789 iterum

2016 1834 2082 1886 ad
2107 1832 2409 1903 pristinam
2440 1831 2913 1885 consuetudinem
2966 1828 3177 1901 peccati
3204 1827 3476 1897 [reversus
3514 1824 3705 1887 fuerit,

2014 1923 2094 1974 sic
2141 1927 2223 1975 est
2266 1921 2551 1991 quomodo
2600 1920 2756 1973 canis
2803 1920 2902 1991 qui
2955 1919 3257 1972 revertitur
3306 1916 3376 1969 ad
3428 1912 3709 1965 vomitum

2013 2011 2333 2081 proprium.
2389 2008 2585 2065 Omnis
2636 2009 2831 2079 itaque
2877 2008 3158 2078 paenitens
3209 2022 3322 2058 non
3370 2005 3479 2058 hoc
3521 2001 3709 2055 solum

2017 2099 2183 2152 debet
2207 2098 2470 2167 jejunare
2503 2098 2653 2167 quod
2684 2097 2767 2149 illi
2803 2096 3132 2149 mandatum
3182 2100 3267 2146 est
3316 2110 3346 2145 a
3395 2088 3707 2155 sacerdote,

2015 2202 2214 2240 verum
2246 2185 2416 2239 etiam
2445 2190 2750 2255 postquam
2782 2182 3150 2255 compleverit
3184 2198 3249 2235 ea
3279 2196 3407 2251 quas
3437 2178 3522 2232 illi
3553 2177 3712 2247 jussa

2017 2283 2169 2340 sunt,
2220 2274 2386 2328 debet
2418 2278 2696 2343 quantum
2728 2272 2835 2344 ipsi
2884 2272 3066 2324 visum
3107 2270 3281 2324 fuerit
3323 2268 3606 2339 jejunare.
3653 2261 3711 2318 Si

2018 2363 2168 2416 enim
2224 2362 2406 2432 egerit
2451 2378 2514 2415 ea
2578 2378 2706 2432 quae
2753 2360 2838 2414 illi
2894 2361 3152 2414 sacerdos
3209 2354 3563 2430 prmceperit,
3614 2353 3712 2405 illa

2017 2456 2249 2523 peccata
2294 2455 2519 2505 tantum
2578 2467 2710 2521 quae
2764 2450 3055 2503 confessus
3100 2453 3185 2501 est
3218 2446 3600 2501 remittantur.
3654 2441 3711 2496 Si

2019 2557 2149 2593 vero
2184 2544 2381 2612 postea
2414 2557 2479 2593 ex
2512 2556 2613 2591 sua
2643 2540 2931 2592 voluntate
2970 2536 3336 2607 jejuuaverit,
3388 2533 3711 2587 mercedem

2020 2630 2126 2683 sibi
2158 2629 2432 2700 acquiret,
2476 2634 2532 2681 et
2567 2644 2807 2697 regnum
2857 2629 3147 2681 cmlorum.
3200 2625 3307 2688 Qui
3352 2639 3488 2692 ergo
3532 2625 3711 2674 totam

2020 2718 2398 2789 septimanam
2427 2717 2651 2788 jejunat
2677 2732 2781 2786 pro
2815 2715 3080 2785 peccatis,
3138 2712 3371 2767 sabbato
3420 2717 3478 2764 et
3523 2707 3712 2763 domi—

2022 2808 2147 2861 nica
2172 2807 2261 2861 die
2294 2807 2597 2859 manducet
2626 2810 2683 2859 et
2705 2805 2859 2858 bibat
2892 2804 3172 2875 quidquid
3200 2803 3253 2856 ei
3279 2805 3477 2870 aptum
3503 2796 3709 2851 fuerit:

2022 2896 2306 2949 custodiat
2353 2900 2544 2948 tamen
2595 2910 2652 2947 se
2719 2910 2752 2946 a
2808 2894 3039 2963 crapula
3089 2896 3145 2945 et
3200 2890 3521 2944 ebrietate:
3578 2885 3715 2956 quia

2029 2985 2215 3041 omnis
2274 2985 2496 3037 luxuria
2550 2983 2617 3038 de
2666 2982 2937 3037 ebrietate
2996 2981 3265 3035 nascitur.
3330 2979 3461 3033 Ideo
3514 2978 3715 3030 beatus

2030 3075 2237 3128 Paulus
2284 3072 2581 3142 prohibuit
2620 3073 2858 3126 dicens:
2922 3072 3106 3125 Nolite
3137 3067 3413 3123 inebriari
3458 3067 3612 3130 vino,
3660 3064 3719 3117 in

2030 3181 2141 3234 quo
2174 3168 2258 3216 est
2288 3162 2510 3215 luxuria
2543 3178 2554 3214 :
2583 3178 2697 3215 non
2748 3161 2881 3232 quia
2930 3160 2990 3213 in
3023 3160 3152 3212 vino
3195 3161 3279 3211 est
3322 3154 3566 3222 luxuria,
3617 3153 3716 3207 sed

2030 3251 2089 3304 in
2120 3250 2415 3304 ebrietate.

2031 3340 2156 3393 CAP.
2182 3338 2405 3391 XXXIII.
2431 3368 2498 3375 —
2532 3339 2598 3390 Ut
2618 3339 3034 3405 quotiescunque
3055 3336 3232 3403 aliqui
3251 3333 3325 3386 ad
3341 3332 3717 3405 pcenitentiam

2099 3411 2434 3471 accesserint,
2497 3402 2795 3461 sacerdotes
2831 3407 3059 3474 jejunus
3127 3402 3179 3458 et
3219 3402 3551 3457 orationibus
3600 3416 3719 3454 cum

2099 3482 2174 3532 eis
2200 3480 2590 3532 communicare
2618 3478 2862 3531 debeant.

2103 3553 2212 3617 (Em
2240 3550 2611 3604 Pcenitentiali
2644 3549 2870 3615 Theod.)
2917 3546 3381 3615 Quotiescunque
3411 3539 3717 3597 Christiani

2032 3640 2101 3692 ad
2148 3637 2551 3709 paenitentiam
2610 3637 2905 3702 accedunt,
2963 3635 3186 3705 jejunis.
3237 3631 3615 3702 injungimus,
3667 3633 3723 3681 et

2034 3745 2135 3781 nos
2165 3726 2587 3780 communicare
2610 3741 2741 3779 cum
2774 3727 2853 3778 eis
2882 3725 3155 3778 debemus
3187 3723 3248 3777 in
3271 3721 3517 3792 jejunio,
3544 3733 3719 3772 unam

2034 3822 2129 3870 aut
2160 3815 2302 3869 duas
2331 3813 2703 3884 septimanae,
2735 3820 2835 3868 aut
2865 3819 3144 3884 quantum
3167 3827 3489 3883 possumus,
3520 3813 3584 3862 ut
3606 3823 3723 3860 non

2034 3905 2252 3960 dicatur
2305 3904 2463 3957 nobis
2508 3904 2662 3973 quod
2710 3902 3094 3956 sacerdotibus
3140 3901 3468 3955 Judeaorum
3510 3898 3723 3951 dictum

2036 4000 2121 4048 est
2151 4011 2180 4047 a
2209 3992 2451 4047 Domino
2487 4009 2497 4045 :
2532 3993 2624 4045 Vas
2657 3992 2811 4045 vobis
2843 3990 3203 4061 legisperitis,
3260 3988 3357 4058 qui
3403 3985 3725 4057 aggravatis

2038 4082 2320 4148 homines,
2357 4086 2413 4134 et
2440 4079 2739 4149 imponitis
2789 4096 2959 4149 super
2998 4079 3269 4132 humeros
3308 4091 3506 4130 eorum
3554 4088 3727 4126 onera

2038 4170 2250 4240 gravia,
2282 4174 2342 4222 et
2371 4168 2777 4237 importabilia,
2813 4168 2919 4238 ipsi
2956 4171 3148 4241 autem
3186 4181 3298 4219 uno
3331 4163 3508 4233 digito
3540 4167 3726 4214 vestro

2040 4275 2156 4313 non
2186 4257 2423 4327 tangitis
2473 4256 2719 4310 sarcinas
2761 4257 2931 4327 ipsas.
2984 4257 3159 4309 Nemo
3192 4254 3347 4307 enim
3400 4254 3585 4321 potest
3627 4267 3727 4303 su-

2041 4348 2266 4402 blevare
2294 4346 2592 4400 cadentem
2628 4346 2731 4399 sub
2783 4345 3054 4415 pondere,
3110 4343 3219 4397 nisi
3269 4340 3624 4396 inclinaverit
3671 4354 3728 4392 se

2043 4440 2104 4489 ut
2126 4434 2382 4505 porrigat
2411 4434 2465 4488 ei
2486 4450 2743 4490 manum.
2781 4435 2973 4504 Neque
3005 4433 3153 4487 ullus
3201 4430 3556 4485 medicorum
3607 4428 3725 4480 vul-

2043 4541 2178 4578 nera
2208 4523 2624 4577 inﬁrmantium
2663 4527 2846 4593 potest
2874 4538 3073 4576 curare
3122 4521 3231 4575 nisi
3278 4518 3552 4573 fetoribus
3599 4533 3729 4586 par-

2044 4613 2217 4683 ticeps
2274 4612 2461 4667 fuerit.
2523 4614 2605 4666 Ita
2686 4628 2915 4681 quoque
2976 4611 3166 4664 nullus
3216 4608 3593 4672 sacerdotum,
3646 4606 3732 4660 vel

2044 4703 2292 4774 pontifex
2324 4706 2687 4772 peccatorum
2738 4701 2973 4754 vulnera
3024 4716 3221 4753 curare
3262 4703 3468 4768 potest,
3505 4696 3729 4751 anima-

2045 4793 2149 4846 bus
2203 4796 2432 4862 peccata
2479 4790 2719 4856 auferre,
2807 4793 3113 4859 praestante
3200 4785 3584 4841 sollicitudine
3677 4788 3734 4837 et

2044 4882 2297 4936 oratione
2387 4881 2786 4949 lacrymarum.
2851 4880 3086 4931 Necesse
3155 4882 3239 4931 est
3304 4892 3463 4945 ergo,
3532 4875 3734 4928 fratres

2041 4968 2380 5034 charissimi,
2413 4983 2509 5021 vos
2540 4965 2812 5020 sollicitos
2843 4982 2967 5018 esse
2997 4981 3102 5034 pro
3134 4962 3502 5033 peccantibus
3534 4977 3545 5015 :
3598 4960 3734 5029 quia

2044 5074 2240 5113 sumus
2268 5056 2611 5110 alterutrum
2646 5055 2921 5107 membra.
2958 5054 3205 5122 Ideoque
3236 5056 3293 5104 et
3324 5067 3427 5103 nos
3477 5049 3524 5102 si
3571 5048 3733 5102 vide-

2043 5148 2220 5201 rimus
2288 5145 2538 5215 aliquem
2595 5143 2656 5197 in
2718 5142 2963 5213 peccatis
3026 5142 3330 5212 jacentem,
3402 5138 3736 5193 festinemus

2041 5252 2172 5290 eum
2204 5234 2273 5289 ad
2305 5232 2698 5305 paenitentiam
2728 5248 2831 5303 per
2860 5236 3113 5286 nostram
3160 5230 3477 5284 doctrinam
3508 5244 3730 5281 vocare.

2038 5325 2108 5378 Et
2139 5324 2592 5395 quotiescunque
2622 5323 2847 5377 dederis
2881 5322 3183 5376 consilium
3234 5320 3510 5390 peccanti,
3561 5318 3730 5372 simul

2042 5428 2269 5484 quoque
2304 5413 2377 5466 da
2404 5412 2489 5466 illi
2522 5412 2919 5482 paenitentiam
2950 5410 3162 5477 statim,
3200 5412 3481 5479 quantum
3534 5407 3738 5461 debeat

2034 5502 2317 5571 jejunare,
2353 5507 2450 5554 aut
2479 5502 2859 5572 eleemosyuis
2892 5500 3171 5554 redimere
3199 5500 3426 5568 peccata
3452 5513 3554 5549 sua
3585 5512 3597 5550 :
3658 5512 3731 5549 ne

2040 5591 2187 5661 forte
2236 5588 2587 5645 obliviscaris
2619 5608 2747 5662 quae
2779 5591 2879 5645 tibi
2924 5591 3043 5659 jam
3091 5588 3252 5655 dixit,
3288 5595 3345 5643 et
3393 5588 3602 5641 iterum
3637 5603 3739 5640 ne-
