3944 6306
238 341 338 393 987

1309 327 1715 383 BURCHARDI
1755 324 2288 381 WOBMACIENSIS
2327 321 2662 377 EI’ISCOPI.

3638 323 3745 375 988

237 474 391 513 08556
422 457 497 510 Sil
650 454 1034 522 interrogare,
1082 453 1139 504 8t
1185 449 1428 504 forsitan
1479 448 1775 502 erubescet
1823 445 1926 499 ite-
1966 446 2013 498 Α
2041 456 2360 513 inconsulto
2435 455 2702 527 episcopo
2777 472 2893 510 non
2966 455 3293 511 reconciliet
3343 460 3743 527 pwnﬁentem’

236 563 367 602 rum
397 549 629 619 peccata
660 559 764 596 sua
794 539 1074 605 conﬁteri,
1111 544 1169 593 et
1195 536 1519 592 invenietur
1540 536 1664 606 jam
1684 534 1933 605 amplius

231 634 506 707 judicari.

243 744 373 796 CAP.
440 739 660 794 XXXIV.
706 766 774 776 —-
805 736 961 800 Quod
1001 736 1280 803 contingat
1329 733 1591 786 hominem
1659 730 1936 784 interdum

341 813 515 866 animi
545 814 712 874 motu,
748 807 1020 861 interdum
1049 809 1229 859 carnis
1257 805 1568 873 fragilitate
1588 817 1823 872 peccare.

312 902 417 971 (Ea:
438 899 665 954 concilio
697 896 985 959 Cabillon,
1013 896 1191 962 capite
1220 895 1334 954 32.)
1369 892 1478 947 Sed
1510 896 1565 945 et
1593 892 1700 944 hoc
1745 905 1936 943 emen-

240 986 471 1042 datione
523 984 783 1055 indigere
839 980 1259 1053 perspeximus,
1309 979 1459 1050 quod
1517 978 1753 1049 quidam
1798 977 1935 1030 dum

239 1075 588 1131 conﬁtentur
621 1075 852 1143 peccata
897 1086 997 1123 sua
1044 1067 1436 1135 sacerdotibus
1491 1083 1607 1120 non
1659 1067 1825 1136 plene
1877 1064 1936 1118 id

241 1165 475 1220 faciunt.
509 1162 652 1227 Quia
676 1177 812 1231 ergo
842 1164 1060 1214 constat
1094 1157 1389 1211 hominem
1418 1173 1482 1209 ex
1538 1150 1783 1209 duabus
1815 1169 1935 1207 esse

241 1252 593 1319 substantiis,
625 1250 819 1304 anima
846 1248 1110 1302 videlicet
1143 1250 1199 1299 et
1226 1260 1483 1315 corpore,
1540 1248 1595 1298 et
1643 1243 1935 1297 interdum

240 1340 421 1395 animi
473 1344 652 1405 motu,
716 1336 1002 1391 interdum
1054 1334 1241 1388 carnis
1295 1332 1602 1402 fragilitate
1649 1337 1934 1403 peccatur,

243 1429 435 1484 solerti
466 1428 833 1499 indagatione
880 1425 1091 1479 debent
1134 1423 1353 1494 inquiri
1398 1422 1521 1492 ipsa
1567 1426 1815 1492 peccata,
1873 1425 1938 1475 ut

243 1517 499 1587 utrisque
530 1516 701 1586 plena
732 1514 804 1568 sit
841 1512 1138 1576 confessio,
1183 1510 1395 1565 scilicet
1443 1515 1505 1563 ut
1546 1512 1604 1563 et
1643 1525 1706 1563 ea
1759 1508 1934 1562 conﬁ-

241 1608 472 1659 teantur
501 1618 630 1673 quae
656 1617 759 1670 per
784 1615 991 1670 corpus
1034 1603 1191 1669 gesta
1220 1603 1371 1659 sunt,
1408 1602 1466 1651 et
1506 1612 1573 1649 ea
1622 1596 1830 1667 quibus
1877 1596 1938 1649 in

2043 547 2154 602 nisi
2186 545 2442 601 absentia
2472 545 2725 615 episcopi
2758 545 3095 599 necessitate
3135 550 3390 614 cogente.
3418 545 3749 615 Cujuscun-

2042 653 2154 708 que
2213 639 2405 689 autem
2460 634 2794 705 pcenitentis
2849 635 3141 703 publicum
3188 639 3244 689 et
3287 634 3749 704 vulgatissimum

2041 725 2258 778 crimen
2293 729 2394 789 est,
2442 724 2596 794 quod
2654 723 2980 777 universam
3011 723 3307 777 ecclesiam
3345 724 3748 788 commoverit,

2044 820 2177 867 ante
2204 812 2458 866 absidam
2493 827 2696 865 manus
2718 811 2772 866 ei
2800 812 3154 883 imponatur.

2042 920 2173 975 CAP.
2203 918 2336 974 XLI.
2369 948 2437 957 —
2470 921 2544 972 De
2588 919 2672 971 his
2729 921 2826 987 qui
2865 919 2987 987 jam
3034 933 3255 987 peccare
3301 926 3661 985 cessaverunt,
3697 924 3750 973 et

2110 991 2350 1058 perfecte
2376 991 2744 1058 pcenituerunt
2785 994 2846 1043 ut
2896 991 3198 1044 communio
3245 991 3413 1043 eisin
3460 991 3586 1058 ipsa
3632 1005 3748 1058 pa:-

2113 1063 2348 1114 nitentia
2377 1060 2718 1114 concedatur.

2114 1167 2228 1235 (Ea:
2258 1166 2481 1220 concilio
2514 1165 2821 1229 Laodicen.,
2854 1168 3031 1234 capite
3048 1166 3128 1234 2.)
3155 1166 3230 1219 De
3260 1164 3348 1219 his
3375 1165 3478 1236 qui
3506 1166 3749 1219 diversis

2042 1254 2389 1308 facinoribus
2414 1258 2813 1323 peccaverunt,
2850 1258 2905 1305 et
2932 1257 3362 1323 perseverantes
3390 1252 3449 1305 in
3481 1252 3751 1306 oratione

2044 1342 2477 1396 conversionem
2516 1358 2550 1395 a
2579 1342 2743 1395 malis
2777 1341 3026 1394 habuere
3061 1341 3389 1410 perfectam,
3424 1357 3527 1409 pro
3557 1341 3749 1410 quali-

2044 1430 2399 1493 tate‘delicti,
2432 1430 2643 1483 talibus
2688 1435 2815 1499 post
2858 1429 3206 1499 poenitentiae
3247 1434 3474 1499 tempus
3515 1428 3748 1499 impen-

2045 1536 2192 1587 sum,
2226 1525 2459 1590 propter
2477 1518 2840 1572 clementiam
2874 1522 2930 1572 et
2968 1518 3282 1571 bonitatem
3340 1517 3440 1571 Dei
3478 1534 3746 1572 commu-

2046 1609 2142 1662 nio
2171 1608 2533 1661 concedatur.

240 1693 360 1746 sola
388 1690 730 1761 cogitatione
760 1687 1131 1781 delinquitnr.
1184 1686 1572 1781 Instruendus-
1613 1689 1698 1738 est
1733 1685 1937 1781 itaque
1973 1722 2010 1775 Β
2050 1715 2181 1770 οη.
2208 1716 2368 1770 XL".
2403 1745 2468 1754 _
2510 1717 2587 1769 De
2614 1715 2804 1781 lapsis,
2841 1712 3100 1781 quomodo
3138 1727 3222 1766 eos
3250 1713 3497 1779 fraterno
3544 1711 3751 1780 affectu

244 1783 609 1851 peccatorum
651 1792 881 1830 suorum
926 1774 1232 1841 confessor,
1266 1777 1329 1828 ut
1376 1774 1445 1827 de
1488 1778 1616 1827 octo
1658 1772 1941 1843 principa-

242 1869 390 1923 libus
419 1867 592 1933 vitiis,
626 1865 747 1919 sine
778 1865 985 1936 quibus
1031 1863 1092 1917 in
1130 1863 1236 1917 hac
1266 1863 1378 1917 vita
1442 1862 1672 1917 difﬁcile
1708 1861 1938 1928 vivitur,

242 1955 655 2011 confessionem
688 1954 887 2008 faciat:
911 1952 1046 2024 quia
1076 1956 1173 2006 aut
1211 1951 1577 2023 cogitatione,
1626 1955 1744 2019 aut,
1786 1951 1941 2022 quod

242 2045 472 2117 gravius
503 2047 605 2107 est,
639 2058 834 2112 opere,
866 2027 1063 2095 eorum
1096 2040 1369 2094 instinctu
1412 2039 1664 2111 peccavit
1696 2057 1709 2094 :
1744 2039 1940 2094 odium

241 2132 477 2200 etenim,
513 2130 749 2198 invidia,
805 2129 1092 2201 superbia,
1144 2130 1231 2183 vel
1271 2134 1492 2182 caetera
1543 2128 1939 2198 hujuscemodi

243 2222 453 2277 animas
486 2225 672 2291 pestes
703 2222 859 2272 tanto
886 2217 1260 2290 periculosius
1289 2217 1522 2284 laidunt,
1557 2222 1773 2288 quanto
1805 2218 1939 2271 sub-

243 2311 401 2364 tilius
432 2311 689 2378 serpunt.

249 2417 378 2472 CAP.
411 2416 610 2471 XXXV.
638 2444 705 2455 —
732 2416 800 2470 Ut
813 2415 1133 2498 paenitentia
1152 2413 1355 2537 qbsque
1371 2428 1612 2482 personae
1640 2416 1944 2483 acceptione

935 2500 1156 2537 impona
1181 2499 1266 2537 ur.

935 2499 1266 2554 imponatur.

319 2574 424 2647 (Ea:
450 2575 671 2630 concilio
699 2575 990 2640 Carthag.,
1026 2575 1202 2642 capite
1221 2571 1331 2640 74.)
1361 2573 1430 2627 Ut
1458 2572 1719 2626 sacerdos
1749 2572 1940 2644 poeni-

249 2665 552 2719 nitentiam
574 2662 931 2734 imploranti,
956 2661 1166 2732 absque
1185 2677 1446 2733 personas
1458 2661 1803 2732 acceptione,
1821 2678 1939 2733 poe-

247 2754 503 2809 nitentiae
536 2754 688 2823 leges
718 2753 998 2822 injungat.

390 2844 517 2896 CAP.
554 2842 769 2896 XXXVI.
804 2870 872 2881 —
906 2840 982 2895 De
1009 2841 1226 2894 incestis
1252 2840 1451 2894 occulte
1474 2841 1796 2895 commissis.

322 2934 427 2999 (Ea:
458 2930 619 2984 dictis
659 2928 832 2997 Aug.)
865 2928 921 2984 Si
959 2928 1087 2999 quis
1130 2927 1410 2981 incestum
1434 2929 1648 2981 occulte
1700 2929 1941 2981 commi-

2118 1789 2403 1853 corripere,
2438 1790 2489 1839 et
2520 1786 2789 1839 consolari
2826 1785 3069 1851 debeant,
3124 1788 3185 1838 ut
3229 1799 3336 1839 non
3377 1782 3631 1838 incidant
3686 1786 3753 1837 in.

2119 1858 2356 1911 insidias
2386 1856 2613 1923 diaboli,
2646 1861 2699 1910 et
2722 1855 3019 1924 desperent.

2120 1962 2234 2031 (Ea:
2261 1964 2419 2032 epist.
2450 1962 2623 2016 Calis.
2653 1961 2853 2030 papa.)
2894 1961 3003 2016 Sed
3045 1961 3092 2015 si
3123 1960 3333 2032 aliquis
3384 1961 3575 2031 lapsus
3602 1975 3750 2030 quo-

2048 2066 2164 2121 quo
2197 2050 2371 2104 modo
2397 2050 2592 2115 fuerit,
2623 2054 2916 2120 portemus
2959 2065 3113 2116 eum,
3163 2054 3219 2103 et
3266 2050 3519 2103 fraterno
3568 2048 3748 2103 corri-

2049 2140 2274 2210 piamus
2299 2139 2526 2204 affectu,
2559 2139 2705 2205 sicut
2751 2140 2830 2191 ait
2855 2139 3053 2192 beatus
3105 2138 3410 2209 Apostolus
3443 2154 3457 2193 :
3492 2138 3549 2194 Si
3596 2154 3752 2208 prae-

2049 2232 2357 2299 occupatus
2385 2228 2558 2282 fuerit
2582 2229 2754 2281 homo
2778 2227 2836 2280 in
2868 2228 3060 2297 aliquo
3091 2227 3321 2297 delicto,
3354 2244 3476 2296 vos,
3499 2227 3602 2297 qui
3632 2227 3750 2296 spi-

2048 2317 2242 2370 ritales
2301 2317 2435 2369 estis
2502 2315 2831 2386 hujusmodi
2899 2315 3161 2369 instruite
3220 2316 3279 2368 in
3339 2314 3545 2384 spiritu
3607 2314 3755 2369 leni-

2048 2404 2201 2473 tatis,
2233 2402 2604 2457 considerans
2630 2407 2686 2457 te
2720 2402 2931 2471 ipsum,
2989 2418 3059 2455 ne
3089 2407 3147 2456 et
3180 2406 3243 2456 tu
3269 2402 3504 2456 tenteris
3535 2419 3548 2456 :
3588 2404 3752 2456 Alter

2049 2492 2284 2545 alterius
2341 2507 2518 2545 onera
2575 2496 2817 2562 portate,
2872 2496 2929 2544 et
2979 2490 3059 2544 sic
3122 2490 3507 2561 adimplebitis
3562 2491 3753 2560 legem

2049 2579 2277 2634 Christi.
2312 2581 2491 2633 Porro
2542 2585 2768 2633 sanctus
2821 2579 2994 2634 David
3024 2579 3093 2633 de
3123 2578 3458 2633 criminibus
3487 2579 3752 2634 mortife-

2048 2668 2128 2722 ris
2159 2668 2275 2738 egit
2306 2669 2727 2739 paanitentiam,
2760 2673 2816 2722 et
2853 2675 3047 2722 tamen
3075 2668 3134 2722 in
3165 2668 3380 2722 honore
3410 2668 3749 2738 permansit.

2051 2757 2256 2810 Beatus
2313 2772 2544 2827 quoque
2595 2758 2793 2810 Petrus
2849 2756 3237 2810 amarissimas
3268 2756 3547 2827 lacrymas
3578 2756 3747 2823 fudit,

2052 2844 2282 2916 quando
2318 2844 2622 2898 Dominum
2656 2861 2893 2914 negasse
2928 2844 3213 2915 paenituit,
3245 2846 3341 2899 sed
3388 2850 3585 2899 tamen
3615 2860 3755 2914 apo-

2055 2935 2229 2987 stolus
2259 2934 2614 3004 permansit;
2670 2939 2725 2987 et
2757 2933 3032 2987 Dominus
3082 2949 3183 3002 per
3228 2933 3575 3004 prophetam
3626 2949 3757 3003 pec-

247 3021 405 3087 serit,
439 3023 497 3072 et
547 3017 828 3071 sacerdoti
876 3017 1093 3070 occulte
1151 3015 1565 3070 confessionem
1607 3016 1809 3086 egerit,
1857 3017 1942 3070 in—
1973 3002 2013 3058 ί)
2055 3022 2315 3075 cantibus
2341 3022 2666 3093 pollicetur,
2721 3022 2915 3077 dicens
2951 3002 3259 3076 :Peccator
3302 3002 3362 3075 in
3403 3002 3753 3093 quacunque

248 3107 472 3161 dicetur
500 3106 554 3160 ei
576 3105 895 3159 remedium
926 3104 1265 3157 canonicum
1296 3103 1450 3174 quod
1482 3102 1673 3158 subire
1714 3104 1947 3158 debuis-

247 3200 332 3250 set
366 3194 413 3248 si
453 3194 578 3265 ejus
609 3193 829 3248 facinus
874 3192 1230 3263 publicatum
1281 3191 1498 3247 fuisset.
1543 3193 1749 3247 Verum
1807 3195 1942 3265 quia

249 3285 386 3338 latet
440 3281 830 3350 commissum,
893 3281 1061 3336 detur
1107 3280 1222 3334 eia
1277 3280 1568 3334 sacerdote
1617 3281 1938 3351 consilium,

251 3376 312 3427 ut
350 3370 523 3426 saluti
575 3370 784 3425 animas
823 3386 940 3424 suas
982 3385 1083 3441 pro
1127 3369 1348 3424 occulta
1392 3370 1729 3440 poenitentia
1770 3372 1940 3442 proﬁ-

246 3460 375 3529 ciat,
409 3461 519 3515 hoc
544 3465 632 3513 est
679 3464 746 3513 ut
798 3458 1077 3513 veraciter
1126 3473 1196 3512 ex
1244 3458 1415 3513 corde
1460 3475 1520 3513 se
1570 3459 1817 3530 graviter
1844 3461 1941 3515 de-

247 3548 483 3620 liquisse
533 3547 892 3615 conﬁteatur,
939 3551 998 3602 et
1047 3563 1152 3617 per
1194 3545 1421 3618 jejunia
1461 3552 1519 3602 et
1556 3548 1943 3620 eleemosynas

248 3637 587 3709 vigiliasque
650 3652 715 3690 ac
772 3652 959 3690 sacras
1033 3635 1324 3690 orationes
1378 3652 1510 3690 cum
1567 3637 1829 3709 lacrymis
1884 3656 1944 3711 se

250 3741 499 3796 purgare
531 3725 861 3790 contendat,
893 3728 951 3778 et
978 3724 1057 3778 sic
1078 3740 1139 3778 se
1174 3724 1245 3779 ad
1273 3740 1432 3796 spem
1462 3725 1642 3781 venias
1688 3743 1790 3798 pro
1841 3728 1943 3782 mi-

253 3811 566 3867 sericordia
596 3811 698 3866 Dei
724 3811 1023 3882 pervenire
1053 3812 1321 3867 conﬁdat.

254 3920 381 3975 CAP.
417 3918 659 3974 XXXVII.
686 3948 753 3957 —
781 3920 850 3973 Ut
874 3919 1017 3973 inter
1028 3921 1344 3987 pcenitentes
1365 3920 1579 3988 publice
1601 3926 1652 3976 et
1671 3922 1941 3990 absconse,
1976 3928 1987 3937 ’

763 3989 1020 4044 discretio
1050 3991 1320 4044 servanda
1343 3995 1430 4046 sit.

323 4081 436 4151 (Ea:
474 4079 697 4134 concilio
725 4080 1051 4148 Moguntin.,
1084 4081 1259 4148 capite
1286 4079 1398 4151 2t.)
1433 4080 1500 4134 Ut
1528 4081 1794 4137 discretio
1824 4099 1942 4138 ser-

250 4169 435 4224 vanda
466 4167 716 4222 sitinter
766 4167 1128 4238 pcenitentes,
1181 4169 1282 4240 qui
1319 4169 1563 4241 publice,
1615 4175 1669 4224 et
1718 4172 1818 4243 qui
1846 4173 1942 4227 ab-

204 4294 209 4297 -
254 4273 454 4312 sconse
483 4257 762 4326 paenitere
793 4256 1054 4310 debeant.

289 4348 417 4401 CAP.
453 4346 808 4401 XXXVIII.—
841 4348 914 4401 De
947 4347 1057 4401 illis
1088 4348 1186 4415 qui
1202 4348 1487 4415 negligant
1516 4349 1912 4415 paenitentiam.

324 4437 435 4503 (Ea:
488 4434 714 4489 concilio
770 4435 1057 4501 Carthag.,
1128 4437 1305 4504 capite
1354 4433 1471 4502 '75.)
1524 4434 1592 4487 Ut
1651 4436 1949 4508 negligen-

255 4522 432 4577 tiores
461 4521 824 4593 poenitentes,
861 4523 1078 4578 tardius
1104 4521 1473 4591 recipiantur.

292 4629 421 4683 CAP.
454 4630 673 4684 XXXIX.
709 4659 769 4670 -—
804 4632 873 4685 Ut
891 4632 1237 4699 paenitentem
1262 4644 1330 4681 ea:
1350 4628 1507 4699 corde
1534 4645 1734 4697 magna
1757 4633 1914 4686 caehi-

503 4700 768 4754 laratione
794 4698 1095 4755 sacerdotes
1123 4701 1392 4768 suscipere
1419 4698 1663 4754 debeant.

325 4790 437 4857 (Ea:
484 4788 646 4844 dictis
693 4790 891 4844 Basilii
935 4790 1194 4857 episcop.)
1242 4788 1618 4843 Poenitentem
1666 4805 1735 4845 ex
1780 4792 1952 4847 corde

253 4878 335 4932 ita
364 4881 593 4948 oportet
622 4877 854 4948 suscipi,
889 4875 1036 4929 sicut
1062 4875 1336 4930 Dominus
1371 4877 1638 4945 ostendit,
1688 4895 1819 4933 cum
1865 4880 1949 4935 di-

252 4965 371 5020 cit:
435 4964 579 5029 Quia
635 4963 963 5018 convocavit
1019 4962 1230 5017 amicos
1282 4981 1432 5032 suos,
1482 4971 1537 5019 et
1586 4965 1825 5036 vicinos,
1872 4967 1954 5022 di-

253 5070 388 5108 cens
420 5071 433 5108 :
471 5050 967 5123 Congratulamini
997 5050 1158 5120 mihi,
1182 5051 1316 5122 quia
1346 5052 1539 5107 inveni
1568 5070 1729 5108 ovem
1762 5070 1950 5109 meam

255 5159 433 5214 quam
471 5141 858 5212 perdideram.

256 5249 384 5304 CAP.
432 5249 537 5303 XL.
588 5278 657 5286 —
709 5250 775 5302 Ut
826 5247 1119 5301 secundum
1190 5246 1551 5316 diﬂ'erentiam
1591 5252 1948 5317 peccatorum,

325 5321 566 5389 episcopi
590 5318 824 5374 arbitrio
841 5319 1173 5387 paenitentiae
1203 5323 1443 5388 tempora
1463 5318 1877 5374 dercernantur.

327 5412 438 5477 (Ea:
466 5408 690 5462 concilio
729 5407 967 5474 African
999 5449 1013 5475 ,
1055 5409 1231 5476 capite
1286 5408 1397 5478 l0.)
1432 5407 1499 5462 Ut
1540 5407 1950 5477 paenitentibus

255 5496 568 5552 secundum
599 5494 979 5550 differentiam
1009 5498 1392 5566 peccatorum,
1432 5494 1686 5567 episcopi
1714 5497 1947 5552 arbitrio

256 5583 608 5655 pcenitentiae
679 5589 940 5653 tempora
986 5584 1386 5652 decernantur,
1445 5590 1502 5640 et
1547 5590 1610 5639 ut
1654 5586 1951 5658 presbyter

2052 3110 2143 3164 die
2174 3126 2481 3164 conversus
2512 3109 2879 3179 ingemuerit,
2903 3111 3163 3164 omnium
3186 3110 3561 3180 iniquitatum
3594 3109 3751 3162 illius

2054 3199 2303 3270 amplius
2334 3215 2452 3252 non
2482 3198 2841 3253 recordabor.
2881 3201 3080 3253 Errant
3108 3198 3261 3252 enim
3293 3198 3391 3268 qui
3423 3202 3629 3267 putant
3668 3214 3755 3250 sa-

2052 3289 2305 3342 cerdotes
2346 3292 2476 3355 post
2519 3288 2766 3356 lapsum,
2818 3286 2864 3339 si
2915 3286 3263 3356 condignam
3310 3285 3534 3355 egerint
3564 3286 3752 3357 posui-

2051 3378 2314 3444 tentiam,
2351 3377 2592 3432 Domino
2625 3375 2950 3431 ministrare
2973 3392 3089 3429 non
3120 3391 3307 3445 posse,
3329 3381 3385 3427 et
3414 3375 3532 3429 suis
3562 3376 3755 3430 hono-

2052 3468 2209 3527 ribus
2266 3466 2399 3532 frui,
2448 3466 2494 3519 si
2541 3465 2747 3519 bonam
2804 3465 3073 3534 deinceps
3121 3464 3297 3518 vitam
3351 3464 3641 3530 duxerint,
3695 3469 3753 3519 et

2053 3572 2219 3611 suum
2277 3555 2652 3609 sacerdotium
2711 3554 2992 3624 condigne
3060 3552 3580 3617 custodierint..Et
3636 3553 3749 3622 ipsi

2052 3645 2153 3716 qui
2184 3644 2288 3698 hoc
2320 3647 2543 3713 putant,
2578 3658 2693 3696 non
2715 3642 2899 3696 solum
2930 3646 3145 3705 errant,
3175 3641 3273 3695 sed
3306 3642 3478 3695 etiam
3509 3642 3750 3696 traditas

2056 3732 2312 3787 Ecclesia:
2361 3732 2544 3785 claves
2591 3731 2888 3801 dissipare,
2930 3734 2985 3784 et
3050 3731 3283 3802 abigere
3330 3729 3616 3784 videntur.
3670 3732 3751 3785 De

2052 3821 2261 3891 quibus
2306 3818 2522 3873 dictum
2571 3824 2698 3873 est:
2753 3819 3118 3889 Quaecunque
3169 3818 3406 3872 solveris
3462 3817 3525 3871 in
3572 3823 3747 3883 terra,

2052 3913 2224 3963 erunt
2249 3907 2432 3961 soluta
2457 3912 2514 3961 et
2543 3906 2604 3961 in
2653 3907 2815 3961 caelo.
2847 3907 3097 3978 Alioqui,
3151 3907 3275 3961 haec
3321 3906 3602 3960 sententia
3649 3912 3753 3962 aut

2053 3995 2283 4053 Domini
2311 4012 2429 4050 non
2463 4000 2568 4062 est,
2598 4000 2697 4049 aut
2717 4011 2834 4049 non
2863 4011 3014 4049 vera.
3050 3995 3161 4049 Nos
3191 4010 3323 4048 vero
3349 3993 3754 4048 indubitanter

2052 4090 2169 4140 tam
2198 4083 2425 4139 Domini
2457 4083 2795 4151 sacerdotes,
2848 4099 3021 4154 quam
3052 4081 3303 4154 reliquos
3346 4081 3565 4149 ﬁdeles,
3601 4088 3757 4153 post

2053 4174 2290 4245 dignam
2342 4171 2783 4226 satisfactionem
2854 4187 3018 4242 posse
3069 4170 3323 4225 revocari
3384 4170 3455 4225 ad
3504 4171 3755 4224 honores

1982 4287 2026 4341 ο
2057 4262 2362 4330 credimus,
2396 4264 2639 4315 testante
2680 4259 2922 4314 Domino
2944 4275 3049 4330 per
3081 4258 3442 4329 prophetam.
3480 4256 3755 4327 Nunquid

2065 4352 2164 4424 qui
2192 4350 2424 4419 dormit,
2464 4365 2580 4404 non
2609 4348 2838 4419 adjiciat
2869 4352 2933 4401 ut
2960 4347 3262 4417 resurgat?
3291 4351 3347 4400 et
3378 4346 3481 4417 qui
3507 4345 3754 4415 :aversus

2060 4442 2163 4504 est,
2197 4453 2310 4490 non
2340 4437 2692 4491 revertetur?
2720 4438 2786 4491 Et
2817 4435 2954 4491 alibi
2983 4453 2996 4490 :
3035 4436 3197 4502 Nolo,
3230 4434 3421 4505 inquit
3453 4434 3752 4500 Dominus,

2061 4531 2305 4580 mortem
2335 4524 2668 4597 peccatoris,
2726 4525 2822 4578 sed
2855 4530 2919 4578 ut
2965 4528 3348 4591 convertatur,
3394 4528 3453 4577 et
3480 4522 3650 4576 vivat.
3692 4523 3759 4576 Et

2059 4616 2342 4686 propheta
2393 4612 2566 4668 David
2631 4613 3029 4683 paenitentiam
3079 4629 3273 4683 agens,
3316 4611 3506 4665 dixit:
3556 4610 3757 4665 Redde

2061 4703 2204 4757 mihi
2234 4701 2488 4756 laetitiam
2517 4701 2778 4755 salutaris
2808 4702 2912 4767 tui,
2942 4707 2998 4755 et
3029 4701 3230 4772 spiritu
3276 4699 3583 4770 principali
3616 4714 3758 4752 con-

2058 4791 2225 4846 ﬁrma
2253 4806 2366 4845 me.
2418 4791 2544 4860 Ipse
2595 4806 2843 4860 namque
2881 4794 3011 4861 post
3062 4788 3456 4860 paenitentiam
3512 4793 3569 4841 et
3608 4787 3757 4841 alios

2060 4880 2273 4947 docuit,
2307 4884 2363 4934 et
2432 4879 2771 4933 sacriﬁcium
2817 4880 2932 4933 Deo
2963 4878 3190 4944 obtulit,
3251 4877 3393 4932 dans
3423 4876 3758 4945 exemplum

2060 4967 2387 5023 doctoribus
2447 4973 2653 5021 sanctae
2703 4967 2985 5035 Ecclesiae,
3035 4967 3082 5020 si
3129 4966 3274 5038 lapsi
3320 4965 3556 5031 fuerint,
3615 4970 3672 5018 et
3704 4964 3758 5018 si

2059 5057 2405 5129 condignam
2436 5056 2830 5127 paenitentiam
2863 5056 3164 5125 gesserint,
3212 5059 3524 5124 utrumque
3567 5053 3757 5107 facere

2057 5161 2225 5215 posse
2254 5149 2309 5198 et
2336 5143 2559 5219 offerre,
2588 5148 2645 5197 ct
2671 5143 2811 5198 alios
2851 5144 3074 5197 docere.

2057 5250 2187 5306 CAP.
2211 5251 2396 5307 XLIII.
2433 5279 2501 5290 -—
2536 5252 2609 5304 De
2633 5252 2804 5319 lapsis
2832 5252 2891 5303 in
2918 5249 3204 5304 ordinibus
3243 5251 3416 5303 sacris
3447 5249 3498 5302 si
3540 5251 3756 5301 restau-

2714 5322 2836 5374 rari
2857 5325 3090 5390 possint.

2129 5410 2237 5482 (Ex
2259 5412 2467 5476 Regest.
2519 5410 2747 5476 Gregor.
2780 5424 2913 5478 pap.
2962 5407 3264 5464 Secundino
3314 5421 3466 5461 servo
3520 5406 3625 5459 Dei
3667 5421 3757 5460 re-

2057 5499 2396 5567 cluso.)Nam
2447 5503 2546 5551 tua
2578 5497 2846 5551 sanctitas
2885 5497 3021 5551 inde
3044 5513 3077 5551 a
3114 5492 3283 5550 nobis
3315 5494 3639 5566 requisivit,
3690 5500 3755 5550 ut

2056 5586 2162 5643 tibi
2190 5586 2562 5641 rescriberem
2606 5586 2675 5640 de
2716 5585 3054 5641 sacerdotali
3102 5585 3290 5640 ofﬁcio
3346 5587 3475 5655 post
3525 5584 3754 5654 lapsum
