3944 6302
215 347 318 398 989

1027 347 1501 403 DECRETORUM
1545 349 1728 404 LIBRI
1765 350 1872 404 XX.
1915 381 1983 389 -
2022 351 2227 405 LIBER
2276 351 2583 406 DECIMUS
2618 350 2872 408 NONUS.

3610 356 3713 408 990

212 472 572 541 resurgendi,
623 471 761 525 dum
808 471 947 525 dicis
1003 472 1073 525 de
1122 473 1229 526 hoc
1276 488 1522 526 canones
1570 474 1820 528 diversos
1850 479 1907 531 te
1935 476 1982 529 A
2022 490 2169 527 nunc
2201 491 2408 544 corpus
2434 474 2661 545 indigni
2691 474 2975 539 sedemus,
3010 475 3227 544 lapsum
3259 492 3380 529 esse
3419 476 3713 546 cognosci-

211 559 438 629 legisse,
517 560 881 629 diversasque
949 561 1277 629 sententias,
1352 561 1489 614 alias
1549 562 1907 631 resurgendi,

210 648 351 700 alias
381 664 747 718 nequaquam
796 664 979 717 posse.
1038 650 1179 703 Nam
1210 665 1313 703 nos
1360 650 1705 720 generaliter
1736 667 1767 703 a
1810 650 1911 703 Ni-

210 751 369 789 cana
392 736 610 805 synodo
643 736 1001 805 incipientes,
1030 738 1176 790 hanc
1228 754 1356 791 cum
1392 738 1626 808 reliquis
1664 744 1913 808 quatuor

209 840 579 878 veneramur:
615 825 749 895 quia
793 824 977 895 ipsam
1027 830 1350 896 sequentes,
1399 832 1618 880 catera
1672 827 1731 880 in
1773 844 1909 880 cun-

210 913 313 965 ctis
364 912 659 966 sententiis
699 914 999 967 unanimes
1029 915 1395 968 concordant.
1433 917 1541 968 Nos
1586 931 1720 985 ergo
1763 931 1913 985 pra-

211 1002 475 1055 cedentes
506 1003 697 1055 Patres
743 1003 1068 1073 sequimur:
1106 1004 1240 1073 quia
1279 1009 1511 1058 auctore
1546 1005 1662 1057 Deo
1696 1021 1729 1058 a
1755 1018 1915 1058 sacra

212 1090 473 1143 doctrina
511 1092 743 1144 illorum
776 1107 890 1145 non
934 1092 1342 1146 discordamus.
1388 1096 1433 1146 A
1486 1093 1669 1163 capite
1720 1094 1913 1163 itaque

211 1178 577 1249 incipientes,
641 1196 817 1250 usque
883 1180 942 1233 in
1008 1186 1275 1251 quartum
1334 1181 1527 1234 altaris
1587 1182 1913 1234 ministrum

212 1267 359 1319 hanc
386 1268 629 1321 formam
680 1269 1015 1322 servandam
1074 1270 1499 1338 cognoscimus:
1530 1275 1593 1323 ut
1633 1270 1769 1340 quia
1799 1268 1913 1322 mi-

216 1370 417 1408 norem
471 1357 651 1424 major
698 1356 987 1425 pracedit,
1024 1356 1167 1410 sicut
1206 1357 1423 1411 honore
1468 1362 1552 1411 est
1590 1358 1789 1427 major,
1836 1356 1916 1411 ita

213 1442 291 1495 sit
319 1442 379 1494 in
410 1442 670 1509 crimine,
712 1447 766 1495 et
796 1460 967 1513 quem
1000 1445 1185 1514 major
1214 1444 1470 1514 sequitur
1511 1444 1696 1514 culpa,
1731 1443 1916 1512 major

214 1532 266 1584 ei
293 1530 619 1600 implicetur
664 1532 944 1585 vindicta:
996 1539 1053 1585 et
1082 1533 1161 1585 sic
1198 1539 1395 1601 postea
1430 1532 1765 1603 panitentia
1793 1548 1912 1584 cre-

220 1620 388 1674 datur
438 1636 555 1672 esse
603 1621 910 1675 fructuosa.
972 1621 1117 1686 Quid
1170 1622 1323 1675 enim
1382 1622 1611 1691 prodest
1663 1620 1913 1674 triticum

219 1708 506 1762 seminare
530 1713 584 1761 et
613 1709 859 1762 fructum
884 1710 1037 1763 illius
1060 1726 1177 1763 non
1207 1710 1515 1780 colligere?
1540 1710 1652 1763 Aut
1678 1710 1913 1763 domum

218 1802 571 1863 construere,
613 1802 669 1852 et
710 1815 825 1852 non
856 1799 970 1852 illic
999 1799 1275 1853 habitare.
1320 1802 1453 1853 Post
1496 1799 1729 1869 dignam
1760 1798 1914 1850 enim

219 1885 684 1952 satisfactionem,
738 1887 1023 1940 credimus
1077 1904 1240 1957 posse
1284 1888 1473 1941 redire
1505 1888 1575 1941 ad
1608 1889 1909 1940 honorem:

215 1973 497 2043 Propheta
530 1975 780 2029 dicente:
841 1977 1109 2045 Nunquid
1156 1976 1255 2046 qui
1320 1977 1467 2029 cadit
1522 1992 1636 2029 non
1689 1974 1917 2043 adjiciet

218 2068 283 2115 ut
339 2062 637 2129 resurgat?
671 2069 727 2116 et
784 2066 883 2134 qui
938 2081 1168 2117 aversus
1227 2070 1331 2130 est,
1388 2081 1504 2117 non
1557 2063 1914 2117 revertetur?

216 2150 375 2204 Idem
406 2156 461 2203 et
520 2152 798 2219 peccatori
853 2152 957 2206 ait:
992 2156 1053 2207 lu
1100 2170 1440 2224 quacunque
1484 2153 1573 2206 die
1611 2168 1915 2205 conversus

214 2238 590 2309 ingemueris,
625 2243 759 2293 tunc
789 2243 973 2294 saqus
1013 2242 1142 2295 eris.
1200 2243 1356 2295 Unde
1393 2247 1449 2295 et
1478 2241 1775 2295 Psalmista
1805 2242 1911 2294 ait:

215 2327 325 2381 Cor
383 2329 663 2382 mundum
721 2345 849 2382 crea
906 2330 963 2382 in
1020 2346 1111 2382 me
1165 2331 1329 2396 Deus,
1390 2330 1653 2400 spiritum
1696 2335 1917 2383 rectum

212 2415 426 2469 innova
464 2416 533 2469 in
571 2416 881 2471 visceribus
930 2418 1090 2471 meis.
1154 2421 1232 2472 Ne
1282 2419 1547 2488 projicias
1594 2435 1683 2471 me
1714 2417 1917 2471 afacie

214 2508 335 2569 tua,
370 2509 427 2558 et
474 2504 742 2574 spiritum
788 2512 1044 2560 sanctum
1107 2512 1274 2561 tuum
1333 2524 1403 2561 ne
1447 2508 1670 2561 auferas
1722 2524 1755 2559 a
1801 2522 1911 2559 me.

217 2593 365 2645 Dum
418 2593 573 2647 enim
622 2594 788 2663 petiit
841 2611 912 2647 ne
963 2612 991 2647 a
1044 2597 1155 2650 Deo
1204 2592 1584 2666 projiceretur
1615 2612 1717 2665 pro
1771 2594 1917 2665 lapsi

213 2682 402 2751 culpa,
434 2682 681 2735 alienam
702 2682 914 2753 quippe
947 2700 1041 2736 rex
1071 2684 1238 2737 simul
1274 2691 1327 2737 et
1357 2684 1633 2755 propheta
1659 2683 1917 2753 rapuisse

213 2784 274 2821 se
308 2786 544 2823 uxorem
591 2772 954 2824 tremefactus
1007 2774 1251 2841 expavit,
1309 2774 1589 2843 propheta
1629 2773 1915 2825 indicante

212 2857 497 2925 flagitium
552 2875 741 2923 suum,
784 2860 1180 2928 panitentiam
1226 2878 1401 2929 agens
1434 2861 1675 2915 addidit:
1721 2860 1915 2913 Redde

214 2945 358 2998 mihi
391 2946 645 3000 latitiam
678 2948 941 3001 salutaris
974 2948 1078 3014 tui,
1109 2954 1164 3001 et
1202 2950 1405 3021 spiritu
1459 2949 1758 3020 principali
1788 2965 1909 3001 con-

212 3031 382 3085 ﬁrma
431 3049 540 3087 me.
590 3034 646 3087 Si
687 3035 840 3088 enim
891 3035 1010 3104 ipse
1066 3036 1299 3106 dignam
1356 3039 1469 3090 Deo
1520 3035 1915 3106 panitentiam

213 3136 331 3173 non
361 3121 604 3188 fecisset,
637 3139 1003 3193 nequaquam
1035 3124 1159 3177 aliis
1188 3125 1542 3195 pradicaret.
1585 3124 1680 3179 Ait
1729 3125 1911 3177 enim:

215 3209 440 3261 Docebo
464 3208 694 3279 iniquos
719 3212 832 3263 vias
855 3216 995 3272 tuas,
1028 3217 1085 3265 et
1116 3212 1279 3281 impii
1313 3213 1379 3265 ad
1401 3217 1452 3264 te
1485 3216 1909 3265 convertentur.

214 3297 359 3350 Dum
391 3297 546 3351 enim
596 3304 826 3367 peccata
884 3316 984 3352 sua
1010 3301 1305 3371 prospexit
1338 3302 1617 3370 propheta
1644 3302 1917 3353 mundata

210 3401 316 3454 per
345 3386 764 3455 panitentiam,
799 3405 912 3441 non
935 3388 1217 3443 dubitavit
1244 3390 1609 3459 pradicando
1640 3389 1917 3459 castigare

213 3474 426 3527 aliena:
469 3479 524 3528 et
554 3475 633 3528 sic
680 3476 1020 3530 sacrificium
1050 3477 1119 3531 de
1163 3478 1348 3547 seipse
1407 3478 1609 3531 offerre
1642 3479 1757 3531 Deo
1800 3482 1917 3531 stu-

212 3562 339 3617 duit
386 3580 515 3617 cum
565 3565 816 3618 dicebat:
872 3566 1224 3619 Sacrificium
1279 3568 1391 3620 Deo
1433 3566 1664 3635 spiritus
1704 3566 1916 3620 contri-

212 3651 463 3707 bulatus.
505 3653 587 3706 Ad
622 3653 741 3706 hac
772 3654 879 3707 ista
908 3655 1262 3709 sufficerent:
1312 3656 1408 3709 sed
1446 3655 1632 3708 omnis
1691 3660 1917 3708 senten-

210 3740 291 3793 tia
311 3757 423 3810 quo
448 3742 574 3810 plus
605 3758 777 3795 sacra
808 3742 1114 3813 Scriptura
1140 3743 1480 3798 testimoniis
1525 3744 1915 3811 confirmatur,

210 3828 434 3882 facilius
463 3829 731 3884 creditur.
769 3832 846 3884 De
899 3832 1007 3885 hoc
1037 3833 1190 3886 enim
1243 3834 1525 3903 propheta
1566 3832 1737 3887 dicit:
1776 3833 1916 3887 Nolo

211 3923 455 3972 mortem
504 3920 837 3989 peccatoris,
889 3921 985 3974 sed
1031 3925 1093 3974 ut
1140 3926 1502 3976 convertatur
1531 3926 1589 3975 et
1619 3922 1788 3975 vivat.
1842 3923 1918 3976 De

212 4007 317 4059 hoc
381 4009 747 4077 peccantibus
817 4009 1046 4063 dicitur:
1110 4012 1375 4064 Peccator
1449 4011 1507 4065 in
1574 4026 1918 4081 quacunque

211 4094 301 4148 die
326 4112 629 4150 conversus
685 4097 1052 4167 ingemuerit,
1084 4116 1282 4153 omnes
1322 4099 1651 4170 iniquitates
1698 4100 1819 4169 ejus
1859 4100 1917 4152 in

212 4183 560 4237 oblivionem
592 4185 916 4241 traduntur.
968 4187 1024 4240 Si
1084 4187 1239 4241 enim
1296 4188 1643 4257 Redemptor
1704 4192 1912 4254 noster,

211 4272 311 4342 qui
340 4279 663 4341 peccatores
722 4290 837 4327 non
869 4276 1106 4344 perdere
1148 4277 1245 4330 sed
1288 4276 1601 4345 justificare
1651 4276 1826 4345 venit,
1857 4276 1915 4329 in

212 4362 499 4417 oblivione
530 4364 886 4434 peccantium
906 4365 1113 4419 delicta
1133 4365 1427 4437 relinquit,
1457 4366 1582 4437 quis
1613 4366 1915 4420 hominum

211 4451 647 4506 condemnanda
707 4458 976 4521 reservet,
1051 4471 1180 4509 cum
1245 4457 1551 4526 Apostolus
1622 4456 1798 4510 dicat:
1859 4455 1917 4507 Si

214 4540 679 4609 Deusjustificat,
719 4540 848 4611 quis
878 4546 962 4595 est
1009 4543 1108 4613 qui
1149 4544 1529 4599 condemnet?
1571 4545 1649 4598 Ad
1701 4544 1915 4598 fontem

212 4628 619 4683 misericordia
676 4635 1055 4696 recurrentes,
1119 4633 1509 4702 Evangelicam
1565 4634 1918 4703 proferamus

212 4718 576 4771 sententiam.
613 4718 875 4773 Gaudebo
924 4721 1072 4789 plus,
1104 4719 1313 4791 inquit,
1360 4738 1531 4793 super
1570 4738 1686 4775 uno
1717 4738 1918 4791 pecca-

211 4812 335 4860 tore
368 4806 763 4876 panitentiam
796 4816 1019 4877 agente,
1055 4825 1227 4880 quam
1271 4827 1444 4881 super
1476 4810 1787 4881 nonaginta
1821 4827 1920 4863 no-

212 4910 341 4948 vem
366 4895 537 4964 justis
567 4895 665 4965 qui
689 4913 805 4950 non
826 4896 1084 4965 indigent
1113 4898 1466 4967 poenitentia.
1502 4901 1567 4953 Et
1604 4916 1763 4953 ovem
1795 4915 1919 4969 per-

213 4983 412 5045 ditam,
447 4984 761 5053 nonaginta
793 5002 995 5039 novem
1026 5002 1143 5040 non
1181 4987 1506 5041 errantibus
1546 4988 1777 5055 relictis,
1811 4989 1915 5041 hu-

214 5088 373 5126 mero
402 5073 473 5127 ad
502 5072 647 5126 ovile
691 5076 1015 5144 reportavit.
1050 5075 1107 5129 Si
1154 5075 1273 5128 ovis
1321 5093 1517 5130 errans
1557 5082 1685 5147 post
1717 5078 1914 5132 inven-

213 5162 450 5224 tionem,
493 5161 563 5215 ad
610 5162 757 5217 ovile
807 5164 1045 5217 humero
1102 5168 1447 5233 reportatur,
1490 5180 1590 5218 cur
1636 5165 1741 5219 iste
1792 5170 1919 5236 post

213 5250 611 5320 panitentiam
672 5253 739 5305 ad
797 5253 1057 5306 Ecclesia
1098 5253 1477 5307 ministerium
1524 5269 1640 5307 non
1682 5270 1917 5307 revoce-

212 5342 347 5393 tur?
376 5340 519 5404 Quid
560 5344 644 5396 est
674 5356 809 5410 ergo
842 5342 1070 5411 gravius
1118 5343 1345 5396 carnale
1390 5343 1659 5396 delictum
1709 5343 1915 5396 admit-

210 5432 330 5481 tere
363 5428 485 5482 sine
517 5446 630 5497 quo
661 5446 777 5483 non
807 5431 993 5496 multi,
1040 5432 1135 5485 sed
1166 5431 1332 5501 pauci
1378 5431 1771 5497 inveniuntur,
1819 5438 1917 5485 aut

217 5517 313 5570 Dei
362 5518 561 5571 Filium
610 5518 862 5573 timendo
907 5522 1165 5590 negare?
1204 5522 1263 5574 ln
1305 5537 1418 5591 quo
1449 5524 1678 5590 peccato
1724 5520 1913 5589 ipsum

213 5605 445 5660 beatum
490 5607 808 5678 principem
866 5610 1257 5678 apostolorum
1321 5611 1570 5677 Petrum,
1628 5610 1696 5663 ad
1754 5609 1916 5679 cujus

2022 578 2168 616 mus.
2221 563 2330 617 Sed
2390 568 2519 633 post
2566 563 2922 633 negationem
2979 563 3315 633 poenitentia
3370 570 3561 617 secuta
3607 567 3710 630 est,

2022 658 2228 721 etpost
2275 652 2673 721 panitentiam
2718 651 3110 705 misericordia
3158 651 3317 705 data:
3376 652 3509 721 quia
3548 652 3712 705 illum

2023 736 2092 789 ab
2122 738 2444 805 apostolatu
2489 752 2605 789 non
2650 736 2876 805 dejecit,
2929 752 3100 807 quem
3152 743 3283 789 ante
3330 736 3581 805 seipsum
3614 752 3713 790 ne-

2023 840 2157 893 gare
2191 825 2471 894 praedixit.
2514 825 2637 878 Tibi
2669 826 2812 889 hac,
2843 824 2924 878 fili
2970 824 3319 888 charissime,
3350 823 3519 889 dicta,
3553 824 3715 877 suffi-

2025 912 2196 978 ciant,
2230 918 2292 965 ut
2319 914 2479 965 illum
2513 929 2682 982 quem
2732 912 3012 981 conspicis
3064 913 3269 965 delicta
3318 912 3458 965 ﬂetu
3504 912 3712 977 delere,

2024 1000 2084 1054 in
2123 1006 2430 1071 conspectu
2464 1001 2779 1055 Divinitatis
2828 1017 2943 1054 non
2998 1000 3221 1054 dubites
3264 1000 3712 1053 misericordiam

2025 1090 2333 1159 consequi:
2371 1089 2505 1159 quia
2539 1091 2761 1143 nullum
2811 1093 3137 1159 peccantem
3184 1104 3471 1141 reversum
3528 1088 3717 1158 despi-

2025 1178 2119 1242 cit,
2175 1178 2274 1247 qui
2330 1182 2653 1247 peccatores
2702 1178 2980 1246 sanguine
3045 1193 3147 1229 suo
3201 1177 3481 1229 redimere
3537 1177 3713 1229 venit.

2026 1268 2168 1321 Hinc
2207 1268 2391 1339 etiam,
2426 1272 2483 1320 et
2528 1266 2728 1319 beatus
2756 1266 3109 1335 Augustinus
3139 1266 3205 1318 ad
3246 1268 3476 1319 Petrum
3523 1265 3714 1318 diaco-

2026 1372 2164 1408 num
2205 1356 2273 1408 de
2303 1356 2415 1409 fide
2446 1356 2716 1420 scribens,
2764 1356 2870 1408 ait:
2907 1354 3074 1408 Omni
3103 1354 3324 1406 homini
3358 1354 3417 1406 in
3448 1355 3554 1406 hac
3606 1354 3719 1407 vita

1998 1460 2145 1503 ,esse
2179 1448 2363 1514 potest
2389 1444 2544 1497 utilis
2578 1443 2935 1514 poenitentia,
2976 1459 3147 1512 quam
3187 1458 3533 1512 quocunque
3566 1448 3716 1495 tem—

2024 1549 2165 1597 pore
2210 1533 2380 1585 homo
2412 1532 2610 1601 egerit,
2644 1532 2960 1602 quamlibet
2988 1532 3238 1601 iniquus,
3274 1531 3589 1601 quamlibet
3616 1546 3717 1582 an-

2027 1636 2220 1685 nosus,
2272 1620 2317 1672 si
2364 1625 2483 1673 toto
2530 1621 2697 1675 corde
2748 1620 3169 1673 reuunciaverit
3219 1619 3461 1689 peccatis
3510 1623 3717 1686 prate-

2030 1708 2170 1773 ritis,
2196 1713 2250 1761 et
2280 1724 2383 1778 pro
2420 1709 2502 1761 eis
2540 1709 2599 1761 in
2628 1713 2931 1778 conspectu
2976 1709 3093 1775 Dei,
3136 1724 3253 1761 non
3294 1707 3479 1761 solum
3509 1722 3717 1776 corpo—

2028 1797 2123 1864 ris,
2160 1797 2253 1850 sed
2299 1798 2469 1850 etiam
2522 1798 2705 1850 cordis
2737 1798 3011 1867 lacrymas
3061 1797 3290 1861 fuderit,
3350 1802 3405 1849 et
3434 1797 3719 1849 malorum

2028 1902 2271 1956 operum
2318 1887 2568 1940 maculas
2598 1886 2765 1939 bonis
2823 1886 3090 1956 operibus
3141 1886 3357 1938 diluere
3416 1884 3718 1942 curaverit,

2028 1976 2289 2028 omnium
2320 1981 2678 2045 peccatorum
2708 1974 3125 2043 indulgentiam
3161 1991 3292 2027 mox
3322 1973 3569 2027 habebit.
3609 1974 3720 2025 Hoc

2027 2064 2179 2116 enim
2211 2064 2376 2117 nobis
2435 2063 2707 2117 Dominus
2763 2063 3099 2133 prophetico
3132 2061 3417 2132 promittit
3466 2061 3717 2130 eloquio,

2026 2152 2249 2206 dicens:
2308 2152 2363 2206 Si
2396 2168 2698 2205 conversus
2756 2151 2951 2215 fueris,
3004 2156 3059 2203 et
3108 2150 3477 2220 ingemueris,
3531 2150 3719 2201 salvus

2027 2241 2155 2294 eris.
2188 2242 2252 2294 Et
2284 2241 2396 2294 alio
2440 2242 2567 2293 loco
2596 2239 2830 2294 dicitur:
2882 2240 3001 2299 Fili,
3058 2239 3329 2308 peccasti;
3386 2254 3456 2291 ne
3488 2236 3720 2306 adjicias

2026 2330 2256 2395 iterum,
2283 2330 2380 2383 sed
2408 2334 2464 2383 et
2495 2329 2565 2383 de
2594 2328 2901 2399 prateritis
2934 2329 3263 2396 deprecare,
3302 2333 3362 2380 ut
3392 2327 3493 2380 tibi
3527 2326 3719 2379 dimit-

2026 2422 2240 2473 tantur.
2296 2420 2597 2489 Nunquam
2643 2416 2899 2487 peccanti
2940 2422 3087 2469 esset
3117 2415 3330 2469 indicta
3360 2430 3463 2483 pro
3524 2430 3725 2483 pecca-

2027 2508 2098 2561 tis
2142 2507 2483 2576 deprecatio,
2514 2507 2561 2560 si
2589 2505 2917 2575 deprecanti
2958 2521 3071 2557 non
3120 2509 3265 2557 esset
3294 2502 3549 2557 remissio
3582 2519 3722 2555 con-

2026 2596 2297 2650 cedenda.
2331 2597 2440 2650 Sed
2489 2596 2660 2648 etiam
2716 2592 3049 2663 poenitentia
3082 2594 3363 2662 peccatori
3422 2597 3557 2644 tunc
3590 2607 3722 2660 pro-

2027 2684 2168 2749 dest,
2222 2684 2265 2735 si
2311 2700 2436 2737 eam
2488 2684 2546 2735 in
2590 2683 2835 2735 Ecclesia
2882 2683 3157 2734 catholica
3209 2686 3390 2751 gerat,
3437 2680 3527 2733 cui
3576 2680 3721 2731 Deus

2027 2773 2086 2825 in
2142 2789 2385 2843 persona
2415 2771 2564 2825 beati
2619 2770 2769 2824 Petri
2827 2770 3059 2839 ligandi,
3113 2770 3485 2838 solvendique
3517 2766 3722 2820 tribuit

2028 2866 2391 2931 potestatem,
2449 2860 2674 2914 dicens:
2730 2858 2865 2922 Qua
2895 2858 3214 2928 alligaveris
3261 2874 3430 2927 super
3484 2861 3718 2920 terram,

2028 2955 2195 3003 erunt
2222 2950 2395 3017 ligata
2425 2955 2480 3003 et
2528 2950 2584 3002 in
2617 2948 2788 3001 calis.
2846 2948 2911 2999 Et
2942 2964 3298 3017 quacunque
3359 2944 3594 2998 solveris
3624 2960 3718 2996 su-

1953 3034 1992 3087 C
2031 3057 2133 3109 per
2161 3046 2391 3105 terram,
2449 3044 2617 3092 erunt
2664 3038 2849 3091 soluta
2879 3041 2935 3089 et
2965 3037 3022 3089 in
3056 3037 3226 3091 catis.
3268 3038 3331 3090 In
3382 3049 3722 3105 quacunque

2026 3128 2203 3197 igitur
2225 3128 2398 3181 homo
2429 3133 2595 3181 atate
2627 3142 2820 3181 veram
2864 3131 3231 3195 peccatorum
3271 3138 3504 3176 suorum
3539 3119 3723 3191 pani-

2025 3217 2263 3269 tentiam
2313 3217 2511 3283 egerit,
2574 3222 2630 3271 et
2695 3220 2868 3272 vitam
2923 3234 3108 3281 suam,
3165 3216 3278 3268 Deo
3337 3210 3720 3274 illuminante,

2026 3306 2354 3369 correxerit,
2380 3321 2493 3358 non
2525 3307 2843 3375 privabitur
2877 3303 3247 3374 indulgentia
3280 3314 3549 3353 munere:
3588 3296 3723 3367 quia

2029 3394 2193 3459 Deus,
2243 3394 2385 3445 sicut
2430 3409 2531 3462 per
2586 3396 2923 3464 prophetam
2961 3395 3114 3457 dicit,
3153 3406 3267 3443 non
3323 3389 3439 3441 vult
3479 3391 3721 3441 mortem

2027 3480 2345 3545 morientis,
2409 3486 2687 3550 quantum
2722 3487 2783 3535 ut
2834 3486 3152 3534 revertatur
3190 3496 3223 3531 a
3273 3477 3361 3529 via
3410 3490 3511 3527 sua
3552 3474 3721 3539 mala,

2027 3574 2084 3622 et
2113 3568 2260 3622 vivat
2288 3570 2478 3623 anima
2528 3570 2666 3640 ejus.
2723 3556 3127 3624 Verumtamen
3181 3566 3372 3619 nullus
3418 3561 3721 3616 hominum

2028 3656 2195 3710 debet
2241 3657 2344 3711 sub
2396 3674 2493 3727 spe
2542 3659 2945 3713 misericordia
2987 3658 3099 3721 Dei,
3132 3655 3188 3708 in
3221 3653 3336 3707 suis
3378 3650 3591 3705 diutius
3644 3665 3727 3701 re-

2026 3762 2258 3799 manere
2311 3747 2573 3815 peccatis,
2614 3764 2744 3801 cum
2792 3748 2964 3801 etiam
2998 3747 3055 3799 in
3111 3746 3232 3814 ipso
3271 3756 3506 3810 corpore
3550 3754 3723 3792 nemo

2026 3836 2161 3888 vclit
2190 3835 2292 3888 sub
2323 3852 2422 3906 spe
2453 3836 2659 3890 futura
2690 3837 2882 3891 salutis
2942 3835 3156 3890 diutius
3214 3834 3509 3901 agrotare.
3563 3828 3725 3881 Tales

2027 3924 2179 3977 enim
2213 3924 2312 3994 qui
2366 3925 2434 3979 ab
2479 3925 2877 3997 iniquitatibus
2932 3925 3046 3977 suis
3088 3923 3351 3976 recedere
3401 3917 3720 3987 negligunt,

2029 4019 2086 4066 et
2115 4012 2221 4066 sibi
2247 4013 2315 4066 de
2360 4016 2469 4068 Deo
2502 4013 2918 4085 indulgentiam
2972 4012 3397 4082 repromittunt,
3453 4020 3725 4060 nonnun-

2029 4117 2200 4170 quam
2231 4101 2311 4154 ita
2334 4103 2763 4171 praveniuntur
2795 4103 3094 4172 repentino
3142 4100 3241 4153 Dei
3269 4098 3480 4159 furore,
3524 4100 3586 4147 ut
3620 4108 3725 4146 nec

2027 4190 2414 4243 conversionis
2445 4197 2690 4260 tempus,
2723 4208 2827 4245 nec
2868 4190 3212 4245 beneficium
3243 4183 3597 4240 remissionis
3628 4182 3720 4234 in-

2027 4279 2279 4332 veniant.
2341 4279 2470 4332 ldeo
2526 4296 2999 4350 unumquemque
3031 4290 3287 4331 nostrum
3346 4277 3536 4327 saneta
3580 4269 3726 4325 Scri-

2028 4371 2195 4437 ptura
2258 4366 2508 4437 benigne
2578 4374 2919 4439 praemonet,
2997 4368 3217 4421 dicens:
3280 4365 3356 4417 Ne
3415 4358 3725 4414 tardaveris

2028 4454 2277 4508 converti
2304 4455 2373 4509 ad
2403 4456 2733 4524 Dominum,
2761 4463 2815 4510 et
2839 4475 2913 4511 ne
2956 4456 3180 4509 differas
3210 4454 3278 4507 de
3309 4451 3398 4505 die
3430 4450 3487 4502 in
3537 4447 3720 4502 diem:

2027 4543 2214 4597 subito
2248 4544 2401 4597 enim
2437 4545 2626 4599 veniet
2670 4545 2753 4599 ira
2798 4546 2940 4615 ejus,
2990 4550 3045 4598 et
3076 4545 3133 4597 in
3162 4548 3421 4612 tempore
3463 4536 3722 4591 vindicta

2028 4632 2319 4702 disperdet
2348 4637 2421 4686 te.
2452 4634 2598 4687 Dicit
2645 4635 2816 4688 etiam
2850 4635 3047 4687 beatus
3104 4631 3307 4687 David:
3347 4626 3519 4682 Hodie
3542 4626 3589 4679 si
3618 4642 3723 4677 vo-

2027 4738 2150 4774 ccm
2210 4722 2331 4791 ejus
2363 4721 2678 4790 audieritis,
2733 4723 2907 4775 nolitc
2957 4722 3239 4775 obdurare
3291 4718 3461 4771 corda
3518 4718 3719 4766 vestra.

2028 4810 2132 4863 Cui
2181 4810 2379 4865 beatus
2434 4828 2667 4882 quoque
2723 4812 2929 4864 Paulus
2989 4809 3295 4863 concordat
3353 4805 3441 4858 his
3496 4802 3719 4856 verbis:

2030 4901 2246 4965 Videte,
2300 4900 2520 4965 fratres,
2573 4917 2644 4954 ne
2700 4900 2843 4953 forte
2902 4900 2973 4952 sit
3024 4900 3083 4952 in
3120 4899 3311 4968 aliquo
3355 4903 3601 4947 vestrum
3626 4908 3725 4943 cor

2026 4990 2242 5043 malum
2276 4989 2691 5043 incredulitatis
2724 4988 3050 5042 discedendi
3085 5005 3112 5040 a
3147 4989 3260 5040 Deo
3302 4984 3449 5045 vivo,
3485 4980 3581 5033 sed
3624 4982 3721 5033 ad-

2026 5078 2336 5131 hortamini
2368 5078 2740 5148 vosmetipsos
2784 5094 2885 5145 per
2914 5076 3169 5145 singulos
3214 5074 3354 5137 dies,
3403 5071 3582 5123 donec
3613 5068 3723 5121 lio-

2028 5168 2118 5220 die
2166 5168 2627 5238 cognominatur,
2663 5171 2869 5221 utnon
2901 5166 3215 5219 obduretur
3271 5164 3397 5232 quis
3445 5174 3505 5211 ex
3563 5160 3726 5213 vobis

2027 5256 2247 5309 fallacia
2282 5257 2516 5326 peccati.
2566 5257 2857 5311 Obdurato
2907 5255 3084 5325 igitur
3131 5253 3263 5305 vivit
3292 5253 3482 5318 corde,
3515 5254 3615 5324 qui
3665 5270 3723 5305 se

2028 5361 2142 5398 non
2172 5345 2472 5410 convertit,
2516 5346 2823 5417 desperans
2848 5344 2915 5397 de
2948 5341 3302 5412 indulgentia
3333 5347 3717 5409 peccatorum,

2026 5434 2142 5486 sive
2192 5435 2291 5504 qui
2350 5434 2427 5487 sic
2481 5434 2929 5488 misericordiam
2999 5432 3093 5485 Dei
3151 5435 3361 5500 sperat,
3430 5446 3610 5500 usque
3662 5430 3720 5481 in

2027 5522 2199 5575 finem
2253 5523 2376 5574 vita
2431 5522 2744 5592 praesentis,
2782 5522 2835 5574 in
2872 5537 3101 5574 suorum
3135 5519 3437 5572 criminum
3488 5534 3719 5587 perver-

2026 5610 2189 5663 sitate
2240 5616 2551 5665 remaneat.
2616 5610 2856 5664 Proinde
2910 5610 3214 5680 diligentes
3264 5605 3717 5660 misericordiam
