  <div class='ocr_page' id='page_1' title='image "/cluster/home/n/w/nwhite01/storage/ocr_20150623/140/umn.31951002477433x/539.png"; bbox 0 0 3950 6306; ppageno 0'>
   <div class='ocr_carea' id='block_1_1' title="bbox 253 338 349 389">
    <p class='ocr_par' dir='ltr' id='par_1_1' title="bbox 253 338 349 389">
     <span class='ocr_line' id='line_1_1' title="bbox 253 338 349 389; baseline -0.01 0"><span class='ocrx_word' id='word_1_1' title='bbox 253 338 349 389; x_wconf 75' lang='grc'><strong>991</strong></span> 
     </span>
    </p>
   </div>
   <div class='ocr_carea' id='block_1_2' title="bbox 1326 336 2686 394">
    <p class='ocr_par' dir='ltr' id='par_1_2' title="bbox 1326 336 2686 394">
     <span class='ocr_line' id='line_1_2' title="bbox 1326 336 2686 394; baseline 0.001 -4"><span class='ocrx_word' id='word_1_2' title='bbox 1326 336 1734 392; x_wconf 81' lang='lat' dir='ltr'><strong>BURCHARDI</strong></span> <span class='ocrx_word' id='word_1_3' title='bbox 1781 336 2312 393; x_wconf 79' lang='lat' dir='ltr'><strong>WOBMACIENSIS</strong></span> <span class='ocrx_word' id='word_1_4' title='bbox 2351 338 2686 394; x_wconf 88' lang='lat' dir='ltr'><strong>EPISCOPI.</strong></span> 
     </span>
    </p>
   </div>
   <div class='ocr_carea' id='block_1_3' title="bbox 3651 343 3757 394">
    <p class='ocr_par' dir='ltr' id='par_1_3' title="bbox 3651 343 3757 394">
     <span class='ocr_line' id='line_1_3' title="bbox 3651 343 3757 394; baseline 0 0"><span class='ocrx_word' id='word_1_5' title='bbox 3651 343 3757 394; x_wconf 77' lang='lat'><strong>992</strong></span> 
     </span>
    </p>
   </div>
   <div class='ocr_carea' id='block_1_4' title="bbox 240 459 3754 532">
    <p class='ocr_par' dir='ltr' id='par_1_4' title="bbox 240 459 3754 532">
     <span class='ocr_line' id='line_1_4' title="bbox 240 459 3754 532; baseline 0 -18"><span class='ocrx_word' id='word_1_6' title='bbox 240 460 363 527; x_wconf 87' lang='lat' dir='ltr'><strong>Dei,</strong></span> <span class='ocrx_word' id='word_1_7' title='bbox 395 463 832 530; x_wconf 75' lang='lat' dir='ltr'><strong>metuentesque</strong></span> <span class='ocrx_word' id='word_1_8' title='bbox 857 459 1163 529; x_wconf 75' lang='lat' dir='ltr'><strong>justitiam,</strong></span> <span class='ocrx_word' id='word_1_9' title='bbox 1221 475 1324 514; x_wconf 93' lang='lat' dir='ltr'><strong>nec</strong></span> <span class='ocrx_word' id='word_1_10' title='bbox 1349 461 1418 514; x_wconf 92' lang='lat' dir='ltr'><strong>de</strong></span> <span class='ocrx_word' id='word_1_11' title='bbox 1443 461 1776 515; x_wconf 84' lang='lat' dir='ltr'><strong>remissione</strong></span> <span class='ocrx_word' id='word_1_12' title='bbox 1807 477 1937 531; x_wconf 89' lang='lat' dir='ltr'><strong>pec-</strong></span> <span class='ocrx_word' id='word_1_13' title='bbox 1975 462 2022 514; x_wconf 80' lang='grc' dir='ltr'><strong>Α</strong></span> <span class='ocrx_word' id='word_1_14' title='bbox 2053 460 2359 515; x_wconf 79' lang='lat' dir='ltr'><strong>multitudo</strong></span> <span class='ocrx_word' id='word_1_15' title='bbox 2392 461 2746 532; x_wconf 89' lang='lat' dir='ltr'><strong>iniquorum,</strong></span> <span class='ocrx_word' id='word_1_16' title='bbox 2805 460 3010 514; x_wconf 86' lang='lat' dir='ltr'><strong>melior</strong></span> <span class='ocrx_word' id='word_1_17' title='bbox 3039 476 3174 528; x_wconf 85' lang='lat' dir='ltr'><strong>ergo</strong></span> <span class='ocrx_word' id='word_1_18' title='bbox 3207 466 3262 516; x_wconf 91' lang='lat' dir='ltr'><strong>et</strong></span> <span class='ocrx_word' id='word_1_19' title='bbox 3312 465 3369 514; x_wconf 93' lang='lat' dir='ltr'><strong>tu</strong></span> <span class='ocrx_word' id='word_1_20' title='bbox 3400 477 3526 515; x_wconf 90' lang='lat' dir='ltr'><strong>eras</strong></span> <span class='ocrx_word' id='word_1_21' title='bbox 3567 478 3754 532; x_wconf 87' lang='lat' dir='ltr'><strong>quon-</strong></span> 
     </span>
    </p>
   </div>
   <div class='ocr_carea' id='block_1_5' title="bbox 236 547 1923 620">
    <p class='ocr_par' dir='ltr' id='par_1_5' title="bbox 236 547 1923 620">
     <span class='ocr_line' id='line_1_5' title="bbox 236 547 1923 620; baseline 0 -17"><span class='ocrx_word' id='word_1_22' title='bbox 236 555 494 603; x_wconf 91' lang='lat' dir='ltr'><strong>catorum</strong></span> <span class='ocrx_word' id='word_1_23' title='bbox 527 547 922 618; x_wconf 86' lang='lat' dir='ltr'><strong>desperemus,</strong></span> <span class='ocrx_word' id='word_1_24' title='bbox 957 564 1059 601; x_wconf 87' lang='lat' dir='ltr'><strong>nec</strong></span> <span class='ocrx_word' id='word_1_25' title='bbox 1110 564 1506 603; x_wconf 83' lang='lat' dir='ltr'><strong>remaneamus</strong></span> <span class='ocrx_word' id='word_1_26' title='bbox 1555 549 1615 603; x_wconf 92' lang='lat' dir='ltr'><strong>in</strong></span> <span class='ocrx_word' id='word_1_27' title='bbox 1647 549 1923 620; x_wconf 80' lang='lat' dir='ltr'><strong>peccatis:</strong></span> 
     </span>
    </p>
   </div>
   <div class='ocr_carea' id='block_1_6' title="bbox 236 635 1930 706">
    <p class='ocr_par' dir='ltr' id='par_1_6' title="bbox 236 635 1930 706">
     <span class='ocr_line' id='line_1_6' title="bbox 236 635 1930 706; baseline 0.001 -16"><span class='ocrx_word' id='word_1_28' title='bbox 236 637 498 704; x_wconf 80' lang='lat' dir='ltr'><strong>scientes,</strong></span> <span class='ocrx_word' id='word_1_29' title='bbox 528 636 663 706; x_wconf 87' lang='lat' dir='ltr'><strong>quia</strong></span> <span class='ocrx_word' id='word_1_30' title='bbox 689 635 787 690; x_wconf 91' lang='lat' dir='ltr'><strong>illa</strong></span> <span class='ocrx_word' id='word_1_31' title='bbox 833 637 1090 690; x_wconf 81' lang='lat' dir='ltr'><strong>omnium</strong></span> <span class='ocrx_word' id='word_1_32' title='bbox 1125 636 1427 691; x_wconf 87' lang='lat' dir='ltr'><strong>hominum</strong></span> <span class='ocrx_word' id='word_1_33' title='bbox 1460 637 1652 692; x_wconf 90' lang='lat' dir='ltr'><strong>debita</strong></span> <span class='ocrx_word' id='word_1_34' title='bbox 1698 638 1772 692; x_wconf 92' lang='lat' dir='ltr'><strong>sit</strong></span> <span class='ocrx_word' id='word_1_35' title='bbox 1799 655 1930 692; x_wconf 88' lang='lat' dir='ltr'><strong>exa-</strong></span> 
     </span>
    </p>
   </div>
   <div class='ocr_carea' id='block_1_7' title="bbox 233 724 1934 796">
    <p class='ocr_par' dir='ltr' id='par_1_7' title="bbox 233 724 1934 796">
     <span class='ocr_line' id='line_1_7' title="bbox 233 724 1934 796; baseline 0.002 -19"><span class='ocrx_word' id='word_1_36' title='bbox 233 729 397 778; x_wconf 87' lang='lat' dir='ltr'><strong>ctura</strong></span> <span class='ocrx_word' id='word_1_37' title='bbox 423 725 664 794; x_wconf 72' lang='lat' dir='ltr'><strong>aequitas</strong></span> <span class='ocrx_word' id='word_1_38' title='bbox 701 724 1007 794; x_wconf 89' lang='lat' dir='ltr'><strong>justissimi</strong></span> <span class='ocrx_word' id='word_1_39' title='bbox 1046 724 1277 790; x_wconf 70' lang='lat' dir='ltr'><strong>Iudicis,</strong></span> <span class='ocrx_word' id='word_1_40' title='bbox 1321 741 1449 796; x_wconf 70' lang='lat' dir='ltr'><strong>quas</strong></span> <span class='ocrx_word' id='word_1_41' title='bbox 1505 742 1624 780; x_wconf 91' lang='lat' dir='ltr'><strong>non</strong></span> <span class='ocrx_word' id='word_1_42' title='bbox 1653 727 1934 780; x_wconf 82' lang='lat' dir='ltr'><strong>dimiserit</strong></span> 
     </span>
    </p>
   </div>
   <div class='ocr_carea' id='block_1_8' title="bbox 235 812 1930 884">
    <p class='ocr_par' dir='ltr' id='par_1_8' title="bbox 235 812 1930 884">
     <span class='ocr_line' id='line_1_8' title="bbox 235 812 1930 884; baseline 0.002 -19"><span class='ocrx_word' id='word_1_43' title='bbox 235 812 630 866; x_wconf 82' lang='lat' dir='ltr'><strong>misericordia</strong></span> <span class='ocrx_word' id='word_1_44' title='bbox 661 813 1090 866; x_wconf 90' lang='lat' dir='ltr'><strong>clementissimi</strong></span> <span class='ocrx_word' id='word_1_45' title='bbox 1123 813 1539 884; x_wconf 76' lang='lat' dir='ltr'><strong>Redemptoris.</strong></span> <span class='ocrx_word' id='word_1_46' title='bbox 1589 815 1745 870; x_wconf 87' lang='lat' dir='ltr'><strong>Sicut</strong></span> <span class='ocrx_word' id='word_1_47' title='bbox 1775 817 1930 869; x_wconf 91' lang='lat' dir='ltr'><strong>enim</strong></span> 
     </span>
    </p>
   </div>
   <div class='ocr_carea' id='block_1_9' title="bbox 236 901 1934 972">
    <p class='ocr_par' dir='ltr' id='par_1_9' title="bbox 236 901 1934 972">
     <span class='ocr_line' id='line_1_9' title="bbox 236 901 1934 972; baseline 0.001 -17"><span class='ocrx_word' id='word_1_48' title='bbox 236 901 629 955; x_wconf 85' lang='lat' dir='ltr'><strong>misericordia</strong></span> <span class='ocrx_word' id='word_1_49' title='bbox 698 901 955 970; x_wconf 83' lang='lat' dir='ltr'><strong>suscipit,</strong></span> <span class='ocrx_word' id='word_1_50' title='bbox 1013 902 1367 972; x_wconf 86' lang='lat' dir='ltr'><strong>absolvitque</strong></span> <span class='ocrx_word' id='word_1_51' title='bbox 1442 919 1768 968; x_wconf 89' lang='lat' dir='ltr'><strong>conversos,</strong></span> <span class='ocrx_word' id='word_1_52' title='bbox 1854 904 1934 957; x_wconf 89' lang='lat' dir='ltr'><strong>ita</strong></span> 
     </span>
    </p>
   </div>
   <div class='ocr_carea' id='block_1_10' title="bbox 230 989 1933 1062">
    <p class='ocr_par' dir='ltr' id='par_1_10' title="bbox 230 989 1933 1062">
     <span class='ocr_line' id='line_1_10' title="bbox 230 989 1933 1062; baseline 0 -20"><span class='ocrx_word' id='word_1_53' title='bbox 230 989 456 1060; x_wconf 82' lang='lat' dir='ltr'><strong>justitia</strong></span> <span class='ocrx_word' id='word_1_54' title='bbox 506 990 743 1060; x_wconf 87' lang='lat' dir='ltr'><strong>repellet</strong></span> <span class='ocrx_word' id='word_1_55' title='bbox 782 995 838 1043; x_wconf 91' lang='lat' dir='ltr'><strong>et</strong></span> <span class='ocrx_word' id='word_1_56' title='bbox 895 991 1097 1060; x_wconf 86' lang='lat' dir='ltr'><strong>puniet</strong></span> <span class='ocrx_word' id='word_1_57' title='bbox 1136 991 1468 1045; x_wconf 87' lang='lat' dir='ltr'><strong>obduratos.</strong></span> <span class='ocrx_word' id='word_1_58' title='bbox 1530 991 1595 1045; x_wconf 85' lang='lat' dir='ltr'><strong>Hi</strong></span> <span class='ocrx_word' id='word_1_59' title='bbox 1655 997 1787 1045; x_wconf 88' lang='lat' dir='ltr'><strong>sunt</strong></span> <span class='ocrx_word' id='word_1_60' title='bbox 1833 991 1933 1062; x_wconf 88' lang='lat' dir='ltr'><strong>qui</strong></span> 
     </span>
    </p>
   </div>
   <div class='ocr_carea' id='block_1_11' title="bbox 238 1078 1936 1149">
    <p class='ocr_par' dir='ltr' id='par_1_11' title="bbox 238 1078 1936 1149">
     <span class='ocr_line' id='line_1_11' title="bbox 238 1078 1936 1149; baseline 0.001 -18"><span class='ocrx_word' id='word_1_61' title='bbox 238 1082 534 1147; x_wconf 86' lang='lat' dir='ltr'><strong>peccantes</strong></span> <span class='ocrx_word' id='word_1_62' title='bbox 581 1078 640 1131; x_wconf 91' lang='lat' dir='ltr'><strong>in</strong></span> <span class='ocrx_word' id='word_1_63' title='bbox 681 1078 955 1147; x_wconf 86' lang='lat' dir='ltr'><strong>Spiritum</strong></span> <span class='ocrx_word' id='word_1_64' title='bbox 995 1085 1279 1145; x_wconf 87' lang='lat' dir='ltr'><strong>sanctum,</strong></span> <span class='ocrx_word' id='word_1_65' title='bbox 1313 1095 1498 1149; x_wconf 91' lang='lat' dir='ltr'><strong>neque</strong></span> <span class='ocrx_word' id='word_1_66' title='bbox 1527 1080 1585 1134; x_wconf 93' lang='lat' dir='ltr'><strong>in</strong></span> <span class='ocrx_word' id='word_1_67' title='bbox 1617 1081 1724 1134; x_wconf 89' lang='lat' dir='ltr'><strong>hoc</strong></span> <span class='ocrx_word' id='word_1_68' title='bbox 1764 1096 1936 1134; x_wconf 59' lang='lat' dir='ltr'><strong>saecu-</strong></span> 
     </span>
    </p>
   </div>
   <div class='ocr_carea' id='block_1_12' title="bbox 237 1165 1936 1239">
    <p class='ocr_par' dir='ltr' id='par_1_12' title="bbox 237 1165 1936 1239">
     <span class='ocr_line' id='line_1_12' title="bbox 237 1165 1936 1239; baseline 0.001 -20"><span class='ocrx_word' id='word_1_69' title='bbox 237 1168 310 1231; x_wconf 91' lang='lat' dir='ltr'><strong>lo,</strong></span> <span class='ocrx_word' id='word_1_70' title='bbox 343 1181 529 1235; x_wconf 86' lang='lat' dir='ltr'><strong>neque</strong></span> <span class='ocrx_word' id='word_1_71' title='bbox 554 1165 614 1218; x_wconf 91' lang='lat' dir='ltr'><strong>in</strong></span> <span class='ocrx_word' id='word_1_72' title='bbox 663 1166 877 1233; x_wconf 88' lang='lat' dir='ltr'><strong>futuro,</strong></span> <span class='ocrx_word' id='word_1_73' title='bbox 927 1167 1324 1221; x_wconf 83' lang='lat' dir='ltr'><strong>remissionem</strong></span> <span class='ocrx_word' id='word_1_74' title='bbox 1367 1167 1646 1239; x_wconf 85' lang='lat' dir='ltr'><strong>accipient</strong></span> <span class='ocrx_word' id='word_1_75' title='bbox 1675 1173 1936 1238; x_wconf 89' lang='lat' dir='ltr'><strong>peccato-</strong></span> 
     </span>
    </p>
   </div>
   <div class='ocr_carea' id='block_1_13' title="bbox 239 1254 1935 1327">
    <p class='ocr_par' dir='ltr' id='par_1_13' title="bbox 239 1254 1935 1327">
     <span class='ocr_line' id='line_1_13' title="bbox 239 1254 1935 1327; baseline 0.001 -19"><span class='ocrx_word' id='word_1_76' title='bbox 239 1270 384 1308; x_wconf 88' lang='lat' dir='ltr'><strong>rum.</strong></span> <span class='ocrx_word' id='word_1_77' title='bbox 442 1255 581 1308; x_wconf 91' lang='lat' dir='ltr'><strong>Nam</strong></span> <span class='ocrx_word' id='word_1_78' title='bbox 613 1258 669 1308; x_wconf 87' lang='lat' dir='ltr'><strong>et</strong></span> <span class='ocrx_word' id='word_1_79' title='bbox 713 1254 781 1308; x_wconf 90' lang='lat' dir='ltr'><strong>de</strong></span> <span class='ocrx_word' id='word_1_80' title='bbox 837 1255 943 1308; x_wconf 90' lang='lat' dir='ltr'><strong>hoc</strong></span> <span class='ocrx_word' id='word_1_81' title='bbox 991 1255 1242 1309; x_wconf 91' lang='lat' dir='ltr'><strong>Isidorus</strong></span> <span class='ocrx_word' id='word_1_82' title='bbox 1299 1257 1602 1327; x_wconf 90' lang='lat' dir='ltr'><strong>Ispalensis</strong></span> <span class='ocrx_word' id='word_1_83' title='bbox 1637 1257 1935 1326; x_wconf 92' lang='lat' dir='ltr'><strong>episcopus</strong></span> 
     </span>
    </p>
   </div>
   <div class='ocr_carea' id='block_1_14' title="bbox 236 1342 1937 1414">
    <p class='ocr_par' dir='ltr' id='par_1_14' title="bbox 236 1342 1937 1414">
     <span class='ocr_line' id='line_1_14' title="bbox 236 1342 1937 1414; baseline 0.001 -18"><span class='ocrx_word' id='word_1_84' title='bbox 236 1343 304 1396; x_wconf 89' lang='lat' dir='ltr'><strong>ad</strong></span> <span class='ocrx_word' id='word_1_85' title='bbox 355 1342 788 1412; x_wconf 84' lang='lat' dir='ltr'><strong>inquisitionem</strong></span> <span class='ocrx_word' id='word_1_86' title='bbox 843 1343 1113 1397; x_wconf 85' lang='lat' dir='ltr'><strong>Massonis</strong></span> <span class='ocrx_word' id='word_1_87' title='bbox 1168 1343 1442 1414; x_wconf 86' lang='lat' dir='ltr'><strong>episcopi,</strong></span> <span class='ocrx_word' id='word_1_88' title='bbox 1502 1345 1579 1397; x_wconf 91' lang='lat' dir='ltr'><strong>ita</strong></span> <span class='ocrx_word' id='word_1_89' title='bbox 1648 1343 1937 1414; x_wconf 88' lang='lat' dir='ltr'><strong>rescripsit</strong></span> 
     </span>
    </p>
   </div>
   <div class='ocr_carea' id='block_1_15' title="bbox 237 1428 1934 1500">
    <p class='ocr_par' dir='ltr' id='par_1_15' title="bbox 237 1428 1934 1500">
     <span class='ocr_line' id='line_1_15' title="bbox 237 1428 1934 1500; baseline 0.001 -20"><span class='ocrx_word' id='word_1_90' title='bbox 237 1428 458 1481; x_wconf 86' lang='lat' dir='ltr'><strong>dicens:</strong></span> <span class='ocrx_word' id='word_1_91' title='bbox 496 1429 704 1482; x_wconf 90' lang='lat' dir='ltr'><strong>Verum</strong></span> <span class='ocrx_word' id='word_1_92' title='bbox 751 1429 900 1498; x_wconf 93' lang='lat' dir='ltr'><strong>quod</strong></span> <span class='ocrx_word' id='word_1_93' title='bbox 933 1434 1240 1499; x_wconf 81' lang='lat' dir='ltr'><strong>sequenter</strong></span> <span class='ocrx_word' id='word_1_94' title='bbox 1281 1429 1342 1483; x_wconf 90' lang='lat' dir='ltr'><strong>in</strong></span> <span class='ocrx_word' id='word_1_95' title='bbox 1403 1429 1657 1500; x_wconf 89' lang='lat' dir='ltr'><strong>epistolis</strong></span> <span class='ocrx_word' id='word_1_96' title='bbox 1701 1447 1934 1484; x_wconf 89' lang='lat' dir='ltr'><strong>venera-</strong></span> 
     </span>
    </p>
   </div>
   <div class='ocr_carea' id='block_1_16' title="bbox 234 1516 1938 1588">
    <p class='ocr_par' dir='ltr' id='par_1_16' title="bbox 234 1516 1938 1588">
     <span class='ocr_line' id='line_1_16' title="bbox 234 1516 1938 1588; baseline 0.001 -18"><span class='ocrx_word' id='word_1_97' title='bbox 234 1517 365 1570; x_wconf 92' lang='lat' dir='ltr'><strong>bilis</strong></span> <span class='ocrx_word' id='word_1_98' title='bbox 395 1516 720 1571; x_wconf 81' lang='lat' dir='ltr'><strong>fraternitas</strong></span> <span class='ocrx_word' id='word_1_99' title='bbox 767 1523 863 1570; x_wconf 90' lang='lat' dir='ltr'><strong>tua</strong></span> <span class='ocrx_word' id='word_1_100' title='bbox 894 1517 1167 1580; x_wconf 89' lang='lat' dir='ltr'><strong>innotuit,</strong></span> <span class='ocrx_word' id='word_1_101' title='bbox 1201 1518 1359 1571; x_wconf 87' lang='lat' dir='ltr'><strong>nulla</strong></span> <span class='ocrx_word' id='word_1_102' title='bbox 1403 1524 1487 1571; x_wconf 92' lang='lat' dir='ltr'><strong>est</strong></span> <span class='ocrx_word' id='word_1_103' title='bbox 1513 1518 1574 1570; x_wconf 90' lang='lat' dir='ltr'><strong>in</strong></span> <span class='ocrx_word' id='word_1_104' title='bbox 1605 1518 1938 1588; x_wconf 87' lang='lat' dir='ltr'><strong>hujusmodi</strong></span> 
     </span>
    </p>
   </div>
   <div class='ocr_carea' id='block_1_17' title="bbox 236 1605 1938 1677">
    <p class='ocr_par' dir='ltr' id='par_1_17' title="bbox 236 1605 1938 1677">
     <span class='ocr_line' id='line_1_17' title="bbox 236 1605 1938 1677; baseline 0.001 -19"><span class='ocrx_word' id='word_1_105' title='bbox 236 1605 529 1659; x_wconf 85' lang='lat' dir='ltr'><strong>sententiis</strong></span> <span class='ocrx_word' id='word_1_106' title='bbox 573 1605 932 1659; x_wconf 90' lang='lat' dir='ltr'><strong>decretorum</strong></span> <span class='ocrx_word' id='word_1_107' title='bbox 985 1606 1280 1659; x_wconf 87' lang='lat' dir='ltr'><strong>diversitas</strong></span> <span class='ocrx_word' id='word_1_108' title='bbox 1336 1606 1728 1677; x_wconf 89' lang='lat' dir='ltr'><strong>intelligenda,</strong></span> <span class='ocrx_word' id='word_1_109' title='bbox 1787 1607 1938 1677; x_wconf 90' lang='lat' dir='ltr'><strong>quod</strong></span> 
     </span>
    </p>
   </div>
   <div class='ocr_carea' id='block_1_18' title="bbox 236 1692 1938 1763">
    <p class='ocr_par' dir='ltr' id='par_1_18' title="bbox 236 1692 1938 1763">
     <span class='ocr_line' id='line_1_18' title="bbox 236 1692 1938 1763; baseline 0.002 -18"><span class='ocrx_word' id='word_1_110' title='bbox 236 1692 374 1746; x_wconf 86' lang='lat' dir='ltr'><strong>alibi</strong></span> <span class='ocrx_word' id='word_1_111' title='bbox 417 1692 630 1761; x_wconf 89' lang='lat' dir='ltr'><strong>legitur</strong></span> <span class='ocrx_word' id='word_1_112' title='bbox 653 1692 716 1746; x_wconf 92' lang='lat' dir='ltr'><strong>in</strong></span> <span class='ocrx_word' id='word_1_113' title='bbox 767 1694 929 1762; x_wconf 90' lang='lat' dir='ltr'><strong>lapsu</strong></span> <span class='ocrx_word' id='word_1_114' title='bbox 956 1694 1240 1763; x_wconf 87' lang='lat' dir='ltr'><strong>corporali</strong></span> <span class='ocrx_word' id='word_1_115' title='bbox 1277 1695 1712 1748; x_wconf 86' lang='lat' dir='ltr'><strong>restaurandum</strong></span> <span class='ocrx_word' id='word_1_116' title='bbox 1753 1694 1938 1749; x_wconf 85' lang='lat' dir='ltr'><strong>hono-</strong></span> 
     </span>
    </p>
   </div>
   <div class='ocr_carea' id='block_1_19' title="bbox 236 1779 1940 1853">
    <p class='ocr_par' dir='ltr' id='par_1_19' title="bbox 236 1779 1940 1853">
     <span class='ocr_line' id='line_1_19' title="bbox 236 1779 1940 1853; baseline 0.001 -20"><span class='ocrx_word' id='word_1_117' title='bbox 236 1779 315 1833; x_wconf 87' lang='lat' dir='ltr'><strong>ris</strong></span> <span class='ocrx_word' id='word_1_118' title='bbox 348 1780 590 1851; x_wconf 89' lang='lat' dir='ltr'><strong>gradum</strong></span> <span class='ocrx_word' id='word_1_119' title='bbox 629 1785 753 1851; x_wconf 89' lang='lat' dir='ltr'><strong>post</strong></span> <span class='ocrx_word' id='word_1_120' title='bbox 802 1780 1221 1850; x_wconf 73' lang='lat' dir='ltr'><strong>paenitentiam,</strong></span> <span class='ocrx_word' id='word_1_121' title='bbox 1256 1782 1392 1836; x_wconf 89' lang='lat' dir='ltr'><strong>alibi</strong></span> <span class='ocrx_word' id='word_1_122' title='bbox 1443 1787 1573 1852; x_wconf 89' lang='lat' dir='ltr'><strong>post</strong></span> <span class='ocrx_word' id='word_1_123' title='bbox 1611 1782 1940 1853; x_wconf 83' lang='lat' dir='ltr'><strong>hujusmodi</strong></span> 
     </span>
    </p>
   </div>
   <div class='ocr_carea' id='block_1_20' title="bbox 238 1867 1942 1942">
    <p class='ocr_par' dir='ltr' id='par_1_20' title="bbox 238 1867 1942 1942">
     <span class='ocr_line' id='line_1_20' title="bbox 238 1867 1942 1942; baseline 0.003 -22"><span class='ocrx_word' id='word_1_124' title='bbox 238 1867 509 1921; x_wconf 88' lang='lat' dir='ltr'><strong>delictum</strong></span> <span class='ocrx_word' id='word_1_125' title='bbox 574 1884 940 1939; x_wconf 88' lang='lat' dir='ltr'><strong>nequaquam</strong></span> <span class='ocrx_word' id='word_1_126' title='bbox 997 1870 1382 1938; x_wconf 86' lang='lat' dir='ltr'><strong>reparandum</strong></span> <span class='ocrx_word' id='word_1_127' title='bbox 1449 1870 1673 1942; x_wconf 86' lang='lat' dir='ltr'><strong>antiqui</strong></span> <span class='ocrx_word' id='word_1_128' title='bbox 1726 1871 1942 1925; x_wconf 89' lang='lat' dir='ltr'><strong>ordinis</strong></span> 
     </span>
    </p>
   </div>
   <div class='ocr_carea' id='block_1_21' title="bbox 235 1955 1939 2028">
    <p class='ocr_par' dir='ltr' id='par_1_21' title="bbox 235 1955 1939 2028">
     <span class='ocr_line' id='line_1_21' title="bbox 235 1955 1939 2028; baseline 0.002 -20"><span class='ocrx_word' id='word_1_129' title='bbox 235 1955 478 2025; x_wconf 89' lang='lat' dir='ltr'><strong>gradum</strong></span> <span class='ocrx_word' id='word_1_130' title='bbox 547 1961 680 2026; x_wconf 90' lang='lat' dir='ltr'><strong>post</strong></span> <span class='ocrx_word' id='word_1_131' title='bbox 733 1956 1163 2025; x_wconf 73' lang='lat' dir='ltr'><strong>paenitentiam:</strong></span> <span class='ocrx_word' id='word_1_132' title='bbox 1221 1957 1356 2011; x_wconf 86' lang='lat' dir='ltr'><strong>alibi</strong></span> <span class='ocrx_word' id='word_1_133' title='bbox 1408 1964 1539 2028; x_wconf 89' lang='lat' dir='ltr'><strong>post</strong></span> <span class='ocrx_word' id='word_1_134' title='bbox 1595 1958 1939 2028; x_wconf 84' lang='lat' dir='ltr'><strong>hujusmodi</strong></span> 
     </span>
    </p>
   </div>
   <div class='ocr_carea' id='block_1_22' title="bbox 237 2043 1940 2118">
    <p class='ocr_par' dir='ltr' id='par_1_22' title="bbox 237 2043 1940 2118">
     <span class='ocr_line' id='line_1_22' title="bbox 237 2043 1940 2118; baseline 0.002 -22"><span class='ocrx_word' id='word_1_135' title='bbox 237 2043 505 2097; x_wconf 89' lang='lat' dir='ltr'><strong>delictum</strong></span> <span class='ocrx_word' id='word_1_136' title='bbox 569 2060 933 2115; x_wconf 88' lang='lat' dir='ltr'><strong>nequaquam</strong></span> <span class='ocrx_word' id='word_1_137' title='bbox 1002 2046 1390 2116; x_wconf 87' lang='lat' dir='ltr'><strong>reparandum</strong></span> <span class='ocrx_word' id='word_1_138' title='bbox 1446 2047 1670 2118; x_wconf 89' lang='lat' dir='ltr'><strong>antiqui</strong></span> <span class='ocrx_word' id='word_1_139' title='bbox 1725 2046 1940 2102; x_wconf 88' lang='lat' dir='ltr'><strong>ordinis</strong></span> 
     </span>
    </p>
   </div>
   <div class='ocr_carea' id='block_1_23' title="bbox 236 2131 1940 2206">
    <p class='ocr_par' dir='ltr' id='par_1_23' title="bbox 236 2131 1940 2206">
     <span class='ocr_line' id='line_1_23' title="bbox 236 2131 1940 2206; baseline 0.002 -22"><span class='ocrx_word' id='word_1_140' title='bbox 236 2131 681 2186; x_wconf 66' lang='lat' dir='ltr'><strong>meritumJIaac</strong></span> <span class='ocrx_word' id='word_1_141' title='bbox 731 2137 884 2186; x_wconf 83' lang='lat' dir='ltr'><strong>enim</strong></span> <span class='ocrx_word' id='word_1_142' title='bbox 919 2133 1214 2187; x_wconf 88' lang='lat' dir='ltr'><strong>diversitas</strong></span> <span class='ocrx_word' id='word_1_143' title='bbox 1274 2137 1380 2189; x_wconf 91' lang='lat' dir='ltr'><strong>hoc</strong></span> <span class='ocrx_word' id='word_1_144' title='bbox 1431 2135 1600 2190; x_wconf 91' lang='lat' dir='ltr'><strong>modo</strong></span> <span class='ocrx_word' id='word_1_145' title='bbox 1640 2135 1940 2206; x_wconf 90' lang='lat' dir='ltr'><strong>distingui-</strong></span> 
     </span>
    </p>
   </div>
   <div class='ocr_carea' id='block_1_24' title="bbox 235 2219 1937 2293">
    <p class='ocr_par' dir='ltr' id='par_1_24' title="bbox 235 2219 1937 2293">
     <span class='ocr_line' id='line_1_24' title="bbox 235 2219 1937 2293; baseline 0.002 -20"><span class='ocrx_word' id='word_1_146' title='bbox 235 2225 347 2273; x_wconf 87' lang='lat' dir='ltr'><strong>tur.</strong></span> <span class='ocrx_word' id='word_1_147' title='bbox 380 2220 508 2274; x_wconf 91' lang='lat' dir='ltr'><strong>lllos</strong></span> <span class='ocrx_word' id='word_1_148' title='bbox 530 2219 685 2273; x_wconf 90' lang='lat' dir='ltr'><strong>enim</strong></span> <span class='ocrx_word' id='word_1_149' title='bbox 715 2220 786 2274; x_wconf 92' lang='lat' dir='ltr'><strong>ad</strong></span> <span class='ocrx_word' id='word_1_150' title='bbox 815 2220 1083 2290; x_wconf 89' lang='lat' dir='ltr'><strong>pristinos</strong></span> <span class='ocrx_word' id='word_1_151' title='bbox 1101 2221 1271 2276; x_wconf 84' lang='lat' dir='ltr'><strong>ofﬁcii</strong></span> <span class='ocrx_word' id='word_1_152' title='bbox 1293 2223 1504 2293; x_wconf 89' lang='lat' dir='ltr'><strong>gradus</strong></span> <span class='ocrx_word' id='word_1_153' title='bbox 1534 2223 1720 2278; x_wconf 91' lang='lat' dir='ltr'><strong>redire</strong></span> <span class='ocrx_word' id='word_1_154' title='bbox 1758 2239 1937 2278; x_wconf 88' lang='lat' dir='ltr'><strong>canon</strong></span> 
     </span>
    </p>
   </div>
   <div class='ocr_carea' id='block_1_25' title="bbox 234 2307 1938 2381">
    <p class='ocr_par' dir='ltr' id='par_1_25' title="bbox 234 2307 1938 2381">
     <span class='ocr_line' id='line_1_25' title="bbox 234 2307 1938 2381; baseline 0.002 -21"><span class='ocrx_word' id='word_1_155' title='bbox 234 2307 529 2378; x_wconf 66' lang='lat' dir='ltr'><strong>prmeepit,</strong></span> <span class='ocrx_word' id='word_1_156' title='bbox 581 2323 727 2377; x_wconf 90' lang='lat' dir='ltr'><strong>quos</strong></span> <span class='ocrx_word' id='word_1_157' title='bbox 767 2308 1118 2378; x_wconf 69' lang='lat' dir='ltr'><strong>pmnitentim</strong></span> <span class='ocrx_word' id='word_1_158' title='bbox 1167 2311 1456 2381; x_wconf 73' lang='lat' dir='ltr'><strong>praecessit</strong></span> <span class='ocrx_word' id='word_1_159' title='bbox 1494 2311 1819 2378; x_wconf 84' lang='lat' dir='ltr'><strong>satisfactio,</strong></span> <span class='ocrx_word' id='word_1_160' title='bbox 1852 2312 1938 2364; x_wconf 90' lang='lat' dir='ltr'><strong>vel</strong></span> 
     </span>
    </p>
   </div>
   <div class='ocr_carea' id='block_1_26' title="bbox 239 2395 1940 2471">
    <p class='ocr_par' dir='ltr' id='par_1_26' title="bbox 239 2395 1940 2471">
     <span class='ocr_line' id='line_1_26' title="bbox 239 2395 1940 2471; baseline 0.003 -22"><span class='ocrx_word' id='word_1_161' title='bbox 239 2395 414 2465; x_wconf 87' lang='lat' dir='ltr'><strong>digna</strong></span> <span class='ocrx_word' id='word_1_162' title='bbox 443 2399 804 2465; x_wconf 87' lang='lat' dir='ltr'><strong>peccatorum</strong></span> <span class='ocrx_word' id='word_1_163' title='bbox 851 2397 1151 2451; x_wconf 85' lang='lat' dir='ltr'><strong>confessio.</strong></span> <span class='ocrx_word' id='word_1_164' title='bbox 1194 2401 1265 2452; x_wconf 78' lang='lat' dir='ltr'><strong>At</strong></span> <span class='ocrx_word' id='word_1_165' title='bbox 1303 2403 1498 2452; x_wconf 89' lang='lat' dir='ltr'><strong>contra</strong></span> <span class='ocrx_word' id='word_1_166' title='bbox 1527 2399 1584 2453; x_wconf 91' lang='lat' dir='ltr'><strong>hi</strong></span> <span class='ocrx_word' id='word_1_167' title='bbox 1617 2400 1716 2470; x_wconf 91' lang='lat' dir='ltr'><strong>qui</strong></span> <span class='ocrx_word' id='word_1_168' title='bbox 1755 2415 1940 2471; x_wconf 90' lang='lat' dir='ltr'><strong>neque</strong></span> 
     </span>
    </p>
   </div>
   <div class='ocr_carea' id='block_1_27' title="bbox 238 2483 1939 2557">
    <p class='ocr_par' dir='ltr' id='par_1_27' title="bbox 238 2483 1939 2557">
     <span class='ocr_line' id='line_1_27' title="bbox 238 2483 1939 2557; baseline 0.004 -21"><span class='ocrx_word' id='word_1_169' title='bbox 238 2499 271 2536; x_wconf 89' lang='lat' dir='ltr'><strong>a</strong></span> <span class='ocrx_word' id='word_1_170' title='bbox 301 2483 440 2535; x_wconf 92' lang='lat' dir='ltr'><strong>vitio</strong></span> <span class='ocrx_word' id='word_1_171' title='bbox 463 2483 845 2553; x_wconf 88' lang='lat' dir='ltr'><strong>corruptionis</strong></span> <span class='ocrx_word' id='word_1_172' title='bbox 876 2485 1232 2552; x_wconf 86' lang='lat' dir='ltr'><strong>emendatur,</strong></span> <span class='ocrx_word' id='word_1_173' title='bbox 1265 2490 1436 2556; x_wconf 88' lang='lat' dir='ltr'><strong>atque</strong></span> <span class='ocrx_word' id='word_1_174' title='bbox 1468 2487 1572 2540; x_wconf 92' lang='lat' dir='ltr'><strong>hoc</strong></span> <span class='ocrx_word' id='word_1_175' title='bbox 1601 2487 1792 2557; x_wconf 89' lang='lat' dir='ltr'><strong>ipsum</strong></span> <span class='ocrx_word' id='word_1_176' title='bbox 1823 2505 1939 2542; x_wconf 91' lang='lat' dir='ltr'><strong>car-</strong></span> 
     </span>
    </p>
   </div>
   <div class='ocr_carea' id='block_1_28' title="bbox 237 2570 1938 2648">
    <p class='ocr_par' dir='ltr' id='par_1_28' title="bbox 237 2570 1938 2648">
     <span class='ocr_line' id='line_1_28' title="bbox 237 2570 1938 2648; baseline 0.004 -24"><span class='ocrx_word' id='word_1_177' title='bbox 237 2571 366 2624; x_wconf 88' lang='lat' dir='ltr'><strong>nale</strong></span> <span class='ocrx_word' id='word_1_178' title='bbox 385 2570 654 2625; x_wconf 87' lang='lat' dir='ltr'><strong>delictum</strong></span> <span class='ocrx_word' id='word_1_179' title='bbox 673 2574 822 2643; x_wconf 92' lang='lat' dir='ltr'><strong>quod</strong></span> <span class='ocrx_word' id='word_1_180' title='bbox 842 2573 1174 2643; x_wconf 89' lang='lat' dir='ltr'><strong>admittunt,</strong></span> <span class='ocrx_word' id='word_1_181' title='bbox 1194 2576 1365 2629; x_wconf 86' lang='lat' dir='ltr'><strong>etiam</strong></span> <span class='ocrx_word' id='word_1_182' title='bbox 1392 2575 1677 2631; x_wconf 88' lang='lat' dir='ltr'><strong>vindicare</strong></span> <span class='ocrx_word' id='word_1_183' title='bbox 1693 2577 1938 2648; x_wconf 89' lang='lat' dir='ltr'><strong>quadam</strong></span> 
     </span>
    </p>
   </div>
   <div class='ocr_carea' id='block_1_29' title="bbox 237 2658 1941 2736">
    <p class='ocr_par' dir='ltr' id='par_1_29' title="bbox 237 2658 1941 2736">
     <span class='ocr_line' id='line_1_29' title="bbox 237 2658 1941 2736; baseline 0.005 -26"><span class='ocrx_word' id='word_1_184' title='bbox 237 2675 299 2710; x_wconf 93' lang='lat' dir='ltr'><strong>su</strong></span> <span class='ocrx_word' id='word_1_185' title='bbox 307 2658 625 2726; x_wconf 87' lang='lat' dir='ltr'><strong>perstitiosa</strong></span> <span class='ocrx_word' id='word_1_186' title='bbox 654 2660 975 2715; x_wconf 87' lang='lat' dir='ltr'><strong>temeritate</strong></span> <span class='ocrx_word' id='word_1_187' title='bbox 1004 2662 1284 2730; x_wconf 89' lang='lat' dir='ltr'><strong>nituntur,</strong></span> <span class='ocrx_word' id='word_1_188' title='bbox 1319 2679 1422 2717; x_wconf 92' lang='lat' dir='ltr'><strong>nec</strong></span> <span class='ocrx_word' id='word_1_189' title='bbox 1471 2665 1711 2734; x_wconf 89' lang='lat' dir='ltr'><strong>gradum</strong></span> <span class='ocrx_word' id='word_1_190' title='bbox 1745 2665 1941 2736; x_wconf 87' lang='lat' dir='ltr'><strong>utique</strong></span> 
     </span>
    </p>
   </div>
   <div class='ocr_carea' id='block_1_30' title="bbox 237 2743 1940 2823">
    <p class='ocr_par' dir='ltr' id='par_1_30' title="bbox 237 2743 1940 2823">
     <span class='ocr_line' id='line_1_30' title="bbox 237 2743 1940 2823; baseline 0.005 -25"><span class='ocrx_word' id='word_1_191' title='bbox 237 2743 494 2812; x_wconf 81' lang='lat' dir='ltr'><strong>honoris,</strong></span> <span class='ocrx_word' id='word_1_192' title='bbox 536 2763 640 2800; x_wconf 89' lang='lat' dir='ltr'><strong>nec</strong></span> <span class='ocrx_word' id='word_1_193' title='bbox 673 2749 914 2817; x_wconf 82' lang='lat' dir='ltr'><strong>gratiam</strong></span> <span class='ocrx_word' id='word_1_194' title='bbox 967 2751 1386 2805; x_wconf 89' lang='lat' dir='ltr'><strong>communionis</strong></span> <span class='ocrx_word' id='word_1_195' title='bbox 1438 2752 1740 2823; x_wconf 89' lang='lat' dir='ltr'><strong>recipiunt.</strong></span> <span class='ocrx_word' id='word_1_196' title='bbox 1795 2755 1940 2822; x_wconf 88' lang='lat' dir='ltr'><strong>Ergo</strong></span> 
     </span>
    </p>
   </div>
   <div class='ocr_carea' id='block_1_31' title="bbox 238 2831 1945 2907">
    <p class='ocr_par' dir='ltr' id='par_1_31' title="bbox 238 2831 1945 2907">
     <span class='ocr_line' id='line_1_31' title="bbox 238 2831 1945 2907; baseline 0.005 -22"><span class='ocrx_word' id='word_1_197' title='bbox 238 2831 315 2885; x_wconf 88' lang='lat' dir='ltr'><strong>ita</strong></span> <span class='ocrx_word' id='word_1_198' title='bbox 347 2837 426 2887; x_wconf 91' lang='lat' dir='ltr'><strong>est</strong></span> <span class='ocrx_word' id='word_1_199' title='bbox 469 2839 708 2905; x_wconf 87' lang='lat' dir='ltr'><strong>utraque</strong></span> <span class='ocrx_word' id='word_1_200' title='bbox 764 2837 1085 2892; x_wconf 90' lang='lat' dir='ltr'><strong>dirimenda</strong></span> <span class='ocrx_word' id='word_1_201' title='bbox 1139 2840 1442 2907; x_wconf 86' lang='lat' dir='ltr'><strong>sententia,</strong></span> <span class='ocrx_word' id='word_1_202' title='bbox 1495 2847 1557 2895; x_wconf 92' lang='lat' dir='ltr'><strong>ut</strong></span> <span class='ocrx_word' id='word_1_203' title='bbox 1605 2858 1832 2896; x_wconf 91' lang='lat' dir='ltr'><strong>necesse</strong></span> <span class='ocrx_word' id='word_1_204' title='bbox 1873 2843 1945 2895; x_wconf 90' lang='lat' dir='ltr'><strong>sit</strong></span> 
     </span>
    </p>
   </div>
   <div class='ocr_carea' id='block_1_32' title="bbox 236 2919 1940 3000">
    <p class='ocr_par' dir='ltr' id='par_1_32' title="bbox 236 2919 1940 3000">
     <span class='ocr_line' id='line_1_32' title="bbox 236 2919 1940 3000; baseline 0.006 -27"><span class='ocrx_word' id='word_1_205' title='bbox 236 2919 365 2974; x_wconf 88' lang='lat' dir='ltr'><strong>illos</strong></span> <span class='ocrx_word' id='word_1_206' title='bbox 393 2923 700 2977; x_wconf 87' lang='lat' dir='ltr'><strong>restaurari</strong></span> <span class='ocrx_word' id='word_1_207' title='bbox 732 2924 792 2978; x_wconf 91' lang='lat' dir='ltr'><strong>in</strong></span> <span class='ocrx_word' id='word_1_208' title='bbox 822 2927 946 2980; x_wconf 91' lang='lat' dir='ltr'><strong>loco</strong></span> <span class='ocrx_word' id='word_1_209' title='bbox 982 2927 1239 2995; x_wconf 89' lang='lat' dir='ltr'><strong>honoris,</strong></span> <span class='ocrx_word' id='word_1_210' title='bbox 1277 2929 1372 2999; x_wconf 92' lang='lat' dir='ltr'><strong>qui</strong></span> <span class='ocrx_word' id='word_1_211' title='bbox 1405 2945 1509 3000; x_wconf 89' lang='lat' dir='ltr'><strong>per</strong></span> <span class='ocrx_word' id='word_1_212' title='bbox 1548 2930 1940 3000; x_wconf 67' lang='lat' dir='ltr'><strong>paenitentiam</strong></span> 
     </span>
    </p>
   </div>
   <div class='ocr_carea' id='block_1_33' title="bbox 2041 548 3754 620">
    <p class='ocr_par' dir='ltr' id='par_1_33' title="bbox 2041 548 3754 620">
     <span class='ocr_line' id='line_1_33' title="bbox 2041 548 3754 620; baseline 0 -18"><span class='ocrx_word' id='word_1_213' title='bbox 2041 549 2172 602; x_wconf 92' lang='lat' dir='ltr'><strong>dam</strong></span> <span class='ocrx_word' id='word_1_214' title='bbox 2213 564 2386 618; x_wconf 87' lang='lat' dir='ltr'><strong>quam</strong></span> <span class='ocrx_word' id='word_1_215' title='bbox 2439 548 2838 602; x_wconf 89' lang='lat' dir='ltr'><strong>multitudines</strong></span> <span class='ocrx_word' id='word_1_216' title='bbox 2896 549 3252 603; x_wconf 72' lang='lat' dir='ltr'><strong>Iudaeorum.</strong></span> <span class='ocrx_word' id='word_1_217' title='bbox 3305 551 3546 619; x_wconf 79' lang='lat' dir='ltr'><strong>PrOpIer</strong></span> <span class='ocrx_word' id='word_1_218' title='bbox 3597 549 3754 620; x_wconf 90' lang='lat' dir='ltr'><strong>quod</strong></span> 
     </span>
    </p>
   </div>
   <div class='ocr_carea' id='block_1_34' title="bbox 2040 636 3758 706">
    <p class='ocr_par' dir='ltr' id='par_1_34' title="bbox 2040 636 3758 706">
     <span class='ocr_line' id='line_1_34' title="bbox 2040 636 3758 706; baseline 0 -16"><span class='ocrx_word' id='word_1_219' title='bbox 2040 653 2208 690; x_wconf 90' lang='lat' dir='ltr'><strong>nemo</strong></span> <span class='ocrx_word' id='word_1_220' title='bbox 2241 637 2497 702; x_wconf 87' lang='lat' dir='ltr'><strong>miretur,</strong></span> <span class='ocrx_word' id='word_1_221' title='bbox 2532 636 2580 690; x_wconf 91' lang='lat' dir='ltr'><strong>si</strong></span> <span class='ocrx_word' id='word_1_222' title='bbox 2637 637 2782 690; x_wconf 85' lang='lat' dir='ltr'><strong>forte</strong></span> <span class='ocrx_word' id='word_1_223' title='bbox 2831 636 3240 705; x_wconf 84' lang='lat' dir='ltr'><strong>prolixioribus</strong></span> <span class='ocrx_word' id='word_1_224' title='bbox 3271 653 3376 706; x_wconf 90' lang='lat' dir='ltr'><strong>ego</strong></span> <span class='ocrx_word' id='word_1_225' title='bbox 3429 654 3581 690; x_wconf 91' lang='lat' dir='ltr'><strong>nunc</strong></span> <span class='ocrx_word' id='word_1_226' title='bbox 3626 643 3758 690; x_wconf 90' lang='lat' dir='ltr'><strong>utar</strong></span> 
     </span>
    </p>
   </div>
   <div class='ocr_carea' id='block_1_35' title="bbox 2041 724 3754 795">
    <p class='ocr_par' dir='ltr' id='par_1_35' title="bbox 2041 724 3754 795">
     <span class='ocr_line' id='line_1_35' title="bbox 2041 724 3754 795; baseline -0.001 -18"><span class='ocrx_word' id='word_1_227' title='bbox 2041 725 2570 787; x_wconf 87' lang='lat' dir='ltr'><strong>lamentationibus,</strong></span> <span class='ocrx_word' id='word_1_228' title='bbox 2649 729 2703 778; x_wconf 91' lang='lat' dir='ltr'><strong>et</strong></span> <span class='ocrx_word' id='word_1_229' title='bbox 2763 724 3077 779; x_wconf 82' lang='lat' dir='ltr'><strong>amariores</strong></span> <span class='ocrx_word' id='word_1_230' title='bbox 3140 726 3486 795; x_wconf 87' lang='lat' dir='ltr'><strong>profundam</strong></span> <span class='ocrx_word' id='word_1_231' title='bbox 3561 728 3754 790; x_wconf 86' lang='lat' dir='ltr'><strong>ﬂetus,</strong></span> 
     </span>
    </p>
   </div>
   <div class='ocr_carea' id='block_1_36' title="bbox 2041 813 3759 883">
    <p class='ocr_par' dir='ltr' id='par_1_36' title="bbox 2041 813 3759 883">
     <span class='ocr_line' id='line_1_36' title="bbox 2041 813 3759 883; baseline 0.001 -17"><span class='ocrx_word' id='word_1_232' title='bbox 2041 829 2212 883; x_wconf 90' lang='lat' dir='ltr'><strong>quam</strong></span> <span class='ocrx_word' id='word_1_233' title='bbox 2261 818 2396 866; x_wconf 88' lang='lat' dir='ltr'><strong>tunc</strong></span> <span class='ocrx_word' id='word_1_234' title='bbox 2444 813 2722 883; x_wconf 88' lang='lat' dir='ltr'><strong>propheta</strong></span> <span class='ocrx_word' id='word_1_235' title='bbox 2773 813 3050 882; x_wconf 81' lang='lat' dir='ltr'><strong>profudit.</strong></span> <span class='ocrx_word' id='word_1_236' title='bbox 3113 815 3239 868; x_wconf 87' lang='lat' dir='ltr'><strong>Non</strong></span> <span class='ocrx_word' id='word_1_237' title='bbox 3283 815 3435 868; x_wconf 91' lang='lat' dir='ltr'><strong>enim</strong></span> <span class='ocrx_word' id='word_1_238' title='bbox 3483 815 3658 880; x_wconf 90' lang='lat' dir='ltr'><strong>urbis,</strong></span> <span class='ocrx_word' id='word_1_239' title='bbox 3691 820 3759 868; x_wconf 88' lang='lat' dir='ltr'><strong>ut</strong></span> 
     </span>
    </p>
   </div>
   <div class='ocr_carea' id='block_1_37' title="bbox 2040 902 3753 973">
    <p class='ocr_par' dir='ltr' id='par_1_37' title="bbox 2040 902 3753 973">
     <span class='ocr_line' id='line_1_37' title="bbox 2040 902 3753 973; baseline -0.001 -17"><span class='ocrx_word' id='word_1_240' title='bbox 2040 902 2178 969; x_wconf 85' lang='lat' dir='ltr'><strong>dixi,</strong></span> <span class='ocrx_word' id='word_1_241' title='bbox 2211 908 2391 971; x_wconf 68' lang='lat' dir='ltr'><strong>captaa</strong></span> <span class='ocrx_word' id='word_1_242' title='bbox 2432 903 2648 956; x_wconf 87' lang='lat' dir='ltr'><strong>excidia</strong></span> <span class='ocrx_word' id='word_1_243' title='bbox 2690 902 2893 967; x_wconf 87' lang='lat' dir='ltr'><strong>deﬂeo,</strong></span> <span class='ocrx_word' id='word_1_244' title='bbox 2952 919 3056 956; x_wconf 92' lang='lat' dir='ltr'><strong>nec</strong></span> <span class='ocrx_word' id='word_1_245' title='bbox 3081 903 3206 956; x_wconf 83' lang='lat' dir='ltr'><strong>vilis</strong></span> <span class='ocrx_word' id='word_1_246' title='bbox 3255 903 3410 972; x_wconf 85' lang='lat' dir='ltr'><strong>vulgi</strong></span> <span class='ocrx_word' id='word_1_247' title='bbox 3455 903 3753 973; x_wconf 83' lang='lat' dir='ltr'><strong>captivita-</strong></span> 
     </span>
    </p>
   </div>
   <div class='ocr_carea' id='block_1_38' title="bbox 2040 991 3760 1061">
    <p class='ocr_par' dir='ltr' id='par_1_38' title="bbox 2040 991 3760 1061">
     <span class='ocr_line' id='line_1_38' title="bbox 2040 991 3760 1061; baseline 0.001 -17"><span class='ocrx_word' id='word_1_248' title='bbox 2040 996 2156 1045; x_wconf 87' lang='lat' dir='ltr'><strong>tem</strong></span> <span class='ocrx_word' id='word_1_249' title='bbox 2193 991 2492 1054; x_wconf 88' lang='lat' dir='ltr'><strong>lamentor,</strong></span> <span class='ocrx_word' id='word_1_250' title='bbox 2525 991 2619 1044; x_wconf 89' lang='lat' dir='ltr'><strong>sed</strong></span> <span class='ocrx_word' id='word_1_251' title='bbox 2663 991 2904 1060; x_wconf 84' lang='lat' dir='ltr'><strong>insignis</strong></span> <span class='ocrx_word' id='word_1_252' title='bbox 2935 992 3141 1045; x_wconf 65' lang='lat' dir='ltr'><strong>animas</strong></span> <span class='ocrx_word' id='word_1_253' title='bbox 3176 992 3419 1060; x_wconf 89' lang='lat' dir='ltr'><strong>lapsum,</strong></span> <span class='ocrx_word' id='word_1_254' title='bbox 3455 997 3509 1044; x_wconf 88' lang='lat' dir='ltr'><strong>et</strong></span> <span class='ocrx_word' id='word_1_255' title='bbox 3551 992 3760 1061; x_wconf 84' lang='lat' dir='ltr'><strong>templi</strong></span> 
     </span>
    </p>
   </div>
   <div class='ocr_carea' id='block_1_39' title="bbox 2041 1079 3760 1150">
    <p class='ocr_par' dir='ltr' id='par_1_39' title="bbox 2041 1079 3760 1150">
     <span class='ocr_line' id='line_1_39' title="bbox 2041 1079 3760 1150; baseline 0 -18"><span class='ocrx_word' id='word_1_256' title='bbox 2041 1079 2100 1132; x_wconf 94' lang='lat' dir='ltr'><strong>in</strong></span> <span class='ocrx_word' id='word_1_257' title='bbox 2128 1097 2242 1150; x_wconf 91' lang='lat' dir='ltr'><strong>quo</strong></span> <span class='ocrx_word' id='word_1_258' title='bbox 2274 1079 2528 1134; x_wconf 88' lang='lat' dir='ltr'><strong>Christus</strong></span> <span class='ocrx_word' id='word_1_259' title='bbox 2557 1079 2779 1132; x_wconf 84' lang='lat' dir='ltr'><strong>habitat</strong></span> <span class='ocrx_word' id='word_1_260' title='bbox 2829 1079 3132 1133; x_wconf 82' lang='lat' dir='ltr'><strong>excidium.</strong></span> <span class='ocrx_word' id='word_1_261' title='bbox 3180 1082 3308 1135; x_wconf 72' lang='lat' dir='ltr'><strong>HIBC</strong></span> <span class='ocrx_word' id='word_1_262' title='bbox 3347 1081 3499 1134; x_wconf 90' lang='lat' dir='ltr'><strong>enim</strong></span> <span class='ocrx_word' id='word_1_263' title='bbox 3543 1081 3760 1133; x_wconf 90' lang='lat' dir='ltr'><strong>lamen-</strong></span> 
     </span>
    </p>
   </div>
   <div class='ocr_carea' id='block_1_40' title="bbox 2046 1167 3760 1238">
    <p class='ocr_par' dir='ltr' id='par_1_40' title="bbox 2046 1167 3760 1238">
     <span class='ocr_line' id='line_1_40' title="bbox 2046 1167 3760 1238; baseline 0.001 -16"><span class='ocrx_word' id='word_1_264' title='bbox 2046 1169 2179 1222; x_wconf 89' lang='lat' dir='ltr'><strong>tatio</strong></span> <span class='ocrx_word' id='word_1_265' title='bbox 2212 1167 2454 1238; x_wconf 82' lang='lat' dir='ltr'><strong>insignis</strong></span> <span class='ocrx_word' id='word_1_266' title='bbox 2503 1167 2711 1221; x_wconf 73' lang='lat' dir='ltr'><strong>animos</strong></span> <span class='ocrx_word' id='word_1_267' title='bbox 2739 1184 2909 1238; x_wconf 88' lang='lat' dir='ltr'><strong>quam</strong></span> <span class='ocrx_word' id='word_1_268' title='bbox 2960 1185 3066 1238; x_wconf 86' lang='lat' dir='ltr'><strong>ego</strong></span> <span class='ocrx_word' id='word_1_269' title='bbox 3092 1169 3292 1232; x_wconf 86' lang='lat' dir='ltr'><strong>deﬂeo,</strong></span> <span class='ocrx_word' id='word_1_270' title='bbox 3329 1173 3483 1222; x_wconf 84' lang='lat' dir='ltr'><strong>tanto</strong></span> <span class='ocrx_word' id='word_1_271' title='bbox 3529 1169 3627 1222; x_wconf 88' lang='lat' dir='ltr'><strong>illa</strong></span> <span class='ocrx_word' id='word_1_272' title='bbox 3668 1174 3760 1223; x_wconf 88' lang='lat' dir='ltr'><strong>est</strong></span> 
     </span>
    </p>
   </div>
   <div class='ocr_carea' id='block_1_41' title="bbox 2044 1256 3762 1328">
    <p class='ocr_par' dir='ltr' id='par_1_41' title="bbox 2044 1256 3762 1328">
     <span class='ocr_line' id='line_1_41' title="bbox 2044 1256 3762 1328; baseline -0.001 -17"><span class='ocrx_word' id='word_1_273' title='bbox 2044 1257 2241 1312; x_wconf 89' lang='lat' dir='ltr'><strong>durior</strong></span> <span class='ocrx_word' id='word_1_274' title='bbox 2265 1261 2321 1310; x_wconf 90' lang='lat' dir='ltr'><strong>et</strong></span> <span class='ocrx_word' id='word_1_275' title='bbox 2348 1256 2620 1322; x_wconf 89' lang='lat' dir='ltr'><strong>amarior,</strong></span> <span class='ocrx_word' id='word_1_276' title='bbox 2653 1261 2867 1326; x_wconf 85' lang='lat' dir='ltr'><strong>quanto</strong></span> <span class='ocrx_word' id='word_1_277' title='bbox 2917 1261 2971 1309; x_wconf 85' lang='lat' dir='ltr'><strong>et</strong></span> <span class='ocrx_word' id='word_1_278' title='bbox 3015 1257 3221 1310; x_wconf 81' lang='lat' dir='ltr'><strong>verior.</strong></span> <span class='ocrx_word' id='word_1_279' title='bbox 3272 1257 3408 1310; x_wconf 90' lang='lat' dir='ltr'><strong>Inde</strong></span> <span class='ocrx_word' id='word_1_280' title='bbox 3441 1258 3639 1328; x_wconf 91' lang='lat' dir='ltr'><strong>utique</strong></span> <span class='ocrx_word' id='word_1_281' title='bbox 3671 1263 3762 1311; x_wconf 89' lang='lat' dir='ltr'><strong>est</strong></span> 
     </span>
    </p>
   </div>
   <div class='ocr_carea' id='block_1_42' title="bbox 2046 1345 3759 1416">
    <p class='ocr_par' dir='ltr' id='par_1_42' title="bbox 2046 1345 3759 1416">
     <span class='ocr_line' id='line_1_42' title="bbox 2046 1345 3759 1416; baseline 0 -17"><span class='ocrx_word' id='word_1_282' title='bbox 2046 1345 2199 1416; x_wconf 85' lang='lat' dir='ltr'><strong>quod</strong></span> <span class='ocrx_word' id='word_1_283' title='bbox 2251 1361 2357 1414; x_wconf 88' lang='lat' dir='ltr'><strong>ego</strong></span> <span class='ocrx_word' id='word_1_284' title='bbox 2407 1345 2909 1399; x_wconf 88' lang='lat' dir='ltr'><strong>irremediabiliter</strong></span> <span class='ocrx_word' id='word_1_285' title='bbox 2939 1347 3172 1415; x_wconf 89' lang='lat' dir='ltr'><strong>plango,</strong></span> <span class='ocrx_word' id='word_1_286' title='bbox 3213 1346 3349 1415; x_wconf 90' lang='lat' dir='ltr'><strong>quia</strong></span> <span class='ocrx_word' id='word_1_287' title='bbox 3382 1347 3535 1411; x_wconf 90' lang='lat' dir='ltr'><strong>novi,</strong></span> <span class='ocrx_word' id='word_1_288' title='bbox 3578 1351 3635 1400; x_wconf 90' lang='lat' dir='ltr'><strong>et</strong></span> <span class='ocrx_word' id='word_1_289' title='bbox 3663 1346 3759 1399; x_wconf 89' lang='lat' dir='ltr'><strong>in-</strong></span> 
     </span>
    </p>
   </div>
   <div class='ocr_carea' id='block_1_43' title="bbox 2045 1433 3758 1505">
    <p class='ocr_par' dir='ltr' id='par_1_43' title="bbox 2045 1433 3758 1505">
     <span class='ocr_line' id='line_1_43' title="bbox 2045 1433 3758 1505; baseline 0 -17"><span class='ocrx_word' id='word_1_290' title='bbox 2045 1433 2393 1488; x_wconf 89' lang='lat' dir='ltr'><strong>cessabiliter</strong></span> <span class='ocrx_word' id='word_1_291' title='bbox 2421 1434 2591 1502; x_wconf 91' lang='lat' dir='ltr'><strong>lugeo</strong></span> <span class='ocrx_word' id='word_1_292' title='bbox 2650 1433 2788 1487; x_wconf 92' lang='lat' dir='ltr'><strong>dum</strong></span> <span class='ocrx_word' id='word_1_293' title='bbox 2839 1434 3124 1487; x_wconf 87' lang='lat' dir='ltr'><strong>recordor.</strong></span> <span class='ocrx_word' id='word_1_294' title='bbox 3179 1435 3483 1505; x_wconf 89' lang='lat' dir='ltr'><strong>Usquequo</strong></span> <span class='ocrx_word' id='word_1_295' title='bbox 3542 1436 3758 1488; x_wconf 90' lang='lat' dir='ltr'><strong>iterum</strong></span> 
     </span>
    </p>
   </div>
   <div class='ocr_carea' id='block_1_44' title="bbox 2046 1520 3760 1592">
    <p class='ocr_par' dir='ltr' id='par_1_44' title="bbox 2046 1520 3760 1592">
     <span class='ocr_line' id='line_1_44' title="bbox 2046 1520 3760 1592; baseline 0.001 -18"><span class='ocrx_word' id='word_1_296' title='bbox 2046 1527 2100 1574; x_wconf 89' lang='lat' dir='ltr'><strong>te</strong></span> <span class='ocrx_word' id='word_1_297' title='bbox 2134 1521 2445 1592; x_wconf 88' lang='lat' dir='ltr'><strong>tripudiare</strong></span> <span class='ocrx_word' id='word_1_298' title='bbox 2476 1520 2700 1575; x_wconf 89' lang='lat' dir='ltr'><strong>videam</strong></span> <span class='ocrx_word' id='word_1_299' title='bbox 2732 1521 2798 1574; x_wconf 87' lang='lat' dir='ltr'><strong>ad</strong></span> <span class='ocrx_word' id='word_1_300' title='bbox 2825 1521 3031 1590; x_wconf 88' lang='lat' dir='ltr'><strong>prioris</strong></span> <span class='ocrx_word' id='word_1_301' title='bbox 3062 1521 3261 1592; x_wconf 73' lang='lat' dir='ltr'><strong>glorias.</strong></span> <span class='ocrx_word' id='word_1_302' title='bbox 3295 1521 3546 1575; x_wconf 87' lang='lat' dir='ltr'><strong>statum?</strong></span> <span class='ocrx_word' id='word_1_303' title='bbox 3588 1522 3760 1586; x_wconf 86' lang='lat' dir='ltr'><strong>Quod</strong></span> 
     </span>
    </p>
   </div>
   <div class='ocr_carea' id='block_1_45' title="bbox 2047 1609 3756 1681">
    <p class='ocr_par' dir='ltr' id='par_1_45' title="bbox 2047 1609 3756 1681">
     <span class='ocr_line' id='line_1_45' title="bbox 2047 1609 3756 1681; baseline 0.001 -18"><span class='ocrx_word' id='word_1_304' title='bbox 2047 1610 2151 1663; x_wconf 87' lang='lat' dir='ltr'><strong>etsi</strong></span> <span class='ocrx_word' id='word_1_305' title='bbox 2179 1610 2327 1681; x_wconf 87' lang='lat' dir='ltr'><strong>apud</strong></span> <span class='ocrx_word' id='word_1_306' title='bbox 2361 1609 2623 1663; x_wconf 86' lang='lat' dir='ltr'><strong>homines</strong></span> <span class='ocrx_word' id='word_1_307' title='bbox 2665 1609 3016 1679; x_wconf 87' lang='lat' dir='ltr'><strong>impossibile</strong></span> <span class='ocrx_word' id='word_1_308' title='bbox 3064 1610 3304 1678; x_wconf 90' lang='lat' dir='ltr'><strong>videtur,</strong></span> <span class='ocrx_word' id='word_1_309' title='bbox 3366 1611 3517 1680; x_wconf 91' lang='lat' dir='ltr'><strong>apud</strong></span> <span class='ocrx_word' id='word_1_310' title='bbox 3567 1611 3756 1665; x_wconf 90' lang='lat' dir='ltr'><strong>Deum</strong></span> 
     </span>
    </p>
   </div>
   <div class='ocr_carea' id='block_1_46' title="bbox 2049 1697 3761 1769">
    <p class='ocr_par' dir='ltr' id='par_1_46' title="bbox 2049 1697 3761 1769">
     <span class='ocr_line' id='line_1_46' title="bbox 2049 1697 3761 1769; baseline 0.002 -18"><span class='ocrx_word' id='word_1_311' title='bbox 2049 1703 2238 1752; x_wconf 89' lang='lat' dir='ltr'><strong>tamen</strong></span> <span class='ocrx_word' id='word_1_312' title='bbox 2269 1697 2464 1751; x_wconf 85' lang='lat' dir='ltr'><strong>omnia</strong></span> <span class='ocrx_word' id='word_1_313' title='bbox 2493 1697 2788 1768; x_wconf 87' lang='lat' dir='ltr'><strong>possibilia</strong></span> <span class='ocrx_word' id='word_1_314' title='bbox 2807 1701 2963 1751; x_wconf 90' lang='lat' dir='ltr'><strong>sunt.</strong></span> <span class='ocrx_word' id='word_1_315' title='bbox 2991 1699 3114 1767; x_wconf 88' lang='lat' dir='ltr'><strong>Ipse</strong></span> <span class='ocrx_word' id='word_1_316' title='bbox 3135 1703 3220 1751; x_wconf 91' lang='lat' dir='ltr'><strong>est</strong></span> <span class='ocrx_word' id='word_1_317' title='bbox 3245 1698 3397 1751; x_wconf 88' lang='lat' dir='ltr'><strong>enim</strong></span> <span class='ocrx_word' id='word_1_318' title='bbox 3427 1698 3527 1769; x_wconf 91' lang='lat' dir='ltr'><strong>qui</strong></span> <span class='ocrx_word' id='word_1_319' title='bbox 3549 1699 3761 1755; x_wconf 82' lang='lat' dir='ltr'><strong>allevat</strong></span> 
     </span>
    </p>
   </div>
   <div class='ocr_carea' id='block_1_47' title="bbox 2053 1785 3760 1856">
    <p class='ocr_par' dir='ltr' id='par_1_47' title="bbox 2053 1785 3760 1856">
     <span class='ocr_line' id='line_1_47' title="bbox 2053 1785 3760 1856; baseline 0.001 -16"><span class='ocrx_word' id='word_1_320' title='bbox 2053 1787 2122 1841; x_wconf 91' lang='lat' dir='ltr'><strong>de</strong></span> <span class='ocrx_word' id='word_1_321' title='bbox 2150 1791 2303 1840; x_wconf 90' lang='lat' dir='ltr'><strong>terra</strong></span> <span class='ocrx_word' id='word_1_322' title='bbox 2347 1785 2601 1855; x_wconf 90' lang='lat' dir='ltr'><strong>inopem,</strong></span> <span class='ocrx_word' id='word_1_323' title='bbox 2658 1791 2713 1839; x_wconf 92' lang='lat' dir='ltr'><strong>et</strong></span> <span class='ocrx_word' id='word_1_324' title='bbox 2743 1786 2812 1840; x_wconf 92' lang='lat' dir='ltr'><strong>de</strong></span> <span class='ocrx_word' id='word_1_325' title='bbox 2843 1790 3089 1840; x_wconf 89' lang='lat' dir='ltr'><strong>stercore</strong></span> <span class='ocrx_word' id='word_1_326' title='bbox 3120 1786 3289 1856; x_wconf 91' lang='lat' dir='ltr'><strong>erigit</strong></span> <span class='ocrx_word' id='word_1_327' title='bbox 3319 1803 3650 1856; x_wconf 84' lang='lat' dir='ltr'><strong>pauperem,</strong></span> <span class='ocrx_word' id='word_1_328' title='bbox 3694 1793 3760 1842; x_wconf 90' lang='lat' dir='ltr'><strong>ut</strong></span> 
     </span>
    </p>
   </div>
   <div class='ocr_carea' id='block_1_48' title="bbox 2050 1874 3762 1945">
    <p class='ocr_par' dir='ltr' id='par_1_48' title="bbox 2050 1874 3762 1945">
     <span class='ocr_line' id='line_1_48' title="bbox 2050 1874 3762 1945; baseline 0.001 -17"><span class='ocrx_word' id='word_1_329' title='bbox 2050 1875 2289 1928; x_wconf 91' lang='lat' dir='ltr'><strong>collocet</strong></span> <span class='ocrx_word' id='word_1_330' title='bbox 2342 1891 2475 1928; x_wconf 89' lang='lat' dir='ltr'><strong>eum</strong></span> <span class='ocrx_word' id='word_1_331' title='bbox 2507 1875 2649 1942; x_wconf 60' lang='lat' dir='ltr'><strong>:cum</strong></span> <span class='ocrx_word' id='word_1_332' title='bbox 2705 1874 3057 1944; x_wconf 88' lang='lat' dir='ltr'><strong>principibus</strong></span> <span class='ocrx_word' id='word_1_333' title='bbox 3096 1874 3300 1945; x_wconf 89' lang='lat' dir='ltr'><strong>populi</strong></span> <span class='ocrx_word' id='word_1_334' title='bbox 3339 1874 3448 1929; x_wconf 92' lang='lat' dir='ltr'><strong>sui.</strong></span> <span class='ocrx_word' id='word_1_335' title='bbox 3511 1877 3639 1945; x_wconf 89' lang='lat' dir='ltr'><strong>Ipse</strong></span> <span class='ocrx_word' id='word_1_336' title='bbox 3671 1882 3762 1930; x_wconf 89' lang='lat' dir='ltr'><strong>est</strong></span> 
     </span>
    </p>
   </div>
   <div class='ocr_carea' id='block_1_49' title="bbox 2051 1962 3760 2035">
    <p class='ocr_par' dir='ltr' id='par_1_49' title="bbox 2051 1962 3760 2035">
     <span class='ocr_line' id='line_1_49' title="bbox 2051 1962 3760 2035; baseline 0.001 -19"><span class='ocrx_word' id='word_1_337' title='bbox 2051 1963 2152 2035; x_wconf 88' lang='lat' dir='ltr'><strong>qui</strong></span> <span class='ocrx_word' id='word_1_338' title='bbox 2183 1963 2432 2016; x_wconf 88' lang='lat' dir='ltr'><strong>sterilem</strong></span> <span class='ocrx_word' id='word_1_339' title='bbox 2463 1962 2596 2017; x_wconf 87' lang='lat' dir='ltr'><strong>facit</strong></span> <span class='ocrx_word' id='word_1_340' title='bbox 2625 1968 2868 2016; x_wconf 88' lang='lat' dir='ltr'><strong>matrem</strong></span> <span class='ocrx_word' id='word_1_341' title='bbox 2895 1978 3067 2032; x_wconf 87' lang='lat' dir='ltr'><strong>super</strong></span> <span class='ocrx_word' id='word_1_342' title='bbox 3096 1962 3242 2016; x_wconf 84' lang='lat' dir='ltr'><strong>filios</strong></span> <span class='ocrx_word' id='word_1_343' title='bbox 3272 1964 3582 2019; x_wconf 75' lang='lat' dir='ltr'><strong>laetantem.</strong></span> <span class='ocrx_word' id='word_1_344' title='bbox 3629 1965 3760 2018; x_wconf 77' lang='lat' dir='ltr'><strong>Non</strong></span> 
     </span>
    </p>
   </div>
   <div class='ocr_carea' id='block_1_50' title="bbox 2053 2051 3760 2122">
    <p class='ocr_par' dir='ltr' id='par_1_50' title="bbox 2053 2051 3760 2122">
     <span class='ocr_line' id='line_1_50' title="bbox 2053 2051 3760 2122; baseline 0.001 -18"><span class='ocrx_word' id='word_1_345' title='bbox 2053 2067 2187 2119; x_wconf 89' lang='lat' dir='ltr'><strong>ergo</strong></span> <span class='ocrx_word' id='word_1_346' title='bbox 2244 2051 2490 2114; x_wconf 88' lang='lat' dir='ltr'><strong>dubites,</strong></span> <span class='ocrx_word' id='word_1_347' title='bbox 2546 2066 2733 2121; x_wconf 89' lang='lat' dir='ltr'><strong>neque</strong></span> <span class='ocrx_word' id='word_1_348' title='bbox 2789 2051 3054 2121; x_wconf 87' lang='lat' dir='ltr'><strong>desperes</strong></span> <span class='ocrx_word' id='word_1_349' title='bbox 3113 2051 3325 2104; x_wconf 89' lang='lat' dir='ltr'><strong>mutari</strong></span> <span class='ocrx_word' id='word_1_350' title='bbox 3381 2055 3434 2105; x_wconf 88' lang='lat' dir='ltr'><strong>te</strong></span> <span class='ocrx_word' id='word_1_351' title='bbox 3488 2069 3656 2122; x_wconf 87' lang='lat' dir='ltr'><strong>posse</strong></span> <span class='ocrx_word' id='word_1_352' title='bbox 3695 2053 3760 2106; x_wconf 92' lang='lat' dir='ltr'><strong>in</strong></span> 
     </span>
    </p>
   </div>
   <div class='ocr_carea' id='block_1_51' title="bbox 2051 2138 3763 2208">
    <p class='ocr_par' dir='ltr' id='par_1_51' title="bbox 2051 2138 3763 2208">
     <span class='ocr_line' id='line_1_51' title="bbox 2051 2138 3763 2208; baseline 0 -14"><span class='ocrx_word' id='word_1_353' title='bbox 2051 2139 2276 2194; x_wconf 89' lang='lat' dir='ltr'><strong>melius.</strong></span> <span class='ocrx_word' id='word_1_354' title='bbox 2337 2139 2396 2194; x_wconf 92' lang='lat' dir='ltr'><strong>Si</strong></span> <span class='ocrx_word' id='word_1_355' title='bbox 2453 2138 2609 2192; x_wconf 89' lang='lat' dir='ltr'><strong>enim</strong></span> <span class='ocrx_word' id='word_1_356' title='bbox 2642 2143 2862 2192; x_wconf 87' lang='lat' dir='ltr'><strong>tantum</strong></span> <span class='ocrx_word' id='word_1_357' title='bbox 2894 2139 3080 2208; x_wconf 88' lang='lat' dir='ltr'><strong>potuit</strong></span> <span class='ocrx_word' id='word_1_358' title='bbox 3110 2139 3392 2206; x_wconf 89' lang='lat' dir='ltr'><strong>diabolus,</strong></span> <span class='ocrx_word' id='word_1_359' title='bbox 3424 2144 3487 2193; x_wconf 90' lang='lat' dir='ltr'><strong>ut</strong></span> <span class='ocrx_word' id='word_1_360' title='bbox 3523 2156 3554 2193; x_wconf 91' lang='lat' dir='ltr'><strong>a</strong></span> <span class='ocrx_word' id='word_1_361' title='bbox 3593 2140 3763 2194; x_wconf 85' lang='lat' dir='ltr'><strong>celsis</strong></span> 
     </span>
    </p>
   </div>
   <div class='ocr_carea' id='block_1_52' title="bbox 2050 2227 3759 2299">
    <p class='ocr_par' dir='ltr' id='par_1_52' title="bbox 2050 2227 3759 2299">
     <span class='ocr_line' id='line_1_52' title="bbox 2050 2227 3759 2299; baseline 0 -17"><span class='ocrx_word' id='word_1_362' title='bbox 2050 2231 2331 2283; x_wconf 88' lang='lat' dir='ltr'><strong>virtutum</strong></span> <span class='ocrx_word' id='word_1_363' title='bbox 2359 2227 2621 2298; x_wconf 87' lang='lat' dir='ltr'><strong>fastigiis,</strong></span> <span class='ocrx_word' id='word_1_364' title='bbox 2647 2228 2705 2280; x_wconf 93' lang='lat' dir='ltr'><strong>in</strong></span> <span class='ocrx_word' id='word_1_365' title='bbox 2728 2227 3082 2299; x_wconf 79' lang='lat' dir='ltr'><strong>profundum</strong></span> <span class='ocrx_word' id='word_1_366' title='bbox 3106 2233 3160 2281; x_wconf 90' lang='lat' dir='ltr'><strong>te</strong></span> <span class='ocrx_word' id='word_1_367' title='bbox 3186 2227 3417 2281; x_wconf 90' lang='lat' dir='ltr'><strong>duceret</strong></span> <span class='ocrx_word' id='word_1_368' title='bbox 3448 2229 3759 2292; x_wconf 87' lang='lat' dir='ltr'><strong>malorum,</strong></span> 
     </span>
    </p>
   </div>
   <div class='ocr_carea' id='block_1_53' title="bbox 2053 2315 3759 2388">
    <p class='ocr_par' dir='ltr' id='par_1_53' title="bbox 2053 2315 3759 2388">
     <span class='ocr_line' id='line_1_53' title="bbox 2053 2315 3759 2388; baseline 0.002 -20"><span class='ocrx_word' id='word_1_369' title='bbox 2053 2322 2268 2388; x_wconf 89' lang='lat' dir='ltr'><strong>quanto</strong></span> <span class='ocrx_word' id='word_1_370' title='bbox 2327 2316 2507 2387; x_wconf 87' lang='lat' dir='ltr'><strong>magis</strong></span> <span class='ocrx_word' id='word_1_371' title='bbox 2557 2315 2768 2385; x_wconf 89' lang='lat' dir='ltr'><strong>poterit</strong></span> <span class='ocrx_word' id='word_1_372' title='bbox 2829 2317 2976 2369; x_wconf 88' lang='lat' dir='ltr'><strong>Deus</strong></span> <span class='ocrx_word' id='word_1_373' title='bbox 3027 2316 3095 2369; x_wconf 90' lang='lat' dir='ltr'><strong>ad</strong></span> <span class='ocrx_word' id='word_1_374' title='bbox 3143 2315 3430 2369; x_wconf 88' lang='lat' dir='ltr'><strong>bonorum</strong></span> <span class='ocrx_word' id='word_1_375' title='bbox 3480 2317 3759 2371; x_wconf 88' lang='lat' dir='ltr'><strong>verticem</strong></span> 
     </span>
    </p>
   </div>
   <div class='ocr_carea' id='block_1_54' title="bbox 2048 2403 3754 2475">
    <p class='ocr_par' dir='ltr' id='par_1_54' title="bbox 2048 2403 3754 2475">
     <span class='ocr_line' id='line_1_54' title="bbox 2048 2403 3754 2475; baseline 0 -16"><span class='ocrx_word' id='word_1_376' title='bbox 2048 2421 2335 2471; x_wconf 88' lang='lat' dir='ltr'><strong>revocare,</strong></span> <span class='ocrx_word' id='word_1_377' title='bbox 2383 2409 2439 2459; x_wconf 93' lang='lat' dir='ltr'><strong>et</strong></span> <span class='ocrx_word' id='word_1_378' title='bbox 2479 2421 2592 2458; x_wconf 90' lang='lat' dir='ltr'><strong>non</strong></span> <span class='ocrx_word' id='word_1_379' title='bbox 2621 2405 2808 2458; x_wconf 90' lang='lat' dir='ltr'><strong>solum</strong></span> <span class='ocrx_word' id='word_1_380' title='bbox 2840 2404 2898 2458; x_wconf 91' lang='lat' dir='ltr'><strong>in</strong></span> <span class='ocrx_word' id='word_1_381' title='bbox 2956 2403 3012 2457; x_wconf 89' lang='lat' dir='ltr'><strong>id</strong></span> <span class='ocrx_word' id='word_1_382' title='bbox 3047 2408 3100 2458; x_wconf 92' lang='lat' dir='ltr'><strong>te</strong></span> <span class='ocrx_word' id='word_1_383' title='bbox 3130 2403 3428 2458; x_wconf 88' lang='lat' dir='ltr'><strong>restituere</strong></span> <span class='ocrx_word' id='word_1_384' title='bbox 3459 2405 3616 2475; x_wconf 92' lang='lat' dir='ltr'><strong>quod</strong></span> <span class='ocrx_word' id='word_1_385' title='bbox 3643 2406 3754 2459; x_wconf 86' lang='lat' dir='ltr'><strong>fui-</strong></span> 
     </span>
    </p>
   </div>
   <div class='ocr_carea' id='block_1_55' title="bbox 2052 2491 3751 2562">
    <p class='ocr_par' dir='ltr' id='par_1_55' title="bbox 2052 2491 3751 2562">
     <span class='ocr_line' id='line_1_55' title="bbox 2052 2491 3751 2562; baseline 0 -16"><span class='ocrx_word' id='word_1_386' title='bbox 2052 2493 2143 2559; x_wconf 91' lang='lat' dir='ltr'><strong>sti,</strong></span> <span class='ocrx_word' id='word_1_387' title='bbox 2186 2493 2283 2547; x_wconf 91' lang='lat' dir='ltr'><strong>sed</strong></span> <span class='ocrx_word' id='word_1_388' title='bbox 2321 2492 2636 2547; x_wconf 84' lang='lat' dir='ltr'><strong>beatiorem</strong></span> <span class='ocrx_word' id='word_1_389' title='bbox 2671 2493 2852 2546; x_wconf 90' lang='lat' dir='ltr'><strong>multo</strong></span> <span class='ocrx_word' id='word_1_390' title='bbox 2894 2508 3066 2562; x_wconf 88' lang='lat' dir='ltr'><strong>quam</strong></span> <span class='ocrx_word' id='word_1_391' title='bbox 3098 2491 3257 2562; x_wconf 90' lang='lat' dir='ltr'><strong>prius</strong></span> <span class='ocrx_word' id='word_1_392' title='bbox 3292 2493 3592 2558; x_wconf 87' lang='lat' dir='ltr'><strong>videbaris,</strong></span> <span class='ocrx_word' id='word_1_393' title='bbox 3625 2493 3751 2546; x_wconf 82' lang='lat' dir='ltr'><strong>efﬂ-</strong></span> 
     </span>
    </p>
   </div>
   <div class='ocr_carea' id='block_1_56' title="bbox 2053 2579 3750 2652">
    <p class='ocr_par' dir='ltr' id='par_1_56' title="bbox 2053 2579 3750 2652">
     <span class='ocr_line' id='line_1_56' title="bbox 2053 2579 3750 2652; baseline -0.001 -17"><span class='ocrx_word' id='word_1_394' title='bbox 2053 2580 2217 2635; x_wconf 84' lang='lat' dir='ltr'><strong>cere?</strong></span> <span class='ocrx_word' id='word_1_395' title='bbox 2263 2582 2508 2635; x_wconf 90' lang='lat' dir='ltr'><strong>Tantum</strong></span> <span class='ocrx_word' id='word_1_396' title='bbox 2555 2586 2642 2635; x_wconf 90' lang='lat' dir='ltr'><strong>est</strong></span> <span class='ocrx_word' id='word_1_397' title='bbox 2674 2597 2745 2634; x_wconf 90' lang='lat' dir='ltr'><strong>ne</strong></span> <span class='ocrx_word' id='word_1_398' title='bbox 2775 2580 3042 2634; x_wconf 90' lang='lat' dir='ltr'><strong>concidas</strong></span> <span class='ocrx_word' id='word_1_399' title='bbox 3095 2579 3308 2645; x_wconf 87' lang='lat' dir='ltr'><strong>animo,</strong></span> <span class='ocrx_word' id='word_1_400' title='bbox 3367 2597 3552 2652; x_wconf 90' lang='lat' dir='ltr'><strong>neque</strong></span> <span class='ocrx_word' id='word_1_401' title='bbox 3585 2597 3750 2650; x_wconf 87' lang='lat' dir='ltr'><strong>spem</strong></span> 
     </span>
    </p>
   </div>
   <div class='ocr_carea' id='block_1_57' title="bbox 2053 2668 3759 2739">
    <p class='ocr_par' dir='ltr' id='par_1_57' title="bbox 2053 2668 3759 2739">
     <span class='ocr_line' id='line_1_57' title="bbox 2053 2668 3759 2739; baseline 0 -16"><span class='ocrx_word' id='word_1_402' title='bbox 2053 2669 2348 2724; x_wconf 86' lang='lat' dir='ltr'><strong>abscindas</strong></span> <span class='ocrx_word' id='word_1_403' title='bbox 2379 2669 2677 2723; x_wconf 90' lang='lat' dir='ltr'><strong>bonorum.</strong></span> <span class='ocrx_word' id='word_1_404' title='bbox 2710 2670 2808 2734; x_wconf 82' lang='lat' dir='ltr'><strong>Ne,</strong></span> <span class='ocrx_word' id='word_1_405' title='bbox 2844 2685 3058 2739; x_wconf 64' lang='lat' dir='ltr'><strong>quaeso,</strong></span> <span class='ocrx_word' id='word_1_406' title='bbox 3097 2685 3166 2722; x_wconf 90' lang='lat' dir='ltr'><strong>ne</strong></span> <span class='ocrx_word' id='word_1_407' title='bbox 3199 2669 3412 2723; x_wconf 89' lang='lat' dir='ltr'><strong>accidat</strong></span> <span class='ocrx_word' id='word_1_408' title='bbox 3451 2668 3554 2723; x_wconf 86' lang='lat' dir='ltr'><strong>tibi</strong></span> <span class='ocrx_word' id='word_1_409' title='bbox 3599 2669 3759 2739; x_wconf 91' lang='lat' dir='ltr'><strong>quod</strong></span> 
     </span>
    </p>
   </div>
   <div class='ocr_carea' id='block_1_58' title="bbox 2053 2756 3756 2829">
    <p class='ocr_par' dir='ltr' id='par_1_58' title="bbox 2053 2756 3756 2829">
     <span class='ocr_line' id='line_1_58' title="bbox 2053 2756 3756 2829; baseline -0.001 -18"><span class='ocrx_word' id='word_1_410' title='bbox 2053 2757 2246 2829; x_wconf 91' lang='lat' dir='ltr'><strong>impiis</strong></span> <span class='ocrx_word' id='word_1_411' title='bbox 2301 2758 2462 2810; x_wconf 89' lang='lat' dir='ltr'><strong>solet.</strong></span> <span class='ocrx_word' id='word_1_412' title='bbox 2516 2758 2639 2810; x_wconf 88' lang='lat' dir='ltr'><strong>Non</strong></span> <span class='ocrx_word' id='word_1_413' title='bbox 2699 2756 2852 2810; x_wconf 89' lang='lat' dir='ltr'><strong>enim</strong></span> <span class='ocrx_word' id='word_1_414' title='bbox 2906 2760 3272 2826; x_wconf 77' lang='lat' dir='ltr'><strong>peccatorum</strong></span> <span class='ocrx_word' id='word_1_415' title='bbox 3328 2756 3636 2811; x_wconf 86' lang='lat' dir='ltr'><strong>multitudo</strong></span> <span class='ocrx_word' id='word_1_416' title='bbox 3696 2756 3756 2810; x_wconf 92' lang='lat' dir='ltr'><strong>in</strong></span> 
     </span>
    </p>
   </div>
   <div class='ocr_carea' id='block_1_59' title="bbox 2054 2842 3758 2916">
    <p class='ocr_par' dir='ltr' id='par_1_59' title="bbox 2054 2842 3758 2916">
     <span class='ocr_line' id='line_1_59' title="bbox 2054 2842 3758 2916; baseline -0.001 -17"><span class='ocrx_word' id='word_1_417' title='bbox 2054 2844 2512 2916; x_wconf 89' lang='lat' dir='ltr'><strong>desperationem</strong></span> <span class='ocrx_word' id='word_1_418' title='bbox 2560 2842 2791 2898; x_wconf 87' lang='lat' dir='ltr'><strong>adducit</strong></span> <span class='ocrx_word' id='word_1_419' title='bbox 2839 2843 3111 2908; x_wconf 88' lang='lat' dir='ltr'><strong>animam,</strong></span> <span class='ocrx_word' id='word_1_420' title='bbox 3168 2843 3266 2896; x_wconf 91' lang='lat' dir='ltr'><strong>sed</strong></span> <span class='ocrx_word' id='word_1_421' title='bbox 3319 2843 3608 2913; x_wconf 90' lang='lat' dir='ltr'><strong>impietas.</strong></span> <span class='ocrx_word' id='word_1_422' title='bbox 3641 2845 3758 2897; x_wconf 91' lang='lat' dir='ltr'><strong>Im-</strong></span> 
     </span>
    </p>
   </div>
   <div class='ocr_carea' id='block_1_60' title="bbox 2057 2931 3762 3003">
    <p class='ocr_par' dir='ltr' id='par_1_60' title="bbox 2057 2931 3762 3003">
     <span class='ocr_line' id='line_1_60' title="bbox 2057 2931 3762 3003; baseline -0.001 -17"><span class='ocrx_word' id='word_1_423' title='bbox 2057 2933 2282 3003; x_wconf 89' lang='lat' dir='ltr'><strong>piorum</strong></span> <span class='ocrx_word' id='word_1_424' title='bbox 2314 2948 2449 3003; x_wconf 91' lang='lat' dir='ltr'><strong>ergo</strong></span> <span class='ocrx_word' id='word_1_425' title='bbox 2473 2937 2557 2986; x_wconf 92' lang='lat' dir='ltr'><strong>est</strong></span> <span class='ocrx_word' id='word_1_426' title='bbox 2592 2931 2897 3003; x_wconf 84' lang='lat' dir='ltr'><strong>desperare</strong></span> <span class='ocrx_word' id='word_1_427' title='bbox 2927 2932 3106 2985; x_wconf 90' lang='lat' dir='ltr'><strong>salute</strong></span> <span class='ocrx_word' id='word_1_428' title='bbox 3131 2946 3194 2997; x_wconf 92' lang='lat' dir='ltr'><strong>n,</strong></span> <span class='ocrx_word' id='word_1_429' title='bbox 3227 2946 3340 2984; x_wconf 93' lang='lat' dir='ltr'><strong>non</strong></span> <span class='ocrx_word' id='word_1_430' title='bbox 3370 2935 3762 3000; x_wconf 87' lang='lat' dir='ltr'><strong>peccatorum.</strong></span> 
     </span>
    </p>
   </div>
   <div class='ocr_carea' id='block_1_61' title="bbox 240 3010 3756 3090">
    <p class='ocr_par' dir='ltr' id='par_1_61' title="bbox 240 3010 3756 3090">
     <span class='ocr_line' id='line_1_61' title="bbox 240 3010 3756 3090; baseline 0.003 -28"><span class='ocrx_word' id='word_1_431' title='bbox 240 3010 762 3067; x_wconf 87' lang='lat' dir='ltr'><strong>reconciliationem</strong></span> <span class='ocrx_word' id='word_1_432' title='bbox 783 3016 1336 3069; x_wconf 67' lang='lat' dir='ltr'><strong>merueruntdivinas</strong></span> <span class='ocrx_word' id='word_1_433' title='bbox 1363 3017 1610 3087; x_wconf 91' lang='lat' dir='ltr'><strong>pietatis.</strong></span> <span class='ocrx_word' id='word_1_434' title='bbox 1637 3017 1701 3071; x_wconf 90' lang='lat' dir='ltr'><strong>Hi</strong></span> <span class='ocrx_word' id='word_1_435' title='bbox 1725 3018 1945 3072; x_wconf 87' lang='lat' dir='ltr'><strong>necim-</strong></span> <span class='ocrx_word' id='word_1_436' title='bbox 1976 3021 2016 3076; x_wconf 89' lang='lat' dir='ltr'>C</span> <span class='ocrx_word' id='word_1_437' title='bbox 2057 3022 2212 3076; x_wconf 92' lang='lat' dir='ltr'><strong>Unde</strong></span> <span class='ocrx_word' id='word_1_438' title='bbox 2259 3021 2448 3075; x_wconf 88' lang='lat' dir='ltr'><strong>divina</strong></span> <span class='ocrx_word' id='word_1_439' title='bbox 2497 3019 2886 3074; x_wconf 89' lang='lat' dir='ltr'><strong>misericordia</strong></span> <span class='ocrx_word' id='word_1_440' title='bbox 2937 3019 3258 3090; x_wconf 89' lang='lat' dir='ltr'><strong>pollicetur,</strong></span> <span class='ocrx_word' id='word_1_441' title='bbox 3321 3019 3543 3073; x_wconf 89' lang='lat' dir='ltr'><strong>dicens:</strong></span> <span class='ocrx_word' id='word_1_442' title='bbox 3607 3020 3756 3074; x_wconf 89' lang='lat' dir='ltr'><strong>Gau-</strong></span> 
     </span>
    </p>
   </div>
   <div class='ocr_carea' id='block_1_62' title="bbox 241 3098 1946 3177">
    <p class='ocr_par' dir='ltr' id='par_1_62' title="bbox 241 3098 1946 3177">
     <span class='ocr_line' id='line_1_62' title="bbox 241 3098 1946 3177; baseline 0.005 -26"><span class='ocrx_word' id='word_1_443' title='bbox 241 3098 446 3152; x_wconf 88' lang='lat' dir='ltr'><strong>merito</strong></span> <span class='ocrx_word' id='word_1_444' title='bbox 468 3105 898 3170; x_wconf 89' lang='lat' dir='ltr'><strong>consequuntur</strong></span> <span class='ocrx_word' id='word_1_445' title='bbox 918 3103 1134 3173; x_wconf 61' lang='lat' dir='ltr'><strong>adepta</strong></span> <span class='ocrx_word' id='word_1_446' title='bbox 1156 3104 1449 3175; x_wconf 89' lang='lat' dir='ltr'><strong>dignitatis</strong></span> <span class='ocrx_word' id='word_1_447' title='bbox 1466 3109 1698 3172; x_wconf 86' lang='lat' dir='ltr'><strong>statum,</strong></span> <span class='ocrx_word' id='word_1_448' title='bbox 1722 3107 1820 3177; x_wconf 87' lang='lat' dir='ltr'><strong>qui</strong></span> <span class='ocrx_word' id='word_1_449' title='bbox 1843 3123 1946 3176; x_wconf 89' lang='lat' dir='ltr'><strong>per</strong></span> 
     </span>
    </p>
   </div>
   <div class='ocr_carea' id='block_1_63' title="bbox 240 3187 1944 3264">
    <p class='ocr_par' dir='ltr' id='par_1_63' title="bbox 240 3187 1944 3264">
     <span class='ocr_line' id='line_1_63' title="bbox 240 3187 1944 3264; baseline 0.005 -23"><span class='ocrx_word' id='word_1_450' title='bbox 240 3187 707 3243; x_wconf 86' lang='lat' dir='ltr'><strong>emendationem</strong></span> <span class='ocrx_word' id='word_1_451' title='bbox 733 3191 1108 3261; x_wconf 66' lang='lat' dir='ltr'><strong>poenitentiae,</strong></span> <span class='ocrx_word' id='word_1_452' title='bbox 1141 3193 1420 3264; x_wconf 87' lang='lat' dir='ltr'><strong>recepisse</strong></span> <span class='ocrx_word' id='word_1_453' title='bbox 1456 3200 1770 3249; x_wconf 89' lang='lat' dir='ltr'><strong>noscuntur</strong></span> <span class='ocrx_word' id='word_1_454' title='bbox 1815 3195 1944 3249; x_wconf 83' lang='lat' dir='ltr'><strong>vitae</strong></span> 
     </span>
    </p>
   </div>
   <div class='ocr_carea' id='block_1_64' title="bbox 238 3276 1943 3353">
    <p class='ocr_par' dir='ltr' id='par_1_64' title="bbox 238 3276 1943 3353">
     <span class='ocr_line' id='line_1_64' title="bbox 238 3276 1943 3353; baseline 0.003 -23"><span class='ocrx_word' id='word_1_455' title='bbox 238 3276 578 3332; x_wconf 90' lang='lat' dir='ltr'><strong>remedium.</strong></span> <span class='ocrx_word' id='word_1_456' title='bbox 623 3277 683 3333; x_wconf 88' lang='lat' dir='ltr'><strong>Id</strong></span> <span class='ocrx_word' id='word_1_457' title='bbox 733 3279 887 3334; x_wconf 90' lang='lat' dir='ltr'><strong>enim</strong></span> <span class='ocrx_word' id='word_1_458' title='bbox 931 3296 1004 3335; x_wconf 92' lang='lat' dir='ltr'><strong>ne</strong></span> <span class='ocrx_word' id='word_1_459' title='bbox 1049 3280 1196 3336; x_wconf 86' lang='lat' dir='ltr'><strong>forte</strong></span> <span class='ocrx_word' id='word_1_460' title='bbox 1229 3281 1410 3353; x_wconf 88' lang='lat' dir='ltr'><strong>magis</strong></span> <span class='ocrx_word' id='word_1_461' title='bbox 1459 3281 1794 3353; x_wconf 90' lang='lat' dir='ltr'><strong>ambiguum</strong></span> <span class='ocrx_word' id='word_1_462' title='bbox 1851 3281 1943 3350; x_wconf 88' lang='lat' dir='ltr'><strong>sit,</strong></span> 
     </span>
    </p>
   </div>
   <div class='ocr_carea' id='block_1_65' title="bbox 241 3364 1944 3425">
    <p class='ocr_par' dir='ltr' id='par_1_65' title="bbox 241 3364 1944 3425">
     <span class='ocr_line' id='line_1_65' title="bbox 241 3364 1944 3425; baseline 0.002 -5"><span class='ocrx_word' id='word_1_463' title='bbox 241 3364 450 3420; x_wconf 62' lang='lat' dir='ltr'><strong>divinas</strong></span> <span class='ocrx_word' id='word_1_464' title='bbox 497 3367 853 3423; x_wconf 88' lang='lat' dir='ltr'><strong>auctoritatis</strong></span> <span class='ocrx_word' id='word_1_465' title='bbox 901 3370 1184 3424; x_wconf 86' lang='lat' dir='ltr'><strong>sententia</strong></span> <span class='ocrx_word' id='word_1_466' title='bbox 1228 3371 1639 3425; x_wconf 88' lang='lat' dir='ltr'><strong>comtirmetur.</strong></span> <span class='ocrx_word' id='word_1_467' title='bbox 1687 3370 1944 3425; x_wconf 88' lang='lat' dir='ltr'><strong>Ezechiel</strong></span> 
     </span>
    </p>
   </div>
   <div class='ocr_carea' id='block_1_66' title="bbox 241 3453 1941 3529">
    <p class='ocr_par' dir='ltr' id='par_1_66' title="bbox 241 3453 1941 3529">
     <span class='ocr_line' id='line_1_66' title="bbox 241 3453 1941 3529; baseline 0.004 -23"><span class='ocrx_word' id='word_1_468' title='bbox 241 3453 393 3508; x_wconf 89' lang='lat' dir='ltr'><strong>enim</strong></span> <span class='ocrx_word' id='word_1_469' title='bbox 442 3455 746 3524; x_wconf 90' lang='lat' dir='ltr'><strong>propheta,</strong></span> <span class='ocrx_word' id='word_1_470' title='bbox 807 3456 911 3512; x_wconf 89' lang='lat' dir='ltr'><strong>sub</strong></span> <span class='ocrx_word' id='word_1_471' title='bbox 979 3462 1114 3528; x_wconf 79' lang='lat' dir='ltr'><strong>typo</strong></span> <span class='ocrx_word' id='word_1_472' title='bbox 1159 3459 1626 3529; x_wconf 71' lang='lat' dir='ltr'><strong>praevaricatricis</strong></span> <span class='ocrx_word' id='word_1_473' title='bbox 1681 3460 1941 3514; x_wconf 88' lang='lat' dir='ltr'><strong>Hierusa-</strong></span> 
     </span>
    </p>
   </div>
   <div class='ocr_carea' id='block_1_67' title="bbox 242 3540 1944 3617">
    <p class='ocr_par' dir='ltr' id='par_1_67' title="bbox 242 3540 1944 3617">
     <span class='ocr_line' id='line_1_67' title="bbox 242 3540 1944 3617; baseline 0.004 -23"><span class='ocrx_word' id='word_1_474' title='bbox 242 3540 354 3595; x_wconf 88' lang='lat' dir='ltr'><strong>lem</strong></span> <span class='ocrx_word' id='word_1_475' title='bbox 379 3542 644 3610; x_wconf 89' lang='lat' dir='ltr'><strong>ostendit,</strong></span> <span class='ocrx_word' id='word_1_476' title='bbox 686 3549 815 3613; x_wconf 90' lang='lat' dir='ltr'><strong>post</strong></span> <span class='ocrx_word' id='word_1_477' title='bbox 851 3545 1203 3614; x_wconf 68' lang='lat' dir='ltr'><strong>poenitentiae</strong></span> <span class='ocrx_word' id='word_1_478' title='bbox 1243 3545 1708 3604; x_wconf 88' lang='lat' dir='ltr'><strong>satisfactionem.</strong></span> <span class='ocrx_word' id='word_1_479' title='bbox 1752 3546 1944 3617; x_wconf 90' lang='lat' dir='ltr'><strong>pristi—</strong></span> 
     </span>
    </p>
   </div>
   <div class='ocr_carea' id='block_1_68' title="bbox 243 3631 1942 3706">
    <p class='ocr_par' dir='ltr' id='par_1_68' title="bbox 243 3631 1942 3706">
     <span class='ocr_line' id='line_1_68' title="bbox 243 3631 1942 3706; baseline 0.003 -23"><span class='ocrx_word' id='word_1_480' title='bbox 243 3645 383 3683; x_wconf 89' lang='lat' dir='ltr'><strong>num</strong></span> <span class='ocrx_word' id='word_1_481' title='bbox 413 3631 723 3685; x_wconf 83' lang='lat' dir='ltr'><strong>restaurari</strong></span> <span class='ocrx_word' id='word_1_482' title='bbox 761 3647 926 3702; x_wconf 89' lang='lat' dir='ltr'><strong>posse</strong></span> <span class='ocrx_word' id='word_1_483' title='bbox 965 3631 1260 3688; x_wconf 88' lang='lat' dir='ltr'><strong>honorem.</strong></span> <span class='ocrx_word' id='word_1_484' title='bbox 1313 3634 1694 3704; x_wconf 85' lang='lat' dir='ltr'><strong>Confundere,</strong></span> <span class='ocrx_word' id='word_1_485' title='bbox 1734 3634 1942 3706; x_wconf 88' lang='lat' dir='ltr'><strong>inquit,</strong></span> 
     </span>
    </p>
   </div>
   <div class='ocr_carea' id='block_1_69' title="bbox 242 3717 1945 3794">
    <p class='ocr_par' dir='ltr' id='par_1_69' title="bbox 242 3717 1945 3794">
     <span class='ocr_line' id='line_1_69' title="bbox 242 3717 1945 3794; baseline 0.004 -24"><span class='ocrx_word' id='word_1_486' title='bbox 242 3733 274 3770; x_wconf 88' lang='grc' dir='ltr'>ο</span> <span class='ocrx_word' id='word_1_487' title='bbox 311 3717 475 3786; x_wconf 78' lang='lat' dir='ltr'><strong>Iuda,</strong></span> <span class='ocrx_word' id='word_1_488' title='bbox 521 3723 577 3772; x_wconf 89' lang='lat' dir='ltr'><strong>et</strong></span> <span class='ocrx_word' id='word_1_489' title='bbox 615 3723 780 3788; x_wconf 89' lang='lat' dir='ltr'><strong>porta</strong></span> <span class='ocrx_word' id='word_1_490' title='bbox 808 3719 1190 3789; x_wconf 88' lang='lat' dir='ltr'><strong>ignominiam</strong></span> <span class='ocrx_word' id='word_1_491' title='bbox 1229 3726 1408 3777; x_wconf 90' lang='lat' dir='ltr'><strong>tuam.</strong></span> <span class='ocrx_word' id='word_1_492' title='bbox 1469 3724 1535 3778; x_wconf 89' lang='lat' dir='ltr'><strong>Et</strong></span> <span class='ocrx_word' id='word_1_493' title='bbox 1580 3728 1710 3793; x_wconf 82' lang='lat' dir='ltr'><strong>past</strong></span> <span class='ocrx_word' id='word_1_494' title='bbox 1737 3723 1945 3794; x_wconf 90' lang='lat' dir='ltr'><strong>paulu-</strong></span> 
     </span>
    </p>
   </div>
   <div class='ocr_carea' id='block_1_70' title="bbox 243 3803 1946 3877">
    <p class='ocr_par' dir='ltr' id='par_1_70' title="bbox 243 3803 1946 3877">
     <span class='ocr_line' id='line_1_70' title="bbox 243 3803 1946 3877; baseline 0.005 -20"><span class='ocrx_word' id='word_1_495' title='bbox 243 3803 392 3858; x_wconf 87' lang='lat' dir='ltr'><strong>lum:</strong></span> <span class='ocrx_word' id='word_1_496' title='bbox 431 3806 496 3860; x_wconf 88' lang='lat' dir='ltr'><strong>Et</strong></span> <span class='ocrx_word' id='word_1_497' title='bbox 543 3808 628 3872; x_wconf 92' lang='lat' dir='ltr'><strong>tu,</strong></span> <span class='ocrx_word' id='word_1_498' title='bbox 660 3804 869 3877; x_wconf 89' lang='lat' dir='ltr'><strong>inquit,</strong></span> <span class='ocrx_word' id='word_1_499' title='bbox 899 3812 957 3863; x_wconf 92' lang='lat' dir='ltr'><strong>et</strong></span> <span class='ocrx_word' id='word_1_500' title='bbox 989 3808 1120 3862; x_wconf 64' lang='lat' dir='ltr'><strong>filiae</strong></span> <span class='ocrx_word' id='word_1_501' title='bbox 1168 3813 1301 3873; x_wconf 66' lang='lat' dir='ltr'><strong>tuae,</strong></span> <span class='ocrx_word' id='word_1_502' title='bbox 1336 3810 1690 3865; x_wconf 89' lang='lat' dir='ltr'><strong>revertimini</strong></span> <span class='ocrx_word' id='word_1_503' title='bbox 1728 3812 1797 3866; x_wconf 90' lang='lat' dir='ltr'><strong>ab</strong></span> <span class='ocrx_word' id='word_1_504' title='bbox 1835 3811 1946 3866; x_wconf 88' lang='lat' dir='ltr'><strong>ini-</strong></span> 
     </span>
    </p>
   </div>
   <div class='ocr_carea' id='block_1_71' title="bbox 245 3893 1947 3968">
    <p class='ocr_par' dir='ltr' id='par_1_71' title="bbox 245 3893 1947 3968">
     <span class='ocr_line' id='line_1_71' title="bbox 245 3893 1947 3968; baseline 0.005 -23"><span class='ocrx_word' id='word_1_505' title='bbox 245 3893 464 3963; x_wconf 88' lang='lat' dir='ltr'><strong>quitate</strong></span> <span class='ocrx_word' id='word_1_506' title='bbox 539 3898 739 3947; x_wconf 90' lang='lat' dir='ltr'><strong>vestra.</strong></span> <span class='ocrx_word' id='word_1_507' title='bbox 803 3894 963 3959; x_wconf 89' lang='lat' dir='ltr'><strong>Quod</strong></span> <span class='ocrx_word' id='word_1_508' title='bbox 1031 3897 1191 3964; x_wconf 83' lang='lat' dir='ltr'><strong>dixit,</strong></span> <span class='ocrx_word' id='word_1_509' title='bbox 1268 3898 1640 3968; x_wconf 88' lang='lat' dir='ltr'><strong>confundere,</strong></span> <span class='ocrx_word' id='word_1_510' title='bbox 1701 3901 1947 3954; x_wconf 91' lang='lat' dir='ltr'><strong>ostendit</strong></span> 
     </span>
    </p>
   </div>
   <div class='ocr_carea' id='block_1_72' title="bbox 242 3981 1942 4060">
    <p class='ocr_par' dir='ltr' id='par_1_72' title="bbox 242 3981 1942 4060">
     <span class='ocr_line' id='line_1_72' title="bbox 242 3981 1942 4060; baseline 0.006 -26"><span class='ocrx_word' id='word_1_511' title='bbox 242 3986 374 4052; x_wconf 91' lang='lat' dir='ltr'><strong>post</strong></span> <span class='ocrx_word' id='word_1_512' title='bbox 406 3981 772 4048; x_wconf 87' lang='lat' dir='ltr'><strong>confusionis,</strong></span> <span class='ocrx_word' id='word_1_513' title='bbox 821 3983 880 4038; x_wconf 90' lang='lat' dir='ltr'><strong>id</strong></span> <span class='ocrx_word' id='word_1_514' title='bbox 911 3990 997 4039; x_wconf 92' lang='lat' dir='ltr'><strong>est</strong></span> <span class='ocrx_word' id='word_1_515' title='bbox 1025 3987 1241 4056; x_wconf 87' lang='lat' dir='ltr'><strong>peccati</strong></span> <span class='ocrx_word' id='word_1_516' title='bbox 1290 4004 1454 4057; x_wconf 91' lang='lat' dir='ltr'><strong>opus,</strong></span> <span class='ocrx_word' id='word_1_517' title='bbox 1496 3989 1703 4043; x_wconf 88' lang='lat' dir='ltr'><strong>debere</strong></span> <span class='ocrx_word' id='word_1_518' title='bbox 1743 4006 1942 4060; x_wconf 89' lang='lat' dir='ltr'><strong>quem-</strong></span> 
     </span>
    </p>
   </div>
   <div class='ocr_carea' id='block_1_73' title="bbox 243 4071 1942 4145">
    <p class='ocr_par' dir='ltr' id='par_1_73' title="bbox 243 4071 1942 4145">
     <span class='ocr_line' id='line_1_73' title="bbox 243 4071 1942 4145; baseline 0.006 -22"><span class='ocrx_word' id='word_1_519' title='bbox 243 4085 416 4140; x_wconf 86' lang='lat' dir='ltr'><strong>quam</strong></span> <span class='ocrx_word' id='word_1_520' title='bbox 473 4071 823 4139; x_wconf 85' lang='lat' dir='ltr'><strong>erubescere,</strong></span> <span class='ocrx_word' id='word_1_521' title='bbox 858 4078 913 4127; x_wconf 92' lang='lat' dir='ltr'><strong>et</strong></span> <span class='ocrx_word' id='word_1_522' title='bbox 959 4090 1062 4145; x_wconf 87' lang='lat' dir='ltr'><strong>pro</strong></span> <span class='ocrx_word' id='word_1_523' title='bbox 1116 4075 1383 4130; x_wconf 88' lang='lat' dir='ltr'><strong>admissis</strong></span> <span class='ocrx_word' id='word_1_524' title='bbox 1432 4078 1738 4133; x_wconf 89' lang='lat' dir='ltr'><strong>sceleribus</strong></span> <span class='ocrx_word' id='word_1_525' title='bbox 1785 4095 1942 4134; x_wconf 89' lang='lat' dir='ltr'><strong>vere-</strong></span> 
     </span>
    </p>
   </div>
   <div class='ocr_carea' id='block_1_74' title="bbox 242 4158 1942 4238">
    <p class='ocr_par' dir='ltr' id='par_1_74' title="bbox 242 4158 1942 4238">
     <span class='ocr_line' id='line_1_74' title="bbox 242 4158 1942 4238; baseline 0.006 -27"><span class='ocrx_word' id='word_1_526' title='bbox 242 4158 493 4213; x_wconf 86' lang='lat' dir='ltr'><strong>cundum</strong></span> <span class='ocrx_word' id='word_1_527' title='bbox 546 4159 792 4214; x_wconf 90' lang='lat' dir='ltr'><strong>frontem</strong></span> <span class='ocrx_word' id='word_1_528' title='bbox 848 4161 1012 4216; x_wconf 89' lang='lat' dir='ltr'><strong>humi</strong></span> <span class='ocrx_word' id='word_1_529' title='bbox 1056 4169 1397 4234; x_wconf 88' lang='lat' dir='ltr'><strong>prostratam</strong></span> <span class='ocrx_word' id='word_1_530' title='bbox 1452 4165 1805 4238; x_wconf 89' lang='lat' dir='ltr'><strong>demergere,</strong></span> <span class='ocrx_word' id='word_1_531' title='bbox 1841 4184 1942 4238; x_wconf 91' lang='lat' dir='ltr'><strong>pro</strong></span> 
     </span>
    </p>
   </div>
   <div class='ocr_carea' id='block_1_75' title="bbox 242 4247 1935 4325">
    <p class='ocr_par' dir='ltr' id='par_1_75' title="bbox 242 4247 1935 4325">
     <span class='ocr_line' id='line_1_75' title="bbox 242 4247 1935 4325; baseline 0.006 -26"><span class='ocrx_word' id='word_1_532' title='bbox 242 4263 308 4300; x_wconf 90' lang='lat' dir='ltr'><strong>co</strong></span> <span class='ocrx_word' id='word_1_533' title='bbox 360 4248 515 4316; x_wconf 91' lang='lat' dir='ltr'><strong>quod</strong></span> <span class='ocrx_word' id='word_1_534' title='bbox 559 4247 798 4318; x_wconf 91' lang='lat' dir='ltr'><strong>dignum</strong></span> <span class='ocrx_word' id='word_1_535' title='bbox 865 4252 1211 4306; x_wconf 88' lang='lat' dir='ltr'><strong>confusionis</strong></span> <span class='ocrx_word' id='word_1_536' title='bbox 1289 4259 1716 4324; x_wconf 82' lang='lat' dir='ltr'><strong>perpetraverat</strong></span> <span class='ocrx_word' id='word_1_537' title='bbox 1771 4273 1935 4325; x_wconf 92' lang='lat' dir='ltr'><strong>opus.</strong></span> 
     </span>
    </p>
   </div>
   <div class='ocr_carea' id='block_1_76' title="bbox 245 4333 1939 4414">
    <p class='ocr_par' dir='ltr' id='par_1_76' title="bbox 245 4333 1939 4414">
     <span class='ocr_line' id='line_1_76' title="bbox 245 4333 1939 4414; baseline 0.006 -26"><span class='ocrx_word' id='word_1_538' title='bbox 245 4333 461 4390; x_wconf 89' lang='lat' dir='ltr'><strong>Deinde</strong></span> <span class='ocrx_word' id='word_1_539' title='bbox 492 4338 762 4408; x_wconf 56' lang='lat' dir='ltr'><strong>praecepit</strong></span> <span class='ocrx_word' id='word_1_540' title='bbox 796 4344 856 4392; x_wconf 92' lang='lat' dir='ltr'><strong>ut</strong></span> <span class='ocrx_word' id='word_1_541' title='bbox 892 4346 1081 4409; x_wconf 89' lang='lat' dir='ltr'><strong>portet</strong></span> <span class='ocrx_word' id='word_1_542' title='bbox 1134 4341 1518 4411; x_wconf 87' lang='lat' dir='ltr'><strong>ignominiam</strong></span> <span class='ocrx_word' id='word_1_543' title='bbox 1569 4343 1939 4414; x_wconf 88' lang='lat' dir='ltr'><strong>depositionis</strong></span> 
     </span>
    </p>
   </div>
   <div class='ocr_carea' id='block_1_77' title="bbox 244 4423 1938 4500">
    <p class='ocr_par' dir='ltr' id='par_1_77' title="bbox 244 4423 1938 4500">
     <span class='ocr_line' id='line_1_77' title="bbox 244 4423 1938 4500; baseline 0.008 -25"><span class='ocrx_word' id='word_1_544' title='bbox 244 4439 378 4490; x_wconf 66' lang='lat' dir='ltr'><strong>sum,</strong></span> <span class='ocrx_word' id='word_1_545' title='bbox 419 4423 623 4495; x_wconf 90' lang='lat' dir='ltr'><strong>lugens</strong></span> <span class='ocrx_word' id='word_1_546' title='bbox 678 4443 807 4482; x_wconf 89' lang='lat' dir='ltr'><strong>cum</strong></span> <span class='ocrx_word' id='word_1_547' title='bbox 854 4429 1178 4483; x_wconf 89' lang='lat' dir='ltr'><strong>humilitate</strong></span> <span class='ocrx_word' id='word_1_548' title='bbox 1219 4431 1374 4499; x_wconf 91' lang='lat' dir='ltr'><strong>quod</strong></span> <span class='ocrx_word' id='word_1_549' title='bbox 1426 4437 1772 4500; x_wconf 90' lang='lat' dir='ltr'><strong>peccaverat.</strong></span> <span class='ocrx_word' id='word_1_550' title='bbox 1823 4433 1938 4489; x_wconf 88' lang='lat' dir='ltr'><strong>Sic-</strong></span> 
     </span>
    </p>
   </div>
   <div class='ocr_carea' id='block_1_78' title="bbox 244 4515 1938 4592">
    <p class='ocr_par' dir='ltr' id='par_1_78' title="bbox 244 4515 1938 4592">
     <span class='ocr_line' id='line_1_78' title="bbox 244 4515 1938 4592; baseline 0.006 -26"><span class='ocrx_word' id='word_1_551' title='bbox 244 4529 354 4580; x_wconf 85' lang='lat' dir='ltr'><strong>que</strong></span> <span class='ocrx_word' id='word_1_552' title='bbox 409 4515 678 4582; x_wconf 89' lang='lat' dir='ltr'><strong>revocari,</strong></span> <span class='ocrx_word' id='word_1_553' title='bbox 751 4518 1064 4572; x_wconf 88' lang='lat' dir='ltr'><strong>secundum</strong></span> <span class='ocrx_word' id='word_1_554' title='bbox 1135 4518 1496 4588; x_wconf 88' lang='lat' dir='ltr'><strong>prophetam,</strong></span> <span class='ocrx_word' id='word_1_555' title='bbox 1551 4521 1622 4575; x_wconf 90' lang='lat' dir='ltr'><strong>ad</strong></span> <span class='ocrx_word' id='word_1_556' title='bbox 1684 4522 1938 4592; x_wconf 91' lang='lat' dir='ltr'><strong>priorem</strong></span> 
     </span>
    </p>
   </div>
   <div class='ocr_carea' id='block_1_79' title="bbox 245 4603 716 4672">
    <p class='ocr_par' dir='ltr' id='par_1_79' title="bbox 245 4603 716 4672">
     <span class='ocr_line' id='line_1_79' title="bbox 245 4603 716 4672; baseline 0.011 -20"><span class='ocrx_word' id='word_1_557' title='bbox 245 4604 458 4655; x_wconf 88' lang='lat' dir='ltr'><strong>statum</strong></span> <span class='ocrx_word' id='word_1_558' title='bbox 489 4603 716 4672; x_wconf 90' lang='lat' dir='ltr'><strong>poterit.</strong></span> 
     </span>
    </p>
   </div>
   <div class='ocr_carea' id='block_1_80' title="bbox 245 4706 1936 4786">
    <p class='ocr_par' dir='ltr' id='par_1_80' title="bbox 245 4706 1936 4786">
     <span class='ocr_line' id='line_1_80' title="bbox 245 4706 1936 4786; baseline 0.008 -27"><span class='ocrx_word' id='word_1_559' title='bbox 245 4706 387 4786; x_wconf 53' lang='lat' dir='ltr'><strong>CAP.</strong></span> <span class='ocrx_word' id='word_1_560' title='bbox 429 4708 699 4786; x_wconf 56' lang='lat' dir='ltr'><strong>XDIV._—</strong></span> <span class='ocrx_word' id='word_1_561' title='bbox 735 4709 1373 4786; x_wconf 77' lang='lat' dir='ltr'><strong>Quod_¢_znima_,_multis</strong></span> <span class='ocrx_word' id='word_1_562' title='bbox 1399 4716 1648 4780; x_wconf 81' lang='lat' dir='ltr'><strong>gentibus</strong></span> <span class='ocrx_word' id='word_1_563' title='bbox 1686 4717 1936 4786; x_wconf 81' lang='lat' dir='ltr'><strong>nobilior,</strong></span> 
     </span>
    </p>
   </div>
   <div class='ocr_carea' id='block_1_81' title="bbox 315 4778 1941 4858">
    <p class='ocr_par' dir='ltr' id='par_1_81' title="bbox 315 4778 1941 4858">
     <span class='ocr_line' id='line_1_81' title="bbox 315 4778 1941 4858; baseline 0.008 -27"><span class='ocrx_word' id='word_1_564' title='bbox 315 4780 390 4832; x_wconf 81' lang='lat' dir='ltr'><strong>sit</strong></span> <span class='ocrx_word' id='word_1_565' title='bbox 417 4778 660 4858; x_wconf 54' lang='lat' dir='ltr'><strong>degenda</strong></span> <span class='ocrx_word' id='word_1_566' title='bbox 709 4786 758 4834; x_wconf 77' lang='lat' dir='ltr'><strong>et</strong></span> <span class='ocrx_word' id='word_1_567' title='bbox 807 4781 1010 4858; x_wconf 61' lang='lat' dir='ltr'><strong>multis</strong></span> <span class='ocrx_word' id='word_1_568' title='bbox 1041 4782 1263 4858; x_wconf 63' lang='lat' dir='ltr'><strong>urbicus</strong></span> <span class='ocrx_word' id='word_1_569' title='bbox 1320 4778 1622 4854; x_wconf 72' lang='lat' dir='ltr'><strong>pretiosior,</strong></span> <span class='ocrx_word' id='word_1_570' title='bbox 1694 4778 1941 4858; x_wconf 77' lang='lat' dir='ltr'><strong>quodque</strong></span> 
     </span>
    </p>
   </div>
   <div class='ocr_carea' id='block_1_82' title="bbox 312 4849 1660 4919">
    <p class='ocr_par' dir='ltr' id='par_1_82' title="bbox 312 4849 1660 4919">
     <span class='ocr_line' id='line_1_82' title="bbox 312 4849 1660 4919; baseline 0.006 -17"><span class='ocrx_word' id='word_1_571' title='bbox 312 4864 419 4902; x_wconf 86' lang='lat' dir='ltr'><strong>non</strong></span> <span class='ocrx_word' id='word_1_572' title='bbox 449 4852 522 4904; x_wconf 78' lang='lat' dir='ltr'><strong>sit</strong></span> <span class='ocrx_word' id='word_1_573' title='bbox 552 4849 944 4919; x_wconf 83' lang='lat' dir='ltr'><strong>desperandum</strong></span> <span class='ocrx_word' id='word_1_574' title='bbox 973 4852 1037 4904; x_wconf 85' lang='lat' dir='ltr'><strong>de</strong></span> <span class='ocrx_word' id='word_1_575' title='bbox 1064 4854 1240 4908; x_wconf 74' lang='lat' dir='ltr'><strong>vmzia.</strong></span> <span class='ocrx_word' id='word_1_576' title='bbox 1320 4849 1335 4854; x_wconf 72' lang='grc'>’</span> <span class='ocrx_word' id='word_1_577' title='bbox 1611 4849 1618 4853; x_wconf 62' lang='grc'><em>’</em></span> <span class='ocrx_word' id='word_1_578' title='bbox 1648 4879 1660 4896; x_wconf 86' lang='grc'><strong>·</strong></span> 
     </span>
    </p>
   </div>
   <div class='ocr_carea' id='block_1_83' title="bbox 316 4955 1943 5032">
    <p class='ocr_par' dir='ltr' id='par_1_83' title="bbox 316 4955 1943 5032">
     <span class='ocr_line' id='line_1_83' title="bbox 316 4955 1943 5032; baseline 0.007 -24"><span class='ocrx_word' id='word_1_579' title='bbox 316 4956 678 5026; x_wconf 74' lang='lat' dir='ltr'><strong>(Emcerptum</strong></span> <span class='ocrx_word' id='word_1_580' title='bbox 733 4955 797 5010; x_wconf 83' lang='lat' dir='ltr'><strong>de</strong></span> <span class='ocrx_word' id='word_1_581' title='bbox 869 4957 1005 5011; x_wconf 77' lang='lat' dir='ltr'><strong>libro</strong></span> <span class='ocrx_word' id='word_1_582' title='bbox 1071 4957 1299 5014; x_wconf 77' lang='lat' dir='ltr'><strong>Joannis</strong></span> <span class='ocrx_word' id='word_1_583' title='bbox 1345 4961 1803 5032; x_wconf 76' lang='lat' dir='ltr'><strong>Constantinopol.</strong></span> <span class='ocrx_word' id='word_1_584' title='bbox 1868 4965 1943 5019; x_wconf 84' lang='lat' dir='ltr'><strong>ad</strong></span> 
     </span>
    </p>
   </div>
   <div class='ocr_carea' id='block_1_84' title="bbox 250 5043 1940 5122">
    <p class='ocr_par' dir='ltr' id='par_1_84' title="bbox 250 5043 1940 5122">
     <span class='ocr_line' id='line_1_84' title="bbox 250 5043 1940 5122; baseline 0.006 -25"><span class='ocrx_word' id='word_1_585' title='bbox 250 5044 604 5110; x_wconf 85' lang='lat' dir='ltr'><strong>Theodorum,</strong></span> <span class='ocrx_word' id='word_1_586' title='bbox 635 5060 754 5114; x_wconf 83' lang='lat' dir='ltr'><strong>cap.</strong></span> <span class='ocrx_word' id='word_1_587' title='bbox 812 5044 924 5114; x_wconf 86' lang='lat'><strong>59.)</strong></span> <span class='ocrx_word' id='word_1_588' title='bbox 958 5043 1094 5109; x_wconf 86' lang='lat' dir='ltr'><strong>Quis</strong></span> <span class='ocrx_word' id='word_1_589' title='bbox 1149 5047 1306 5102; x_wconf 84' lang='lat' dir='ltr'><strong>dabit</strong></span> <span class='ocrx_word' id='word_1_590' title='bbox 1344 5051 1514 5120; x_wconf 90' lang='lat' dir='ltr'><strong>capiti</strong></span> <span class='ocrx_word' id='word_1_591' title='bbox 1544 5067 1673 5106; x_wconf 91' lang='lat' dir='ltr'><strong>meo</strong></span> <span class='ocrx_word' id='word_1_592' title='bbox 1708 5068 1940 5122; x_wconf 88' lang='lat' dir='ltr'><strong>aquam,</strong></span> 
     </span>
    </p>
   </div>
   <div class='ocr_carea' id='block_1_85' title="bbox 245 5132 1944 5209">
    <p class='ocr_par' dir='ltr' id='par_1_85' title="bbox 245 5132 1944 5209">
     <span class='ocr_line' id='line_1_85' title="bbox 245 5132 1944 5209; baseline 0.006 -25"><span class='ocrx_word' id='word_1_593' title='bbox 245 5137 300 5184; x_wconf 91' lang='lat' dir='ltr'><strong>et</strong></span> <span class='ocrx_word' id='word_1_594' title='bbox 356 5132 532 5185; x_wconf 88' lang='lat' dir='ltr'><strong>oculis</strong></span> <span class='ocrx_word' id='word_1_595' title='bbox 583 5133 723 5187; x_wconf 88' lang='lat' dir='ltr'><strong>meis</strong></span> <span class='ocrx_word' id='word_1_596' title='bbox 777 5135 995 5188; x_wconf 84' lang='lat' dir='ltr'><strong>fontem</strong></span> <span class='ocrx_word' id='word_1_597' title='bbox 1061 5135 1479 5206; x_wconf 88' lang='lat' dir='ltr'><strong>lacrymarum?</strong></span> <span class='ocrx_word' id='word_1_598' title='bbox 1552 5139 1944 5209; x_wconf 90' lang='lat' dir='ltr'><strong>Opportunius</strong></span> 
     </span>
    </p>
   </div>
   <div class='ocr_carea' id='block_1_86' title="bbox 247 5220 1944 5296">
    <p class='ocr_par' dir='ltr' id='par_1_86' title="bbox 247 5220 1944 5296">
     <span class='ocr_line' id='line_1_86' title="bbox 247 5220 1944 5296; baseline 0.006 -24"><span class='ocrx_word' id='word_1_599' title='bbox 247 5220 426 5274; x_wconf 90' lang='lat' dir='ltr'><strong>multo</strong></span> <span class='ocrx_word' id='word_1_600' title='bbox 453 5235 604 5274; x_wconf 89' lang='lat' dir='ltr'><strong>nunc</strong></span> <span class='ocrx_word' id='word_1_601' title='bbox 634 5239 667 5274; x_wconf 91' lang='lat' dir='ltr'><strong>a</strong></span> <span class='ocrx_word' id='word_1_602' title='bbox 714 5238 825 5288; x_wconf 91' lang='lat' dir='ltr'><strong>me,</strong></span> <span class='ocrx_word' id='word_1_603' title='bbox 859 5239 1028 5293; x_wconf 87' lang='lat' dir='ltr'><strong>quam</strong></span> <span class='ocrx_word' id='word_1_604' title='bbox 1082 5229 1216 5278; x_wconf 90' lang='lat' dir='ltr'><strong>tunc</strong></span> <span class='ocrx_word' id='word_1_605' title='bbox 1249 5242 1283 5278; x_wconf 89' lang='lat' dir='ltr'><strong>a</strong></span> <span class='ocrx_word' id='word_1_606' title='bbox 1326 5226 1606 5296; x_wconf 88' lang='lat' dir='ltr'><strong>propheta</strong></span> <span class='ocrx_word' id='word_1_607' title='bbox 1665 5228 1762 5281; x_wconf 91' lang='lat' dir='ltr'><strong>Dei</strong></span> <span class='ocrx_word' id='word_1_608' title='bbox 1813 5229 1944 5283; x_wconf 93' lang='lat' dir='ltr'><strong>dici-</strong></span> 
     </span>
    </p>
   </div>
   <div class='ocr_carea' id='block_1_87' title="bbox 242 5309 1943 5387">
    <p class='ocr_par' dir='ltr' id='par_1_87' title="bbox 242 5309 1943 5387">
     <span class='ocr_line' id='line_1_87' title="bbox 242 5309 1943 5387; baseline 0.006 -26"><span class='ocrx_word' id='word_1_609' title='bbox 242 5312 352 5362; x_wconf 87' lang='lat' dir='ltr'><strong>tur.</strong></span> <span class='ocrx_word' id='word_1_610' title='bbox 413 5309 566 5364; x_wconf 87' lang='lat' dir='ltr'><strong>Licet</strong></span> <span class='ocrx_word' id='word_1_611' title='bbox 592 5310 748 5365; x_wconf 89' lang='lat' dir='ltr'><strong>enim</strong></span> <span class='ocrx_word' id='word_1_612' title='bbox 780 5328 897 5366; x_wconf 92' lang='lat' dir='ltr'><strong>non</strong></span> <span class='ocrx_word' id='word_1_613' title='bbox 945 5313 1111 5368; x_wconf 90' lang='lat' dir='ltr'><strong>urbes</strong></span> <span class='ocrx_word' id='word_1_614' title='bbox 1141 5314 1356 5382; x_wconf 78' lang='lat' dir='ltr'><strong>multae,</strong></span> <span class='ocrx_word' id='word_1_615' title='bbox 1402 5331 1506 5369; x_wconf 92' lang='lat' dir='ltr'><strong>nec</strong></span> <span class='ocrx_word' id='word_1_616' title='bbox 1547 5332 1685 5385; x_wconf 90' lang='lat' dir='ltr'><strong>gens</strong></span> <span class='ocrx_word' id='word_1_617' title='bbox 1721 5315 1943 5387; x_wconf 85' lang='lat' dir='ltr'><strong>integra</strong></span> 
     </span>
    </p>
   </div>
   <div class='ocr_carea' id='block_1_88' title="bbox 242 5398 1947 5477">
    <p class='ocr_par' dir='ltr' id='par_1_88' title="bbox 242 5398 1947 5477">
     <span class='ocr_line' id='line_1_88' title="bbox 242 5398 1947 5477; baseline 0.006 -27"><span class='ocrx_word' id='word_1_618' title='bbox 242 5398 607 5453; x_wconf 87' lang='lat' dir='ltr'><strong>lamentanda</strong></span> <span class='ocrx_word' id='word_1_619' title='bbox 653 5399 744 5463; x_wconf 89' lang='lat' dir='ltr'><strong>sit,</strong></span> <span class='ocrx_word' id='word_1_620' title='bbox 779 5401 969 5456; x_wconf 88' lang='lat' dir='ltr'><strong>anima</strong></span> <span class='ocrx_word' id='word_1_621' title='bbox 998 5407 1191 5457; x_wconf 89' lang='lat' dir='ltr'><strong>tamen</strong></span> <span class='ocrx_word' id='word_1_622' title='bbox 1228 5402 1419 5459; x_wconf 89' lang='lat' dir='ltr'><strong>ﬂenda</strong></span> <span class='ocrx_word' id='word_1_623' title='bbox 1465 5409 1549 5459; x_wconf 91' lang='lat' dir='ltr'><strong>est</strong></span> <span class='ocrx_word' id='word_1_624' title='bbox 1588 5406 1781 5460; x_wconf 90' lang='lat' dir='ltr'><strong>multis</strong></span> <span class='ocrx_word' id='word_1_625' title='bbox 1812 5422 1947 5477; x_wconf 88' lang='lat' dir='ltr'><strong>gen-</strong></span> 
     </span>
    </p>
   </div>
   <div class='ocr_carea' id='block_1_89' title="bbox 247 5487 1945 5563">
    <p class='ocr_par' dir='ltr' id='par_1_89' title="bbox 247 5487 1945 5563">
     <span class='ocr_line' id='line_1_89' title="bbox 247 5487 1945 5563; baseline 0.007 -25"><span class='ocrx_word' id='word_1_626' title='bbox 247 5487 398 5539; x_wconf 88' lang='lat' dir='ltr'><strong>tibus</strong></span> <span class='ocrx_word' id='word_1_627' title='bbox 428 5487 695 5554; x_wconf 89' lang='lat' dir='ltr'><strong>nobilior,</strong></span> <span class='ocrx_word' id='word_1_628' title='bbox 753 5491 1062 5563; x_wconf 89' lang='lat' dir='ltr'><strong>multisque</strong></span> <span class='ocrx_word' id='word_1_629' title='bbox 1094 5491 1326 5546; x_wconf 89' lang='lat' dir='ltr'><strong>urbibus</strong></span> <span class='ocrx_word' id='word_1_630' title='bbox 1363 5492 1688 5563; x_wconf 89' lang='lat' dir='ltr'><strong>pretiosior.</strong></span> <span class='ocrx_word' id='word_1_631' title='bbox 1734 5495 1874 5549; x_wconf 84' lang='lat' dir='ltr'><strong>Nam</strong></span> <span class='ocrx_word' id='word_1_632' title='bbox 1898 5495 1945 5551; x_wconf 91' lang='lat' dir='ltr'><strong>si</strong></span> 
     </span>
    </p>
   </div>
   <div class='ocr_carea' id='block_1_90' title="bbox 249 5574 1945 5656">
    <p class='ocr_par' dir='ltr' id='par_1_90' title="bbox 249 5574 1945 5656">
     <span class='ocr_line' id='line_1_90' title="bbox 249 5574 1945 5656; baseline 0.008 -29"><span class='ocrx_word' id='word_1_633' title='bbox 249 5590 395 5628; x_wconf 89' lang='lat' dir='ltr'><strong>unus</strong></span> <span class='ocrx_word' id='word_1_634' title='bbox 425 5574 524 5644; x_wconf 91' lang='lat' dir='ltr'><strong>qui</strong></span> <span class='ocrx_word' id='word_1_635' title='bbox 568 5574 764 5631; x_wconf 90' lang='lat' dir='ltr'><strong>fecerit</strong></span> <span class='ocrx_word' id='word_1_636' title='bbox 803 5579 1150 5633; x_wconf 86' lang='lat' dir='ltr'><strong>voluntatem</strong></span> <span class='ocrx_word' id='word_1_637' title='bbox 1206 5580 1324 5646; x_wconf 87' lang='lat' dir='ltr'><strong>Dei,</strong></span> <span class='ocrx_word' id='word_1_638' title='bbox 1378 5581 1579 5636; x_wconf 91' lang='lat' dir='ltr'><strong>melior</strong></span> <span class='ocrx_word' id='word_1_639' title='bbox 1633 5587 1718 5637; x_wconf 91' lang='lat' dir='ltr'><strong>est</strong></span> <span class='ocrx_word' id='word_1_640' title='bbox 1770 5599 1945 5656; x_wconf 89' lang='lat' dir='ltr'><strong>quam</strong></span> 
     </span>
    </p>
   </div>
   <div class='ocr_carea' id='block_1_91' title="bbox 2057 3098 3759 3179">
    <p class='ocr_par' dir='ltr' id='par_1_91' title="bbox 2057 3098 3759 3179">
     <span class='ocr_line' id='line_1_91' title="bbox 2057 3098 3759 3179; baseline -0.001 -16"><span class='ocrx_word' id='word_1_641' title='bbox 2057 3109 2216 3164; x_wconf 89' lang='lat' dir='ltr'><strong>dium</strong></span> <span class='ocrx_word' id='word_1_642' title='bbox 2279 3109 2386 3164; x_wconf 92' lang='lat' dir='ltr'><strong>erit</strong></span> <span class='ocrx_word' id='word_1_643' title='bbox 2438 3109 2499 3163; x_wconf 89' lang='lat' dir='ltr'><strong>in</strong></span> <span class='ocrx_word' id='word_1_644' title='bbox 2553 3109 2693 3163; x_wconf 71' lang='lat' dir='ltr'><strong>cmlo</strong></span> <span class='ocrx_word' id='word_1_645' title='bbox 2733 3124 2921 3162; x_wconf 88' lang='lat' dir='ltr'><strong>coram</strong></span> <span class='ocrx_word' id='word_1_646' title='bbox 2977 3107 3194 3179; x_wconf 91' lang='lat' dir='ltr'><strong>angelis</strong></span> <span class='ocrx_word' id='word_1_647' title='bbox 3254 3108 3352 3161; x_wconf 91' lang='lat' dir='ltr'><strong>Dei</strong></span> <span class='ocrx_word' id='word_1_648' title='bbox 3409 3098 3585 3177; x_wconf 81' lang='lat' dir='ltr'><strong>super</strong></span> <span class='ocrx_word' id='word_1_649' title='bbox 3642 3124 3759 3162; x_wconf 88' lang='lat' dir='ltr'><strong>uno</strong></span> 
     </span>
    </p>
   </div>
   <div class='ocr_carea' id='block_1_92' title="bbox 2053 3195 3757 3269">
    <p class='ocr_par' dir='ltr' id='par_1_92' title="bbox 2053 3195 3757 3269">
     <span class='ocr_line' id='line_1_92' title="bbox 2053 3195 3757 3269; baseline -0.001 -17"><span class='ocrx_word' id='word_1_650' title='bbox 2053 3203 2368 3269; x_wconf 89' lang='lat' dir='ltr'><strong>peccatore.</strong></span> <span class='ocrx_word' id='word_1_651' title='bbox 2409 3198 2477 3251; x_wconf 85' lang='lat' dir='ltr'><strong>Et</strong></span> <span class='ocrx_word' id='word_1_652' title='bbox 2522 3203 2653 3267; x_wconf 90' lang='lat' dir='ltr'><strong>post</strong></span> <span class='ocrx_word' id='word_1_653' title='bbox 2689 3213 2907 3268; x_wconf 89' lang='lat' dir='ltr'><strong>pauca:</strong></span> <span class='ocrx_word' id='word_1_654' title='bbox 2953 3195 3267 3261; x_wconf 87' lang='lat' dir='ltr'><strong>Stantibus,</strong></span> <span class='ocrx_word' id='word_1_655' title='bbox 3333 3196 3381 3250; x_wconf 92' lang='lat' dir='ltr'><strong>si</strong></span> <span class='ocrx_word' id='word_1_656' title='bbox 3427 3197 3757 3264; x_wconf 89' lang='lat' dir='ltr'><strong>ceciderint,</strong></span> 
     </span>
    </p>
   </div>
   <div class='ocr_carea' id='block_1_93' title="bbox 2055 3285 3759 3357">
    <p class='ocr_par' dir='ltr' id='par_1_93' title="bbox 2055 3285 3759 3357">
     <span class='ocr_line' id='line_1_93' title="bbox 2055 3285 3759 3357; baseline -0.001 -16"><span class='ocrx_word' id='word_1_657' title='bbox 2055 3287 2308 3341; x_wconf 89' lang='lat' dir='ltr'><strong>minatur</strong></span> <span class='ocrx_word' id='word_1_658' title='bbox 2342 3301 2598 3357; x_wconf 74' lang='lat' dir='ltr'><strong>pmnam:</strong></span> <span class='ocrx_word' id='word_1_659' title='bbox 2655 3285 2849 3355; x_wconf 88' lang='lat' dir='ltr'><strong>lapsis,</strong></span> <span class='ocrx_word' id='word_1_660' title='bbox 2901 3289 2962 3338; x_wconf 92' lang='lat' dir='ltr'><strong>ut</strong></span> <span class='ocrx_word' id='word_1_661' title='bbox 2995 3300 3228 3355; x_wconf 89' lang='lat' dir='ltr'><strong>surgere</strong></span> <span class='ocrx_word' id='word_1_662' title='bbox 3273 3290 3570 3354; x_wconf 88' lang='lat' dir='ltr'><strong>appetant,</strong></span> <span class='ocrx_word' id='word_1_663' title='bbox 3627 3302 3759 3356; x_wconf 87' lang='lat' dir='ltr'><strong>pro-</strong></span> 
     </span>
    </p>
   </div>
   <div class='ocr_carea' id='block_1_94' title="bbox 2057 3373 3754 3444">
    <p class='ocr_par' dir='ltr' id='par_1_94' title="bbox 2057 3373 3754 3444">
     <span class='ocr_line' id='line_1_94' title="bbox 2057 3373 3754 3444; baseline 0 -15"><span class='ocrx_word' id='word_1_664' title='bbox 2057 3375 2231 3429; x_wconf 92' lang='lat' dir='ltr'><strong>mittit</strong></span> <span class='ocrx_word' id='word_1_665' title='bbox 2265 3373 2735 3429; x_wconf 85' lang='lat' dir='ltr'><strong>misericordiam.</strong></span> <span class='ocrx_word' id='word_1_666' title='bbox 2777 3373 2911 3427; x_wconf 93' lang='lat' dir='ltr'><strong>Illos</strong></span> <span class='ocrx_word' id='word_1_667' title='bbox 2940 3378 3134 3442; x_wconf 88' lang='lat' dir='ltr'><strong>terret,</strong></span> <span class='ocrx_word' id='word_1_668' title='bbox 3167 3391 3237 3428; x_wconf 88' lang='lat' dir='ltr'><strong>ne</strong></span> <span class='ocrx_word' id='word_1_669' title='bbox 3279 3381 3631 3444; x_wconf 68' lang='lat' dir='ltr'><strong>praesumant</strong></span> <span class='ocrx_word' id='word_1_670' title='bbox 3693 3376 3754 3429; x_wconf 92' lang='lat' dir='ltr'><strong>in</strong></span> 
     </span>
    </p>
   </div>
   <div class='ocr_carea' id='block_1_95' title="bbox 2052 3461 3756 3532">
    <p class='ocr_par' dir='ltr' id='par_1_95' title="bbox 2052 3461 3756 3532">
     <span class='ocr_line' id='line_1_95' title="bbox 2052 3461 3756 3532; baseline 0 -16"><span class='ocrx_word' id='word_1_671' title='bbox 2052 3463 2248 3517; x_wconf 89' lang='lat' dir='ltr'><strong>bonis:</strong></span> <span class='ocrx_word' id='word_1_672' title='bbox 2302 3463 2431 3516; x_wconf 92' lang='lat' dir='ltr'><strong>illos</strong></span> <span class='ocrx_word' id='word_1_673' title='bbox 2477 3462 2712 3530; x_wconf 90' lang='lat' dir='ltr'><strong>refovet,</strong></span> <span class='ocrx_word' id='word_1_674' title='bbox 2756 3477 2827 3515; x_wconf 89' lang='lat' dir='ltr'><strong>ne</strong></span> <span class='ocrx_word' id='word_1_675' title='bbox 2861 3463 3166 3532; x_wconf 90' lang='lat' dir='ltr'><strong>desperent</strong></span> <span class='ocrx_word' id='word_1_676' title='bbox 3207 3461 3267 3516; x_wconf 90' lang='lat' dir='ltr'><strong>in</strong></span> <span class='ocrx_word' id='word_1_677' title='bbox 3329 3462 3510 3518; x_wconf 90' lang='lat' dir='ltr'><strong>malis.</strong></span> <span class='ocrx_word' id='word_1_678' title='bbox 3564 3465 3756 3518; x_wconf 84' lang='lat' dir='ltr'><strong>Justus</strong></span> 
     </span>
    </p>
   </div>
   <div class='ocr_carea' id='block_1_96' title="bbox 2053 3552 3751 3622">
    <p class='ocr_par' dir='ltr' id='par_1_96' title="bbox 2053 3552 3751 3622">
     <span class='ocr_line' id='line_1_96' title="bbox 2053 3552 3751 3622; baseline 0 -17"><span class='ocrx_word' id='word_1_679' title='bbox 2053 3568 2131 3618; x_wconf 90' lang='lat' dir='ltr'><strong>es,</strong></span> <span class='ocrx_word' id='word_1_680' title='bbox 2165 3553 2308 3606; x_wconf 89' lang='lat' dir='ltr'><strong>iram</strong></span> <span class='ocrx_word' id='word_1_681' title='bbox 2355 3552 2692 3621; x_wconf 89' lang='lat' dir='ltr'><strong>pertimesce</strong></span> <span class='ocrx_word' id='word_1_682' title='bbox 2745 3567 2818 3605; x_wconf 90' lang='lat' dir='ltr'><strong>ne</strong></span> <span class='ocrx_word' id='word_1_683' title='bbox 2848 3566 3107 3619; x_wconf 89' lang='lat' dir='ltr'><strong>corruas;</strong></span> <span class='ocrx_word' id='word_1_684' title='bbox 3162 3556 3422 3622; x_wconf 87' lang='lat' dir='ltr'><strong>peccator</strong></span> <span class='ocrx_word' id='word_1_685' title='bbox 3477 3569 3557 3619; x_wconf 91' lang='lat' dir='ltr'><strong>es,</strong></span> <span class='ocrx_word' id='word_1_686' title='bbox 3606 3568 3751 3622; x_wconf 65' lang='lat' dir='ltr'><strong>prae-</strong></span> 
     </span>
    </p>
   </div>
   <div class='ocr_carea' id='block_1_97' title="bbox 2053 3638 3754 3711">
    <p class='ocr_par' dir='ltr' id='par_1_97' title="bbox 2053 3638 3754 3711">
     <span class='ocr_line' id='line_1_97' title="bbox 2053 3638 3754 3711; baseline 0.001 -19"><span class='ocrx_word' id='word_1_687' title='bbox 2053 3655 2212 3694; x_wconf 90' lang='lat' dir='ltr'><strong>sume</strong></span> <span class='ocrx_word' id='word_1_688' title='bbox 2261 3639 2330 3694; x_wconf 87' lang='lat' dir='ltr'><strong>de</strong></span> <span class='ocrx_word' id='word_1_689' title='bbox 2393 3638 2782 3693; x_wconf 85' lang='lat' dir='ltr'><strong>misericordia</strong></span> <span class='ocrx_word' id='word_1_690' title='bbox 2831 3644 2892 3692; x_wconf 92' lang='lat' dir='ltr'><strong>ut</strong></span> <span class='ocrx_word' id='word_1_691' title='bbox 2952 3655 3168 3708; x_wconf 89' lang='lat' dir='ltr'><strong>surgas.</strong></span> <span class='ocrx_word' id='word_1_692' title='bbox 3226 3639 3294 3693; x_wconf 89' lang='lat' dir='ltr'><strong>Et</strong></span> <span class='ocrx_word' id='word_1_693' title='bbox 3356 3638 3501 3693; x_wconf 89' lang='lat' dir='ltr'><strong>sicut</strong></span> <span class='ocrx_word' id='word_1_694' title='bbox 3560 3641 3754 3711; x_wconf 89' lang='lat' dir='ltr'><strong>lapsus</strong></span> 
     </span>
    </p>
   </div>
   <div class='ocr_carea' id='block_1_98' title="bbox 2052 3728 3756 3799">
    <p class='ocr_par' dir='ltr' id='par_1_98' title="bbox 2052 3728 3756 3799">
     <span class='ocr_line' id='line_1_98' title="bbox 2052 3728 3756 3799; baseline 0.002 -19"><span class='ocrx_word' id='word_1_695' title='bbox 2052 3728 2419 3799; x_wconf 87' lang='lat' dir='ltr'><strong>gravissimus</strong></span> <span class='ocrx_word' id='word_1_696' title='bbox 2483 3728 2794 3782; x_wconf 88' lang='lat' dir='ltr'><strong>cervicibus</strong></span> <span class='ocrx_word' id='word_1_697' title='bbox 2850 3728 3056 3781; x_wconf 69' lang='lat' dir='ltr'><strong>animm</strong></span> <span class='ocrx_word' id='word_1_698' title='bbox 3102 3728 3460 3795; x_wconf 85' lang='lat' dir='ltr'><strong>incumbens,</strong></span> <span class='ocrx_word' id='word_1_699' title='bbox 3528 3745 3756 3799; x_wconf 88' lang='lat' dir='ltr'><strong>semper</strong></span> 
     </span>
    </p>
   </div>
   <div class='ocr_carea' id='block_1_99' title="bbox 2053 3815 3755 3887">
    <p class='ocr_par' dir='ltr' id='par_1_99' title="bbox 2053 3815 3755 3887">
     <span class='ocr_line' id='line_1_99' title="bbox 2053 3815 3755 3887; baseline 0.001 -17"><span class='ocrx_word' id='word_1_700' title='bbox 2053 3832 2180 3870; x_wconf 89' lang='lat' dir='ltr'><strong>eam</strong></span> <span class='ocrx_word' id='word_1_701' title='bbox 2237 3815 2501 3870; x_wconf 76' lang='lat' dir='ltr'><strong>deorsum</strong></span> <span class='ocrx_word' id='word_1_702' title='bbox 2553 3817 2612 3869; x_wconf 91' lang='lat' dir='ltr'><strong>in</strong></span> <span class='ocrx_word' id='word_1_703' title='bbox 2671 3820 2884 3870; x_wconf 89' lang='lat' dir='ltr'><strong>terram</strong></span> <span class='ocrx_word' id='word_1_704' title='bbox 2932 3816 3086 3887; x_wconf 90' lang='lat' dir='ltr'><strong>cogit</strong></span> <span class='ocrx_word' id='word_1_705' title='bbox 3137 3817 3410 3886; x_wconf 90' lang='lat' dir='ltr'><strong>aspicere,</strong></span> <span class='ocrx_word' id='word_1_706' title='bbox 3453 3817 3520 3871; x_wconf 90' lang='lat' dir='ltr'><strong>ad</strong></span> <span class='ocrx_word' id='word_1_707' title='bbox 3573 3818 3755 3872; x_wconf 89' lang='lat' dir='ltr'><strong>Deum</strong></span> 
     </span>
    </p>
   </div>
   <div class='ocr_carea' id='block_1_100' title="bbox 2052 3904 3758 3960">
    <p class='ocr_par' dir='ltr' id='par_1_100' title="bbox 2052 3904 3758 3960">
     <span class='ocr_line' id='line_1_100' title="bbox 2052 3904 3758 3960; baseline 0.001 -2"><span class='ocrx_word' id='word_1_708' title='bbox 2052 3921 2184 3960; x_wconf 88' lang='lat' dir='ltr'><strong>vero</strong></span> <span class='ocrx_word' id='word_1_709' title='bbox 2239 3921 2466 3959; x_wconf 88' lang='lat' dir='ltr'><strong>sursum</strong></span> <span class='ocrx_word' id='word_1_710' title='bbox 2536 3920 2654 3958; x_wconf 93' lang='lat' dir='ltr'><strong>non</strong></span> <span class='ocrx_word' id='word_1_711' title='bbox 2711 3904 2845 3958; x_wconf 90' lang='lat' dir='ltr'><strong>sinit</strong></span> <span class='ocrx_word' id='word_1_712' title='bbox 2901 3906 3094 3958; x_wconf 91' lang='lat' dir='ltr'><strong>oculos</strong></span> <span class='ocrx_word' id='word_1_713' title='bbox 3156 3904 3382 3959; x_wconf 89' lang='lat' dir='ltr'><strong>levare:</strong></span> <span class='ocrx_word' id='word_1_714' title='bbox 3443 3905 3522 3959; x_wconf 90' lang='lat' dir='ltr'><strong>sic</strong></span> <span class='ocrx_word' id='word_1_715' title='bbox 3577 3905 3758 3960; x_wconf 90' lang='lat' dir='ltr'><strong>virilis</strong></span> 
     </span>
    </p>
   </div>
   <div class='ocr_carea' id='block_1_101' title="bbox 2053 3992 3763 4063">
    <p class='ocr_par' dir='ltr' id='par_1_101' title="bbox 2053 3992 3763 4063">
     <span class='ocr_line' id='line_1_101' title="bbox 2053 3992 3763 4063; baseline 0.001 -17"><span class='ocrx_word' id='word_1_716' title='bbox 2053 3992 2260 4046; x_wconf 75' lang='lat' dir='ltr'><strong>animas</strong></span> <span class='ocrx_word' id='word_1_717' title='bbox 2312 4009 2480 4046; x_wconf 91' lang='lat' dir='ltr'><strong>suum</strong></span> <span class='ocrx_word' id='word_1_718' title='bbox 2531 3993 2772 4062; x_wconf 90' lang='lat' dir='ltr'><strong>pondus,</strong></span> <span class='ocrx_word' id='word_1_719' title='bbox 2809 3997 2871 4045; x_wconf 92' lang='lat' dir='ltr'><strong>ut</strong></span> <span class='ocrx_word' id='word_1_720' title='bbox 2922 3993 3000 4046; x_wconf 88' lang='lat' dir='ltr'><strong>ait</strong></span> <span class='ocrx_word' id='word_1_721' title='bbox 3054 3994 3364 4063; x_wconf 86' lang='lat' dir='ltr'><strong>Propheta:</strong></span> <span class='ocrx_word' id='word_1_722' title='bbox 3403 3992 3560 4048; x_wconf 88' lang='lat' dir='ltr'><strong>Sicut</strong></span> <span class='ocrx_word' id='word_1_723' title='bbox 3609 3994 3763 4049; x_wconf 90' lang='lat' dir='ltr'><strong>oculi</strong></span> 
     </span>
    </p>
   </div>
   <div class='ocr_carea' id='block_1_102' title="bbox 2055 4081 3761 4144">
    <p class='ocr_par' dir='ltr' id='par_1_102' title="bbox 2055 4081 3761 4144">
     <span class='ocr_line' id='line_1_102' title="bbox 2055 4081 3761 4144; baseline 0.002 -10"><span class='ocrx_word' id='word_1_724' title='bbox 2055 4081 2272 4134; x_wconf 62' lang='lat' dir='ltr'><strong>ancillae</strong></span> <span class='ocrx_word' id='word_1_725' title='bbox 2302 4081 2363 4134; x_wconf 88' lang='lat' dir='ltr'><strong>in</strong></span> <span class='ocrx_word' id='word_1_726' title='bbox 2407 4081 2670 4135; x_wconf 90' lang='lat' dir='ltr'><strong>manibus</strong></span> <span class='ocrx_word' id='word_1_727' title='bbox 2710 4081 2960 4136; x_wconf 65' lang='lat' dir='ltr'><strong>dominas</strong></span> <span class='ocrx_word' id='word_1_728' title='bbox 2990 4097 3123 4144; x_wconf 63' lang='lat' dir='ltr'><strong>sum,</strong></span> <span class='ocrx_word' id='word_1_729' title='bbox 3156 4082 3236 4136; x_wconf 90' lang='lat' dir='ltr'><strong>ita</strong></span> <span class='ocrx_word' id='word_1_730' title='bbox 3267 4081 3416 4136; x_wconf 89' lang='lat' dir='ltr'><strong>oculi</strong></span> <span class='ocrx_word' id='word_1_731' title='bbox 3467 4087 3643 4137; x_wconf 91' lang='lat' dir='ltr'><strong>nostri</strong></span> <span class='ocrx_word' id='word_1_732' title='bbox 3689 4083 3761 4138; x_wconf 92' lang='lat' dir='ltr'><strong>ad</strong></span> 
     </span>
    </p>
   </div>
   <div class='ocr_carea' id='block_1_103' title="bbox 2057 4170 3767 4236">
    <p class='ocr_par' dir='ltr' id='par_1_103' title="bbox 2057 4170 3767 4236">
     <span class='ocr_line' id='line_1_103' title="bbox 2057 4170 3767 4236; baseline 0.001 -12"><span class='ocrx_word' id='word_1_733' title='bbox 2057 4171 2365 4224; x_wconf 91' lang='lat' dir='ltr'><strong>Dominum</strong></span> <span class='ocrx_word' id='word_1_734' title='bbox 2397 4170 2574 4224; x_wconf 92' lang='lat' dir='ltr'><strong>Deum</strong></span> <span class='ocrx_word' id='word_1_735' title='bbox 2603 4176 2883 4236; x_wconf 86' lang='lat' dir='ltr'><strong>nostrum,</strong></span> <span class='ocrx_word' id='word_1_736' title='bbox 2933 4171 3117 4225; x_wconf 88' lang='lat' dir='ltr'><strong>donec</strong></span> <span class='ocrx_word' id='word_1_737' title='bbox 3168 4170 3509 4226; x_wconf 84' lang='lat' dir='ltr'><strong>misereatur</strong></span> <span class='ocrx_word' id='word_1_738' title='bbox 3557 4175 3767 4226; x_wconf 87' lang='lat' dir='ltr'><strong>nostri.</strong></span> 
     </span>
    </p>
   </div>
   <div class='ocr_carea' id='block_1_104' title="bbox 2055 4258 3766 4328">
    <p class='ocr_par' dir='ltr' id='par_1_104' title="bbox 2055 4258 3766 4328">
     <span class='ocr_line' id='line_1_104' title="bbox 2055 4258 3766 4328; baseline 0.001 -16"><span class='ocrx_word' id='word_1_739' title='bbox 2055 4258 2277 4313; x_wconf 89' lang='lat' dir='ltr'><strong>Etenim</strong></span> <span class='ocrx_word' id='word_1_740' title='bbox 2326 4258 2533 4312; x_wconf 90' lang='lat' dir='ltr'><strong>mulier</strong></span> <span class='ocrx_word' id='word_1_741' title='bbox 2577 4258 2691 4323; x_wconf 90' lang='lat' dir='ltr'><strong>illa,</strong></span> <span class='ocrx_word' id='word_1_742' title='bbox 2752 4275 2877 4328; x_wconf 74' lang='lat' dir='ltr'><strong>quas</strong></span> <span class='ocrx_word' id='word_1_743' title='bbox 2929 4258 2990 4312; x_wconf 89' lang='lat' dir='ltr'><strong>in</strong></span> <span class='ocrx_word' id='word_1_744' title='bbox 3054 4259 3374 4328; x_wconf 87' lang='lat' dir='ltr'><strong>Evangeliis</strong></span> <span class='ocrx_word' id='word_1_745' title='bbox 3432 4259 3766 4315; x_wconf 88' lang='lat' dir='ltr'><strong>drachmam</strong></span> 
     </span>
    </p>
   </div>
   <div class='ocr_carea' id='block_1_105' title="bbox 2055 4346 3762 4418">
    <p class='ocr_par' dir='ltr' id='par_1_105' title="bbox 2055 4346 3762 4418">
     <span class='ocr_line' id='line_1_105' title="bbox 2055 4346 3762 4418; baseline 0.001 -17"><span class='ocrx_word' id='word_1_746' title='bbox 2055 4363 2228 4418; x_wconf 89' lang='lat' dir='ltr'><strong>quam</strong></span> <span class='ocrx_word' id='word_1_747' title='bbox 2260 4346 2583 4417; x_wconf 91' lang='lat' dir='ltr'><strong>perdiderat</strong></span> <span class='ocrx_word' id='word_1_748' title='bbox 2620 4347 2856 4411; x_wconf 89' lang='lat' dir='ltr'><strong>invenit,</strong></span> <span class='ocrx_word' id='word_1_749' title='bbox 2890 4352 3165 4401; x_wconf 86' lang='lat' dir='ltr'><strong>convocat</strong></span> <span class='ocrx_word' id='word_1_750' title='bbox 3195 4348 3404 4402; x_wconf 87' lang='lat' dir='ltr'><strong>amicas</strong></span> <span class='ocrx_word' id='word_1_751' title='bbox 3441 4354 3492 4403; x_wconf 85' lang='lat' dir='ltr'><strong>et</strong></span> <span class='ocrx_word' id='word_1_752' title='bbox 3524 4349 3762 4417; x_wconf 87' lang='lat' dir='ltr'><strong>vicinas,</strong></span> 
     </span>
    </p>
   </div>
   <div class='ocr_carea' id='block_1_106' title="bbox 2051 4435 3761 4507">
    <p class='ocr_par' dir='ltr' id='par_1_106' title="bbox 2051 4435 3761 4507">
     <span class='ocr_line' id='line_1_106' title="bbox 2051 4435 3761 4507; baseline 0.002 -18"><span class='ocrx_word' id='word_1_753' title='bbox 2051 4442 2114 4490; x_wconf 92' lang='lat' dir='ltr'><strong>ut</strong></span> <span class='ocrx_word' id='word_1_754' title='bbox 2157 4437 2632 4505; x_wconf 78' lang='lat' dir='ltr'><strong>congratulantur</strong></span> <span class='ocrx_word' id='word_1_755' title='bbox 2688 4435 2759 4489; x_wconf 92' lang='lat' dir='ltr'><strong>ei.</strong></span> <span class='ocrx_word' id='word_1_756' title='bbox 2793 4437 2860 4489; x_wconf 92' lang='lat' dir='ltr'><strong>Et</strong></span> <span class='ocrx_word' id='word_1_757' title='bbox 2890 4453 2995 4507; x_wconf 90' lang='lat' dir='ltr'><strong>ego</strong></span> <span class='ocrx_word' id='word_1_758' title='bbox 3021 4437 3343 4491; x_wconf 90' lang='lat' dir='ltr'><strong>convocabo</strong></span> <span class='ocrx_word' id='word_1_759' title='bbox 3384 4437 3599 4491; x_wconf 88' lang='lat' dir='ltr'><strong>amicos</strong></span> <span class='ocrx_word' id='word_1_760' title='bbox 3628 4443 3761 4493; x_wconf 89' lang='lat' dir='ltr'><strong>tuos</strong></span> 
     </span>
    </p>
   </div>
   <div class='ocr_carea' id='block_1_107' title="bbox 2050 4524 3761 4595">
    <p class='ocr_par' dir='ltr' id='par_1_107' title="bbox 2050 4524 3761 4595">
     <span class='ocr_line' id='line_1_107' title="bbox 2050 4524 3761 4595; baseline 0.001 -17"><span class='ocrx_word' id='word_1_761' title='bbox 2050 4540 2340 4595; x_wconf 88' lang='lat' dir='ltr'><strong>meosque,</strong></span> <span class='ocrx_word' id='word_1_762' title='bbox 2374 4528 2430 4578; x_wconf 93' lang='lat' dir='ltr'><strong>et</strong></span> <span class='ocrx_word' id='word_1_763' title='bbox 2461 4524 2678 4578; x_wconf 87' lang='lat' dir='ltr'><strong>vicinos</strong></span> <span class='ocrx_word' id='word_1_764' title='bbox 2733 4530 2954 4578; x_wconf 88' lang='lat' dir='ltr'><strong>nostros</strong></span> <span class='ocrx_word' id='word_1_765' title='bbox 3003 4525 3354 4594; x_wconf 90' lang='lat' dir='ltr'><strong>deprecabor</strong></span> <span class='ocrx_word' id='word_1_766' title='bbox 3403 4541 3500 4579; x_wconf 89' lang='lat' dir='ltr'><strong>eos</strong></span> <span class='ocrx_word' id='word_1_767' title='bbox 3556 4543 3761 4581; x_wconf 80' lang='lat' dir='ltr'><strong>conve-</strong></span> 
     </span>
    </p>
   </div>
   <div class='ocr_carea' id='block_1_108' title="bbox 2051 4613 3759 4685">
    <p class='ocr_par' dir='ltr' id='par_1_108' title="bbox 2051 4613 3759 4685">
     <span class='ocr_line' id='line_1_108' title="bbox 2051 4613 3759 4685; baseline 0.002 -19"><span class='ocrx_word' id='word_1_768' title='bbox 2051 4613 2194 4678; x_wconf 90' lang='lat' dir='ltr'><strong>nire,</strong></span> <span class='ocrx_word' id='word_1_769' title='bbox 2247 4618 2310 4666; x_wconf 93' lang='lat' dir='ltr'><strong>ut</strong></span> <span class='ocrx_word' id='word_1_770' title='bbox 2356 4629 2472 4667; x_wconf 89' lang='lat' dir='ltr'><strong>non</strong></span> <span class='ocrx_word' id='word_1_771' title='bbox 2505 4613 2813 4681; x_wconf 86' lang='lat' dir='ltr'><strong>gaudeant,</strong></span> <span class='ocrx_word' id='word_1_772' title='bbox 2849 4613 2948 4667; x_wconf 93' lang='lat' dir='ltr'><strong>sed</strong></span> <span class='ocrx_word' id='word_1_773' title='bbox 2977 4618 3040 4666; x_wconf 91' lang='lat' dir='ltr'><strong>ut</strong></span> <span class='ocrx_word' id='word_1_774' title='bbox 3085 4613 3322 4685; x_wconf 85' lang='lat' dir='ltr'><strong>lugeant</strong></span> <span class='ocrx_word' id='word_1_775' title='bbox 3351 4630 3600 4680; x_wconf 90' lang='lat' dir='ltr'><strong>mecum,</strong></span> <span class='ocrx_word' id='word_1_776' title='bbox 3648 4632 3759 4671; x_wconf 91' lang='lat' dir='ltr'><strong>nec</strong></span> 
     </span>
    </p>
   </div>
   <div class='ocr_carea' id='block_1_109' title="bbox 2053 4701 3757 4773">
    <p class='ocr_par' dir='ltr' id='par_1_109' title="bbox 2053 4701 3757 4773">
     <span class='ocr_line' id='line_1_109' title="bbox 2053 4701 3757 4773; baseline 0.001 -17"><span class='ocrx_word' id='word_1_777' title='bbox 2053 4708 2114 4756; x_wconf 91' lang='lat' dir='ltr'><strong>ut</strong></span> <span class='ocrx_word' id='word_1_778' title='bbox 2161 4701 2539 4772; x_wconf 89' lang='lat' dir='ltr'><strong>gratulentur,</strong></span> <span class='ocrx_word' id='word_1_779' title='bbox 2591 4702 2686 4755; x_wconf 91' lang='lat' dir='ltr'><strong>sed</strong></span> <span class='ocrx_word' id='word_1_780' title='bbox 2739 4708 2802 4755; x_wconf 88' lang='lat' dir='ltr'><strong>ut</strong></span> <span class='ocrx_word' id='word_1_781' title='bbox 2873 4703 3276 4766; x_wconf 77' lang='lat' dir='ltr'><strong>lamentantur,</strong></span> <span class='ocrx_word' id='word_1_782' title='bbox 3329 4708 3386 4756; x_wconf 91' lang='lat' dir='ltr'><strong>et</strong></span> <span class='ocrx_word' id='word_1_783' title='bbox 3453 4702 3757 4773; x_wconf 90' lang='lat' dir='ltr'><strong>ingentem</strong></span> 
     </span>
    </p>
   </div>
   <div class='ocr_carea' id='block_1_110' title="bbox 2050 4789 3752 4862">
    <p class='ocr_par' dir='ltr' id='par_1_110' title="bbox 2050 4789 3752 4862">
     <span class='ocr_line' id='line_1_110' title="bbox 2050 4789 3752 4862; baseline 0.001 -18"><span class='ocrx_word' id='word_1_784' title='bbox 2050 4792 2364 4862; x_wconf 89' lang='lat' dir='ltr'><strong>planctum,</strong></span> <span class='ocrx_word' id='word_1_785' title='bbox 2421 4791 2729 4845; x_wconf 87' lang='lat' dir='ltr'><strong>sublevatis</strong></span> <span class='ocrx_word' id='word_1_786' title='bbox 2785 4789 2854 4844; x_wconf 89' lang='lat' dir='ltr'><strong>ad</strong></span> <span class='ocrx_word' id='word_1_787' title='bbox 2894 4791 3100 4845; x_wconf 69' lang='lat' dir='ltr'><strong>coelum</strong></span> <span class='ocrx_word' id='word_1_788' title='bbox 3157 4807 3272 4844; x_wconf 91' lang='lat' dir='ltr'><strong>una</strong></span> <span class='ocrx_word' id='word_1_789' title='bbox 3330 4805 3555 4845; x_wconf 88' lang='lat' dir='ltr'><strong>mecum</strong></span> <span class='ocrx_word' id='word_1_790' title='bbox 3605 4793 3752 4846; x_wconf 88' lang='lat' dir='ltr'><strong>voci-</strong></span> 
     </span>
    </p>
   </div>
   <div class='ocr_carea' id='block_1_111' title="bbox 2052 4878 3756 4946">
    <p class='ocr_par' dir='ltr' id='par_1_111' title="bbox 2052 4878 3756 4946">
     <span class='ocr_line' id='line_1_111' title="bbox 2052 4878 3756 4946; baseline 0 -12"><span class='ocrx_word' id='word_1_791' title='bbox 2052 4880 2158 4934; x_wconf 89' lang='lat' dir='ltr'><strong>bus</strong></span> <span class='ocrx_word' id='word_1_792' title='bbox 2189 4878 2447 4943; x_wconf 90' lang='lat' dir='ltr'><strong>reddant,</strong></span> <span class='ocrx_word' id='word_1_793' title='bbox 2481 4878 2722 4933; x_wconf 89' lang='lat' dir='ltr'><strong>dicendo</strong></span> <span class='ocrx_word' id='word_1_794' title='bbox 2750 4879 2821 4933; x_wconf 91' lang='lat' dir='ltr'><strong>ad</strong></span> <span class='ocrx_word' id='word_1_795' title='bbox 2863 4895 2988 4933; x_wconf 89' lang='lat' dir='ltr'><strong>eos:</strong></span> <span class='ocrx_word' id='word_1_796' title='bbox 3023 4879 3241 4933; x_wconf 88' lang='lat' dir='ltr'><strong>Ululate</strong></span> <span class='ocrx_word' id='word_1_797' title='bbox 3269 4895 3514 4946; x_wconf 91' lang='lat' dir='ltr'><strong>mecum,</strong></span> <span class='ocrx_word' id='word_1_798' title='bbox 3559 4879 3756 4944; x_wconf 90' lang='lat' dir='ltr'><strong>amici,</strong></span> 
     </span>
    </p>
   </div>
   <div class='ocr_carea' id='block_1_112' title="bbox 2051 4966 3759 5039">
    <p class='ocr_par' dir='ltr' id='par_1_112' title="bbox 2051 4966 3759 5039">
     <span class='ocr_line' id='line_1_112' title="bbox 2051 4966 3759 5039; baseline 0.002 -21"><span class='ocrx_word' id='word_1_799' title='bbox 2051 4966 2308 5036; x_wconf 90' lang='lat' dir='ltr'><strong>plangite</strong></span> <span class='ocrx_word' id='word_1_800' title='bbox 2351 4979 2409 5021; x_wconf 82' lang='lat' dir='ltr'><strong>et</strong></span> <span class='ocrx_word' id='word_1_801' title='bbox 2433 4966 2761 5037; x_wconf 84' lang='lat' dir='ltr'><strong>profundite</strong></span> <span class='ocrx_word' id='word_1_802' title='bbox 2789 4968 2976 5022; x_wconf 88' lang='lat' dir='ltr'><strong>fontes</strong></span> <span class='ocrx_word' id='word_1_803' title='bbox 3005 4968 3268 5033; x_wconf 86' lang='lat' dir='ltr'><strong>ﬂetuum,</strong></span> <span class='ocrx_word' id='word_1_804' title='bbox 3305 4984 3418 5021; x_wconf 91' lang='lat' dir='ltr'><strong>non</strong></span> <span class='ocrx_word' id='word_1_805' title='bbox 3456 4967 3590 5039; x_wconf 88' lang='lat' dir='ltr'><strong>quia</strong></span> <span class='ocrx_word' id='word_1_806' title='bbox 3629 4969 3759 5022; x_wconf 86' lang='lat' dir='ltr'><strong>auri</strong></span> 
     </span>
    </p>
   </div>
   <div class='ocr_carea' id='block_1_113' title="bbox 2051 5055 3758 5127">
    <p class='ocr_par' dir='ltr' id='par_1_113' title="bbox 2051 5055 3758 5127">
     <span class='ocr_line' id='line_1_113' title="bbox 2051 5055 3758 5127; baseline 0.002 -20"><span class='ocrx_word' id='word_1_807' title='bbox 2051 5055 2276 5124; x_wconf 90' lang='lat' dir='ltr'><strong>pondus</strong></span> <span class='ocrx_word' id='word_1_808' title='bbox 2340 5055 2706 5121; x_wconf 77' lang='lat' dir='ltr'><strong>immensum,</strong></span> <span class='ocrx_word' id='word_1_809' title='bbox 2757 5073 2863 5110; x_wconf 88' lang='lat' dir='ltr'><strong>nec</strong></span> <span class='ocrx_word' id='word_1_810' title='bbox 2920 5057 3133 5110; x_wconf 85' lang='lat' dir='ltr'><strong>talenta</strong></span> <span class='ocrx_word' id='word_1_811' title='bbox 3205 5055 3329 5110; x_wconf 89' lang='lat' dir='ltr'><strong>auri</strong></span> <span class='ocrx_word' id='word_1_812' title='bbox 3386 5057 3758 5127; x_wconf 87' lang='lat' dir='ltr'><strong>perdiderim,</strong></span> 
     </span>
    </p>
   </div>
   <div class='ocr_carea' id='block_1_114' title="bbox 2053 5142 3758 5214">
    <p class='ocr_par' dir='ltr' id='par_1_114' title="bbox 2053 5142 3758 5214">
     <span class='ocr_line' id='line_1_114' title="bbox 2053 5142 3758 5214; baseline 0.002 -19"><span class='ocrx_word' id='word_1_813' title='bbox 2053 5142 2150 5196; x_wconf 91' lang='lat' dir='ltr'><strong>sed</strong></span> <span class='ocrx_word' id='word_1_814' title='bbox 2173 5143 2308 5212; x_wconf 90' lang='lat' dir='ltr'><strong>quia</strong></span> <span class='ocrx_word' id='word_1_815' title='bbox 2329 5145 2533 5198; x_wconf 92' lang='lat' dir='ltr'><strong>horum</strong></span> <span class='ocrx_word' id='word_1_816' title='bbox 2565 5144 2826 5198; x_wconf 89' lang='lat' dir='ltr'><strong>omnium</strong></span> <span class='ocrx_word' id='word_1_817' title='bbox 2861 5144 3107 5209; x_wconf 88' lang='lat' dir='ltr'><strong>charior,</strong></span> <span class='ocrx_word' id='word_1_818' title='bbox 3135 5149 3192 5198; x_wconf 91' lang='lat' dir='ltr'><strong>et</strong></span> <span class='ocrx_word' id='word_1_819' title='bbox 3231 5144 3390 5197; x_wconf 89' lang='lat' dir='ltr'><strong>omni</strong></span> <span class='ocrx_word' id='word_1_820' title='bbox 3423 5160 3561 5198; x_wconf 90' lang='lat' dir='ltr'><strong>auro</strong></span> <span class='ocrx_word' id='word_1_821' title='bbox 3594 5159 3758 5214; x_wconf 87' lang='lat' dir='ltr'><strong>gem-</strong></span> 
     </span>
    </p>
   </div>
   <div class='ocr_carea' id='block_1_115' title="bbox 2055 5232 3760 5303">
    <p class='ocr_par' dir='ltr' id='par_1_115' title="bbox 2055 5232 3760 5303">
     <span class='ocr_line' id='line_1_115' title="bbox 2055 5232 3760 5303; baseline 0.002 -20"><span class='ocrx_word' id='word_1_822' title='bbox 2055 5247 2299 5296; x_wconf 89' lang='lat' dir='ltr'><strong>marum,</strong></span> <span class='ocrx_word' id='word_1_823' title='bbox 2350 5233 2622 5303; x_wconf 90' lang='lat' dir='ltr'><strong>omnique</strong></span> <span class='ocrx_word' id='word_1_824' title='bbox 2684 5233 2984 5286; x_wconf 90' lang='lat' dir='ltr'><strong>nobilitate</strong></span> <span class='ocrx_word' id='word_1_825' title='bbox 3027 5233 3330 5301; x_wconf 86' lang='lat' dir='ltr'><strong>pretiosior</strong></span> <span class='ocrx_word' id='word_1_826' title='bbox 3384 5232 3622 5297; x_wconf 88' lang='lat' dir='ltr'><strong>amicus,</strong></span> <span class='ocrx_word' id='word_1_827' title='bbox 3663 5249 3760 5286; x_wconf 90' lang='lat' dir='ltr'><strong>ne-</strong></span> 
     </span>
    </p>
   </div>
   <div class='ocr_carea' id='block_1_116' title="bbox 2054 5319 3762 5393">
    <p class='ocr_par' dir='ltr' id='par_1_116' title="bbox 2054 5319 3762 5393">
     <span class='ocr_line' id='line_1_116' title="bbox 2054 5319 3762 5393; baseline 0.002 -20"><span class='ocrx_word' id='word_1_828' title='bbox 2054 5319 2168 5373; x_wconf 92' lang='lat' dir='ltr'><strong>scio</strong></span> <span class='ocrx_word' id='word_1_829' title='bbox 2218 5323 2507 5392; x_wconf 91' lang='lat' dir='ltr'><strong>quomodo</strong></span> <span class='ocrx_word' id='word_1_830' title='bbox 2540 5323 2727 5391; x_wconf 85' lang='lat' dir='ltr'><strong>lapsus</strong></span> <span class='ocrx_word' id='word_1_831' title='bbox 2777 5338 2958 5393; x_wconf 86' lang='lat' dir='ltr'><strong>usque</strong></span> <span class='ocrx_word' id='word_1_832' title='bbox 3007 5322 3066 5374; x_wconf 89' lang='lat' dir='ltr'><strong>in</strong></span> <span class='ocrx_word' id='word_1_833' title='bbox 3114 5322 3304 5392; x_wconf 90' lang='lat' dir='ltr'><strong>ipsum</strong></span> <span class='ocrx_word' id='word_1_834' title='bbox 3355 5322 3538 5376; x_wconf 89' lang='lat' dir='ltr'><strong>fertur</strong></span> <span class='ocrx_word' id='word_1_835' title='bbox 3576 5323 3762 5391; x_wconf 91' lang='lat' dir='ltr'><strong>perdi-</strong></span> 
     </span>
    </p>
   </div>
   <div class='ocr_carea' id='block_1_117' title="bbox 2053 5407 3758 5482">
    <p class='ocr_par' dir='ltr' id='par_1_117' title="bbox 2053 5407 3758 5482">
     <span class='ocr_line' id='line_1_117' title="bbox 2053 5407 3758 5482; baseline 0.002 -20"><span class='ocrx_word' id='word_1_836' title='bbox 2053 5407 2225 5462; x_wconf 87' lang='lat' dir='ltr'><strong>tionis</strong></span> <span class='ocrx_word' id='word_1_837' title='bbox 2280 5410 2646 5480; x_wconf 88' lang='lat' dir='ltr'><strong>profundum.</strong></span> <span class='ocrx_word' id='word_1_838' title='bbox 2730 5411 2855 5466; x_wconf 90' lang='lat' dir='ltr'><strong>Noli</strong></span> <span class='ocrx_word' id='word_1_839' title='bbox 2940 5411 3246 5481; x_wconf 88' lang='lat' dir='ltr'><strong>desperare</strong></span> <span class='ocrx_word' id='word_1_840' title='bbox 3316 5412 3384 5464; x_wconf 84' lang='lat' dir='ltr'><strong>de</strong></span> <span class='ocrx_word' id='word_1_841' title='bbox 3448 5410 3635 5482; x_wconf 90' lang='lat' dir='ltr'><strong>lapsu,</strong></span> <span class='ocrx_word' id='word_1_842' title='bbox 3683 5426 3758 5465; x_wconf 92' lang='lat' dir='ltr'><strong>ne</strong></span> 
     </span>
    </p>
   </div>
   <div class='ocr_carea' id='block_1_118' title="bbox 2055 5489 3752 5570">
    <p class='ocr_par' dir='ltr' id='par_1_118' title="bbox 2055 5489 3752 5570">
     <span class='ocr_line' id='line_1_118' title="bbox 2055 5489 3752 5570; baseline 0.002 -19"><span class='ocrx_word' id='word_1_843' title='bbox 2055 5497 2238 5551; x_wconf 77' lang='lat' dir='ltr'><strong>cadas.</strong></span> <span class='ocrx_word' id='word_1_844' title='bbox 2298 5489 2428 5562; x_wconf 84' lang='lat' dir='ltr'><strong>Qui</strong></span> <span class='ocrx_word' id='word_1_845' title='bbox 2474 5498 2626 5553; x_wconf 91' lang='lat' dir='ltr'><strong>enim</strong></span> <span class='ocrx_word' id='word_1_846' title='bbox 2686 5499 2864 5554; x_wconf 85' lang='lat' dir='ltr'><strong>alium</strong></span> <span class='ocrx_word' id='word_1_847' title='bbox 2922 5500 3204 5570; x_wconf 91' lang='lat' dir='ltr'><strong>desperat,</strong></span> <span class='ocrx_word' id='word_1_848' title='bbox 3282 5499 3453 5553; x_wconf 87' lang='lat' dir='ltr'><strong>habet</strong></span> <span class='ocrx_word' id='word_1_849' title='bbox 3506 5499 3752 5554; x_wconf 90' lang='lat' dir='ltr'><strong>veniam.</strong></span> 
     </span>
    </p>
   </div>
   <div class='ocr_carea' id='block_1_119' title="bbox 2056 5585 3758 5659">
    <p class='ocr_par' dir='ltr' id='par_1_119' title="bbox 2056 5585 3758 5659">
     <span class='ocr_line' id='line_1_119' title="bbox 2056 5585 3758 5659; baseline 0.002 -20"><span class='ocrx_word' id='word_1_850' title='bbox 2056 5585 2164 5650; x_wconf 90' lang='lat' dir='ltr'><strong>Qui</strong></span> <span class='ocrx_word' id='word_1_851' title='bbox 2216 5601 2349 5639; x_wconf 88' lang='lat' dir='ltr'><strong>vero</strong></span> <span class='ocrx_word' id='word_1_852' title='bbox 2409 5585 2796 5658; x_wconf 91' lang='lat' dir='ltr'><strong>desperaverit</strong></span> <span class='ocrx_word' id='word_1_853' title='bbox 2845 5588 3240 5658; x_wconf 88' lang='lat' dir='ltr'><strong>semetipsum,</strong></span> <span class='ocrx_word' id='word_1_854' title='bbox 3310 5587 3552 5654; x_wconf 90' lang='lat' dir='ltr'><strong>nullam,</strong></span> <span class='ocrx_word' id='word_1_855' title='bbox 3620 5588 3758 5659; x_wconf 88' lang='lat' dir='ltr'><strong>quia</strong></span> 
     </span>
    </p>
   </div>
  </div>
