3950 6302
219 327 329 379 993

1073 328 1550 385 DECRETORUM
1594 332 1775 386 LIBRI
1816 332 1921 387 XX.
1964 362 2032 370 —
2076 332 2287 387 LIBER
2326 331 2629 387 DECIMUS
2668 330 2909 388 NONUS.

3628 337 3731 392 994

213 449 312 505 ille
365 466 479 504 non
541 454 626 503 est
691 449 961 504 dominus
1011 450 1220 504 mentis
1269 450 1523 504 alterius.
1574 451 1733 505 Sicut
1783 468 1918 521 ergo
1946 454 1993 507 Α
2032 453 2131 503 aut
2161 452 2353 505 oculos
2383 452 2554 507 audet
2578 453 2857 507 attollere.
2891 453 3123 523 Comple
3152 454 3341 525 legem
3375 455 3530 509 Mosi.
3565 456 3727 510 Ceci-

227 542 289 589 et
316 538 531 602 anima,
565 540 607 590 si
640 538 815 590 semel
851 539 1090 592 salutem
1120 554 1279 592 suam
1331 540 1566 610 caperit
1597 540 1921 610 desperare,

211 626 336 695 jam
368 643 473 679 nec
506 626 778 695 intelligit
818 626 1126 696 quomodo,
1176 628 1262 680 vel
1292 626 1353 681 in
1382 643 1511 699 qua
1544 629 1694 682 mala
1722 628 1923 699 praci-

217 715 437 783 pitetur
464 731 475 767 :
514 714 594 767 ita
624 720 682 768 et
710 714 810 785 qui
850 715 1248 785 desperatione
1282 716 1432 785 capti
1471 721 1625 782 sunt,
1653 716 1924 770 intolera-

214 801 362 855 biles
418 802 586 869 ﬁunt,
640 811 695 856 et
732 819 837 873 per
865 819 1065 858 omnes
1123 805 1359 858 malitia
1406 805 1522 858 vias
1575 805 1920 859 discurrunt.

229 892 501 960 Exsurge,
562 906 823 962 exsurge,
875 909 1092 962 quaso,
1142 893 1538 961 expergiscere
1578 893 1920 964 aliquando:

230 984 289 1032 et
317 979 663 1033 diabolicam
702 981 849 1034 hanc
880 980 1103 1050 depone
1138 981 1558 1035 temulentiam.
1587 984 1756 1036 Parce
1784 999 1922 1036 cun-

230 1067 336 1119 ctis
363 1068 460 1138 qui
492 1084 596 1137 pro
625 1074 725 1121 tua
755 1069 1154 1138 desperatione
1177 1069 1504 1141 desperant,
1540 1087 1608 1123 ne
1640 1076 1843 1141 putent
1864 1087 1923 1125 se

224 1155 378 1209 viam
410 1157 632 1209 virtutis
661 1156 943 1225 incedere,
981 1158 1029 1211 si
1058 1162 1113 1211 te
1144 1158 1214 1212 ad
1263 1175 1392 1212 eam
1432 1158 1643 1213 redisse
1696 1175 1812 1213 non
1842 1159 1920 1213 vi-

225 1239 419 1293 deant.
450 1241 707 1310 Respice,
740 1257 954 1311 quaso,
996 1246 1070 1309 te,
1106 1247 1355 1312 quantus
1377 1258 1529 1296 nunc
1562 1258 1773 1297 maror
1800 1259 1924 1297 om-

225 1328 388 1381 nium
418 1334 745 1382 sanctorum
778 1329 1019 1383 fratrum
1062 1330 1271 1383 habeat
1302 1329 1563 1398 chorum,
1607 1336 1663 1383 et
1709 1336 1922 1399 quanta

222 1416 427 1470 latitia
483 1422 653 1487 atque
709 1418 1011 1471 exsultatio
1074 1417 1385 1472 incredulis
1417 1419 1535 1484 ﬁat,
1593 1426 1921 1489 quantaque

222 1505 304 1557 eis
336 1504 403 1557 ad
454 1504 775 1576 praecipitia
825 1505 1068 1559 luxuria
1111 1506 1397 1560 decrescat
1443 1506 1772 1560 auctoritas.
1812 1507 1921 1559 Nec

223 1590 334 1644 erit
381 1597 507 1661 post
555 1592 675 1646 hac
724 1593 950 1663 aliquis,
1003 1593 1102 1663 qui
1144 1592 1403 1664 quolibet
1448 1594 1608 1665 lapsu
1648 1594 1917 1661 dejectus,

222 1696 336 1732 non
371 1679 560 1733 statim
606 1696 904 1751 resurgere
956 1682 1170 1751 cupiat,
1208 1688 1261 1735 et
1318 1682 1509 1735 statim
1541 1699 1598 1735 se
1654 1698 1919 1752 reparare

226 1766 480 1821 festinet.

222 1874 353 1927 Cap.
380 1874 527 1929 XLV.
564 1904 632 1916 —
666 1876 816 1940 Quod
844 1878 1024 1930 nullus
1056 1893 1090 1930 α
1110 1878 1476 1932 consolatione
1500 1878 1782 1931 vulnerari
1800 1880 1921 1943 fra—

688 1948 788 2000 tris
818 1962 872 2001 se
902 1948 1217 2001 subtrahere
1254 1949 1458 2002 debeat.

299 2034 458 2102 (Item
513 2036 742 2088 Joannes
801 2036 1208 2105 Constantinop.
1263 2036 1339 2089 ad
1392 2035 1632 2089 eumdem
1686 2036 1922 2089 Theodo-

223 2137 348 2174 rum
379 2122 444 2174 de
474 2123 630 2191 lapsu
659 2124 940 2189 Bacharii,
969 2127 1149 2193 capite
1174 2123 1284 2195 60.)
1332 2124 1436 2178 Ubi
1481 2130 1566 2177 est
1609 2124 1927 2179 misericor-

227 2209 323 2264 dia
349 2210 687 2265 Cliristiana
734 2212 1048 2283 religionis,
1083 2229 1253 2283 quam
1290 2213 1562 2283 magister
1614 2219 1806 2267 noster
1836 2230 1923 2266 sa-

228 2298 443 2352 crificio
477 2299 669 2353 docuit
727 2316 851 2353 esse
901 2302 1241 2354 meliorem?
1274 2302 1407 2355 Ecce
1450 2302 1602 2369 jacet
1628 2302 1805 2356 frater
1856 2302 1925 2355 ab

229 2386 393 2440 hoste
460 2404 784 2457 percussus,
830 2390 1017 2444 adhuc
1075 2390 1315 2444 forsitan
1361 2390 1668 2459 palpitans,
1727 2396 1783 2444 et
1826 2407 1927 2443 vos

231 2475 394 2545 quasi
443 2476 565 2529 sine
626 2478 859 2531 vulnere
907 2478 1284 2543 revertimini,
1336 2495 1438 2532 nec
1481 2479 1925 2532 consolationem

227 2566 417 2634 plaga
448 2565 601 2617 illius
632 2566 853 2620 deferre
884 2567 1150 2621 tentatis?
1181 2568 1355 2621 nolite
1406 2583 1526 2621 esse
1576 2567 1697 2620 sine
1726 2567 1924 2621 formi-

233 2652 392 2717 dine,
425 2651 645 2719 fratres,
699 2654 991 2707 fortiorem
1024 2656 1299 2725 percussit
1339 2654 1625 2720 inimicus,
1679 2660 1743 2708 ut
1790 2655 1924 2708 faci-

229 2740 342 2793 lior
372 2740 424 2793 ei
456 2741 640 2794 aditus
672 2748 820 2796 esset
849 2743 917 2796 ad
954 2745 1220 2813 reliquos.
1268 2744 1335 2797 Ut
1368 2744 1502 2813 quid
1545 2759 1681 2813 ergo
1714 2743 1928 2813 sperni-

228 2828 300 2881 tis
334 2831 716 2895 vulneratum,
751 2836 850 2884 aut
887 2832 1031 2884 sicut
1077 2832 1291 2901 putatis
1325 2839 1381 2885 et
1431 2831 1762 2885 mortuum?
1812 2831 1923 2884 Me-

227 2918 341 2971 lior
362 2919 673 2972 concubina
706 2920 837 2974 Saul
886 2919 1005 2973 ﬁlia
1032 2920 1219 2985 Resfa,
1262 2937 1390 2991 qua
1443 2936 1685 2991 corpora
1720 2919 1921 2973 defun-

2031 538 2115 592 dit
2145 540 2338 593 asinus
2370 542 2560 595 fratris
2590 542 2692 595 sub
2724 542 2999 613 pondere,
3043 542 3152 595 hoc
3203 549 3309 608 est,
3363 559 3493 597 caro
3545 545 3729 598 evicta

2032 634 2286 696 peccato,
2320 630 2534 683 acclina
2574 636 2650 695 te,
2698 636 2753 683 et
2783 629 3045 695 humilia,
3080 634 3135 683 et
3165 631 3395 684 subleva
3435 631 3504 684 de
3533 632 3724 685 ruina.

2030 714 2175 777 Quid
2227 717 2511 770 erubescis
2560 718 2833 788 conjungi
2873 717 3094 771 homini
3126 718 3406 788 peccatori
3430 718 3457 772 ?
3491 720 3726 790 Respice

2032 803 2195 858 illum
2225 805 2326 875 qui
2379 806 2559 862 dicit:
2604 807 2727 859 Noli
2771 806 3018 859 nimium
3053 822 3176 859 esse
3219 807 3429 877 justus.
3464 808 3729 877 Magister

2032 899 2226 946 noster
2252 910 2283 946 a
2312 895 2630 949 latronibus
2660 896 3022 948 vulneratum
3066 912 3179 949 non
3231 898 3417 949 solum
3467 913 3603 949 cura
3635 897 3722 950 di-

2031 996 2208 1050 gnum
2265 982 2504 1052 judicat,
2536 999 2735 1037 verum
2785 983 2957 1036 etiam
3007 984 3077 1037 ad
3126 983 3413 1038 stabulum
3455 1001 3621 1039 suum
3677 990 3734 1038 et

2030 1070 2177 1123 ovile
2204 1071 2487 1140 perduxit.
2520 1072 2588 1124 Et
2615 1078 2675 1125 tu
2704 1087 2843 1141 ergo
2884 1072 3087 1141 collige
3119 1072 3355 1125 fratrem
3391 1089 3564 1143 quem
3608 1073 3729 1126 dia-

2029 1158 2192 1212 bolus
2252 1160 2393 1212 latro
2444 1160 2741 1229 percussit.
2790 1160 3077 1229 Consigna
3119 1156 3469 1221 stabulario.
3506 1160 3563 1214 id
3620 1165 3725 1226 est,

2030 1247 2197 1300 beato
2229 1248 2518 1318 episcopo,
2563 1248 2662 1318 qui
2714 1248 2760 1302 si
2804 1248 2941 1319 quid
2973 1249 3030 1302 in
3085 1265 3152 1302 eo
3187 1248 3557 1319 impenderit,
3599 1264 3727 1302 am-

2030 1334 2181 1405 plius
2212 1352 2245 1389 a
2278 1336 2518 1389 Domino
2548 1341 2954 1408 consequetur.

2458 1426 2585 1480 CAP.
2614 1425 2815 1479 XLVII.
2842 1455 2908 1465 —
2929 1428 3001 1479 De
3018 1426 3202 1481 eadem
3223 1442 3299 1479 re.

2101 1514 2247 1584 (Item
2272 1512 2456 1583 idem.)
2494 1513 2862 1582 Evangelicus
2893 1528 3081 1567 sermo
3121 1513 3265 1567 dixit
3301 1530 3313 1567 :
3348 1513 3405 1568 Si
3444 1530 3718 1584 peccave-

2030 1601 2105 1654 rit
2135 1601 2192 1654 in
2225 1607 2278 1654 te
2311 1601 2488 1654 frater
2516 1606 2670 1668 tuus,
2694 1601 2916 1672 corripe
2947 1617 3078 1655 eum
3131 1601 3302 1655 solus.
3354 1602 3411 1655 Si
3442 1608 3496 1655 te
3527 1603 3723 1657 audie-

2032 1689 2123 1755 rit,
2152 1691 2401 1742 lucratus
2422 1706 2481 1742 es
2526 1705 2676 1755 eum,
2711 1694 2766 1742 et
2807 1695 3013 1743 caetera
3066 1706 3195 1759 qua
3237 1690 3492 1745 continet
3539 1707 3728 1744 sermo

2036 1777 2325 1848 pracepti.
2352 1777 2488 1831 Vide
2520 1777 2657 1848 quid
2687 1777 2840 1830 dicit.
2874 1779 2951 1831 Ne
2979 1779 3372 1832 exhilarentur
3416 1778 3517 1832 filii
3552 1780 3725 1833 incir-

2034 1866 2434 1920 cumcisorum.
2468 1866 2591 1920 Filii
2641 1866 2792 1919 enim
2844 1865 3397 1932 incircumcisorum,
3447 1873 3580 1921 sunt
3631 1867 3728 1920 ho-

2034 1954 2217 2007 mines
2248 1953 2463 2021 saeculi,
2512 1953 2568 2006 in
2608 1953 2873 2024 praputii
2908 1953 2994 2006 sui
3044 1970 3257 2019 errore,
3300 1960 3357 2007 et
3413 1955 3727 2023 gentilitate

2034 2042 2304 2095 viventes.
2336 2041 2402 2095 Hi
2429 2057 2566 2111 ergo
2603 2043 3010 2107 exhilarantur,
3042 2040 3181 2096 'cum
3215 2042 3456 2096 audiunt
3500 2044 3730 2098 ruinam

2034 2129 2233 2183 militis
2267 2130 2495 2183 Christi.
2539 2132 2837 2183 Peccatum
2886 2130 3061 2200 igitur
3092 2132 3325 2197 celetur,
3369 2137 3425 2184 et
3469 2132 3731 2186 adhibea-

2033 2220 2127 2269 tur
2175 2216 2521 2269 emendatio.
2570 2217 2683 2269 Nos
2723 2216 2876 2269 enim
2929 2218 3334 2270 consolationis
3371 2218 3726 2285 linteamina,

2036 2311 2091 2359 et
2123 2305 2366 2357 caelestis
2397 2305 2515 2374 spei
2549 2305 2844 2375 pigmenta
2873 2305 3214 2359 tribuamus.
3259 2307 3381 2376 Ipse
3411 2312 3601 2360 autem
3636 2308 3725 2361 in-

2035 2392 2120 2446 fra
2168 2393 2493 2462 sepulcrum
2539 2391 2741 2446 secreti
2800 2393 2888 2445 sui
2927 2393 3215 2447 confessus
3245 2394 3463 2463 {eccati
3508 2394 3726 2464 pudore

2038 2481 2415 2547 contineatur,
2446 2480 2543 2534 ubi
2603 2480 2966 2534 conscientia
3025 2497 3216 2535 verme
3267 2482 3592 2535 laceretur:
3630 2482 3728 2552 qui

1994 2573 2184 2621 .totas
2233 2568 2293 2621 in
2351 2585 2418 2622 eo
2468 2569 2683 2637 obligat
2732 2569 3065 2639 putredines
3103 2574 3485 2639 peccatorum,
3546 2571 3727 2625 donec

2035 2657 2257 2710 nullum
2291 2673 2355 2710 ex
2387 2673 2443 2710 se
2468 2657 2705 2710 fetorem
2736 2656 2901 2711 fama
2933 2657 3116 2728 turpis
3139 2657 3386 2712 emittat.

2426 2745 2555 2799 CAP.
2584 2746 2808 2799 XLVIII.
2844 2777 2909 2785 —
2941 2749 3014 2800 De
3039 2747 3223 2801 eadem
3252 2763 3327 2801 re.

2107 2833 2214 2904 (Ex
2240 2835 2395 2903 epist.
2428 2837 2655 2888 Joannis
2708 2837 3169 2904 Constantinopol.
3222 2836 3295 2889 ad
3347 2836 3725 2908 Theodorum.)

2034 2922 2305 2989 Qualiter,
2338 2938 2496 2993 rogo,
2528 2923 2596 2976 de
2618 2923 3005 2977 misericordia
3040 2924 3267 2978 Domini
3298 2941 3604 2995 possumus
3629 2927 3721 2980 de-

229 3012 455 3061 ctorum
487 3024 629 3078 quos
672 3008 844 3061 David
887 3025 990 3078 pro
1040 3008 1487 3063 Gabaonitarum
1540 3008 1757 3062 ultione
1786 3024 1924 3078 per—
1955 3007 1994 3061 C
2033 3027 2281 3081 sperare,
2306 3012 2403 3082 qui
2438 3012 2608 3066 etiam
2659 3014 3017 3066 Pharaonem
3048 3014 3258 3083 arguit,
3294 3030 3470 3084 quare
3502 3030 3726 3086 nequa—

227 3101 501 3161 cusserat,
544 3112 609 3149 eo
664 3114 842 3168 usque
900 3098 1154 3151 accincta
1216 3114 1399 3165 sacco,
1448 3098 1557 3151 hoc
1583 3103 1665 3150 est
1718 3097 1921 3163 cilicio,

231 3184 550 3251 custodivit,
600 3185 777 3239 donec
825 3186 905 3239 eis
960 3191 1184 3239 roraret
1230 3203 1378 3256 aqua
1405 3187 1473 3239 de
1505 3187 1668 3251 calo,
1702 3185 1760 3238 id
1818 3191 1919 3253 est,

229 3270 415 3323 donec
454 3287 557 3339 pro
590 3272 755 3325 venia
802 3288 999 3325 eorum
1052 3272 1459 3327 misericordia
1502 3273 1744 3327 calestis
1775 3274 1919 3326 scin-

227 3361 352 3415 tilla
393 3363 730 3419 defluxerat.
793 3362 988 3416 Melior
1042 3361 1147 3415 fuit
1201 3363 1296 3416 ille
1342 3363 1513 3417 Judas
1549 3363 1921 3430 Machabaus,

230 3454 329 3523 qui
366 3453 538 3506 etiam
582 3467 684 3521 pro
717 3449 959 3503 mortuis
994 3450 1269 3503 fratribus
1316 3450 1631 3504 orationem
1682 3450 1925 3505 credidit

228 3558 353 3594 esse
393 3539 754 3595 faciendam:
788 3555 929 3608 quos
988 3540 1256 3593 damnata
1304 3539 1374 3593 de
1414 3539 1646 3593 Lamnia
1698 3539 1921 3593 civitate

223 3629 513 3683 idolorum
545 3629 692 3683 dona
723 3632 1168 3696 prostraverant.
1193 3628 1425 3699 thuid,
1468 3645 1628 3699 rogo,
1664 3628 1920 3683 medicus

224 3725 423 3772 noster
449 3717 900 3771 interlibrorum
934 3732 1166 3769 suorum
1215 3717 1430 3771 loculos
1474 3722 1557 3770 tot
1614 3716 1922 3771 constituet

225 3822 441 3877 genera
464 3806 933 3877 pigmentorum?
967 3804 1024 3859 Si
1056 3805 1200 3857 nihil
1234 3811 1319 3859 est
1352 3821 1415 3858 ex
1446 3805 1769 3875 emplastris
1797 3807 1920 3875 ejus

226 3911 340 3965 quo
372 3895 561 3947 sanari
612 3894 790 3963 possit
833 3894 1039 3945 vulnus
1087 3893 1239 3962 quod
1286 3893 1565 3962 percussit
1605 3892 1914 3946 inimicus:

224 3983 344 4036 etsi
376 3984 581 4052 placet,
638 3980 965 4051 aperiamus
1019 3980 1272 4034 scholam
1331 3981 1630 4036 medicina
1684 3985 1914 4048 nostra,

222 4078 277 4124 et
318 4088 351 4124 a
398 4071 683 4141 principio
718 4070 951 4123 canonis
998 4070 1322 4137 vulnerum,
1364 4086 1428 4123 ac
1468 4069 1917 4123 medicaminum

224 4161 440 4229 species
470 4158 889 4230 perquiramus.
928 4158 1061 4211 Ecce
1090 4158 1163 4223 in
1202 4157 1383 4227 ipsius
1425 4158 1667 4212 introitu
1708 4158 1917 4212 schola

2033 3116 2204 3171 quam
2246 3101 2525 3170 poenitere
2568 3102 2834 3172 dignatus
2866 3101 2956 3169 sit,
2992 3101 3231 3157 dicens:
3294 3103 3530 3157 Brachia
3583 3104 3727 3158 Pha-

2031 3188 2225 3241 raonis
2252 3188 2399 3258 regis
2445 3188 2672 3258 Egypti
2712 3189 2973 3255 contrivi,
3014 3194 3071 3243 et
3116 3207 3231 3243 non
3262 3197 3349 3244 est
3389 3192 3727 3261 deprecatus

2030 3280 2094 3329 ut
2122 3276 2356 3329 daretur
2393 3276 2452 3328 in
2501 3293 2568 3329 eo
2614 3277 2847 3345 sanitas,
2881 3282 2938 3330 et
2977 3278 3313 3331 redderetur
3342 3279 3395 3331 ei
3439 3279 3616 3333 virtus
3654 3280 3723 3334 ad

2030 3364 2632 3432 comprehendendum
2691 3363 2969 3434 gladium.
3003 3364 3273 3418 Salomon
3299 3365 3393 3419 ille
3423 3366 3719 3428 mirabilis.

2029 3451 2129 3522 qui
2161 3454 2373 3509 meruit
2404 3453 2644 3507 astitrici
2688 3454 2805 3520 Dei,
2839 3454 2946 3508 hoc
2977 3460 3062 3508 est
3092 3454 3384 3525 sapientia
3417 3456 3515 3510 Dei
3549 3473 3722 3527 copu-

2028 3540 2155 3601 lari,
2185 3541 2245 3594 in
2280 3542 2733 3612 alienigenarum
2762 3542 3000 3596 incurrit
3030 3544 3345 3612 amplexus,
3381 3548 3437 3598 et
3479 3544 3723 3599 vinculis

2027 3628 2281 3683 libidinis
2310 3632 2628 3701 laqueatus,
2680 3630 2853 3684 etiam
2902 3630 3184 3701 sacrilegii
3230 3632 3468 3687 horrore
3506 3650 3564 3686 se
3607 3634 3726 3704 pol-

2026 3717 2179 3772 luit:
2250 3719 2386 3790 quia
2444 3719 2815 3772 simulacrum
2868 3719 3138 3776 Cathmos
3204 3721 3503 3775 Moabitico
3565 3722 3721 3776 idolo

2027 3802 2340 3861 fabricavit.
2395 3805 2501 3860 Sed
2534 3806 2670 3877 quia
2693 3823 2797 3877 per
2830 3807 3225 3878 propheticam
3257 3825 3454 3863 vocem
3492 3812 3718 3881 culpam

2027 3894 2235 3947 erroris
2301 3894 2553 3964 agnovit,
2613 3911 2928 3966 numquam
2995 3895 3400 3952 misericordia
3484 3900 3723 3953 caelestis

2026 3981 2261 4035 extorris
2293 3988 2397 4035 est.
2430 3986 2502 4036 At
2540 3983 2778 4037 forsitan
2800 3984 2953 4037 dicas
2983 4000 2995 4037 :
3031 3985 3093 4037 In
3124 3992 3328 4039 neutro
3359 3986 3721 4042 Testamento

2026 4068 2155 4138 lego
2202 4085 2391 4140 neque
2430 4086 2565 4123 eum
2607 4071 2960 4140 paenituisse,
3022 4088 3209 4142 neque
3268 4073 3721 4130 misericordiam

2025 4164 2417 4211 consecutum.

221 4256 533 4302 occurrunt
563 4248 647 4301 illi
694 4246 929 4301 seminis
987 4246 1230 4299 carnalis
1284 4252 1562 4313 auctores,
1613 4246 1714 4317 qui
1758 4262 1917 4300 vene-
1942 4285 1986 4340 Β
2028 4264 2155 4319 CAP.
2180 4263 2351 4318 Χιιχ,
2380 4291 2446 4301 _
2468 4265 2593 4317 post
2619 4266 2996 4332 pwnitentiam
3023 4268 3288 4321 neminem
3319 4268 3393 4321 ad
3413 4268 3721 4324 clem-catum

223 4342 356 4391 nato
415 4337 696 4406 serpentis
754 4337 923 4390 dente
979 4335 1251 4405 percussi,
1311 4351 1428 4388 non
1480 4335 1671 4388 statim
1728 4350 1913 4405 pana

222 4427 423 4480 mortis
461 4425 673 4480 addicti
719 4430 869 4489 sunt,
912 4424 1008 4477 sed
1060 4424 1223 4493 ejecti
1268 4423 1336 4477 de
1369 4424 1620 4494 paradisi
1673 4424 1912 4491 deliciis,

217 4514 273 4568 id
301 4520 389 4568 est
443 4514 512 4568 de
573 4513 837 4568 Ecclesia
890 4511 1155 4565 libertate
1207 4516 1263 4565 et
1303 4514 1445 4566 sacri
1505 4513 1911 4566 communione

218 4601 548 4656 ministerii.

624 4690 753 4744 CAP.
788 4689 968 4742 XLVI.
1003 4717 1071 4729 —-
1099 4691 1172 4741 De
1210 4688 1399 4743 eadem
1444 4705 1519 4743 re.

290 4780 448 4848 (Itcm
474 4780 755 4847 ejusdem.)
791 4778 950 4832 Unde
986 4776 1142 4830 vides
1174 4776 1309 4847 quia
1338 4777 1419 4829 sic
1462 4777 1676 4847 peccati
1714 4783 1913 4833 conta-

216 4869 387 4938 gione
422 4869 794 4921 maculamur.
856 4866 934 4920 Ne
986 4881 1200 4936 quaso,
1238 4865 1565 4918 beatissime
1598 4865 1759 4933 mihi,
1795 4866 1914 4920 fra-

216 4963 363 5010 trem
397 4962 657 5010 nostrum
685 4957 745 5009 in
774 4954 1127 5025 profundum
1159 4953 1313 5023 putei
1346 4954 1450 5007 sub
1484 4953 1670 5023 iniqui
1699 4953 1909 5024 princi-

216 5046 304 5116 pis
336 5049 614 5115 potestate
647 5044 995 5108 demersum,
1048 5040 1464 5111 desperationis
1504 5042 1793 5111 lapidibus
1816 5043 1912 5097 ob-

217 5150 474 5187 ruamus.
532 5134 833 5187 Imitemur
882 5131 1044 5185 illum
1099 5129 1441 5199 Ethiopem,
1491 5130 1591 5200 qui
1650 5135 1910 5185 sanctum

218 5222 563 5277 Hieremiam
594 5222 655 5275 in
686 5222 808 5274 lacu
842 5219 912 5273 ab
935 5220 1136 5290 iniquo
1169 5234 1301 5288 rege
1320 5219 1665 5283 demersum,
1692 5234 1909 5272 assum-

212 5312 328 5381 ptis
359 5311 487 5366 XXX
514 5309 816 5364 hominum
842 5308 1090 5375 auxiliis,
1126 5312 1181 5361 et
1214 5307 1402 5361 missis
1435 5307 1504 5361 ad
1545 5322 1676 5359 eum
1708 5308 1911 5377 pannis

213 5406 272 5455 et
300 5399 533 5453 funibus
562 5398 852 5453 veteribus
911 5396 1198 5451 liberavit.
1236 5395 1432 5450 Facilis
1474 5411 1545 5447 ne
1576 5398 1695 5447 esto
1745 5394 1812 5446 ad
1841 5394 1909 5446 la-

213 5505 404 5561 psum,
431 5488 773 5559 ruinamque
798 5486 1159 5540 miserorum.
1192 5484 1422 5556 Porrige
1445 5499 1680 5538 manum
1698 5482 1912 5553 jacenti

214 5577 397 5638 fratri,
422 5576 522 5647 qui
570 5576 839 5631 confusus
886 5574 1107 5645 pudore
1136 5573 1374 5644 peccati,
1425 5588 1531 5627 nec
1571 5572 1793 5642 erigere
1827 5586 1906 5638 se,

2661 4335 3079 4390 admittendum.

2096 4423 2203 4494 (Ea:
2233 4423 2375 4477 decr.
2429 4423 2632 4491 Syricii
2682 4439 2860 4493 papa,
2894 4427 3072 4494 capite
3132 4427 3244 4493 14.)
3299 4426 3445 4481 Illud
3489 4444 3717 4500 quoque

2024 4529 2128 4567 nos
2161 4528 2263 4583 par
2292 4511 2401 4565 fuit
2451 4511 2791 4581 pravidere,
2823 4517 2887 4565 ut
2933 4514 3077 4566 sicut
3111 4514 3506 4584 paenitentiam
3548 4534 3719 4588 agere

2024 4602 2293 4672 cuiquam
2353 4616 2466 4653 non
2515 4601 2846 4654 conceditur
2897 4602 3283 4657 clericorum:
3350 4604 3430 4658 ita
3482 4610 3539 4659 et
3592 4613 3721 4677 post

2024 4690 2443 4760 paenitudinem
2511 4704 2574 4742 ac
2650 4689 3193 4758 reconciliationem,
3254 4693 3398 4746 nulli
3461 4710 3716 4765 unquam

2025 4779 2168 4832 laico
2200 4779 2366 4832 liceat
2394 4778 2674 4831 honorem
2719 4778 3015 4831 clericatus
3047 4779 3300 4850 adipsci:
3337 4782 3473 4852 quia
3527 4799 3720 4854 quam-

2025 4866 2107 4919 vis
2146 4867 2260 4920 sint
2298 4866 2559 4921 omnium
2609 4872 2975 4936 peccatorum
3036 4869 3380 4938 contagione
3430 4874 3716 4939 mundati,

2024 4956 2180 5008 nulla
2248 4959 2442 5009 tamen
2497 4955 2707 5010 debent
2767 4957 3150 5025 gerendorum
3225 4965 3715 5015 sacramentorum

2023 5042 2406 5097 instrumenta
2452 5043 2755 5114 suscipere,
2784 5044 2885 5115 qui
2922 5044 3141 5100 dudum
3190 5045 3407 5100 fuerint
3457 5063 3591 5102 vasa
3639 5050 3719 5103 vi-

2021 5131 2254 5185 tiorum.

2023 5234 2163 5307 CAP._
2186 5235 2243 5288 L.
2280 5265 2347 5273 —
2399 5236 2669 5291 Gracibus
2710 5237 3027 5292 criminibus
3075 5239 3367 5307 implicitos
3405 5238 3480 5293 ad
3516 5240 3714 5296 clerum

2091 5305 2383 5372 admissos,
2428 5310 2642 5374 magnis
2697 5323 2906 5376 quoque
2951 5311 3103 5363 vitiis
3155 5305 3431 5365 involutos
3497 5313 3713 5366 clericos

2090 5379 2270 5445 ofﬁcio
2289 5392 2395 5430 non
2416 5384 2603 5444 motos,
2636 5382 2894 5448 comperit
2921 5381 3194 5434 Gelasius.

2093 5484 2207 5551 (Ea:
2232 5482 2377 5536 decr.
2416 5485 2626 5539 Gelasii
2675 5501 2852 5554 papa,
2910 5489 3087 5556 capite
3146 5490 3257 5557 18.)
3315 5488 3715 5560 Comperimus

2021 5571 2216 5641 etiam,
2256 5571 2556 5626 horrendis
2579 5573 2922 5643 quibusdam
2965 5576 3306 5633 criminibus
3365 5578 3709 5650 implicatos,
