  <div class='ocr_page' id='page_1' title='image "/cluster/home/n/w/nwhite01/storage/ocr_20150623/140/umn.31951002477433x/541.png"; bbox 0 0 3950 6310; ppageno 0'>
   <div class='ocr_carea' id='block_1_1' title="bbox 252 331 352 381">
    <p class='ocr_par' dir='ltr' id='par_1_1' title="bbox 252 331 352 381">
     <span class='ocr_line' id='line_1_1' title="bbox 252 331 352 381; baseline 0 -1"><span class='ocrx_word' id='word_1_1' title='bbox 252 331 352 381; x_wconf 76' lang='grc'>995</span> 
     </span>
    </p>
   </div>
   <div class='ocr_carea' id='block_1_2' title="bbox 1327 311 2664 378">
    <p class='ocr_par' dir='ltr' id='par_1_2' title="bbox 1327 311 2664 378">
     <span class='ocr_line' id='line_1_2' title="bbox 1327 311 2664 378; baseline -0.007 -4"><span class='ocrx_word' id='word_1_2' title='bbox 1327 319 1596 378; x_wconf 81' lang='lat' dir='ltr'>BURCHA</span> <span class='ocrx_word' id='word_1_3' title='bbox 1611 318 1726 371; x_wconf 83' lang='lat' dir='ltr'>RDI</span> <span class='ocrx_word' id='word_1_4' title='bbox 1767 316 1923 372; x_wconf 82' lang='lat' dir='ltr'>WOR</span> <span class='ocrx_word' id='word_1_5' title='bbox 1935 314 2294 370; x_wconf 81' lang='lat' dir='ltr'>MACIENSIS</span> <span class='ocrx_word' id='word_1_6' title='bbox 2333 311 2664 367; x_wconf 83' lang='lat' dir='ltr'>EPISCOPI.</span> 
     </span>
    </p>
   </div>
   <div class='ocr_carea' id='block_1_3' title="bbox 3645 314 3752 364">
    <p class='ocr_par' dir='ltr' id='par_1_3' title="bbox 3645 314 3752 364">
     <span class='ocr_line' id='line_1_3' title="bbox 3645 314 3752 364; baseline -0.019 0"><span class='ocrx_word' id='word_1_7' title='bbox 3645 314 3752 364; x_wconf 87' lang='lat'><strong>996</strong></span> 
     </span>
    </p>
   </div>
   <div class='ocr_carea' id='block_1_4' title="bbox 248 434 3753 510">
    <p class='ocr_par' dir='ltr' id='par_1_4' title="bbox 248 434 3753 510">
     <span class='ocr_line' id='line_1_4' title="bbox 248 434 3753 510; baseline -0.003 -11"><span class='ocrx_word' id='word_1_8' title='bbox 248 452 368 500; x_wconf 89' lang='lat' dir='ltr'>tota</span> <span class='ocrx_word' id='word_1_9' title='bbox 393 445 734 500; x_wconf 85' lang='lat' dir='ltr'>discretione</span> <span class='ocrx_word' id='word_1_10' title='bbox 766 447 1071 510; x_wconf 89' lang='lat' dir='ltr'>summota,</span> <span class='ocrx_word' id='word_1_11' title='bbox 1104 458 1218 495; x_wconf 91' lang='lat' dir='ltr'>non</span> <span class='ocrx_word' id='word_1_12' title='bbox 1249 442 1433 494; x_wconf 92' lang='lat' dir='ltr'>solum</span> <span class='ocrx_word' id='word_1_13' title='bbox 1465 441 1532 496; x_wconf 85' lang='lat' dir='ltr'>de</span> <span class='ocrx_word' id='word_1_14' title='bbox 1579 440 1736 493; x_wconf 90' lang='lat' dir='ltr'>factis</span> <span class='ocrx_word' id='word_1_15' title='bbox 1787 445 1934 493; x_wconf 88' lang='lat' dir='ltr'>atro-</span> <span class='ocrx_word' id='word_1_16' title='bbox 1967 442 2012 491; x_wconf 84' lang='lat' dir='ltr'><strong>A</strong></span> <span class='ocrx_word' id='word_1_17' title='bbox 2051 452 2130 504; x_wconf 93' lang='lat' dir='ltr'>re,</span> <span class='ocrx_word' id='word_1_18' title='bbox 2165 442 2263 490; x_wconf 90' lang='lat' dir='ltr'>aut</span> <span class='ocrx_word' id='word_1_19' title='bbox 2296 437 2351 489; x_wconf 91' lang='lat' dir='ltr'>in</span> <span class='ocrx_word' id='word_1_20' title='bbox 2385 436 2534 488; x_wconf 89' lang='lat' dir='ltr'>malo</span> <span class='ocrx_word' id='word_1_21' title='bbox 2592 435 2895 504; x_wconf 82' lang='lat' dir='ltr'>depressus</span> <span class='ocrx_word' id='word_1_22' title='bbox 2944 434 3266 488; x_wconf 87' lang='lat' dir='ltr'>occumbas.</span> <span class='ocrx_word' id='word_1_23' title='bbox 3307 436 3370 488; x_wconf 93' lang='lat' dir='ltr'><strong>In</strong></span> <span class='ocrx_word' id='word_1_24' title='bbox 3430 452 3542 506; x_wconf 90' lang='lat' dir='ltr'>quo</span> <span class='ocrx_word' id='word_1_25' title='bbox 3593 436 3753 489; x_wconf 92' lang='lat' dir='ltr'>enim</span> 
     </span>
    </p>
   </div>
   <div class='ocr_carea' id='block_1_5' title="bbox 249 527 1930 601">
    <p class='ocr_par' dir='ltr' id='par_1_5' title="bbox 249 527 1930 601">
     <span class='ocr_line' id='line_1_5' title="bbox 249 527 1930 601; baseline -0.007 -12"><span class='ocrx_word' id='word_1_26' title='bbox 249 536 411 589; x_wconf 88' lang='lat' dir='ltr'>cibus</span> <span class='ocrx_word' id='word_1_27' title='bbox 469 533 846 588; x_wconf 73' lang='lat' dir='ltr'>necessariam</span> <span class='ocrx_word' id='word_1_28' title='bbox 901 530 1315 601; x_wconf 69' lang='lat' dir='ltr'>paenitudinem</span> <span class='ocrx_word' id='word_1_29' title='bbox 1370 545 1485 582; x_wconf 90' lang='lat' dir='ltr'>non</span> <span class='ocrx_word' id='word_1_30' title='bbox 1547 527 1775 589; x_wconf 88' lang='lat' dir='ltr'>habere,</span> <span class='ocrx_word' id='word_1_31' title='bbox 1837 527 1930 579; x_wconf 91' lang='lat' dir='ltr'>sed</span> 
     </span>
    </p>
   </div>
   <div class='ocr_carea' id='block_1_6' title="bbox 253 614 1936 692">
    <p class='ocr_par' dir='ltr' id='par_1_6' title="bbox 253 614 1936 692">
     <span class='ocr_line' id='line_1_6' title="bbox 253 614 1936 692; baseline -0.006 -16"><span class='ocrx_word' id='word_1_32' title='bbox 253 639 355 676; x_wconf 92' lang='lat' dir='ltr'>nec</span> <span class='ocrx_word' id='word_1_33' title='bbox 387 623 578 692; x_wconf 86' lang='lat' dir='ltr'>aliqua</span> <span class='ocrx_word' id='word_1_34' title='bbox 637 621 999 690; x_wconf 83' lang='lat' dir='ltr'>correptione</span> <span class='ocrx_word' id='word_1_35' title='bbox 1046 619 1272 689; x_wconf 78' lang='lat' dir='ltr'>penitus</span> <span class='ocrx_word' id='word_1_36' title='bbox 1311 617 1664 682; x_wconf 80' lang='lat' dir='ltr'>succedente,</span> <span class='ocrx_word' id='word_1_37' title='bbox 1699 615 1767 668; x_wconf 91' lang='lat' dir='ltr'>ad</span> <span class='ocrx_word' id='word_1_38' title='bbox 1801 614 1936 668; x_wconf 89' lang='lat' dir='ltr'>divi-</span> 
     </span>
    </p>
   </div>
   <div class='ocr_carea' id='block_1_7' title="bbox 253 703 1936 776">
    <p class='ocr_par' dir='ltr' id='par_1_7' title="bbox 253 703 1936 776">
     <span class='ocr_line' id='line_1_7' title="bbox 253 703 1936 776; baseline -0.006 -10"><span class='ocrx_word' id='word_1_39' title='bbox 253 728 392 766; x_wconf 90' lang='lat' dir='ltr'>num</span> <span class='ocrx_word' id='word_1_40' title='bbox 422 710 802 764; x_wconf 84' lang='lat' dir='ltr'>ministerium</span> <span class='ocrx_word' id='word_1_41' title='bbox 835 711 1224 776; x_wconf 83' lang='lat' dir='ltr'>honoremque</span> <span class='ocrx_word' id='word_1_42' title='bbox 1272 705 1634 760; x_wconf 82' lang='lat' dir='ltr'>contendere.</span> <span class='ocrx_word' id='word_1_43' title='bbox 1682 703 1936 758; x_wconf 86' lang='lat' dir='ltr'>Nonnul-</span> 
     </span>
    </p>
   </div>
   <div class='ocr_carea' id='block_1_8' title="bbox 249 792 1940 866">
    <p class='ocr_par' dir='ltr' id='par_1_8' title="bbox 249 792 1940 866">
     <span class='ocr_line' id='line_1_8' title="bbox 249 792 1940 866; baseline -0.008 -13"><span class='ocrx_word' id='word_1_44' title='bbox 249 801 335 854; x_wconf 84' lang='lat' dir='ltr'>los</span> <span class='ocrx_word' id='word_1_45' title='bbox 368 805 559 852; x_wconf 89' lang='lat' dir='ltr'>autem</span> <span class='ocrx_word' id='word_1_46' title='bbox 611 799 667 851; x_wconf 90' lang='lat' dir='ltr'>in</span> <span class='ocrx_word' id='word_1_47' title='bbox 727 797 863 866; x_wconf 85' lang='lat' dir='ltr'>ipsis</span> <span class='ocrx_word' id='word_1_48' title='bbox 913 795 1205 849; x_wconf 86' lang='lat' dir='ltr'>ordinibus</span> <span class='ocrx_word' id='word_1_49' title='bbox 1249 793 1604 860; x_wconf 89' lang='lat' dir='ltr'>constitutos,</span> <span class='ocrx_word' id='word_1_50' title='bbox 1676 792 1940 862; x_wconf 69' lang='lat' dir='ltr'>gravibus</span> 
     </span>
    </p>
   </div>
   <div class='ocr_carea' id='block_1_9' title="bbox 255 881 1934 957">
    <p class='ocr_par' dir='ltr' id='par_1_9' title="bbox 255 881 1934 957">
     <span class='ocr_line' id='line_1_9' title="bbox 255 881 1934 957; baseline -0.005 -17"><span class='ocrx_word' id='word_1_51' title='bbox 255 887 658 957; x_wconf 80' lang='lat' dir='ltr'>delinquentes</span> <span class='ocrx_word' id='word_1_52' title='bbox 679 885 1022 938; x_wconf 80' lang='lat' dir='ltr'>facinoribus</span> <span class='ocrx_word' id='word_1_53' title='bbox 1080 899 1198 936; x_wconf 92' lang='lat' dir='ltr'>non</span> <span class='ocrx_word' id='word_1_54' title='bbox 1257 881 1478 952; x_wconf 85' lang='lat' dir='ltr'>repelli,</span> <span class='ocrx_word' id='word_1_55' title='bbox 1518 895 1647 933; x_wconf 91' lang='lat' dir='ltr'>cum</span> <span class='ocrx_word' id='word_1_56' title='bbox 1692 885 1750 933; x_wconf 93' lang='lat' dir='ltr'>et</span> <span class='ocrx_word' id='word_1_57' title='bbox 1787 883 1934 948; x_wconf 84' lang='lat' dir='ltr'>Apo—</span> 
     </span>
    </p>
   </div>
   <div class='ocr_carea' id='block_1_10' title="bbox 255 969 1943 1040">
    <p class='ocr_par' dir='ltr' id='par_1_10' title="bbox 255 969 1943 1040">
     <span class='ocr_line' id='line_1_10' title="bbox 255 969 1943 1040; baseline -0.005 -11"><span class='ocrx_word' id='word_1_58' title='bbox 255 977 432 1030; x_wconf 91' lang='lat' dir='ltr'>stolus</span> <span class='ocrx_word' id='word_1_59' title='bbox 458 976 661 1029; x_wconf 86' lang='lat' dir='ltr'>clamet</span> <span class='ocrx_word' id='word_1_60' title='bbox 693 991 704 1026; x_wconf 92' lang='lat'>:</span> <span class='ocrx_word' id='word_1_61' title='bbox 739 973 962 1027; x_wconf 86' lang='lat' dir='ltr'>Nemini</span> <span class='ocrx_word' id='word_1_62' title='bbox 1004 972 1114 1025; x_wconf 93' lang='lat' dir='ltr'>cito</span> <span class='ocrx_word' id='word_1_63' title='bbox 1165 987 1370 1024; x_wconf 88' lang='lat' dir='ltr'>manus</span> <span class='ocrx_word' id='word_1_64' title='bbox 1418 969 1813 1040; x_wconf 89' lang='lat' dir='ltr'>imponendas,</span> <span class='ocrx_word' id='word_1_65' title='bbox 1848 984 1943 1022; x_wconf 89' lang='lat' dir='ltr'>ne-</span> 
     </span>
    </p>
   </div>
   <div class='ocr_carea' id='block_1_11' title="bbox 257 1059 1939 1133">
    <p class='ocr_par' dir='ltr' id='par_1_11' title="bbox 257 1059 1939 1133">
     <span class='ocr_line' id='line_1_11' title="bbox 257 1059 1939 1133; baseline -0.005 -16"><span class='ocrx_word' id='word_1_66' title='bbox 257 1080 367 1133; x_wconf 89' lang='lat' dir='ltr'>que</span> <span class='ocrx_word' id='word_1_67' title='bbox 399 1061 936 1116; x_wconf 82' lang='lat' dir='ltr'>communicandum</span> <span class='ocrx_word' id='word_1_68' title='bbox 967 1059 1212 1130; x_wconf 86' lang='lat' dir='ltr'>peccatis</span> <span class='ocrx_word' id='word_1_69' title='bbox 1251 1059 1456 1112; x_wconf 88' lang='lat' dir='ltr'>alienis</span> <span class='ocrx_word' id='word_1_70' title='bbox 1492 1075 1504 1111; x_wconf 88' lang='lat'>:</span> <span class='ocrx_word' id='word_1_71' title='bbox 1543 1063 1598 1112; x_wconf 90' lang='lat' dir='ltr'>et</span> <span class='ocrx_word' id='word_1_72' title='bbox 1655 1059 1939 1127; x_wconf 83' lang='lat' dir='ltr'>majorum</span> 
     </span>
    </p>
   </div>
   <div class='ocr_carea' id='block_1_12' title="bbox 253 1145 1939 1218">
    <p class='ocr_par' dir='ltr' id='par_1_12' title="bbox 253 1145 1939 1218">
     <span class='ocr_line' id='line_1_12' title="bbox 253 1145 1939 1218; baseline -0.004 -14"><span class='ocrx_word' id='word_1_73' title='bbox 253 1151 577 1204; x_wconf 89' lang='lat' dir='ltr'>veneranda</span> <span class='ocrx_word' id='word_1_74' title='bbox 601 1149 906 1202; x_wconf 88' lang='lat' dir='ltr'>constituta</span> <span class='ocrx_word' id='word_1_75' title='bbox 947 1149 1364 1218; x_wconf 86' lang='lat' dir='ltr'>pronuncient;</span> <span class='ocrx_word' id='word_1_76' title='bbox 1395 1146 1728 1217; x_wconf 87' lang='lat' dir='ltr'>hujusmodi</span> <span class='ocrx_word' id='word_1_77' title='bbox 1768 1145 1939 1199; x_wconf 89' lang='lat' dir='ltr'>etiam</span> 
     </span>
    </p>
   </div>
   <div class='ocr_carea' id='block_1_13' title="bbox 255 1236 1943 1308">
    <p class='ocr_par' dir='ltr' id='par_1_13' title="bbox 255 1236 1943 1308">
     <span class='ocr_line' id='line_1_13' title="bbox 255 1236 1943 1308; baseline -0.004 -15"><span class='ocrx_word' id='word_1_78' title='bbox 255 1240 300 1293; x_wconf 88' lang='lat' dir='ltr'>si</span> <span class='ocrx_word' id='word_1_79' title='bbox 327 1241 470 1294; x_wconf 90' lang='lat' dir='ltr'>forte</span> <span class='ocrx_word' id='word_1_80' title='bbox 495 1238 907 1308; x_wconf 84' lang='lat' dir='ltr'>subrepserint,</span> <span class='ocrx_word' id='word_1_81' title='bbox 950 1243 1067 1291; x_wconf 89' lang='lat' dir='ltr'>tam</span> <span class='ocrx_word' id='word_1_82' title='bbox 1109 1237 1206 1307; x_wconf 89' lang='lat' dir='ltr'>qui</span> <span class='ocrx_word' id='word_1_83' title='bbox 1243 1240 1375 1290; x_wconf 89' lang='lat' dir='ltr'>ante</span> <span class='ocrx_word' id='word_1_84' title='bbox 1417 1239 1817 1305; x_wconf 89' lang='lat' dir='ltr'>peccaverunt,</span> <span class='ocrx_word' id='word_1_85' title='bbox 1851 1236 1943 1288; x_wconf 92' lang='lat' dir='ltr'>de-</span> 
     </span>
    </p>
   </div>
   <div class='ocr_carea' id='block_1_14' title="bbox 247 1323 1942 1400">
    <p class='ocr_par' dir='ltr' id='par_1_14' title="bbox 247 1323 1942 1400">
     <span class='ocr_line' id='line_1_14' title="bbox 247 1323 1942 1400; baseline -0.005 -17"><span class='ocrx_word' id='word_1_86' title='bbox 247 1330 428 1400; x_wconf 87' lang='lat' dir='ltr'>jectos</span> <span class='ocrx_word' id='word_1_87' title='bbox 509 1332 775 1396; x_wconf 86' lang='lat' dir='ltr'>oportere</span> <span class='ocrx_word' id='word_1_88' title='bbox 833 1326 1061 1395; x_wconf 87' lang='lat' dir='ltr'>depelli,</span> <span class='ocrx_word' id='word_1_89' title='bbox 1109 1341 1284 1396; x_wconf 90' lang='lat' dir='ltr'>quam</span> <span class='ocrx_word' id='word_1_90' title='bbox 1332 1340 1507 1379; x_wconf 65' lang='lat' dir='ltr'>saera:</span> <span class='ocrx_word' id='word_1_91' title='bbox 1571 1323 1942 1394; x_wconf 85' lang='lat' dir='ltr'>professionis</span> 
     </span>
    </p>
   </div>
   <div class='ocr_carea' id='block_1_15' title="bbox 254 1411 1940 1485">
    <p class='ocr_par' dir='ltr' id='par_1_15' title="bbox 254 1411 1940 1485">
     <span class='ocr_line' id='line_1_15' title="bbox 254 1411 1940 1485; baseline -0.004 -15"><span class='ocrx_word' id='word_1_92' title='bbox 254 1417 462 1470; x_wconf 88' lang='lat' dir='ltr'>oblitos</span> <span class='ocrx_word' id='word_1_93' title='bbox 530 1415 1108 1485; x_wconf 71' lang='lat' dir='ltr'>praevaricatoresque</span> <span class='ocrx_word' id='word_1_94' title='bbox 1167 1414 1342 1468; x_wconf 83' lang='lat' dir='ltr'>sancti</span> <span class='ocrx_word' id='word_1_95' title='bbox 1393 1413 1692 1485; x_wconf 75' lang='lat' dir='ltr'>przepositi</span> <span class='ocrx_word' id='word_1_96' title='bbox 1740 1411 1940 1483; x_wconf 86' lang='lat' dir='ltr'>procul</span> 
     </span>
    </p>
   </div>
   <div class='ocr_carea' id='block_1_16' title="bbox 253 1503 880 1559">
    <p class='ocr_par' dir='ltr' id='par_1_16' title="bbox 253 1503 880 1559">
     <span class='ocr_line' id='line_1_16' title="bbox 253 1503 880 1559; baseline -0.005 0"><span class='ocrx_word' id='word_1_97' title='bbox 253 1505 428 1559; x_wconf 82' lang='lat' dir='ltr'>dubio</span> <span class='ocrx_word' id='word_1_98' title='bbox 445 1503 880 1557; x_wconf 78' lang='lat' dir='ltr'>submovendos.</span> 
     </span>
    </p>
   </div>
   <div class='ocr_carea' id='block_1_17' title="bbox 256 1643 1942 1712">
    <p class='ocr_par' dir='ltr' id='par_1_17' title="bbox 256 1643 1942 1712">
     <span class='ocr_line' id='line_1_17' title="bbox 256 1643 1942 1712; baseline -0.004 -13"><span class='ocrx_word' id='word_1_99' title='bbox 256 1646 382 1699; x_wconf 78' lang='lat' dir='ltr'>CAP.</span> <span class='ocrx_word' id='word_1_100' title='bbox 424 1645 508 1698; x_wconf 90' lang='lat' dir='ltr'><strong>LI.</strong></span> <span class='ocrx_word' id='word_1_101' title='bbox 545 1675 608 1683; x_wconf 91' lang='lat'><strong><em>—</em></strong></span> <span class='ocrx_word' id='word_1_102' title='bbox 658 1647 730 1697; x_wconf 84' lang='lat' dir='ltr'>De</span> <span class='ocrx_word' id='word_1_103' title='bbox 762 1645 870 1696; x_wconf 74' lang='lat' dir='ltr'>illis</span> <span class='ocrx_word' id='word_1_104' title='bbox 900 1645 996 1712; x_wconf 81' lang='lat' dir='ltr'>qui</span> <span class='ocrx_word' id='word_1_105' title='bbox 1044 1644 1156 1696; x_wconf 85' lang='lat' dir='ltr'>loca</span> <span class='ocrx_word' id='word_1_106' title='bbox 1193 1648 1498 1696; x_wconf 83' lang='lat' dir='ltr'>sanctorum</span> <span class='ocrx_word' id='word_1_107' title='bbox 1546 1643 1642 1695; x_wconf 85' lang='lat' dir='ltr'>sub</span> <span class='ocrx_word' id='word_1_108' title='bbox 1677 1646 1942 1711; x_wconf 61' lang='lat' dir='ltr'>prwtea&#39;tu</span> 
     </span>
    </p>
   </div>
   <div class='ocr_carea' id='block_1_18' title="bbox 623 1716 1571 1782">
    <p class='ocr_par' dir='ltr' id='par_1_18' title="bbox 623 1716 1571 1782">
     <span class='ocr_line' id='line_1_18' title="bbox 623 1716 1571 1782; baseline -0.001 -17"><span class='ocrx_word' id='word_1_109' title='bbox 623 1717 902 1778; x_wconf 66' lang='lat' dir='ltr'>religionis</span> <span class='ocrx_word' id='word_1_110' title='bbox 933 1716 1228 1767; x_wconf 79' lang='lat' dir='ltr'>inconsulte</span> <span class='ocrx_word' id='word_1_111' title='bbox 1251 1718 1571 1782; x_wconf 67' lang='lat' dir='ltr'>peragrant.</span> 
     </span>
    </p>
   </div>
   <div class='ocr_carea' id='block_1_19' title="bbox 330 1819 1940 1891">
    <p class='ocr_par' dir='ltr' id='par_1_19' title="bbox 330 1819 1940 1891">
     <span class='ocr_line' id='line_1_19' title="bbox 330 1819 1940 1891; baseline -0.001 -16"><span class='ocrx_word' id='word_1_112' title='bbox 330 1823 447 1891; x_wconf 72' lang='lat' dir='ltr'>(Ea:</span> <span class='ocrx_word' id='word_1_113' title='bbox 477 1821 703 1874; x_wconf 76' lang='lat' dir='ltr'>concilio</span> <span class='ocrx_word' id='word_1_114' title='bbox 734 1821 1030 1885; x_wconf 80' lang='lat' dir='ltr'>Cabillon.,</span> <span class='ocrx_word' id='word_1_115' title='bbox 1059 1821 1146 1872; x_wconf 80' lang='lat' dir='ltr'>cui</span> <span class='ocrx_word' id='word_1_116' title='bbox 1172 1822 1423 1886; x_wconf 75' lang='lat' dir='ltr'>interfuit</span> <span class='ocrx_word' id='word_1_117' title='bbox 1469 1819 1694 1874; x_wconf 83' lang='lat' dir='ltr'>Carolus</span> <span class='ocrx_word' id='word_1_118' title='bbox 1725 1821 1940 1888; x_wconf 81' lang='lat' dir='ltr'>imper.,</span> 
     </span>
    </p>
   </div>
   <div class='ocr_carea' id='block_1_20' title="bbox 258 1907 1946 1980">
    <p class='ocr_par' dir='ltr' id='par_1_20' title="bbox 258 1907 1946 1980">
     <span class='ocr_line' id='line_1_20' title="bbox 258 1907 1946 1980; baseline -0.002 -15"><span class='ocrx_word' id='word_1_119' title='bbox 258 1913 433 1980; x_wconf 78' lang='lat' dir='ltr'>capite</span> <span class='ocrx_word' id='word_1_120' title='bbox 474 1910 589 1976; x_wconf 78' lang='grc'>45.)</span> <span class='ocrx_word' id='word_1_121' title='bbox 637 1909 774 1962; x_wconf 81' lang='lat' dir='ltr'>Nam</span> <span class='ocrx_word' id='word_1_122' title='bbox 838 1914 892 1961; x_wconf 93' lang='lat' dir='ltr'>et</span> <span class='ocrx_word' id='word_1_123' title='bbox 923 1909 1261 1980; x_wconf 87' lang='lat' dir='ltr'>quibusdam</span> <span class='ocrx_word' id='word_1_124' title='bbox 1299 1907 1395 1979; x_wconf 91' lang='lat' dir='ltr'>qui</span> <span class='ocrx_word' id='word_1_125' title='bbox 1451 1908 1712 1977; x_wconf 86' lang='lat' dir='ltr'>Romam,</span> <span class='ocrx_word' id='word_1_126' title='bbox 1762 1909 1946 1962; x_wconf 89' lang='lat' dir='ltr'>Turo-</span> 
     </span>
    </p>
   </div>
   <div class='ocr_carea' id='block_1_21' title="bbox 259 1993 1946 2067">
    <p class='ocr_par' dir='ltr' id='par_1_21' title="bbox 259 1993 1946 2067">
     <span class='ocr_line' id='line_1_21' title="bbox 259 1993 1946 2067; baseline -0.002 -14"><span class='ocrx_word' id='word_1_127' title='bbox 259 2015 485 2063; x_wconf 84' lang='lat' dir='ltr'>numve,</span> <span class='ocrx_word' id='word_1_128' title='bbox 521 2005 576 2050; x_wconf 89' lang='lat' dir='ltr'>et</span> <span class='ocrx_word' id='word_1_129' title='bbox 600 1993 1007 2067; x_wconf 38' lang='lat' dir='ltr'>alia‘quaedam</span> <span class='ocrx_word' id='word_1_130' title='bbox 1059 1998 1180 2051; x_wconf 93' lang='lat' dir='ltr'>loca</span> <span class='ocrx_word' id='word_1_131' title='bbox 1213 1997 1316 2050; x_wconf 93' lang='lat' dir='ltr'>sub</span> <span class='ocrx_word' id='word_1_132' title='bbox 1347 2001 1624 2066; x_wconf 71' lang='lat' dir='ltr'>praetextu</span> <span class='ocrx_word' id='word_1_133' title='bbox 1667 1996 1946 2050; x_wconf 90' lang='lat' dir='ltr'>orationis</span> 
     </span>
    </p>
   </div>
   <div class='ocr_carea' id='block_1_22' title="bbox 257 2085 1945 2157">
    <p class='ocr_par' dir='ltr' id='par_1_22' title="bbox 257 2085 1945 2157">
     <span class='ocr_line' id='line_1_22' title="bbox 257 2085 1945 2157; baseline -0.002 -16"><span class='ocrx_word' id='word_1_134' title='bbox 257 2088 575 2141; x_wconf 80' lang='lat' dir='ltr'>inconsulte</span> <span class='ocrx_word' id='word_1_135' title='bbox 609 2091 915 2157; x_wconf 80' lang='lat' dir='ltr'>peragrant</span> <span class='ocrx_word' id='word_1_136' title='bbox 959 2085 1273 2156; x_wconf 91' lang='lat' dir='ltr'>plurimum</span> <span class='ocrx_word' id='word_1_137' title='bbox 1322 2091 1584 2139; x_wconf 88' lang='lat' dir='ltr'>erratur:</span> <span class='ocrx_word' id='word_1_138' title='bbox 1643 2091 1778 2138; x_wconf 90' lang='lat' dir='ltr'>sunt</span> <span class='ocrx_word' id='word_1_139' title='bbox 1817 2100 1945 2154; x_wconf 89' lang='lat' dir='ltr'>pre-</span> 
     </span>
    </p>
   </div>
   <div class='ocr_carea' id='block_1_23' title="bbox 259 2173 1947 2247">
    <p class='ocr_par' dir='ltr' id='par_1_23' title="bbox 259 2173 1947 2247">
     <span class='ocr_line' id='line_1_23' title="bbox 259 2173 1947 2247; baseline -0.001 -20"><span class='ocrx_word' id='word_1_140' title='bbox 259 2176 468 2247; x_wconf 73' lang='lat' dir='ltr'>sbyteri</span> <span class='ocrx_word' id='word_1_141' title='bbox 498 2182 555 2229; x_wconf 91' lang='lat' dir='ltr'>et</span> <span class='ocrx_word' id='word_1_142' title='bbox 583 2175 867 2237; x_wconf 88' lang='lat' dir='ltr'>diacones,</span> <span class='ocrx_word' id='word_1_143' title='bbox 901 2179 953 2228; x_wconf 90' lang='lat' dir='ltr'>et</span> <span class='ocrx_word' id='word_1_144' title='bbox 987 2175 1178 2228; x_wconf 66' lang='lat' dir='ltr'>caeteri</span> <span class='ocrx_word' id='word_1_145' title='bbox 1220 2174 1279 2227; x_wconf 93' lang='lat' dir='ltr'>in</span> <span class='ocrx_word' id='word_1_146' title='bbox 1313 2175 1463 2228; x_wconf 90' lang='lat' dir='ltr'>clero</span> <span class='ocrx_word' id='word_1_147' title='bbox 1496 2173 1813 2239; x_wconf 78' lang='lat' dir='ltr'>constituti,</span> <span class='ocrx_word' id='word_1_148' title='bbox 1847 2174 1947 2244; x_wconf 92' lang='lat' dir='ltr'>qui</span> 
     </span>
    </p>
   </div>
   <div class='ocr_carea' id='block_1_24' title="bbox 255 2262 1946 2333">
    <p class='ocr_par' dir='ltr' id='par_1_24' title="bbox 255 2262 1946 2333">
     <span class='ocr_line' id='line_1_24' title="bbox 255 2262 1946 2333; baseline -0.003 -15"><span class='ocrx_word' id='word_1_149' title='bbox 255 2265 617 2333; x_wconf 81' lang='lat' dir='ltr'>negligenter</span> <span class='ocrx_word' id='word_1_150' title='bbox 643 2263 892 2316; x_wconf 73' lang='lat' dir='ltr'>viventes</span> <span class='ocrx_word' id='word_1_151' title='bbox 921 2263 979 2315; x_wconf 91' lang='lat' dir='ltr'>in</span> <span class='ocrx_word' id='word_1_152' title='bbox 1011 2279 1078 2316; x_wconf 88' lang='lat' dir='ltr'>eo</span> <span class='ocrx_word' id='word_1_153' title='bbox 1121 2262 1353 2332; x_wconf 87' lang='lat' dir='ltr'>purgari</span> <span class='ocrx_word' id='word_1_154' title='bbox 1382 2278 1440 2315; x_wconf 91' lang='lat' dir='ltr'>se</span> <span class='ocrx_word' id='word_1_155' title='bbox 1487 2279 1517 2316; x_wconf 91' lang='lat' dir='ltr'>a</span> <span class='ocrx_word' id='word_1_156' title='bbox 1563 2262 1809 2332; x_wconf 87' lang='lat' dir='ltr'>peccatis</span> <span class='ocrx_word' id='word_1_157' title='bbox 1841 2278 1946 2331; x_wconf 88' lang='lat' dir='ltr'>pu-</span> 
     </span>
    </p>
   </div>
   <div class='ocr_carea' id='block_1_25' title="bbox 259 2349 1948 2420">
    <p class='ocr_par' dir='ltr' id='par_1_25' title="bbox 259 2349 1948 2420">
     <span class='ocr_line' id='line_1_25' title="bbox 259 2349 1948 2420; baseline -0.002 -15"><span class='ocrx_word' id='word_1_158' title='bbox 259 2358 403 2418; x_wconf 89' lang='lat' dir='ltr'>tant,</span> <span class='ocrx_word' id='word_1_159' title='bbox 432 2357 487 2404; x_wconf 86' lang='lat' dir='ltr'>et</span> <span class='ocrx_word' id='word_1_160' title='bbox 518 2351 833 2404; x_wconf 87' lang='lat' dir='ltr'>ministerio</span> <span class='ocrx_word' id='word_1_161' title='bbox 874 2367 974 2404; x_wconf 93' lang='lat' dir='ltr'>suo</span> <span class='ocrx_word' id='word_1_162' title='bbox 1004 2350 1166 2420; x_wconf 91' lang='lat' dir='ltr'>fungi</span> <span class='ocrx_word' id='word_1_163' title='bbox 1205 2350 1411 2404; x_wconf 86' lang='lat' dir='ltr'>debere</span> <span class='ocrx_word' id='word_1_164' title='bbox 1451 2350 1498 2403; x_wconf 93' lang='lat' dir='ltr'>si</span> <span class='ocrx_word' id='word_1_165' title='bbox 1551 2349 1789 2420; x_wconf 62' lang='lat' dir='ltr'>praefata</span> <span class='ocrx_word' id='word_1_166' title='bbox 1828 2350 1948 2402; x_wconf 92' lang='lat' dir='ltr'>loca</span> 
     </span>
    </p>
   </div>
   <div class='ocr_carea' id='block_1_26' title="bbox 262 2438 1948 2509">
    <p class='ocr_par' dir='ltr' id='par_1_26' title="bbox 262 2438 1948 2509">
     <span class='ocr_line' id='line_1_26' title="bbox 262 2438 1948 2509; baseline -0.003 -14"><span class='ocrx_word' id='word_1_167' title='bbox 262 2440 571 2509; x_wconf 81' lang='lat' dir='ltr'>attingant.</span> <span class='ocrx_word' id='word_1_168' title='bbox 617 2440 759 2493; x_wconf 82' lang='lat' dir='ltr'>Sunt</span> <span class='ocrx_word' id='word_1_169' title='bbox 791 2439 1165 2492; x_wconf 88' lang='lat' dir='ltr'>nihilominus</span> <span class='ocrx_word' id='word_1_170' title='bbox 1197 2438 1324 2493; x_wconf 87' lang='lat' dir='ltr'>laici</span> <span class='ocrx_word' id='word_1_171' title='bbox 1358 2438 1683 2509; x_wconf 89' lang='lat' dir='ltr'>quiputant</span> <span class='ocrx_word' id='word_1_172' title='bbox 1713 2438 1948 2508; x_wconf 88' lang='lat' dir='ltr'>impune</span> 
     </span>
    </p>
   </div>
   <div class='ocr_carea' id='block_1_27' title="bbox 258 2527 1946 2600">
    <p class='ocr_par' dir='ltr' id='par_1_27' title="bbox 258 2527 1946 2600">
     <span class='ocr_line' id='line_1_27' title="bbox 258 2527 1946 2600; baseline -0.001 -18"><span class='ocrx_word' id='word_1_173' title='bbox 258 2546 336 2595; x_wconf 91' lang='lat' dir='ltr'>sc,</span> <span class='ocrx_word' id='word_1_174' title='bbox 368 2535 467 2581; x_wconf 88' lang='lat' dir='ltr'>aut</span> <span class='ocrx_word' id='word_1_175' title='bbox 501 2544 752 2600; x_wconf 83' lang='lat' dir='ltr'>peccare,</span> <span class='ocrx_word' id='word_1_176' title='bbox 801 2533 898 2581; x_wconf 88' lang='lat' dir='ltr'>aut</span> <span class='ocrx_word' id='word_1_177' title='bbox 955 2543 1214 2599; x_wconf 89' lang='lat' dir='ltr'>peccasse</span> <span class='ocrx_word' id='word_1_178' title='bbox 1246 2544 1258 2581; x_wconf 90' lang='lat'>:</span> <span class='ocrx_word' id='word_1_179' title='bbox 1325 2528 1462 2598; x_wconf 88' lang='lat' dir='ltr'>quia</span> <span class='ocrx_word' id='word_1_180' title='bbox 1491 2527 1612 2581; x_wconf 67' lang='lat' dir='ltr'>haec</span> <span class='ocrx_word' id='word_1_181' title='bbox 1671 2528 1793 2581; x_wconf 90' lang='lat' dir='ltr'>loca</span> <span class='ocrx_word' id='word_1_182' title='bbox 1822 2544 1946 2580; x_wconf 87' lang='lat' dir='ltr'>ora-</span> 
     </span>
    </p>
   </div>
   <div class='ocr_carea' id='block_1_28' title="bbox 259 2615 1945 2687">
    <p class='ocr_par' dir='ltr' id='par_1_28' title="bbox 259 2615 1945 2687">
     <span class='ocr_line' id='line_1_28' title="bbox 259 2615 1945 2687; baseline -0.002 -16"><span class='ocrx_word' id='word_1_183' title='bbox 259 2618 390 2681; x_wconf 89' lang='lat' dir='ltr'>turi,</span> <span class='ocrx_word' id='word_1_184' title='bbox 424 2618 810 2687; x_wconf 84' lang='lat' dir='ltr'>frequentant.</span> <span class='ocrx_word' id='word_1_185' title='bbox 852 2616 997 2670; x_wconf 88' lang='lat' dir='ltr'>Sunt</span> <span class='ocrx_word' id='word_1_186' title='bbox 1027 2617 1261 2686; x_wconf 89' lang='lat' dir='ltr'>quidam</span> <span class='ocrx_word' id='word_1_187' title='bbox 1293 2621 1595 2687; x_wconf 88' lang='lat' dir='ltr'>potentum</span> <span class='ocrx_word' id='word_1_188' title='bbox 1628 2615 1728 2686; x_wconf 91' lang='lat' dir='ltr'>qui</span> <span class='ocrx_word' id='word_1_189' title='bbox 1753 2615 1945 2685; x_wconf 91' lang='lat' dir='ltr'>acqui-</span> 
     </span>
    </p>
   </div>
   <div class='ocr_carea' id='block_1_29' title="bbox 258 2705 1949 2775">
    <p class='ocr_par' dir='ltr' id='par_1_29' title="bbox 258 2705 1949 2775">
     <span class='ocr_line' id='line_1_29' title="bbox 258 2705 1949 2775; baseline -0.001 -16"><span class='ocrx_word' id='word_1_190' title='bbox 258 2707 424 2760; x_wconf 88' lang='lat' dir='ltr'>rendi</span> <span class='ocrx_word' id='word_1_191' title='bbox 454 2723 656 2760; x_wconf 87' lang='lat' dir='ltr'>census</span> <span class='ocrx_word' id='word_1_192' title='bbox 712 2705 894 2774; x_wconf 89' lang='lat' dir='ltr'>gratia</span> <span class='ocrx_word' id='word_1_193' title='bbox 928 2705 1032 2758; x_wconf 91' lang='lat' dir='ltr'>sub</span> <span class='ocrx_word' id='word_1_194' title='bbox 1067 2711 1341 2775; x_wconf 83' lang='lat' dir='ltr'>praetextu</span> <span class='ocrx_word' id='word_1_195' title='bbox 1377 2705 1638 2771; x_wconf 83' lang='lat' dir='ltr'>Romani,</span> <span class='ocrx_word' id='word_1_196' title='bbox 1674 2705 1786 2757; x_wconf 88' lang='lat' dir='ltr'>sive</span> <span class='ocrx_word' id='word_1_197' title='bbox 1839 2705 1949 2758; x_wconf 92' lang='lat' dir='ltr'>Tu-</span> 
     </span>
    </p>
   </div>
   <div class='ocr_carea' id='block_1_30' title="bbox 259 2793 1949 2865">
    <p class='ocr_par' dir='ltr' id='par_1_30' title="bbox 259 2793 1949 2865">
     <span class='ocr_line' id='line_1_30' title="bbox 259 2793 1949 2865; baseline -0.003 -15"><span class='ocrx_word' id='word_1_198' title='bbox 259 2795 438 2850; x_wconf 90' lang='lat' dir='ltr'>ronici</span> <span class='ocrx_word' id='word_1_199' title='bbox 479 2795 699 2848; x_wconf 89' lang='lat' dir='ltr'>itineris</span> <span class='ocrx_word' id='word_1_200' title='bbox 747 2796 927 2848; x_wconf 91' lang='lat' dir='ltr'>multa</span> <span class='ocrx_word' id='word_1_201' title='bbox 995 2795 1318 2865; x_wconf 83' lang='lat' dir='ltr'>acquirunt,</span> <span class='ocrx_word' id='word_1_202' title='bbox 1362 2793 1573 2847; x_wconf 89' lang='lat' dir='ltr'>multos</span> <span class='ocrx_word' id='word_1_203' title='bbox 1630 2809 1949 2864; x_wconf 87' lang='lat' dir='ltr'>pauperum</span> 
     </span>
    </p>
   </div>
   <div class='ocr_carea' id='block_1_31' title="bbox 261 2882 1952 2954">
    <p class='ocr_par' dir='ltr' id='par_1_31' title="bbox 261 2882 1952 2954">
     <span class='ocr_line' id='line_1_31' title="bbox 261 2882 1952 2954; baseline -0.002 -16"><span class='ocrx_word' id='word_1_204' title='bbox 261 2885 618 2954; x_wconf 86' lang='lat' dir='ltr'>opprimunt,</span> <span class='ocrx_word' id='word_1_205' title='bbox 647 2889 703 2934; x_wconf 89' lang='lat' dir='ltr'>et</span> <span class='ocrx_word' id='word_1_206' title='bbox 750 2883 896 2952; x_wconf 91' lang='lat' dir='ltr'>quod</span> <span class='ocrx_word' id='word_1_207' title='bbox 929 2883 1045 2935; x_wconf 86' lang='lat' dir='ltr'>sola</span> <span class='ocrx_word' id='word_1_208' title='bbox 1103 2883 1412 2952; x_wconf 87' lang='lat' dir='ltr'>cupiditate</span> <span class='ocrx_word' id='word_1_209' title='bbox 1454 2883 1688 2949; x_wconf 85' lang='lat' dir='ltr'>faciunt,</span> <span class='ocrx_word' id='word_1_210' title='bbox 1748 2882 1952 2936; x_wconf 88' lang='lat' dir='ltr'>oratio-</span> 
     </span>
    </p>
   </div>
   <div class='ocr_carea' id='block_1_32' title="bbox 2049 523 3564 595">
    <p class='ocr_par' dir='ltr' id='par_1_32' title="bbox 2049 523 3564 595">
     <span class='ocr_line' id='line_1_32' title="bbox 2049 523 3564 595; baseline -0.001 -17"><span class='ocrx_word' id='word_1_211' title='bbox 2049 541 2221 595; x_wconf 92' lang='lat' dir='ltr'>opere</span> <span class='ocrx_word' id='word_1_212' title='bbox 2251 524 2424 577; x_wconf 89' lang='lat' dir='ltr'>fuerit</span> <span class='ocrx_word' id='word_1_213' title='bbox 2452 524 2624 578; x_wconf 87' lang='lat' dir='ltr'>homo</span> <span class='ocrx_word' id='word_1_214' title='bbox 2655 523 2976 593; x_wconf 87' lang='lat' dir='ltr'>depressus,</span> <span class='ocrx_word' id='word_1_215' title='bbox 3011 523 3069 576; x_wconf 91' lang='lat' dir='ltr'>in</span> <span class='ocrx_word' id='word_1_216' title='bbox 3102 539 3170 576; x_wconf 93' lang='lat' dir='ltr'>eo</span> <span class='ocrx_word' id='word_1_217' title='bbox 3192 523 3564 593; x_wconf 89' lang='lat' dir='ltr'>judicabitur.</span> 
     </span>
    </p>
   </div>
   <div class='ocr_carea' id='block_1_33' title="bbox 2088 635 3719 704">
    <p class='ocr_par' dir='ltr' id='par_1_33' title="bbox 2088 635 3719 704">
     <span class='ocr_line' id='line_1_33' title="bbox 2088 635 3719 704; baseline -0.002 -12"><span class='ocrx_word' id='word_1_218' title='bbox 2088 640 2215 692; x_wconf 79' lang='lat' dir='ltr'>CAP.</span> <span class='ocrx_word' id='word_1_219' title='bbox 2251 638 2386 692; x_wconf 91' lang='lat' dir='ltr'><strong>LIII.</strong></span> <span class='ocrx_word' id='word_1_220' title='bbox 2435 667 2500 675; x_wconf 94' lang='lat'><strong>—</strong></span> <span class='ocrx_word' id='word_1_221' title='bbox 2553 639 2618 690; x_wconf 90' lang='lat' dir='ltr'>Ut</span> <span class='ocrx_word' id='word_1_222' title='bbox 2649 636 2863 704; x_wconf 85' lang='lat' dir='ltr'>justum</span> <span class='ocrx_word' id='word_1_223' title='bbox 2927 637 3000 689; x_wconf 79' lang='lat' dir='ltr'>sit</span> <span class='ocrx_word' id='word_1_224' title='bbox 3057 637 3203 689; x_wconf 78' lang='lat' dir='ltr'>omni</span> <span class='ocrx_word' id='word_1_225' title='bbox 3254 636 3457 690; x_wconf 75' lang='lat' dir='ltr'>homini</span> <span class='ocrx_word' id='word_1_226' title='bbox 3486 635 3633 704; x_wconf 83' lang='lat' dir='ltr'>quod</span> <span class='ocrx_word' id='word_1_227' title='bbox 3659 649 3719 688; x_wconf 90' lang='lat' dir='ltr'>se</span> 
     </span>
    </p>
   </div>
   <div class='ocr_carea' id='block_1_34' title="bbox 2704 706 3085 775">
    <p class='ocr_par' dir='ltr' id='par_1_34' title="bbox 2704 706 3085 775">
     <span class='ocr_line' id='line_1_34' title="bbox 2704 706 3085 775; baseline 0.003 -16"><span class='ocrx_word' id='word_1_228' title='bbox 2704 706 3085 775; x_wconf 81' lang='lat' dir='ltr'>reprehendat.</span> 
     </span>
    </p>
   </div>
   <div class='ocr_carea' id='block_1_35' title="bbox 2123 811 3754 886">
    <p class='ocr_par' dir='ltr' id='par_1_35' title="bbox 2123 811 3754 886">
     <span class='ocr_line' id='line_1_35' title="bbox 2123 811 3754 886; baseline -0.004 -16"><span class='ocrx_word' id='word_1_229' title='bbox 2123 817 2227 886; x_wconf 72' lang='lat' dir='ltr'>(Em</span> <span class='ocrx_word' id='word_1_230' title='bbox 2261 816 2421 869; x_wconf 78' lang='lat' dir='ltr'>dictis</span> <span class='ocrx_word' id='word_1_231' title='bbox 2451 816 2662 869; x_wconf 82' lang='lat' dir='ltr'>Pimem’</span> <span class='ocrx_word' id='word_1_232' title='bbox 2704 813 2994 882; x_wconf 85' lang='lat' dir='ltr'>cujusdam</span> <span class='ocrx_word' id='word_1_233' title='bbox 3031 812 3313 882; x_wconf 72' lang='lat' dir='ltr'>eremitae.)</span> <span class='ocrx_word' id='word_1_234' title='bbox 3342 812 3580 877; x_wconf 87' lang='lat' dir='ltr'>Quidam</span> <span class='ocrx_word' id='word_1_235' title='bbox 3637 811 3754 864; x_wconf 89' lang='lat' dir='ltr'>fra-</span> 
     </span>
    </p>
   </div>
   <div class='ocr_carea' id='block_1_36' title="bbox 2051 900 3748 975">
    <p class='ocr_par' dir='ltr' id='par_1_36' title="bbox 2051 900 3748 975">
     <span class='ocr_line' id='line_1_36' title="bbox 2051 900 3748 975; baseline -0.004 -16"><span class='ocrx_word' id='word_1_236' title='bbox 2051 913 2137 960; x_wconf 90' lang='lat' dir='ltr'>ter</span> <span class='ocrx_word' id='word_1_237' title='bbox 2166 903 2462 975; x_wconf 87' lang='lat' dir='ltr'>requisivit</span> <span class='ocrx_word' id='word_1_238' title='bbox 2492 903 2756 956; x_wconf 86' lang='lat' dir='ltr'>abbatem</span> <span class='ocrx_word' id='word_1_239' title='bbox 2816 903 3132 968; x_wconf 87' lang='lat' dir='ltr'>Pimenem,</span> <span class='ocrx_word' id='word_1_240' title='bbox 3175 902 3368 956; x_wconf 89' lang='lat' dir='ltr'>dicens</span> <span class='ocrx_word' id='word_1_241' title='bbox 3402 918 3413 954; x_wconf 94' lang='lat'>:</span> <span class='ocrx_word' id='word_1_242' title='bbox 3441 900 3589 965; x_wconf 84' lang='lat' dir='ltr'>Quid</span> <span class='ocrx_word' id='word_1_243' title='bbox 3639 905 3748 964; x_wconf 90' lang='lat' dir='ltr'>est,</span> 
     </span>
    </p>
   </div>
   <div class='ocr_carea' id='block_1_37' title="bbox 2048 989 3752 1064">
    <p class='ocr_par' dir='ltr' id='par_1_37' title="bbox 2048 989 3752 1064">
     <span class='ocr_line' id='line_1_37' title="bbox 2048 989 3752 1064; baseline -0.003 -17"><span class='ocrx_word' id='word_1_244' title='bbox 2048 998 2230 1064; x_wconf 90' lang='lat' dir='ltr'>pater,</span> <span class='ocrx_word' id='word_1_245' title='bbox 2268 992 2419 1063; x_wconf 92' lang='lat' dir='ltr'>quod</span> <span class='ocrx_word' id='word_1_246' title='bbox 2453 992 2590 1046; x_wconf 89' lang='lat' dir='ltr'>dicit</span> <span class='ocrx_word' id='word_1_247' title='bbox 2618 992 2920 1062; x_wconf 84' lang='lat' dir='ltr'>Apostolus</span> <span class='ocrx_word' id='word_1_248' title='bbox 2953 1007 2964 1045; x_wconf 93' lang='lat'>:</span> <span class='ocrx_word' id='word_1_249' title='bbox 2994 991 3201 1046; x_wconf 90' lang='lat' dir='ltr'>Omnia</span> <span class='ocrx_word' id='word_1_250' title='bbox 3233 991 3450 1045; x_wconf 90' lang='lat' dir='ltr'>munda</span> <span class='ocrx_word' id='word_1_251' title='bbox 3477 989 3752 1044; x_wconf 87' lang='lat' dir='ltr'>mundis?</span> 
     </span>
    </p>
   </div>
   <div class='ocr_carea' id='block_1_38' title="bbox 2048 1080 3750 1151">
    <p class='ocr_par' dir='ltr' id='par_1_38' title="bbox 2048 1080 3750 1151">
     <span class='ocr_line' id='line_1_38' title="bbox 2048 1080 3750 1151; baseline -0.003 -15"><span class='ocrx_word' id='word_1_252' title='bbox 2048 1085 2121 1136; x_wconf 83' lang='lat' dir='ltr'>At</span> <span class='ocrx_word' id='word_1_253' title='bbox 2149 1083 2244 1136; x_wconf 92' lang='lat' dir='ltr'>ille</span> <span class='ocrx_word' id='word_1_254' title='bbox 2274 1082 2415 1136; x_wconf 86' lang='lat' dir='ltr'>dixit</span> <span class='ocrx_word' id='word_1_255' title='bbox 2445 1081 2496 1134; x_wconf 91' lang='lat' dir='ltr'>ei</span> <span class='ocrx_word' id='word_1_256' title='bbox 2529 1098 2542 1134; x_wconf 93' lang='lat'>:</span> <span class='ocrx_word' id='word_1_257' title='bbox 2573 1080 2631 1135; x_wconf 93' lang='lat' dir='ltr'>Si</span> <span class='ocrx_word' id='word_1_258' title='bbox 2684 1080 2813 1151; x_wconf 90' lang='lat' dir='ltr'>quis</span> <span class='ocrx_word' id='word_1_259' title='bbox 2861 1080 2931 1134; x_wconf 90' lang='lat' dir='ltr'>ad</span> <span class='ocrx_word' id='word_1_260' title='bbox 2963 1080 3116 1134; x_wconf 91' lang='lat' dir='ltr'>hunc</span> <span class='ocrx_word' id='word_1_261' title='bbox 3163 1096 3486 1134; x_wconf 88' lang='lat' dir='ltr'>sermonem</span> <span class='ocrx_word' id='word_1_262' title='bbox 3537 1094 3750 1149; x_wconf 86' lang='lat' dir='ltr'>perve-</span> 
     </span>
    </p>
   </div>
   <div class='ocr_carea' id='block_1_39' title="bbox 2046 1168 3752 1242">
    <p class='ocr_par' dir='ltr' id='par_1_39' title="bbox 2046 1168 3752 1242">
     <span class='ocr_line' id='line_1_39' title="bbox 2046 1168 3752 1242; baseline -0.003 -17"><span class='ocrx_word' id='word_1_263' title='bbox 2046 1171 2170 1225; x_wconf 88' lang='lat' dir='ltr'>nire</span> <span class='ocrx_word' id='word_1_264' title='bbox 2201 1170 2470 1242; x_wconf 82' lang='lat' dir='ltr'>potuerit,</span> <span class='ocrx_word' id='word_1_265' title='bbox 2514 1174 2579 1224; x_wconf 89' lang='lat' dir='ltr'>ut</span> <span class='ocrx_word' id='word_1_266' title='bbox 2602 1185 2736 1223; x_wconf 91' lang='lat' dir='ltr'>eum</span> <span class='ocrx_word' id='word_1_267' title='bbox 2768 1169 3071 1240; x_wconf 88' lang='lat' dir='ltr'>intelligat,</span> <span class='ocrx_word' id='word_1_268' title='bbox 3119 1169 3338 1222; x_wconf 89' lang='lat' dir='ltr'>videbit</span> <span class='ocrx_word' id='word_1_269' title='bbox 3369 1184 3427 1221; x_wconf 90' lang='lat' dir='ltr'>se</span> <span class='ocrx_word' id='word_1_270' title='bbox 3458 1168 3752 1222; x_wconf 87' lang='lat' dir='ltr'>minorem</span> 
     </span>
    </p>
   </div>
   <div class='ocr_carea' id='block_1_40' title="bbox 2048 1257 3756 1328">
    <p class='ocr_par' dir='ltr' id='par_1_40' title="bbox 2048 1257 3756 1328">
     <span class='ocr_line' id='line_1_40' title="bbox 2048 1257 3756 1328; baseline -0.003 -15"><span class='ocrx_word' id='word_1_271' title='bbox 2048 1276 2169 1314; x_wconf 88' lang='lat' dir='ltr'>esse</span> <span class='ocrx_word' id='word_1_272' title='bbox 2193 1260 2366 1313; x_wconf 86' lang='lat' dir='ltr'>totius</span> <span class='ocrx_word' id='word_1_273' title='bbox 2406 1263 2702 1312; x_wconf 77' lang='lat' dir='ltr'>creaturae.</span> <span class='ocrx_word' id='word_1_274' title='bbox 2755 1257 2856 1312; x_wconf 89' lang='lat' dir='ltr'>Cui</span> <span class='ocrx_word' id='word_1_275' title='bbox 2888 1257 3106 1311; x_wconf 88' lang='lat' dir='ltr'>frater:</span> <span class='ocrx_word' id='word_1_276' title='bbox 3168 1258 3232 1310; x_wconf 88' lang='lat' dir='ltr'>Et</span> <span class='ocrx_word' id='word_1_277' title='bbox 3282 1257 3572 1328; x_wconf 91' lang='lat' dir='ltr'>quomodo</span> <span class='ocrx_word' id='word_1_278' title='bbox 3622 1272 3756 1326; x_wconf 85' lang='lat' dir='ltr'>pos-</span> 
     </span>
    </p>
   </div>
   <div class='ocr_carea' id='block_1_41' title="bbox 2050 1345 3757 1416">
    <p class='ocr_par' dir='ltr' id='par_1_41' title="bbox 2050 1345 3757 1416">
     <span class='ocr_line' id='line_1_41' title="bbox 2050 1345 3757 1416; baseline -0.002 -14"><span class='ocrx_word' id='word_1_279' title='bbox 2050 1365 2177 1402; x_wconf 91' lang='lat' dir='ltr'>sum</span> <span class='ocrx_word' id='word_1_280' title='bbox 2210 1348 2492 1402; x_wconf 90' lang='lat' dir='ltr'>minorem</span> <span class='ocrx_word' id='word_1_281' title='bbox 2551 1363 2640 1400; x_wconf 89' lang='lat' dir='ltr'>me</span> <span class='ocrx_word' id='word_1_282' title='bbox 2693 1347 2885 1401; x_wconf 85' lang='lat' dir='ltr'>videre</span> <span class='ocrx_word' id='word_1_283' title='bbox 2917 1347 2986 1400; x_wconf 90' lang='lat' dir='ltr'>ab</span> <span class='ocrx_word' id='word_1_284' title='bbox 3031 1362 3098 1400; x_wconf 93' lang='lat' dir='ltr'>eo</span> <span class='ocrx_word' id='word_1_285' title='bbox 3154 1345 3254 1416; x_wconf 92' lang='lat' dir='ltr'>qui</span> <span class='ocrx_word' id='word_1_286' title='bbox 3311 1345 3598 1400; x_wconf 88' lang='lat' dir='ltr'>homicida</span> <span class='ocrx_word' id='word_1_287' title='bbox 3627 1345 3757 1398; x_wconf 76' lang='lat' dir='ltr'>est?</span> 
     </span>
    </p>
   </div>
   <div class='ocr_carea' id='block_1_42' title="bbox 2050 1435 3756 1507">
    <p class='ocr_par' dir='ltr' id='par_1_42' title="bbox 2050 1435 3756 1507">
     <span class='ocr_line' id='line_1_42' title="bbox 2050 1435 3756 1507; baseline -0.001 -17"><span class='ocrx_word' id='word_1_288' title='bbox 2050 1437 2363 1507; x_wconf 84' lang='lat' dir='ltr'>Respondit</span> <span class='ocrx_word' id='word_1_289' title='bbox 2388 1452 2557 1490; x_wconf 86' lang='lat' dir='ltr'>senex</span> <span class='ocrx_word' id='word_1_290' title='bbox 2585 1452 2599 1491; x_wconf 92' lang='lat'>:</span> <span class='ocrx_word' id='word_1_291' title='bbox 2631 1436 2688 1490; x_wconf 91' lang='lat' dir='ltr'>Si</span> <span class='ocrx_word' id='word_1_292' title='bbox 2743 1435 2996 1506; x_wconf 91' lang='lat' dir='ltr'>potuerit</span> <span class='ocrx_word' id='word_1_293' title='bbox 3025 1436 3197 1490; x_wconf 90' lang='lat' dir='ltr'>homo</span> <span class='ocrx_word' id='word_1_294' title='bbox 3236 1435 3308 1489; x_wconf 90' lang='lat' dir='ltr'>ad</span> <span class='ocrx_word' id='word_1_295' title='bbox 3338 1435 3490 1489; x_wconf 89' lang='lat' dir='ltr'>hunc</span> <span class='ocrx_word' id='word_1_296' title='bbox 3535 1450 3756 1488; x_wconf 89' lang='lat' dir='ltr'>sermo-</span> 
     </span>
    </p>
   </div>
   <div class='ocr_carea' id='block_1_43' title="bbox 2049 1524 3755 1596">
    <p class='ocr_par' dir='ltr' id='par_1_43' title="bbox 2049 1524 3755 1596">
     <span class='ocr_line' id='line_1_43' title="bbox 2049 1524 3755 1596; baseline -0.001 -17"><span class='ocrx_word' id='word_1_297' title='bbox 2049 1541 2182 1579; x_wconf 89' lang='lat' dir='ltr'>nem</span> <span class='ocrx_word' id='word_1_298' title='bbox 2232 1525 2489 1595; x_wconf 80' lang='lat' dir='ltr'>Apostoli</span> <span class='ocrx_word' id='word_1_299' title='bbox 2547 1525 2863 1596; x_wconf 87' lang='lat' dir='ltr'>pervenire,</span> <span class='ocrx_word' id='word_1_300' title='bbox 2920 1528 2975 1578; x_wconf 91' lang='lat' dir='ltr'>et</span> <span class='ocrx_word' id='word_1_301' title='bbox 3030 1524 3238 1578; x_wconf 90' lang='lat' dir='ltr'>viderit</span> <span class='ocrx_word' id='word_1_302' title='bbox 3283 1524 3579 1578; x_wconf 86' lang='lat' dir='ltr'>hominem</span> <span class='ocrx_word' id='word_1_303' title='bbox 3647 1524 3755 1594; x_wconf 91' lang='lat' dir='ltr'>qui</span> 
     </span>
    </p>
   </div>
   <div class='ocr_carea' id='block_1_44' title="bbox 2051 1612 3756 1683">
    <p class='ocr_par' dir='ltr' id='par_1_44' title="bbox 2051 1612 3756 1683">
     <span class='ocr_line' id='line_1_44' title="bbox 2051 1612 3756 1683; baseline -0.001 -15"><span class='ocrx_word' id='word_1_304' title='bbox 2051 1614 2197 1668; x_wconf 88' lang='lat' dir='ltr'>forte</span> <span class='ocrx_word' id='word_1_305' title='bbox 2232 1613 2440 1667; x_wconf 90' lang='lat' dir='ltr'>occidit</span> <span class='ocrx_word' id='word_1_306' title='bbox 2467 1613 2665 1681; x_wconf 84' lang='lat' dir='ltr'>alium,</span> <span class='ocrx_word' id='word_1_307' title='bbox 2701 1613 2839 1667; x_wconf 90' lang='lat' dir='ltr'>dicit</span> <span class='ocrx_word' id='word_1_308' title='bbox 2867 1613 2926 1666; x_wconf 92' lang='lat' dir='ltr'>in</span> <span class='ocrx_word' id='word_1_309' title='bbox 2976 1613 3281 1682; x_wconf 89' lang='lat' dir='ltr'>semetipso</span> <span class='ocrx_word' id='word_1_310' title='bbox 3316 1627 3328 1665; x_wconf 92' lang='lat'>:</span> <span class='ocrx_word' id='word_1_311' title='bbox 3364 1614 3471 1666; x_wconf 89' lang='lat' dir='ltr'>Iste</span> <span class='ocrx_word' id='word_1_312' title='bbox 3510 1612 3756 1683; x_wconf 90' lang='lat' dir='ltr'>quidem</span> 
     </span>
    </p>
   </div>
   <div class='ocr_carea' id='block_1_45' title="bbox 2051 1701 3757 1773">
    <p class='ocr_par' dir='ltr' id='par_1_45' title="bbox 2051 1701 3757 1773">
     <span class='ocr_line' id='line_1_45' title="bbox 2051 1701 3757 1773; baseline -0.001 -17"><span class='ocrx_word' id='word_1_313' title='bbox 2051 1703 2157 1756; x_wconf 86' lang='lat' dir='ltr'>hoc</span> <span class='ocrx_word' id='word_1_314' title='bbox 2187 1702 2372 1756; x_wconf 91' lang='lat' dir='ltr'>solum</span> <span class='ocrx_word' id='word_1_315' title='bbox 2432 1707 2726 1773; x_wconf 89' lang='lat' dir='ltr'>peccatum</span> <span class='ocrx_word' id='word_1_316' title='bbox 2757 1702 2922 1756; x_wconf 89' lang='lat' dir='ltr'>fecit:</span> <span class='ocrx_word' id='word_1_317' title='bbox 2973 1717 3079 1771; x_wconf 85' lang='lat' dir='ltr'>ego</span> <span class='ocrx_word' id='word_1_318' title='bbox 3139 1705 3329 1754; x_wconf 89' lang='lat' dir='ltr'>autem</span> <span class='ocrx_word' id='word_1_319' title='bbox 3387 1701 3549 1754; x_wconf 92' lang='lat' dir='ltr'>omni</span> <span class='ocrx_word' id='word_1_320' title='bbox 3606 1701 3757 1754; x_wconf 91' lang='lat' dir='ltr'>hora</span> 
     </span>
    </p>
   </div>
   <div class='ocr_carea' id='block_1_46' title="bbox 2053 1789 3754 1861">
    <p class='ocr_par' dir='ltr' id='par_1_46' title="bbox 2053 1789 3754 1861">
     <span class='ocr_line' id='line_1_46' title="bbox 2053 1789 3754 1861; baseline -0.001 -17"><span class='ocrx_word' id='word_1_321' title='bbox 2053 1791 2428 1845; x_wconf 87' lang='lat' dir='ltr'>homicidium</span> <span class='ocrx_word' id='word_1_322' title='bbox 2459 1791 2776 1858; x_wconf 89' lang='lat' dir='ltr'>committo,</span> <span class='ocrx_word' id='word_1_323' title='bbox 2803 1791 3084 1861; x_wconf 90' lang='lat' dir='ltr'>meipsum</span> <span class='ocrx_word' id='word_1_324' title='bbox 3114 1789 3483 1843; x_wconf 82' lang='lat' dir='ltr'>interﬁciens.</span> <span class='ocrx_word' id='word_1_325' title='bbox 3517 1790 3584 1843; x_wconf 91' lang='lat' dir='ltr'>Et</span> <span class='ocrx_word' id='word_1_326' title='bbox 3617 1806 3754 1843; x_wconf 93' lang='lat' dir='ltr'>cum</span> 
     </span>
    </p>
   </div>
   <div class='ocr_carea' id='block_1_47' title="bbox 2054 1878 3754 1951">
    <p class='ocr_par' dir='ltr' id='par_1_47' title="bbox 2054 1878 3754 1951">
     <span class='ocr_line' id='line_1_47' title="bbox 2054 1878 3754 1951; baseline -0.002 -16"><span class='ocrx_word' id='word_1_327' title='bbox 2054 1880 2230 1935; x_wconf 88' lang='lat' dir='ltr'>frater</span> <span class='ocrx_word' id='word_1_328' title='bbox 2261 1880 2580 1950; x_wconf 89' lang='lat' dir='ltr'>requireret</span> <span class='ocrx_word' id='word_1_329' title='bbox 2630 1881 2919 1951; x_wconf 89' lang='lat' dir='ltr'>quomodo</span> <span class='ocrx_word' id='word_1_330' title='bbox 2950 1880 3057 1933; x_wconf 90' lang='lat' dir='ltr'>hoc</span> <span class='ocrx_word' id='word_1_331' title='bbox 3111 1878 3291 1950; x_wconf 87' lang='lat' dir='ltr'>possit</span> <span class='ocrx_word' id='word_1_332' title='bbox 3320 1878 3466 1944; x_wconf 86' lang='lat' dir='ltr'>ﬁeri,</span> <span class='ocrx_word' id='word_1_333' title='bbox 3507 1894 3754 1949; x_wconf 89' lang='lat' dir='ltr'>respon-</span> 
     </span>
    </p>
   </div>
   <div class='ocr_carea' id='block_1_48' title="bbox 2057 1967 3755 2038">
    <p class='ocr_par' dir='ltr' id='par_1_48' title="bbox 2057 1967 3755 2038">
     <span class='ocr_line' id='line_1_48' title="bbox 2057 1967 3755 2038; baseline -0.002 -15"><span class='ocrx_word' id='word_1_334' title='bbox 2057 1969 2182 2023; x_wconf 88' lang='lat' dir='ltr'>dit:</span> <span class='ocrx_word' id='word_1_335' title='bbox 2221 1972 2352 2024; x_wconf 79' lang='lat' dir='ltr'>Haec</span> <span class='ocrx_word' id='word_1_336' title='bbox 2379 1971 2497 2024; x_wconf 87' lang='lat' dir='ltr'>sola</span> <span class='ocrx_word' id='word_1_337' title='bbox 2549 1974 2632 2024; x_wconf 93' lang='lat' dir='ltr'>est</span> <span class='ocrx_word' id='word_1_338' title='bbox 2688 1969 2938 2023; x_wconf 89' lang='lat' dir='ltr'>hominis</span> <span class='ocrx_word' id='word_1_339' title='bbox 2961 1967 3208 2038; x_wconf 89' lang='lat' dir='ltr'>justitia,</span> <span class='ocrx_word' id='word_1_340' title='bbox 3266 1973 3323 2022; x_wconf 90' lang='lat' dir='ltr'>ut</span> <span class='ocrx_word' id='word_1_341' title='bbox 3375 1968 3755 2038; x_wconf 85' lang='lat' dir='ltr'>semetipsum</span> 
     </span>
    </p>
   </div>
   <div class='ocr_carea' id='block_1_49' title="bbox 2055 2058 3757 2128">
    <p class='ocr_par' dir='ltr' id='par_1_49' title="bbox 2055 2058 3757 2128">
     <span class='ocr_line' id='line_1_49' title="bbox 2055 2058 3757 2128; baseline -0.001 -16"><span class='ocrx_word' id='word_1_342' title='bbox 2055 2059 2456 2128; x_wconf 90' lang='lat' dir='ltr'>reprehendat.</span> <span class='ocrx_word' id='word_1_343' title='bbox 2485 2059 2640 2112; x_wconf 88' lang='lat' dir='ltr'>Tunc</span> <span class='ocrx_word' id='word_1_344' title='bbox 2671 2058 2823 2112; x_wconf 91' lang='lat' dir='ltr'>enim</span> <span class='ocrx_word' id='word_1_345' title='bbox 2847 2058 3036 2128; x_wconf 90' lang='lat' dir='ltr'>justus</span> <span class='ocrx_word' id='word_1_346' title='bbox 3082 2061 3184 2124; x_wconf 93' lang='lat' dir='ltr'>est,</span> <span class='ocrx_word' id='word_1_347' title='bbox 3213 2073 3341 2111; x_wconf 88' lang='lat' dir='ltr'>cum</span> <span class='ocrx_word' id='word_1_348' title='bbox 3372 2073 3475 2111; x_wconf 91' lang='lat' dir='ltr'>sua</span> <span class='ocrx_word' id='word_1_349' title='bbox 3517 2061 3757 2127; x_wconf 87' lang='lat' dir='ltr'>peccata</span> 
     </span>
    </p>
   </div>
   <div class='ocr_carea' id='block_1_50' title="bbox 2057 2148 2450 2216">
    <p class='ocr_par' dir='ltr' id='par_1_50' title="bbox 2057 2148 2450 2216">
     <span class='ocr_line' id='line_1_50' title="bbox 2057 2148 2450 2216; baseline -0.005 -15"><span class='ocrx_word' id='word_1_350' title='bbox 2057 2148 2450 2216; x_wconf 90' lang='lat' dir='ltr'>condemuat._</span> 
     </span>
    </p>
   </div>
   <div class='ocr_carea' id='block_1_51' title="bbox 2059 2261 3757 2331">
    <p class='ocr_par' dir='ltr' id='par_1_51' title="bbox 2059 2261 3757 2331">
     <span class='ocr_line' id='line_1_51' title="bbox 2059 2261 3757 2331; baseline -0.001 -14"><span class='ocrx_word' id='word_1_351' title='bbox 2059 2263 2186 2318; x_wconf 84' lang='lat' dir='ltr'>CAP.</span> <span class='ocrx_word' id='word_1_352' title='bbox 2223 2265 2352 2318; x_wconf 89' lang='lat' dir='ltr'><strong>LIV.</strong></span> <span class='ocrx_word' id='word_1_353' title='bbox 2391 2295 2457 2302; x_wconf 92' lang='lat'><strong><em>—</em></strong></span> <span class='ocrx_word' id='word_1_354' title='bbox 2510 2266 2574 2318; x_wconf 84' lang='lat' dir='ltr'>Ut</span> <span class='ocrx_word' id='word_1_355' title='bbox 2633 2264 2812 2318; x_wconf 86' lang='lat' dir='ltr'>nullus</span> <span class='ocrx_word' id='word_1_356' title='bbox 2862 2265 3095 2330; x_wconf 82' lang='lat' dir='ltr'>fratrem</span> <span class='ocrx_word' id='word_1_357' title='bbox 3125 2261 3431 2316; x_wconf 72' lang='lat' dir='ltr'>condemnet</span> <span class='ocrx_word' id='word_1_358' title='bbox 3459 2267 3757 2331; x_wconf 83' lang='lat' dir='ltr'>antequam</span> 
     </span>
    </p>
   </div>
   <div class='ocr_carea' id='block_1_52' title="bbox 2573 2333 3228 2402">
    <p class='ocr_par' dir='ltr' id='par_1_52' title="bbox 2573 2333 3228 2402">
     <span class='ocr_line' id='line_1_52' title="bbox 2573 2333 3228 2402; baseline -0.005 -14"><span class='ocrx_word' id='word_1_359' title='bbox 2573 2337 2710 2389; x_wconf 86' lang='lat' dir='ltr'>Deus</span> <span class='ocrx_word' id='word_1_360' title='bbox 2750 2335 2903 2388; x_wconf 79' lang='lat' dir='ltr'>illum</span> <span class='ocrx_word' id='word_1_361' title='bbox 2942 2333 3228 2402; x_wconf 80' lang='lat' dir='ltr'>dijudicet.</span> 
     </span>
    </p>
   </div>
   <div class='ocr_carea' id='block_1_53' title="bbox 2131 2438 3758 2510">
    <p class='ocr_par' dir='ltr' id='par_1_53' title="bbox 2131 2438 3758 2510">
     <span class='ocr_line' id='line_1_53' title="bbox 2131 2438 3758 2510; baseline -0.001 -16"><span class='ocrx_word' id='word_1_362' title='bbox 2131 2444 2238 2506; x_wconf 72' lang='lat' dir='ltr'>(Ea:</span> <span class='ocrx_word' id='word_1_363' title='bbox 2271 2441 2431 2494; x_wconf 78' lang='lat' dir='ltr'>dictis</span> <span class='ocrx_word' id='word_1_364' title='bbox 2463 2441 2750 2509; x_wconf 86' lang='lat' dir='ltr'>cujusdam</span> <span class='ocrx_word' id='word_1_365' title='bbox 2787 2441 3062 2510; x_wconf 73' lang='lat' dir='ltr'>eremitae.)</span> <span class='ocrx_word' id='word_1_366' title='bbox 3096 2439 3262 2492; x_wconf 86' lang='lat' dir='ltr'>Venit</span> <span class='ocrx_word' id='word_1_367' title='bbox 3313 2438 3625 2510; x_wconf 85' lang='lat' dir='ltr'>aliquando</span> <span class='ocrx_word' id='word_1_368' title='bbox 3660 2439 3758 2492; x_wconf 89' lang='lat' dir='ltr'>ab-</span> 
     </span>
    </p>
   </div>
   <div class='ocr_carea' id='block_1_54' title="bbox 2058 2527 3758 2598">
    <p class='ocr_par' dir='ltr' id='par_1_54' title="bbox 2058 2527 3758 2598">
     <span class='ocr_line' id='line_1_54' title="bbox 2058 2527 3758 2598; baseline -0.002 -15"><span class='ocrx_word' id='word_1_369' title='bbox 2058 2530 2157 2584; x_wconf 91' lang='lat' dir='ltr'>bas</span> <span class='ocrx_word' id='word_1_370' title='bbox 2192 2530 2346 2583; x_wconf 88' lang='lat' dir='ltr'>Isaac</span> <span class='ocrx_word' id='word_1_371' title='bbox 2377 2530 2434 2583; x_wconf 91' lang='lat' dir='ltr'>in</span> <span class='ocrx_word' id='word_1_372' title='bbox 2481 2530 2762 2598; x_wconf 89' lang='lat' dir='ltr'>coenobio,</span> <span class='ocrx_word' id='word_1_373' title='bbox 2820 2534 2876 2583; x_wconf 93' lang='lat' dir='ltr'>et</span> <span class='ocrx_word' id='word_1_374' title='bbox 2907 2528 3044 2583; x_wconf 87' lang='lat' dir='ltr'>vidit</span> <span class='ocrx_word' id='word_1_375' title='bbox 3103 2527 3219 2582; x_wconf 92' lang='lat' dir='ltr'>illic</span> <span class='ocrx_word' id='word_1_376' title='bbox 3275 2527 3506 2581; x_wconf 84' lang='lat' dir='ltr'>fratrem</span> <span class='ocrx_word' id='word_1_377' title='bbox 3568 2527 3758 2597; x_wconf 90' lang='lat' dir='ltr'>negli-</span> 
     </span>
    </p>
   </div>
   <div class='ocr_carea' id='block_1_55' title="bbox 2060 2616 3752 2690">
    <p class='ocr_par' dir='ltr' id='par_1_55' title="bbox 2060 2616 3752 2690">
     <span class='ocr_line' id='line_1_55' title="bbox 2060 2616 3752 2690; baseline -0.001 -18"><span class='ocrx_word' id='word_1_378' title='bbox 2060 2624 2338 2690; x_wconf 85' lang='lat' dir='ltr'>gentem:</span> <span class='ocrx_word' id='word_1_379' title='bbox 2384 2623 2439 2672; x_wconf 91' lang='lat' dir='ltr'>et</span> <span class='ocrx_word' id='word_1_380' title='bbox 2467 2619 2644 2672; x_wconf 89' lang='lat' dir='ltr'>iratus</span> <span class='ocrx_word' id='word_1_381' title='bbox 2692 2618 2862 2689; x_wconf 89' lang='lat' dir='ltr'>jussit</span> <span class='ocrx_word' id='word_1_382' title='bbox 2890 2634 3022 2671; x_wconf 90' lang='lat' dir='ltr'>eum</span> <span class='ocrx_word' id='word_1_383' title='bbox 3077 2617 3284 2688; x_wconf 85' lang='lat' dir='ltr'>expelli</span> <span class='ocrx_word' id='word_1_384' title='bbox 3345 2617 3414 2670; x_wconf 92' lang='lat' dir='ltr'>de</span> <span class='ocrx_word' id='word_1_385' title='bbox 3467 2616 3752 2670; x_wconf 64' lang='lat' dir='ltr'>coenobio.</span> 
     </span>
    </p>
   </div>
   <div class='ocr_carea' id='block_1_56' title="bbox 2061 2706 3760 2778">
    <p class='ocr_par' dir='ltr' id='par_1_56' title="bbox 2061 2706 3760 2778">
     <span class='ocr_line' id='line_1_56' title="bbox 2061 2706 3760 2778; baseline -0.002 -16"><span class='ocrx_word' id='word_1_386' title='bbox 2061 2709 2201 2762; x_wconf 91' lang='lat' dir='ltr'>Cum</span> <span class='ocrx_word' id='word_1_387' title='bbox 2234 2725 2370 2778; x_wconf 91' lang='lat' dir='ltr'>ergo</span> <span class='ocrx_word' id='word_1_388' title='bbox 2405 2709 2804 2777; x_wconf 83' lang='lat' dir='ltr'>regrederetur</span> <span class='ocrx_word' id='word_1_389' title='bbox 2829 2708 2898 2762; x_wconf 93' lang='lat' dir='ltr'>ad</span> <span class='ocrx_word' id='word_1_390' title='bbox 2933 2707 3328 2762; x_wconf 87' lang='lat' dir='ltr'>habitaculum</span> <span class='ocrx_word' id='word_1_391' title='bbox 3361 2721 3555 2776; x_wconf 83' lang='lat' dir='ltr'>suum,</span> <span class='ocrx_word' id='word_1_392' title='bbox 3599 2706 3760 2759; x_wconf 84' lang='lat' dir='ltr'>venit</span> 
     </span>
    </p>
   </div>
   <div class='ocr_carea' id='block_1_57' title="bbox 2062 2795 3756 2866">
    <p class='ocr_par' dir='ltr' id='par_1_57' title="bbox 2062 2795 3756 2866">
     <span class='ocr_line' id='line_1_57' title="bbox 2062 2795 3756 2866; baseline -0.001 -18"><span class='ocrx_word' id='word_1_393' title='bbox 2062 2797 2295 2866; x_wconf 85' lang='lat' dir='ltr'>angelus</span> <span class='ocrx_word' id='word_1_394' title='bbox 2342 2795 2574 2848; x_wconf 91' lang='lat' dir='ltr'>Domini</span> <span class='ocrx_word' id='word_1_395' title='bbox 2624 2800 2680 2849; x_wconf 91' lang='lat' dir='ltr'>et</span> <span class='ocrx_word' id='word_1_396' title='bbox 2709 2795 2862 2849; x_wconf 90' lang='lat' dir='ltr'>stetit</span> <span class='ocrx_word' id='word_1_397' title='bbox 2916 2800 3046 2848; x_wconf 87' lang='lat' dir='ltr'>ante</span> <span class='ocrx_word' id='word_1_398' title='bbox 3095 2795 3306 2848; x_wconf 90' lang='lat' dir='ltr'>ostium</span> <span class='ocrx_word' id='word_1_399' title='bbox 3355 2795 3576 2848; x_wconf 70' lang='lat' dir='ltr'>cellulas</span> <span class='ocrx_word' id='word_1_400' title='bbox 3607 2795 3756 2862; x_wconf 88' lang='lat' dir='ltr'>ejus,</span> 
     </span>
    </p>
   </div>
   <div class='ocr_carea' id='block_1_58' title="bbox 2061 2883 3760 2954">
    <p class='ocr_par' dir='ltr' id='par_1_58' title="bbox 2061 2883 3760 2954">
     <span class='ocr_line' id='line_1_58' title="bbox 2061 2883 3760 2954; baseline -0.001 -16"><span class='ocrx_word' id='word_1_401' title='bbox 2061 2884 2292 2938; x_wconf 85' lang='lat' dir='ltr'>dicens:</span> <span class='ocrx_word' id='word_1_402' title='bbox 2333 2885 2454 2938; x_wconf 91' lang='lat' dir='ltr'>Non</span> <span class='ocrx_word' id='word_1_403' title='bbox 2493 2889 2547 2938; x_wconf 91' lang='lat' dir='ltr'>te</span> <span class='ocrx_word' id='word_1_404' title='bbox 2578 2885 2851 2954; x_wconf 90' lang='lat' dir='ltr'>permitto</span> <span class='ocrx_word' id='word_1_405' title='bbox 2893 2883 3139 2954; x_wconf 89' lang='lat' dir='ltr'>ingredi.</span> <span class='ocrx_word' id='word_1_406' title='bbox 3173 2885 3244 2937; x_wconf 84' lang='lat' dir='ltr'>At</span> <span class='ocrx_word' id='word_1_407' title='bbox 3269 2884 3364 2938; x_wconf 93' lang='lat' dir='ltr'>ille</span> <span class='ocrx_word' id='word_1_408' title='bbox 3416 2883 3663 2952; x_wconf 87' lang='lat' dir='ltr'>rogabat</span> <span class='ocrx_word' id='word_1_409' title='bbox 3693 2887 3760 2936; x_wconf 90' lang='lat' dir='ltr'>ut</span> 
     </span>
    </p>
   </div>
   <div class='ocr_carea' id='block_1_59' title="bbox 261 2970 3755 3043">
    <p class='ocr_par' dir='ltr' id='par_1_59' title="bbox 261 2970 3755 3043">
     <span class='ocr_line' id='line_1_59' title="bbox 261 2970 3755 3043; baseline -0 -18"><span class='ocrx_word' id='word_1_410' title='bbox 261 2989 400 3026; x_wconf 90' lang='lat' dir='ltr'>num</span> <span class='ocrx_word' id='word_1_411' title='bbox 457 2972 570 3024; x_wconf 86' lang='lat' dir='ltr'>sive</span> <span class='ocrx_word' id='word_1_412' title='bbox 607 2975 934 3024; x_wconf 90' lang='lat' dir='ltr'>sanctorum</span> <span class='ocrx_word' id='word_1_413' title='bbox 987 2972 1244 3024; x_wconf 88' lang='lat' dir='ltr'>locorum</span> <span class='ocrx_word' id='word_1_414' title='bbox 1303 2970 1638 3024; x_wconf 90' lang='lat' dir='ltr'>visitationis</span> <span class='ocrx_word' id='word_1_415' title='bbox 1694 2987 1864 3024; x_wconf 89' lang='lat' dir='ltr'>causa</span> <span class='ocrx_word' id='word_1_416' title='bbox 1893 2987 1950 3023; x_wconf 88' lang='lat' dir='ltr'>se</span> <span class='ocrx_word' id='word_1_417' title='bbox 1982 2985 2022 3039; x_wconf 71' lang='grc' dir='ltr'><strong>ρ</strong></span> <span class='ocrx_word' id='word_1_418' title='bbox 2061 2973 2183 3042; x_wconf 90' lang='lat' dir='ltr'>ejus</span> <span class='ocrx_word' id='word_1_419' title='bbox 2214 2973 2382 3042; x_wconf 88' lang='lat' dir='ltr'>culpa</span> <span class='ocrx_word' id='word_1_420' title='bbox 2434 2973 2914 3027; x_wconf 89' lang='lat' dir='ltr'>manifestaretur.</span> <span class='ocrx_word' id='word_1_421' title='bbox 2974 2974 3038 3027; x_wconf 88' lang='lat' dir='ltr'>Et</span> <span class='ocrx_word' id='word_1_422' title='bbox 3092 2973 3447 3043; x_wconf 88' lang='lat' dir='ltr'>respondens</span> <span class='ocrx_word' id='word_1_423' title='bbox 3498 2972 3755 3041; x_wconf 88' lang='lat' dir='ltr'>angelus,</span> 
     </span>
    </p>
   </div>
   <div class='ocr_carea' id='block_1_60' title="bbox 259 3058 1951 3129">
    <p class='ocr_par' dir='ltr' id='par_1_60' title="bbox 259 3058 1951 3129">
     <span class='ocr_line' id='line_1_60' title="bbox 259 3058 1951 3129; baseline -0.002 -16"><span class='ocrx_word' id='word_1_424' title='bbox 259 3060 442 3114; x_wconf 85' lang='lat' dir='ltr'>facere</span> <span class='ocrx_word' id='word_1_425' title='bbox 473 3059 657 3112; x_wconf 90' lang='lat' dir='ltr'>videri</span> <span class='ocrx_word' id='word_1_426' title='bbox 715 3059 997 3112; x_wconf 75' lang='lat' dir='ltr'>affectant.</span> <span class='ocrx_word' id='word_1_427' title='bbox 1030 3058 1171 3112; x_wconf 89' lang='lat' dir='ltr'>Sunt</span> <span class='ocrx_word' id='word_1_428' title='bbox 1229 3075 1512 3129; x_wconf 88' lang='lat' dir='ltr'>pauperes</span> <span class='ocrx_word' id='word_1_429' title='bbox 1540 3059 1637 3129; x_wconf 89' lang='lat' dir='ltr'>qui</span> <span class='ocrx_word' id='word_1_430' title='bbox 1689 3060 1775 3112; x_wconf 91' lang='lat' dir='ltr'>vel</span> <span class='ocrx_word' id='word_1_431' title='bbox 1825 3058 1951 3112; x_wconf 91' lang='lat' dir='ltr'>ideo</span> 
     </span>
    </p>
   </div>
   <div class='ocr_carea' id='block_1_61' title="bbox 261 3146 1952 3216">
    <p class='ocr_par' dir='ltr' id='par_1_61' title="bbox 261 3146 1952 3216">
     <span class='ocr_line' id='line_1_61' title="bbox 261 3146 1952 3216; baseline -0.001 -14"><span class='ocrx_word' id='word_1_432' title='bbox 261 3149 318 3202; x_wconf 88' lang='lat' dir='ltr'>id</span> <span class='ocrx_word' id='word_1_433' title='bbox 352 3148 584 3215; x_wconf 89' lang='lat' dir='ltr'>faciunt,</span> <span class='ocrx_word' id='word_1_434' title='bbox 649 3154 709 3200; x_wconf 88' lang='lat' dir='ltr'>ut</span> <span class='ocrx_word' id='word_1_435' title='bbox 759 3146 1034 3216; x_wconf 80' lang='lat' dir='ltr'>majorem</span> <span class='ocrx_word' id='word_1_436' title='bbox 1092 3147 1344 3202; x_wconf 86' lang='lat' dir='ltr'>habeant</span> <span class='ocrx_word' id='word_1_437' title='bbox 1393 3148 1694 3201; x_wconf 87' lang='lat' dir='ltr'>materiam</span> <span class='ocrx_word' id='word_1_438' title='bbox 1733 3147 1952 3201; x_wconf 89' lang='lat' dir='ltr'>mendi-</span> 
     </span>
    </p>
   </div>
   <div class='ocr_carea' id='block_1_62' title="bbox 263 3236 1955 3306">
    <p class='ocr_par' dir='ltr' id='par_1_62' title="bbox 263 3236 1955 3306">
     <span class='ocr_line' id='line_1_62' title="bbox 263 3236 1955 3306; baseline -0.001 -16"><span class='ocrx_word' id='word_1_439' title='bbox 263 3237 448 3305; x_wconf 90' lang='lat' dir='ltr'>candi,</span> <span class='ocrx_word' id='word_1_440' title='bbox 486 3237 555 3290; x_wconf 87' lang='lat' dir='ltr'>de</span> <span class='ocrx_word' id='word_1_441' title='bbox 585 3252 828 3306; x_wconf 90' lang='lat' dir='ltr'>quorum</span> <span class='ocrx_word' id='word_1_442' title='bbox 879 3253 1120 3289; x_wconf 89' lang='lat' dir='ltr'>numero</span> <span class='ocrx_word' id='word_1_443' title='bbox 1151 3241 1285 3290; x_wconf 90' lang='lat' dir='ltr'>sunt</span> <span class='ocrx_word' id='word_1_444' title='bbox 1315 3236 1398 3288; x_wconf 93' lang='lat' dir='ltr'>illi</span> <span class='ocrx_word' id='word_1_445' title='bbox 1451 3236 1549 3306; x_wconf 89' lang='lat' dir='ltr'>qui</span> <span class='ocrx_word' id='word_1_446' title='bbox 1598 3237 1955 3306; x_wconf 84' lang='lat' dir='ltr'>circumqua-</span> 
     </span>
    </p>
   </div>
   <div class='ocr_carea' id='block_1_63' title="bbox 263 3325 1954 3397">
    <p class='ocr_par' dir='ltr' id='par_1_63' title="bbox 263 3325 1954 3397">
     <span class='ocr_line' id='line_1_63' title="bbox 263 3325 1954 3397; baseline 0.001 -18"><span class='ocrx_word' id='word_1_447' title='bbox 263 3343 372 3397; x_wconf 92' lang='lat' dir='ltr'>que</span> <span class='ocrx_word' id='word_1_448' title='bbox 405 3330 674 3395; x_wconf 87' lang='lat' dir='ltr'>vagantes</span> <span class='ocrx_word' id='word_1_449' title='bbox 703 3325 802 3378; x_wconf 91' lang='lat' dir='ltr'>illo</span> <span class='ocrx_word' id='word_1_450' title='bbox 839 3341 897 3378; x_wconf 89' lang='lat' dir='ltr'>se</span> <span class='ocrx_word' id='word_1_451' title='bbox 955 3341 1194 3396; x_wconf 85' lang='lat' dir='ltr'>pergere</span> <span class='ocrx_word' id='word_1_452' title='bbox 1248 3325 1646 3380; x_wconf 90' lang='lat' dir='ltr'>mentiuntur:</span> <span class='ocrx_word' id='word_1_453' title='bbox 1681 3327 1763 3379; x_wconf 91' lang='lat' dir='ltr'>vel</span> <span class='ocrx_word' id='word_1_454' title='bbox 1819 3326 1954 3396; x_wconf 91' lang='lat' dir='ltr'>quia</span> 
     </span>
    </p>
   </div>
   <div class='ocr_carea' id='block_1_64' title="bbox 260 3414 1956 3484">
    <p class='ocr_par' dir='ltr' id='par_1_64' title="bbox 260 3414 1956 3484">
     <span class='ocr_line' id='line_1_64' title="bbox 260 3414 1956 3484; baseline 0.001 -16"><span class='ocrx_word' id='word_1_455' title='bbox 260 3419 484 3468; x_wconf 90' lang='lat' dir='ltr'>tantum</span> <span class='ocrx_word' id='word_1_456' title='bbox 517 3417 649 3466; x_wconf 91' lang='lat' dir='ltr'>sunt</span> <span class='ocrx_word' id='word_1_457' title='bbox 679 3414 967 3477; x_wconf 86' lang='lat' dir='ltr'>vecordes,</span> <span class='ocrx_word' id='word_1_458' title='bbox 1004 3419 1066 3467; x_wconf 90' lang='lat' dir='ltr'>ut</span> <span class='ocrx_word' id='word_1_459' title='bbox 1111 3419 1316 3484; x_wconf 91' lang='lat' dir='ltr'>putent</span> <span class='ocrx_word' id='word_1_460' title='bbox 1343 3431 1401 3468; x_wconf 91' lang='lat' dir='ltr'>se</span> <span class='ocrx_word' id='word_1_461' title='bbox 1439 3420 1764 3468; x_wconf 89' lang='lat' dir='ltr'>sanctorum</span> <span class='ocrx_word' id='word_1_462' title='bbox 1810 3416 1956 3469; x_wconf 91' lang='lat' dir='ltr'>loco-</span> 
     </span>
    </p>
   </div>
   <div class='ocr_carea' id='block_1_65' title="bbox 259 3503 1952 3574">
    <p class='ocr_par' dir='ltr' id='par_1_65' title="bbox 259 3503 1952 3574">
     <span class='ocr_line' id='line_1_65' title="bbox 259 3503 1952 3574; baseline 0 -17"><span class='ocrx_word' id='word_1_463' title='bbox 259 3520 390 3557; x_wconf 90' lang='lat' dir='ltr'>rum</span> <span class='ocrx_word' id='word_1_464' title='bbox 421 3503 550 3564; x_wconf 86' lang='lat' dir='ltr'>sola</span> <span class='ocrx_word' id='word_1_465' title='bbox 570 3503 789 3556; x_wconf 79' lang='lat' dir='ltr'>visione</span> <span class='ocrx_word' id='word_1_466' title='bbox 821 3519 851 3554; x_wconf 85' lang='lat' dir='ltr'>a</span> <span class='ocrx_word' id='word_1_467' title='bbox 882 3503 1126 3572; x_wconf 86' lang='lat' dir='ltr'>peccatis</span> <span class='ocrx_word' id='word_1_468' title='bbox 1155 3503 1413 3574; x_wconf 87' lang='lat' dir='ltr'>purgari,</span> <span class='ocrx_word' id='word_1_469' title='bbox 1443 3520 1559 3556; x_wconf 93' lang='lat' dir='ltr'>non</span> <span class='ocrx_word' id='word_1_470' title='bbox 1593 3503 1952 3557; x_wconf 83' lang='lat' dir='ltr'>attendentes</span> 
     </span>
    </p>
   </div>
   <div class='ocr_carea' id='block_1_66' title="bbox 265 3591 1952 3662">
    <p class='ocr_par' dir='ltr' id='par_1_66' title="bbox 265 3591 1952 3662">
     <span class='ocr_line' id='line_1_66' title="bbox 265 3591 1952 3662; baseline 0.001 -18"><span class='ocrx_word' id='word_1_471' title='bbox 265 3593 415 3662; x_wconf 92' lang='lat' dir='ltr'>quod</span> <span class='ocrx_word' id='word_1_472' title='bbox 458 3591 538 3645; x_wconf 89' lang='lat' dir='ltr'>ait</span> <span class='ocrx_word' id='word_1_473' title='bbox 585 3593 784 3646; x_wconf 87' lang='lat' dir='ltr'>beatus</span> <span class='ocrx_word' id='word_1_474' title='bbox 842 3593 1269 3662; x_wconf 76' lang='lat' dir='ltr'>Hieronymus:</span> <span class='ocrx_word' id='word_1_475' title='bbox 1327 3594 1447 3646; x_wconf 84' lang='lat' dir='ltr'>Non</span> <span class='ocrx_word' id='word_1_476' title='bbox 1501 3591 1952 3662; x_wconf 87' lang='lat' dir='ltr'>Hierosolymam</span> 
     </span>
    </p>
   </div>
   <div class='ocr_carea' id='block_1_67' title="bbox 261 3679 1951 3750">
    <p class='ocr_par' dir='ltr' id='par_1_67' title="bbox 261 3679 1951 3750">
     <span class='ocr_line' id='line_1_67' title="bbox 261 3679 1951 3750; baseline 0.001 -18"><span class='ocrx_word' id='word_1_477' title='bbox 261 3681 491 3745; x_wconf 84' lang='lat' dir='ltr'>vidisse,</span> <span class='ocrx_word' id='word_1_478' title='bbox 525 3680 622 3734; x_wconf 84' lang='lat' dir='ltr'>sed</span> <span class='ocrx_word' id='word_1_479' title='bbox 679 3679 1083 3750; x_wconf 80' lang='lat' dir='ltr'>Hierosolymis</span> <span class='ocrx_word' id='word_1_480' title='bbox 1143 3680 1290 3734; x_wconf 89' lang='lat' dir='ltr'>bene</span> <span class='ocrx_word' id='word_1_481' title='bbox 1320 3680 1546 3744; x_wconf 82' lang='lat' dir='ltr'>vixisse,</span> <span class='ocrx_word' id='word_1_482' title='bbox 1601 3680 1951 3734; x_wconf 89' lang='lat' dir='ltr'>laudandum</span> 
     </span>
    </p>
   </div>
   <div class='ocr_carea' id='block_1_68' title="bbox 265 3768 1955 3838">
    <p class='ocr_par' dir='ltr' id='par_1_68' title="bbox 265 3768 1955 3838">
     <span class='ocr_line' id='line_1_68' title="bbox 265 3768 1955 3838; baseline 0 -16"><span class='ocrx_word' id='word_1_483' title='bbox 265 3774 368 3823; x_wconf 88' lang='lat' dir='ltr'>est.</span> <span class='ocrx_word' id='word_1_484' title='bbox 401 3770 474 3822; x_wconf 87' lang='lat' dir='ltr'>De</span> <span class='ocrx_word' id='word_1_485' title='bbox 528 3769 733 3838; x_wconf 90' lang='lat' dir='ltr'>quibus</span> <span class='ocrx_word' id='word_1_486' title='bbox 790 3769 1059 3822; x_wconf 89' lang='lat' dir='ltr'>omnibus</span> <span class='ocrx_word' id='word_1_487' title='bbox 1113 3768 1499 3838; x_wconf 87' lang='lat' dir='ltr'>imperatoris,</span> <span class='ocrx_word' id='word_1_488' title='bbox 1551 3769 1798 3838; x_wconf 89' lang='lat' dir='ltr'>qualiter</span> <span class='ocrx_word' id='word_1_489' title='bbox 1841 3771 1955 3823; x_wconf 85' lang='lat' dir='ltr'>sint</span> 
     </span>
    </p>
   </div>
   <div class='ocr_carea' id='block_1_69' title="bbox 263 3855 1952 3928">
    <p class='ocr_par' dir='ltr' id='par_1_69' title="bbox 263 3855 1952 3928">
     <span class='ocr_line' id='line_1_69' title="bbox 263 3855 1952 3928; baseline 0.001 -18"><span class='ocrx_word' id='word_1_490' title='bbox 263 3855 640 3921; x_wconf 85' lang='lat' dir='ltr'>emendanda,</span> <span class='ocrx_word' id='word_1_491' title='bbox 676 3858 959 3910; x_wconf 88' lang='lat' dir='ltr'>sententia</span> <span class='ocrx_word' id='word_1_492' title='bbox 990 3863 1348 3926; x_wconf 84' lang='lat' dir='ltr'>exspectetur</span> <span class='ocrx_word' id='word_1_493' title='bbox 1381 3873 1394 3911; x_wconf 90' lang='lat'>:</span> <span class='ocrx_word' id='word_1_494' title='bbox 1431 3857 1528 3928; x_wconf 91' lang='lat' dir='ltr'>qui</span> <span class='ocrx_word' id='word_1_495' title='bbox 1565 3874 1695 3912; x_wconf 90' lang='lat' dir='ltr'>vero</span> <span class='ocrx_word' id='word_1_496' title='bbox 1723 3865 1952 3928; x_wconf 87' lang='lat' dir='ltr'>peccata</span> 
     </span>
    </p>
   </div>
   <div class='ocr_carea' id='block_1_70' title="bbox 265 3943 1954 4016">
    <p class='ocr_par' dir='ltr' id='par_1_70' title="bbox 265 3943 1954 4016">
     <span class='ocr_line' id='line_1_70' title="bbox 265 3943 1954 4016; baseline 0.002 -20"><span class='ocrx_word' id='word_1_497' title='bbox 265 3960 368 3996; x_wconf 89' lang='lat' dir='ltr'>sua</span> <span class='ocrx_word' id='word_1_498' title='bbox 402 3943 790 3996; x_wconf 88' lang='lat' dir='ltr'>sacerdotibus</span> <span class='ocrx_word' id='word_1_499' title='bbox 819 3944 879 3997; x_wconf 91' lang='lat' dir='ltr'>in</span> <span class='ocrx_word' id='word_1_500' title='bbox 938 3960 1180 4014; x_wconf 90' lang='lat' dir='ltr'>quorum</span> <span class='ocrx_word' id='word_1_501' title='bbox 1232 3949 1364 3999; x_wconf 91' lang='lat' dir='ltr'>sunt</span> <span class='ocrx_word' id='word_1_502' title='bbox 1387 3946 1670 4016; x_wconf 88' lang='lat' dir='ltr'>parochiis</span> <span class='ocrx_word' id='word_1_503' title='bbox 1708 3947 1954 4001; x_wconf 85' lang='lat' dir='ltr'>confessi</span> 
     </span>
    </p>
   </div>
   <div class='ocr_carea' id='block_1_71' title="bbox 265 4031 1956 4104">
    <p class='ocr_par' dir='ltr' id='par_1_71' title="bbox 265 4031 1956 4104">
     <span class='ocr_line' id='line_1_71' title="bbox 265 4031 1956 4104; baseline 0.002 -18"><span class='ocrx_word' id='word_1_504' title='bbox 265 4036 417 4095; x_wconf 90' lang='lat' dir='ltr'>sunt,</span> <span class='ocrx_word' id='word_1_505' title='bbox 454 4036 510 4086; x_wconf 92' lang='lat' dir='ltr'>et</span> <span class='ocrx_word' id='word_1_506' title='bbox 558 4031 628 4085; x_wconf 90' lang='lat' dir='ltr'>ab</span> <span class='ocrx_word' id='word_1_507' title='bbox 668 4031 754 4084; x_wconf 87' lang='lat' dir='ltr'>his</span> <span class='ocrx_word' id='word_1_508' title='bbox 785 4033 1021 4103; x_wconf 72' lang='lat' dir='ltr'>agenda:</span> <span class='ocrx_word' id='word_1_509' title='bbox 1069 4033 1422 4104; x_wconf 78' lang='lat' dir='ltr'>poenitentiae</span> <span class='ocrx_word' id='word_1_510' title='bbox 1468 4036 1774 4090; x_wconf 88' lang='lat' dir='ltr'>consilium</span> <span class='ocrx_word' id='word_1_511' title='bbox 1804 4053 1956 4090; x_wconf 91' lang='lat' dir='ltr'>acce-</span> 
     </span>
    </p>
   </div>
   <div class='ocr_carea' id='block_1_72' title="bbox 264 4118 1953 4193">
    <p class='ocr_par' dir='ltr' id='par_1_72' title="bbox 264 4118 1953 4193">
     <span class='ocr_line' id='line_1_72' title="bbox 264 4118 1953 4193; baseline 0.004 -22"><span class='ocrx_word' id='word_1_512' title='bbox 264 4124 494 4189; x_wconf 90' lang='lat' dir='ltr'>perunt,</span> <span class='ocrx_word' id='word_1_513' title='bbox 553 4118 598 4171; x_wconf 91' lang='lat' dir='ltr'>si</span> <span class='ocrx_word' id='word_1_514' title='bbox 644 4121 999 4174; x_wconf 87' lang='lat' dir='ltr'>orationibus</span> <span class='ocrx_word' id='word_1_515' title='bbox 1031 4120 1368 4190; x_wconf 89' lang='lat' dir='ltr'>insistendo,</span> <span class='ocrx_word' id='word_1_516' title='bbox 1421 4122 1810 4193; x_wconf 81' lang='lat' dir='ltr'>eleemosynas</span> <span class='ocrx_word' id='word_1_517' title='bbox 1841 4124 1953 4178; x_wconf 89' lang='lat' dir='ltr'>lar-</span> 
     </span>
    </p>
   </div>
   <div class='ocr_carea' id='block_1_73' title="bbox 264 4208 1954 4283">
    <p class='ocr_par' dir='ltr' id='par_1_73' title="bbox 264 4208 1954 4283">
     <span class='ocr_line' id='line_1_73' title="bbox 264 4208 1954 4283; baseline 0.004 -23"><span class='ocrx_word' id='word_1_518' title='bbox 264 4208 496 4278; x_wconf 89' lang='lat' dir='ltr'>giendo,</span> <span class='ocrx_word' id='word_1_519' title='bbox 529 4224 715 4261; x_wconf 88' lang='lat' dir='ltr'>mores</span> <span class='ocrx_word' id='word_1_520' title='bbox 745 4210 1161 4279; x_wconf 91' lang='lat' dir='ltr'>componendo,</span> <span class='ocrx_word' id='word_1_521' title='bbox 1194 4211 1368 4265; x_wconf 89' lang='lat' dir='ltr'>vitam</span> <span class='ocrx_word' id='word_1_522' title='bbox 1401 4212 1780 4279; x_wconf 88' lang='lat' dir='ltr'>emendando,</span> <span class='ocrx_word' id='word_1_523' title='bbox 1815 4229 1954 4283; x_wconf 87' lang='lat' dir='ltr'>apo-</span> 
     </span>
    </p>
   </div>
   <div class='ocr_carea' id='block_1_74' title="bbox 267 4297 1956 4369">
    <p class='ocr_par' dir='ltr' id='par_1_74' title="bbox 267 4297 1956 4369">
     <span class='ocr_line' id='line_1_74' title="bbox 267 4297 1956 4369; baseline 0.004 -19"><span class='ocrx_word' id='word_1_524' title='bbox 267 4297 542 4350; x_wconf 88' lang='lat' dir='ltr'>stolorum</span> <span class='ocrx_word' id='word_1_525' title='bbox 574 4297 791 4364; x_wconf 85' lang='lat' dir='ltr'>limina,</span> <span class='ocrx_word' id='word_1_526' title='bbox 815 4299 902 4353; x_wconf 84' lang='lat' dir='ltr'>vel</span> <span class='ocrx_word' id='word_1_527' title='bbox 935 4301 1324 4369; x_wconf 90' lang='lat' dir='ltr'>quorumlibet</span> <span class='ocrx_word' id='word_1_528' title='bbox 1353 4304 1677 4353; x_wconf 90' lang='lat' dir='ltr'>sanctorum</span> <span class='ocrx_word' id='word_1_529' title='bbox 1713 4301 1956 4357; x_wconf 88' lang='lat' dir='ltr'>invisere</span> 
     </span>
    </p>
   </div>
   <div class='ocr_carea' id='block_1_75' title="bbox 265 4385 1952 4453">
    <p class='ocr_par' dir='ltr' id='par_1_75' title="bbox 265 4385 1952 4453">
     <span class='ocr_line' id='line_1_75' title="bbox 265 4385 1952 4453; baseline 0.003 -14"><span class='ocrx_word' id='word_1_530' title='bbox 265 4385 607 4453; x_wconf 88' lang='lat' dir='ltr'>desiderant,</span> <span class='ocrx_word' id='word_1_531' title='bbox 639 4387 844 4441; x_wconf 83' lang='lat' dir='ltr'>horum</span> <span class='ocrx_word' id='word_1_532' title='bbox 871 4393 956 4442; x_wconf 90' lang='lat' dir='ltr'>est</span> <span class='ocrx_word' id='word_1_533' title='bbox 996 4389 1220 4443; x_wconf 88' lang='lat' dir='ltr'>devotio</span> <span class='ocrx_word' id='word_1_534' title='bbox 1281 4387 1464 4442; x_wconf 91' lang='lat' dir='ltr'>modis</span> <span class='ocrx_word' id='word_1_535' title='bbox 1515 4389 1782 4443; x_wconf 90' lang='lat' dir='ltr'>omnibus</span> <span class='ocrx_word' id='word_1_536' title='bbox 1836 4391 1952 4444; x_wconf 89' lang='lat' dir='ltr'>col-</span> 
     </span>
    </p>
   </div>
   <div class='ocr_carea' id='block_1_76' title="bbox 267 4475 570 4529">
    <p class='ocr_par' dir='ltr' id='par_1_76' title="bbox 267 4475 570 4529">
     <span class='ocr_line' id='line_1_76' title="bbox 267 4475 570 4529; baseline 0.007 -2"><span class='ocrx_word' id='word_1_537' title='bbox 267 4475 570 4529; x_wconf 88' lang='lat' dir='ltr'>laudanda.</span> 
     </span>
    </p>
   </div>
   <div class='ocr_carea' id='block_1_77' title="bbox 267 4599 1954 4669">
    <p class='ocr_par' dir='ltr' id='par_1_77' title="bbox 267 4599 1954 4669">
     <span class='ocr_line' id='line_1_77' title="bbox 267 4599 1954 4669; baseline 0.001 -17"><span class='ocrx_word' id='word_1_538' title='bbox 267 4599 393 4652; x_wconf 80' lang='lat' dir='ltr'>CAP.</span> <span class='ocrx_word' id='word_1_539' title='bbox 469 4599 574 4652; x_wconf 87' lang='lat' dir='ltr'><strong>LII.</strong></span> <span class='ocrx_word' id='word_1_540' title='bbox 638 4629 706 4637; x_wconf 90' lang='lat'>-—</span> <span class='ocrx_word' id='word_1_541' title='bbox 762 4602 836 4654; x_wconf 88' lang='lat' dir='ltr'>De</span> <span class='ocrx_word' id='word_1_542' title='bbox 881 4601 1029 4654; x_wconf 82' lang='lat' dir='ltr'>omni</span> <span class='ocrx_word' id='word_1_543' title='bbox 1087 4603 1379 4668; x_wconf 85' lang='lat' dir='ltr'>peccatore,</span> <span class='ocrx_word' id='word_1_544' title='bbox 1423 4601 1628 4666; x_wconf 81' lang='lat' dir='ltr'>quoties</span> <span class='ocrx_word' id='word_1_545' title='bbox 1678 4600 1954 4669; x_wconf 81' lang='lat' dir='ltr'>ceciderit,</span> 
     </span>
    </p>
   </div>
   <div class='ocr_carea' id='block_1_78' title="bbox 667 4671 1556 4738">
    <p class='ocr_par' dir='ltr' id='par_1_78' title="bbox 667 4671 1556 4738">
     <span class='ocr_line' id='line_1_78' title="bbox 667 4671 1556 4738; baseline 0.001 -15"><span class='ocrx_word' id='word_1_546' title='bbox 667 4671 810 4738; x_wconf 86' lang='lat' dir='ltr'>quod</span> <span class='ocrx_word' id='word_1_547' title='bbox 841 4673 993 4724; x_wconf 78' lang='lat' dir='ltr'>toties</span> <span class='ocrx_word' id='word_1_548' title='bbox 1033 4685 1312 4737; x_wconf 85' lang='lat' dir='ltr'>resurgere</span> <span class='ocrx_word' id='word_1_549' title='bbox 1350 4671 1556 4725; x_wconf 84' lang='lat' dir='ltr'>debeat.</span> 
     </span>
    </p>
   </div>
   <div class='ocr_carea' id='block_1_79' title="bbox 339 4773 1958 4846">
    <p class='ocr_par' dir='ltr' id='par_1_79' title="bbox 339 4773 1958 4846">
     <span class='ocr_line' id='line_1_79' title="bbox 339 4773 1958 4846; baseline 0 -18"><span class='ocrx_word' id='word_1_550' title='bbox 339 4773 448 4840; x_wconf 74' lang='lat' dir='ltr'>(Ea:</span> <span class='ocrx_word' id='word_1_551' title='bbox 480 4774 642 4828; x_wconf 80' lang='lat' dir='ltr'>dictis</span> <span class='ocrx_word' id='word_1_552' title='bbox 692 4776 836 4828; x_wconf 80' lang='lat' dir='ltr'>Sosii</span> <span class='ocrx_word' id='word_1_553' title='bbox 865 4774 1154 4840; x_wconf 87' lang='lat' dir='ltr'>cujusdam</span> <span class='ocrx_word' id='word_1_554' title='bbox 1209 4774 1488 4844; x_wconf 77' lang='lat' dir='ltr'>eremitae.)</span> <span class='ocrx_word' id='word_1_555' title='bbox 1546 4777 1690 4829; x_wconf 90' lang='lat' dir='ltr'>Dum</span> <span class='ocrx_word' id='word_1_556' title='bbox 1723 4775 1958 4846; x_wconf 90' lang='lat' dir='ltr'>quidam</span> 
     </span>
    </p>
   </div>
   <div class='ocr_carea' id='block_1_80' title="bbox 267 4861 1962 4934">
    <p class='ocr_par' dir='ltr' id='par_1_80' title="bbox 267 4861 1962 4934">
     <span class='ocr_line' id='line_1_80' title="bbox 267 4861 1962 4934; baseline 0.001 -19"><span class='ocrx_word' id='word_1_557' title='bbox 267 4861 444 4916; x_wconf 87' lang='lat' dir='ltr'>frater</span> <span class='ocrx_word' id='word_1_558' title='bbox 474 4863 738 4916; x_wconf 88' lang='lat' dir='ltr'>abbatem</span> <span class='ocrx_word' id='word_1_559' title='bbox 793 4862 1015 4915; x_wconf 90' lang='lat' dir='ltr'>Sosium</span> <span class='ocrx_word' id='word_1_560' title='bbox 1058 4861 1157 4915; x_wconf 88' lang='lat' dir='ltr'>tali</span> <span class='ocrx_word' id='word_1_561' title='bbox 1191 4879 1452 4917; x_wconf 90' lang='lat' dir='ltr'>sermone</span> <span class='ocrx_word' id='word_1_562' title='bbox 1509 4864 1837 4934; x_wconf 87' lang='lat' dir='ltr'>frequenter</span> <span class='ocrx_word' id='word_1_563' title='bbox 1882 4880 1962 4917; x_wconf 88' lang='lat' dir='ltr'>re-</span> 
     </span>
    </p>
   </div>
   <div class='ocr_carea' id='block_1_81' title="bbox 268 4949 1960 5022">
    <p class='ocr_par' dir='ltr' id='par_1_81' title="bbox 268 4949 1960 5022">
     <span class='ocr_line' id='line_1_81' title="bbox 268 4949 1960 5022; baseline 0.002 -19"><span class='ocrx_word' id='word_1_564' title='bbox 268 4951 540 5021; x_wconf 87' lang='lat' dir='ltr'>quireret,</span> <span class='ocrx_word' id='word_1_565' title='bbox 575 4950 766 5004; x_wconf 90' lang='lat' dir='ltr'>dicens</span> <span class='ocrx_word' id='word_1_566' title='bbox 798 4963 810 5002; x_wconf 87' lang='lat'>:</span> <span class='ocrx_word' id='word_1_567' title='bbox 839 4949 986 5012; x_wconf 89' lang='lat' dir='ltr'>Quid</span> <span class='ocrx_word' id='word_1_568' title='bbox 1010 4949 1231 5016; x_wconf 84' lang='lat' dir='ltr'>faciam,</span> <span class='ocrx_word' id='word_1_569' title='bbox 1256 4952 1439 5018; x_wconf 90' lang='lat' dir='ltr'>Pater,</span> <span class='ocrx_word' id='word_1_570' title='bbox 1462 4952 1733 5022; x_wconf 91' lang='lat' dir='ltr'>quoniam</span> <span class='ocrx_word' id='word_1_571' title='bbox 1757 4953 1960 5006; x_wconf 85' lang='lat' dir='ltr'>cecidi?</span> 
     </span>
    </p>
   </div>
   <div class='ocr_carea' id='block_1_82' title="bbox 268 5037 1963 5108">
    <p class='ocr_par' dir='ltr' id='par_1_82' title="bbox 268 5037 1963 5108">
     <span class='ocr_line' id='line_1_82' title="bbox 268 5037 1963 5108; baseline 0.002 -17"><span class='ocrx_word' id='word_1_572' title='bbox 268 5038 354 5091; x_wconf 91' lang='lat' dir='ltr'>illi</span> <span class='ocrx_word' id='word_1_573' title='bbox 378 5038 718 5108; x_wconf 86' lang='lat' dir='ltr'>respondit:</span> <span class='ocrx_word' id='word_1_574' title='bbox 753 5037 933 5108; x_wconf 92' lang='lat' dir='ltr'>Surge</span> <span class='ocrx_word' id='word_1_575' title='bbox 966 5037 1174 5108; x_wconf 91' lang='lat' dir='ltr'>inquit.</span> <span class='ocrx_word' id='word_1_576' title='bbox 1212 5040 1314 5092; x_wconf 92' lang='lat' dir='ltr'>Illo</span> <span class='ocrx_word' id='word_1_577' title='bbox 1348 5055 1481 5093; x_wconf 87' lang='lat' dir='ltr'>vero</span> <span class='ocrx_word' id='word_1_578' title='bbox 1521 5057 1578 5093; x_wconf 92' lang='lat' dir='ltr'>se</span> <span class='ocrx_word' id='word_1_579' title='bbox 1619 5042 1963 5094; x_wconf 83' lang='lat' dir='ltr'>exsurrexis-</span> 
     </span>
    </p>
   </div>
   <div class='ocr_carea' id='block_1_83' title="bbox 271 5126 1960 5197">
    <p class='ocr_par' dir='ltr' id='par_1_83' title="bbox 271 5126 1960 5197">
     <span class='ocr_line' id='line_1_83' title="bbox 271 5126 1960 5197; baseline 0.003 -20"><span class='ocrx_word' id='word_1_580' title='bbox 271 5141 350 5192; x_wconf 86' lang='lat' dir='ltr'>se,</span> <span class='ocrx_word' id='word_1_581' title='bbox 394 5131 450 5179; x_wconf 90' lang='lat' dir='ltr'>et</span> <span class='ocrx_word' id='word_1_582' title='bbox 487 5126 698 5179; x_wconf 89' lang='lat' dir='ltr'>iterum</span> <span class='ocrx_word' id='word_1_583' title='bbox 727 5126 995 5179; x_wconf 85' lang='lat' dir='ltr'>cecidisse</span> <span class='ocrx_word' id='word_1_584' title='bbox 1031 5127 1308 5196; x_wconf 87' lang='lat' dir='ltr'>professo,</span> <span class='ocrx_word' id='word_1_585' title='bbox 1368 5127 1662 5197; x_wconf 87' lang='lat' dir='ltr'>respondit</span> <span class='ocrx_word' id='word_1_586' title='bbox 1693 5145 1705 5181; x_wconf 93' lang='lat'>:</span> <span class='ocrx_word' id='word_1_587' title='bbox 1749 5131 1960 5182; x_wconf 87' lang='lat' dir='ltr'>Iterum</span> 
     </span>
    </p>
   </div>
   <div class='ocr_carea' id='block_1_84' title="bbox 271 5213 1961 5284">
    <p class='ocr_par' dir='ltr' id='par_1_84' title="bbox 271 5213 1961 5284">
     <span class='ocr_line' id='line_1_84' title="bbox 271 5213 1961 5284; baseline 0.002 -17"><span class='ocrx_word' id='word_1_588' title='bbox 271 5213 457 5268; x_wconf 90' lang='lat' dir='ltr'>adhuc</span> <span class='ocrx_word' id='word_1_589' title='bbox 488 5230 679 5284; x_wconf 88' lang='lat' dir='ltr'>surge.</span> <span class='ocrx_word' id='word_1_590' title='bbox 714 5215 852 5268; x_wconf 90' lang='lat' dir='ltr'>Cum</span> <span class='ocrx_word' id='word_1_591' title='bbox 875 5219 1065 5268; x_wconf 87' lang='lat' dir='ltr'>autem</span> <span class='ocrx_word' id='word_1_592' title='bbox 1098 5215 1272 5267; x_wconf 84' lang='lat' dir='ltr'>frater</span> <span class='ocrx_word' id='word_1_593' title='bbox 1294 5215 1625 5284; x_wconf 88' lang='lat' dir='ltr'>frequenter</span> <span class='ocrx_word' id='word_1_594' title='bbox 1653 5217 1961 5271; x_wconf 84' lang='lat' dir='ltr'>surrexisse</span> 
     </span>
    </p>
   </div>
   <div class='ocr_carea' id='block_1_85' title="bbox 269 5303 1961 5372">
    <p class='ocr_par' dir='ltr' id='par_1_85' title="bbox 269 5303 1961 5372">
     <span class='ocr_line' id='line_1_85' title="bbox 269 5303 1961 5372; baseline 0.003 -17"><span class='ocrx_word' id='word_1_595' title='bbox 269 5307 325 5356; x_wconf 88' lang='lat' dir='ltr'>et</span> <span class='ocrx_word' id='word_1_596' title='bbox 350 5303 684 5372; x_wconf 89' lang='lat' dir='ltr'>frequenter</span> <span class='ocrx_word' id='word_1_597' title='bbox 730 5303 995 5357; x_wconf 88' lang='lat' dir='ltr'>cecidisse</span> <span class='ocrx_word' id='word_1_598' title='bbox 1042 5307 1320 5369; x_wconf 90' lang='lat' dir='ltr'>narraret,</span> <span class='ocrx_word' id='word_1_599' title='bbox 1365 5304 1572 5358; x_wconf 89' lang='lat' dir='ltr'>eodem</span> <span class='ocrx_word' id='word_1_600' title='bbox 1611 5320 1744 5358; x_wconf 84' lang='lat' dir='ltr'>vero</span> <span class='ocrx_word' id='word_1_601' title='bbox 1793 5321 1961 5360; x_wconf 86' lang='lat' dir='ltr'>senex</span> 
     </span>
    </p>
   </div>
   <div class='ocr_carea' id='block_1_86' title="bbox 271 5390 1958 5462">
    <p class='ocr_par' dir='ltr' id='par_1_86' title="bbox 271 5390 1958 5462">
     <span class='ocr_line' id='line_1_86' title="bbox 271 5390 1958 5462; baseline 0.005 -21"><span class='ocrx_word' id='word_1_602' title='bbox 271 5390 543 5443; x_wconf 90' lang='lat' dir='ltr'>utebatur</span> <span class='ocrx_word' id='word_1_603' title='bbox 571 5406 854 5458; x_wconf 88' lang='lat' dir='ltr'>sermone,</span> <span class='ocrx_word' id='word_1_604' title='bbox 880 5391 1225 5455; x_wconf 87' lang='lat' dir='ltr'>exclamans,</span> <span class='ocrx_word' id='word_1_605' title='bbox 1273 5390 1351 5442; x_wconf 81' lang='lat' dir='ltr'>Ne</span> <span class='ocrx_word' id='word_1_606' title='bbox 1383 5391 1618 5444; x_wconf 89' lang='lat' dir='ltr'>desistas</span> <span class='ocrx_word' id='word_1_607' title='bbox 1650 5394 1958 5462; x_wconf 90' lang='lat' dir='ltr'>surgendo.</span> 
     </span>
    </p>
   </div>
   <div class='ocr_carea' id='block_1_87' title="bbox 272 5476 1959 5551">
    <p class='ocr_par' dir='ltr' id='par_1_87' title="bbox 272 5476 1959 5551">
     <span class='ocr_line' id='line_1_87' title="bbox 272 5476 1959 5551; baseline 0.004 -22"><span class='ocrx_word' id='word_1_608' title='bbox 272 5476 378 5530; x_wconf 87' lang='lat' dir='ltr'>Cui</span> <span class='ocrx_word' id='word_1_609' title='bbox 427 5478 602 5532; x_wconf 86' lang='lat' dir='ltr'>frater</span> <span class='ocrx_word' id='word_1_610' title='bbox 657 5479 739 5532; x_wconf 90' lang='lat' dir='ltr'>ait</span> <span class='ocrx_word' id='word_1_611' title='bbox 779 5495 791 5532; x_wconf 91' lang='lat'>:</span> <span class='ocrx_word' id='word_1_612' title='bbox 847 5480 1151 5550; x_wconf 88' lang='lat' dir='ltr'>Usquequo</span> <span class='ocrx_word' id='word_1_613' title='bbox 1201 5494 1437 5548; x_wconf 88' lang='lat' dir='ltr'>possum</span> <span class='ocrx_word' id='word_1_614' title='bbox 1481 5495 1734 5550; x_wconf 90' lang='lat' dir='ltr'>surgere,</span> <span class='ocrx_word' id='word_1_615' title='bbox 1772 5483 1959 5551; x_wconf 87' lang='lat' dir='ltr'>Pater,</span> 
     </span>
    </p>
   </div>
   <div class='ocr_carea' id='block_1_88' title="bbox 273 5566 1961 5643">
    <p class='ocr_par' dir='ltr' id='par_1_88' title="bbox 273 5566 1961 5643">
     <span class='ocr_line' id='line_1_88' title="bbox 273 5566 1961 5643; baseline 0.005 -26"><span class='ocrx_word' id='word_1_616' title='bbox 273 5566 555 5634; x_wconf 87' lang='lat' dir='ltr'>explana?</span> <span class='ocrx_word' id='word_1_617' title='bbox 587 5567 767 5621; x_wconf 85' lang='lat' dir='ltr'>Senex</span> <span class='ocrx_word' id='word_1_618' title='bbox 807 5567 950 5622; x_wconf 85' lang='lat' dir='ltr'>dixit</span> <span class='ocrx_word' id='word_1_619' title='bbox 983 5585 994 5621; x_wconf 92' lang='lat'>:</span> <span class='ocrx_word' id='word_1_620' title='bbox 1038 5569 1366 5638; x_wconf 89' lang='lat' dir='ltr'>Usquequo,</span> <span class='ocrx_word' id='word_1_621' title='bbox 1401 5573 1498 5624; x_wconf 89' lang='lat' dir='ltr'>aut</span> <span class='ocrx_word' id='word_1_622' title='bbox 1538 5569 1779 5625; x_wconf 31' lang='lat' dir='ltr'>in‘bono</span> <span class='ocrx_word' id='word_1_623' title='bbox 1823 5589 1961 5643; x_wconf 88' lang='lat' dir='ltr'>opo-</span> 
     </span>
    </p>
   </div>
   <div class='ocr_carea' id='block_1_89' title="bbox 2064 3060 3753 3129">
    <p class='ocr_par' dir='ltr' id='par_1_89' title="bbox 2064 3060 3753 3129">
     <span class='ocr_line' id='line_1_89' title="bbox 2064 3060 3753 3129; baseline -0.001 -15"><span class='ocrx_word' id='word_1_624' title='bbox 2064 3061 2204 3114; x_wconf 88' lang='lat' dir='ltr'>dixit</span> <span class='ocrx_word' id='word_1_625' title='bbox 2243 3077 2254 3114; x_wconf 89' lang='lat'>:</span> <span class='ocrx_word' id='word_1_626' title='bbox 2293 3062 2436 3114; x_wconf 87' lang='lat' dir='ltr'>Deus</span> <span class='ocrx_word' id='word_1_627' title='bbox 2466 3061 2782 3115; x_wconf 87' lang='lat' dir='ltr'>transmisit</span> <span class='ocrx_word' id='word_1_628' title='bbox 2809 3079 2920 3128; x_wconf 89' lang='lat' dir='ltr'>me,</span> <span class='ocrx_word' id='word_1_629' title='bbox 2954 3061 3146 3115; x_wconf 87' lang='lat' dir='ltr'>dicens</span> <span class='ocrx_word' id='word_1_630' title='bbox 3179 3078 3192 3116; x_wconf 92' lang='lat'>:</span> <span class='ocrx_word' id='word_1_631' title='bbox 3225 3061 3397 3129; x_wconf 85' lang='lat' dir='ltr'>Vade,</span> <span class='ocrx_word' id='word_1_632' title='bbox 3429 3060 3520 3114; x_wconf 87' lang='lat' dir='ltr'>dic</span> <span class='ocrx_word' id='word_1_633' title='bbox 3550 3061 3707 3114; x_wconf 89' lang='lat' dir='ltr'>Isaac</span> <span class='ocrx_word' id='word_1_634' title='bbox 3739 3076 3753 3113; x_wconf 75' lang='grc' dir='ltr'>ε</span> 
     </span>
    </p>
   </div>
   <div class='ocr_carea' id='block_1_90' title="bbox 2063 3148 3757 3220">
    <p class='ocr_par' dir='ltr' id='par_1_90' title="bbox 2063 3148 3757 3220">
     <span class='ocr_line' id='line_1_90' title="bbox 2063 3148 3757 3220; baseline -0.001 -17"><span class='ocrx_word' id='word_1_635' title='bbox 2063 3149 2354 3218; x_wconf 87' lang='lat' dir='ltr'>Ubijubes</span> <span class='ocrx_word' id='word_1_636' title='bbox 2381 3153 2446 3202; x_wconf 89' lang='lat' dir='ltr'>ut</span> <span class='ocrx_word' id='word_1_637' title='bbox 2487 3150 2781 3203; x_wconf 87' lang='lat' dir='ltr'>mittamus</span> <span class='ocrx_word' id='word_1_638' title='bbox 2827 3151 2989 3204; x_wconf 89' lang='lat' dir='ltr'>illum</span> <span class='ocrx_word' id='word_1_639' title='bbox 3046 3150 3282 3204; x_wconf 85' lang='lat' dir='ltr'>fratrem</span> <span class='ocrx_word' id='word_1_640' title='bbox 3332 3149 3432 3220; x_wconf 90' lang='lat' dir='ltr'>qui</span> <span class='ocrx_word' id='word_1_641' title='bbox 3462 3148 3757 3220; x_wconf 84' lang='lat' dir='ltr'>peccavit?</span> 
     </span>
    </p>
   </div>
   <div class='ocr_carea' id='block_1_91' title="bbox 2060 3237 3756 3308">
    <p class='ocr_par' dir='ltr' id='par_1_91' title="bbox 2060 3237 3756 3308">
     <span class='ocr_line' id='line_1_91' title="bbox 2060 3237 3756 3308; baseline 0 -17"><span class='ocrx_word' id='word_1_642' title='bbox 2060 3241 2130 3291; x_wconf 90' lang='lat' dir='ltr'>At</span> <span class='ocrx_word' id='word_1_643' title='bbox 2159 3238 2254 3292; x_wconf 92' lang='lat' dir='ltr'>ille</span> <span class='ocrx_word' id='word_1_644' title='bbox 2282 3254 2412 3290; x_wconf 88' lang='lat' dir='ltr'>mox</span> <span class='ocrx_word' id='word_1_645' title='bbox 2455 3237 2571 3308; x_wconf 86' lang='lat' dir='ltr'>egit</span> <span class='ocrx_word' id='word_1_646' title='bbox 2602 3237 3020 3307; x_wconf 82' lang='lat' dir='ltr'>pcenitentiam,</span> <span class='ocrx_word' id='word_1_647' title='bbox 3061 3238 3254 3293; x_wconf 89' lang='lat' dir='ltr'>dicens</span> <span class='ocrx_word' id='word_1_648' title='bbox 3287 3255 3300 3292; x_wconf 91' lang='lat'>:</span> <span class='ocrx_word' id='word_1_649' title='bbox 3352 3237 3605 3305; x_wconf 86' lang='lat' dir='ltr'>Peccavi,</span> <span class='ocrx_word' id='word_1_650' title='bbox 3638 3239 3756 3291; x_wconf 93' lang='lat' dir='ltr'>Do-</span> 
     </span>
    </p>
   </div>
   <div class='ocr_carea' id='block_1_92' title="bbox 2062 3326 3758 3398">
    <p class='ocr_par' dir='ltr' id='par_1_92' title="bbox 2062 3326 3758 3398">
     <span class='ocr_line' id='line_1_92' title="bbox 2062 3326 3758 3398; baseline 0 -19"><span class='ocrx_word' id='word_1_651' title='bbox 2062 3326 2237 3392; x_wconf 92' lang='lat' dir='ltr'>mine,</span> <span class='ocrx_word' id='word_1_652' title='bbox 2270 3326 2503 3396; x_wconf 91' lang='lat' dir='ltr'>indulge</span> <span class='ocrx_word' id='word_1_653' title='bbox 2536 3326 2696 3380; x_wconf 89' lang='lat' dir='ltr'>mihi.</span> <span class='ocrx_word' id='word_1_654' title='bbox 2749 3328 2813 3381; x_wconf 87' lang='lat' dir='ltr'>Et</span> <span class='ocrx_word' id='word_1_655' title='bbox 2867 3327 3003 3381; x_wconf 91' lang='lat' dir='ltr'>dicit</span> <span class='ocrx_word' id='word_1_656' title='bbox 3031 3328 3082 3381; x_wconf 91' lang='lat' dir='ltr'>ei</span> <span class='ocrx_word' id='word_1_657' title='bbox 3149 3328 3420 3398; x_wconf 87' lang='lat' dir='ltr'>angelus:</span> <span class='ocrx_word' id='word_1_658' title='bbox 3483 3328 3758 3396; x_wconf 86' lang='lat' dir='ltr'>Exsurge,</span> 
     </span>
    </p>
   </div>
   <div class='ocr_carea' id='block_1_93' title="bbox 2059 3414 3762 3485">
    <p class='ocr_par' dir='ltr' id='par_1_93' title="bbox 2059 3414 3762 3485">
     <span class='ocr_line' id='line_1_93' title="bbox 2059 3414 3762 3485; baseline 0 -17"><span class='ocrx_word' id='word_1_659' title='bbox 2059 3414 2498 3485; x_wconf 71' lang='lat' dir='ltr'>indulgeat‘tibi</span> <span class='ocrx_word' id='word_1_660' title='bbox 2536 3415 2858 3469; x_wconf 92' lang='lat' dir='ltr'>Dominus:</span> <span class='ocrx_word' id='word_1_661' title='bbox 2907 3417 3002 3469; x_wconf 92' lang='lat' dir='ltr'>sed</span> <span class='ocrx_word' id='word_1_662' title='bbox 3035 3431 3106 3469; x_wconf 91' lang='lat' dir='ltr'>ne</span> <span class='ocrx_word' id='word_1_663' title='bbox 3166 3415 3370 3470; x_wconf 89' lang='lat' dir='ltr'>iterum</span> <span class='ocrx_word' id='word_1_664' title='bbox 3431 3415 3540 3469; x_wconf 90' lang='lat' dir='ltr'>hoc</span> <span class='ocrx_word' id='word_1_665' title='bbox 3587 3414 3762 3468; x_wconf 89' lang='lat' dir='ltr'>facias</span> 
     </span>
    </p>
   </div>
   <div class='ocr_carea' id='block_1_94' title="bbox 2062 3501 3764 3575">
    <p class='ocr_par' dir='ltr' id='par_1_94' title="bbox 2062 3501 3764 3575">
     <span class='ocr_line' id='line_1_94' title="bbox 2062 3501 3764 3575; baseline -0.001 -19"><span class='ocrx_word' id='word_1_666' title='bbox 2062 3508 2125 3557; x_wconf 92' lang='lat' dir='ltr'>ut</span> <span class='ocrx_word' id='word_1_667' title='bbox 2180 3520 2535 3575; x_wconf 90' lang='lat' dir='ltr'>quemquam</span> <span class='ocrx_word' id='word_1_668' title='bbox 2593 3505 2966 3572; x_wconf 89' lang='lat' dir='ltr'>condemnes,</span> <span class='ocrx_word' id='word_1_669' title='bbox 3018 3507 3326 3574; x_wconf 89' lang='lat' dir='ltr'>antequam</span> <span class='ocrx_word' id='word_1_670' title='bbox 3385 3503 3534 3557; x_wconf 92' lang='lat' dir='ltr'>Deus</span> <span class='ocrx_word' id='word_1_671' title='bbox 3593 3501 3764 3555; x_wconf 92' lang='lat' dir='ltr'>illum</span> 
     </span>
    </p>
   </div>
   <div class='ocr_carea' id='block_1_95' title="bbox 2063 3591 3765 3662">
    <p class='ocr_par' dir='ltr' id='par_1_95' title="bbox 2063 3591 3765 3662">
     <span class='ocr_line' id='line_1_95' title="bbox 2063 3591 3765 3662; baseline -0.001 -16"><span class='ocrx_word' id='word_1_672' title='bbox 2063 3592 2356 3662; x_wconf 89' lang='lat' dir='ltr'>dijudicet.</span> <span class='ocrx_word' id='word_1_673' title='bbox 2423 3594 2700 3646; x_wconf 76' lang='lat' dir='ltr'>Tulcrunt</span> <span class='ocrx_word' id='word_1_674' title='bbox 2757 3593 3021 3646; x_wconf 89' lang='lat' dir='ltr'>homines</span> <span class='ocrx_word' id='word_1_675' title='bbox 3060 3592 3168 3645; x_wconf 86' lang='lat' dir='ltr'>sibi</span> <span class='ocrx_word' id='word_1_676' title='bbox 3200 3591 3506 3661; x_wconf 88' lang='lat' dir='ltr'>judicium,</span> <span class='ocrx_word' id='word_1_677' title='bbox 3559 3595 3614 3644; x_wconf 92' lang='lat' dir='ltr'>et</span> <span class='ocrx_word' id='word_1_678' title='bbox 3644 3606 3765 3644; x_wconf 90' lang='lat' dir='ltr'>non</span> 
     </span>
    </p>
   </div>
   <div class='ocr_carea' id='block_1_96' title="bbox 2062 3678 3768 3747">
    <p class='ocr_par' dir='ltr' id='par_1_96' title="bbox 2062 3678 3768 3747">
     <span class='ocr_line' id='line_1_96' title="bbox 2062 3678 3768 3747; baseline -0.001 -15"><span class='ocrx_word' id='word_1_679' title='bbox 2062 3680 2206 3733; x_wconf 90' lang='lat' dir='ltr'>mihi</span> <span class='ocrx_word' id='word_1_680' title='bbox 2237 3680 2382 3733; x_wconf 91' lang='lat' dir='ltr'>illud</span> <span class='ocrx_word' id='word_1_681' title='bbox 2413 3680 2732 3747; x_wconf 89' lang='lat' dir='ltr'>dimittunt,</span> <span class='ocrx_word' id='word_1_682' title='bbox 2770 3681 2909 3735; x_wconf 91' lang='lat' dir='ltr'>dicit</span> <span class='ocrx_word' id='word_1_683' title='bbox 2958 3679 3252 3736; x_wconf 90' lang='lat' dir='ltr'>Dominus.</span> <span class='ocrx_word' id='word_1_684' title='bbox 3291 3682 3407 3735; x_wconf 86' lang='lat' dir='ltr'>Hoc</span> <span class='ocrx_word' id='word_1_685' title='bbox 3451 3683 3645 3733; x_wconf 89' lang='lat' dir='ltr'>autem</span> <span class='ocrx_word' id='word_1_686' title='bbox 3687 3678 3768 3732; x_wconf 85' lang='lat' dir='ltr'>di-</span> 
     </span>
    </p>
   </div>
   <div class='ocr_carea' id='block_1_97' title="bbox 2063 3766 3765 3840">
    <p class='ocr_par' dir='ltr' id='par_1_97' title="bbox 2063 3766 3765 3840">
     <span class='ocr_line' id='line_1_97' title="bbox 2063 3766 3765 3840; baseline -0.001 -19"><span class='ocrx_word' id='word_1_687' title='bbox 2063 3773 2218 3822; x_wconf 92' lang='lat' dir='ltr'>ctum</span> <span class='ocrx_word' id='word_1_688' title='bbox 2277 3772 2381 3834; x_wconf 91' lang='lat' dir='ltr'>est,</span> <span class='ocrx_word' id='word_1_689' title='bbox 2415 3768 2552 3839; x_wconf 90' lang='lat' dir='ltr'>quia</span> <span class='ocrx_word' id='word_1_690' title='bbox 2580 3769 2625 3822; x_wconf 89' lang='lat' dir='ltr'>si</span> <span class='ocrx_word' id='word_1_691' title='bbox 2685 3769 2988 3840; x_wconf 92' lang='lat' dir='ltr'>contigerit</span> <span class='ocrx_word' id='word_1_692' title='bbox 3039 3771 3109 3825; x_wconf 89' lang='lat' dir='ltr'>de</span> <span class='ocrx_word' id='word_1_693' title='bbox 3166 3769 3277 3823; x_wconf 89' lang='lat' dir='ltr'>illis</span> <span class='ocrx_word' id='word_1_694' title='bbox 3336 3767 3604 3839; x_wconf 84' lang='lat' dir='ltr'>perfectis</span> <span class='ocrx_word' id='word_1_695' title='bbox 3660 3766 3765 3820; x_wconf 89' lang='lat' dir='ltr'>ali-</span> 
     </span>
    </p>
   </div>
   <div class='ocr_carea' id='block_1_98' title="bbox 2064 3857 3584 3930">
    <p class='ocr_par' dir='ltr' id='par_1_98' title="bbox 2064 3857 3584 3930">
     <span class='ocr_line' id='line_1_98' title="bbox 2064 3857 3584 3930; baseline 0.002 -23"><span class='ocrx_word' id='word_1_696' title='bbox 2064 3873 2256 3928; x_wconf 82' lang='lat' dir='ltr'>quem,</span> <span class='ocrx_word' id='word_1_697' title='bbox 2289 3859 2372 3912; x_wconf 85' lang='lat' dir='ltr'>vel</span> <span class='ocrx_word' id='word_1_698' title='bbox 2409 3859 2470 3911; x_wconf 90' lang='lat' dir='ltr'>in</span> <span class='ocrx_word' id='word_1_699' title='bbox 2500 3875 2674 3928; x_wconf 87' lang='lat' dir='ltr'>parvo</span> <span class='ocrx_word' id='word_1_700' title='bbox 2706 3875 2960 3930; x_wconf 90' lang='lat' dir='ltr'>peccare,</span> <span class='ocrx_word' id='word_1_701' title='bbox 2993 3876 3108 3913; x_wconf 92' lang='lat' dir='ltr'>non</span> <span class='ocrx_word' id='word_1_702' title='bbox 3134 3875 3268 3912; x_wconf 87' lang='lat' dir='ltr'>mox</span> <span class='ocrx_word' id='word_1_703' title='bbox 3288 3857 3584 3928; x_wconf 88' lang='lat' dir='ltr'>prodatur.</span> 
     </span>
    </p>
   </div>
   <div class='ocr_carea' id='block_1_99' title="bbox 2066 3979 3762 4052">
    <p class='ocr_par' dir='ltr' id='par_1_99' title="bbox 2066 3979 3762 4052">
     <span class='ocr_line' id='line_1_99' title="bbox 2066 3979 3762 4052; baseline -0.001 -16"><span class='ocrx_word' id='word_1_704' title='bbox 2066 3981 2193 4036; x_wconf 83' lang='lat' dir='ltr'>CAP.</span> <span class='ocrx_word' id='word_1_705' title='bbox 2226 3981 2332 4035; x_wconf 87' lang='lat' dir='ltr'>LV.</span> <span class='ocrx_word' id='word_1_706' title='bbox 2385 4012 2454 4022; x_wconf 95' lang='lat'><strong><em>—</em></strong></span> <span class='ocrx_word' id='word_1_707' title='bbox 2485 3982 2641 4047; x_wconf 89' lang='lat' dir='ltr'>Quod</span> <span class='ocrx_word' id='word_1_708' title='bbox 2691 3983 2848 4052; x_wconf 84' lang='lat' dir='ltr'>justa</span> <span class='ocrx_word' id='word_1_709' title='bbox 2904 3983 3207 4038; x_wconf 81' lang='lat' dir='ltr'>obedientia</span> <span class='ocrx_word' id='word_1_710' title='bbox 3229 3983 3395 4051; x_wconf 74' lang='lat' dir='ltr'>justl&#39;s</span> <span class='ocrx_word' id='word_1_711' title='bbox 3445 3979 3762 4036; x_wconf 80' lang='lat' dir='ltr'>muneribus</span> 
     </span>
    </p>
   </div>
   <div class='ocr_carea' id='block_1_100' title="bbox 2715 4061 3103 4108">
    <p class='ocr_par' dir='ltr' id='par_1_100' title="bbox 2715 4061 3103 4108">
     <span class='ocr_line' id='line_1_100' title="bbox 2715 4061 3103 4108; baseline 0.003 -1"><span class='ocrx_word' id='word_1_712' title='bbox 2715 4061 3103 4108; x_wconf 85' lang='lat' dir='ltr'>remuneretur.</span> 
     </span>
    </p>
   </div>
   <div class='ocr_carea' id='block_1_101' title="bbox 2136 4157 3764 4231">
    <p class='ocr_par' dir='ltr' id='par_1_101' title="bbox 2136 4157 3764 4231">
     <span class='ocr_line' id='line_1_101' title="bbox 2136 4157 3764 4231; baseline 0 -19"><span class='ocrx_word' id='word_1_713' title='bbox 2136 4159 2254 4224; x_wconf 77' lang='lat' dir='ltr'>(Ea:</span> <span class='ocrx_word' id='word_1_714' title='bbox 2286 4157 2449 4213; x_wconf 74' lang='lat' dir='ltr'>dictis</span> <span class='ocrx_word' id='word_1_715' title='bbox 2482 4160 2768 4228; x_wconf 87' lang='lat' dir='ltr'>cujusdam</span> <span class='ocrx_word' id='word_1_716' title='bbox 2797 4161 3073 4231; x_wconf 61' lang='lat' dir='ltr'>eremitz.)</span> <span class='ocrx_word' id='word_1_717' title='bbox 3103 4159 3344 4224; x_wconf 89' lang='lat' dir='ltr'>Quidam</span> <span class='ocrx_word' id='word_1_718' title='bbox 3384 4174 3450 4212; x_wconf 90' lang='lat' dir='ltr'>ex</span> <span class='ocrx_word' id='word_1_719' title='bbox 3495 4157 3764 4227; x_wconf 84' lang='lat' dir='ltr'>patribus</span> 
     </span>
    </p>
   </div>
   <div class='ocr_carea' id='block_1_102' title="bbox 1997 4246 3760 4327">
    <p class='ocr_par' dir='ltr' id='par_1_102' title="bbox 1997 4246 3760 4327">
     <span class='ocr_line' id='line_1_102' title="bbox 1997 4246 3760 4327; baseline 0.001 -27"><span class='ocrx_word' id='word_1_720' title='bbox 1997 4275 2040 4327; x_wconf 71' lang='grc' dir='ltr'>Ι)</span> <span class='ocrx_word' id='word_1_721' title='bbox 2069 4246 2127 4300; x_wconf 90' lang='lat' dir='ltr'>in</span> <span class='ocrx_word' id='word_1_722' title='bbox 2151 4247 2324 4300; x_wconf 86' lang='lat' dir='ltr'>extasi</span> <span class='ocrx_word' id='word_1_723' title='bbox 2356 4248 2592 4318; x_wconf 89' lang='lat' dir='ltr'>positus,</span> <span class='ocrx_word' id='word_1_724' title='bbox 2627 4249 2767 4302; x_wconf 87' lang='lat' dir='ltr'>vidit</span> <span class='ocrx_word' id='word_1_725' title='bbox 2805 4255 3050 4320; x_wconf 87' lang='lat' dir='ltr'>quatuor</span> <span class='ocrx_word' id='word_1_726' title='bbox 3087 4248 3314 4303; x_wconf 89' lang='lat' dir='ltr'>ordines</span> <span class='ocrx_word' id='word_1_727' title='bbox 3362 4251 3493 4300; x_wconf 89' lang='lat' dir='ltr'>ante</span> <span class='ocrx_word' id='word_1_728' title='bbox 3528 4248 3711 4301; x_wconf 91' lang='lat' dir='ltr'>Deum</span> <span class='ocrx_word' id='word_1_729' title='bbox 3747 4265 3760 4302; x_wconf 95' lang='lat'>:</span> 
     </span>
    </p>
   </div>
   <div class='ocr_carea' id='block_1_103' title="bbox 2069 4336 3764 4407">
    <p class='ocr_par' dir='ltr' id='par_1_103' title="bbox 2069 4336 3764 4407">
     <span class='ocr_line' id='line_1_103' title="bbox 2069 4336 3764 4407; baseline 0.001 -18"><span class='ocrx_word' id='word_1_730' title='bbox 2069 4341 2124 4390; x_wconf 88' lang='lat' dir='ltr'>et</span> <span class='ocrx_word' id='word_1_731' title='bbox 2149 4337 2368 4406; x_wconf 90' lang='lat' dir='ltr'>primus</span> <span class='ocrx_word' id='word_1_732' title='bbox 2402 4337 2632 4407; x_wconf 81' lang='lat' dir='ltr'>quidem</span> <span class='ocrx_word' id='word_1_733' title='bbox 2665 4338 2803 4390; x_wconf 92' lang='lat' dir='ltr'>ordo</span> <span class='ocrx_word' id='word_1_734' title='bbox 2834 4343 2956 4392; x_wconf 89' lang='lat' dir='ltr'>erat</span> <span class='ocrx_word' id='word_1_735' title='bbox 2984 4337 3284 4392; x_wconf 89' lang='lat' dir='ltr'>hominum</span> <span class='ocrx_word' id='word_1_736' title='bbox 3316 4336 3764 4404; x_wconf 84' lang='lat' dir='ltr'>inﬁrmantium,</span> 
     </span>
    </p>
   </div>
   <div class='ocr_carea' id='block_1_104' title="bbox 2069 4424 3769 4495">
    <p class='ocr_par' dir='ltr' id='par_1_104' title="bbox 2069 4424 3769 4495">
     <span class='ocr_line' id='line_1_104' title="bbox 2069 4424 3769 4495; baseline 0.001 -19"><span class='ocrx_word' id='word_1_737' title='bbox 2069 4429 2126 4476; x_wconf 91' lang='lat' dir='ltr'>et</span> <span class='ocrx_word' id='word_1_738' title='bbox 2153 4424 2365 4494; x_wconf 87' lang='lat' dir='ltr'>gratias</span> <span class='ocrx_word' id='word_1_739' title='bbox 2398 4425 2692 4495; x_wconf 89' lang='lat' dir='ltr'>agentium</span> <span class='ocrx_word' id='word_1_740' title='bbox 2726 4427 2862 4480; x_wconf 94' lang='lat' dir='ltr'>Deo.</span> <span class='ocrx_word' id='word_1_741' title='bbox 2909 4426 3200 4480; x_wconf 90' lang='lat' dir='ltr'>Secundus</span> <span class='ocrx_word' id='word_1_742' title='bbox 3228 4441 3358 4478; x_wconf 89' lang='lat' dir='ltr'>vero</span> <span class='ocrx_word' id='word_1_743' title='bbox 3409 4429 3533 4478; x_wconf 90' lang='lat' dir='ltr'>erat</span> <span class='ocrx_word' id='word_1_744' title='bbox 3561 4439 3769 4478; x_wconf 91' lang='lat' dir='ltr'>eorum</span> 
     </span>
    </p>
   </div>
   <div class='ocr_carea' id='block_1_105' title="bbox 2068 4511 3767 4583">
    <p class='ocr_par' dir='ltr' id='par_1_105' title="bbox 2068 4511 3767 4583">
     <span class='ocr_line' id='line_1_105' title="bbox 2068 4511 3767 4583; baseline 0.001 -17"><span class='ocrx_word' id='word_1_745' title='bbox 2068 4512 2167 4583; x_wconf 89' lang='lat' dir='ltr'>qui</span> <span class='ocrx_word' id='word_1_746' title='bbox 2226 4513 2675 4583; x_wconf 88' lang='lat' dir='ltr'>hospitalitatem</span> <span class='ocrx_word' id='word_1_747' title='bbox 2738 4519 3043 4578; x_wconf 90' lang='lat' dir='ltr'>sectantur,</span> <span class='ocrx_word' id='word_1_748' title='bbox 3079 4518 3134 4568; x_wconf 91' lang='lat' dir='ltr'>et</span> <span class='ocrx_word' id='word_1_749' title='bbox 3167 4515 3228 4566; x_wconf 89' lang='lat' dir='ltr'>in</span> <span class='ocrx_word' id='word_1_750' title='bbox 3259 4513 3366 4566; x_wconf 93' lang='lat' dir='ltr'>hoc</span> <span class='ocrx_word' id='word_1_751' title='bbox 3412 4511 3767 4568; x_wconf 89' lang='lat' dir='ltr'>ministrant.</span> 
     </span>
    </p>
   </div>
   <div class='ocr_carea' id='block_1_106' title="bbox 2069 4601 3774 4674">
    <p class='ocr_par' dir='ltr' id='par_1_106' title="bbox 2069 4601 3774 4674">
     <span class='ocr_line' id='line_1_106' title="bbox 2069 4601 3774 4674; baseline 0.001 -19"><span class='ocrx_word' id='word_1_752' title='bbox 2069 4601 2294 4656; x_wconf 89' lang='lat' dir='ltr'>Tertius</span> <span class='ocrx_word' id='word_1_753' title='bbox 2329 4618 2464 4656; x_wconf 92' lang='lat' dir='ltr'>vero</span> <span class='ocrx_word' id='word_1_754' title='bbox 2494 4602 2728 4656; x_wconf 91' lang='lat' dir='ltr'>illorum</span> <span class='ocrx_word' id='word_1_755' title='bbox 2759 4603 2858 4674; x_wconf 87' lang='lat' dir='ltr'>qui</span> <span class='ocrx_word' id='word_1_756' title='bbox 2883 4603 3249 4656; x_wconf 90' lang='lat' dir='ltr'>solitudinem</span> <span class='ocrx_word' id='word_1_757' title='bbox 3281 4601 3774 4666; x_wconf 86' lang='lat' dir='ltr'>sectantur.Quar-</span> 
     </span>
    </p>
   </div>
   <div class='ocr_carea' id='block_1_107' title="bbox 2069 4689 3774 4761">
    <p class='ocr_par' dir='ltr' id='par_1_107' title="bbox 2069 4689 3774 4761">
     <span class='ocr_line' id='line_1_107' title="bbox 2069 4689 3774 4761; baseline 0.001 -19"><span class='ocrx_word' id='word_1_758' title='bbox 2069 4693 2161 4743; x_wconf 91' lang='lat' dir='ltr'>tus</span> <span class='ocrx_word' id='word_1_759' title='bbox 2192 4705 2324 4742; x_wconf 89' lang='lat' dir='ltr'>vero</span> <span class='ocrx_word' id='word_1_760' title='bbox 2351 4689 2586 4744; x_wconf 88' lang='lat' dir='ltr'>illorum</span> <span class='ocrx_word' id='word_1_761' title='bbox 2638 4691 2738 4761; x_wconf 90' lang='lat' dir='ltr'>qui</span> <span class='ocrx_word' id='word_1_762' title='bbox 2779 4695 3019 4761; x_wconf 89' lang='lat' dir='ltr'>propter</span> <span class='ocrx_word' id='word_1_763' title='bbox 3077 4692 3257 4745; x_wconf 91' lang='lat' dir='ltr'>Deum</span> <span class='ocrx_word' id='word_1_764' title='bbox 3315 4691 3374 4744; x_wconf 91' lang='lat' dir='ltr'>in</span> <span class='ocrx_word' id='word_1_765' title='bbox 3436 4690 3774 4744; x_wconf 87' lang='lat' dir='ltr'>obedientia</span> 
     </span>
    </p>
   </div>
   <div class='ocr_carea' id='block_1_108' title="bbox 2072 4777 3776 4850">
    <p class='ocr_par' dir='ltr' id='par_1_108' title="bbox 2072 4777 3776 4850">
     <span class='ocr_line' id='line_1_108' title="bbox 2072 4777 3776 4850; baseline 0.001 -19"><span class='ocrx_word' id='word_1_766' title='bbox 2072 4777 2314 4847; x_wconf 89' lang='lat' dir='ltr'>subjecti</span> <span class='ocrx_word' id='word_1_767' title='bbox 2363 4785 2495 4833; x_wconf 92' lang='lat' dir='ltr'>sunt</span> <span class='ocrx_word' id='word_1_768' title='bbox 2538 4781 2817 4849; x_wconf 90' lang='lat' dir='ltr'>patribus.</span> <span class='ocrx_word' id='word_1_769' title='bbox 2865 4781 2998 4833; x_wconf 89' lang='lat' dir='ltr'>Erat</span> <span class='ocrx_word' id='word_1_770' title='bbox 3038 4796 3176 4850; x_wconf 89' lang='lat' dir='ltr'>ergo</span> <span class='ocrx_word' id='word_1_771' title='bbox 3226 4779 3339 4832; x_wconf 92' lang='lat' dir='ltr'>illis</span> <span class='ocrx_word' id='word_1_772' title='bbox 3378 4778 3563 4832; x_wconf 91' lang='lat' dir='ltr'>tribus</span> <span class='ocrx_word' id='word_1_773' title='bbox 3613 4779 3776 4833; x_wconf 86' lang='lat' dir='ltr'>ordi-</span> 
     </span>
    </p>
   </div>
   <div class='ocr_carea' id='block_1_109' title="bbox 2072 4867 3772 4939">
    <p class='ocr_par' dir='ltr' id='par_1_109' title="bbox 2072 4867 3772 4939">
     <span class='ocr_line' id='line_1_109' title="bbox 2072 4867 3772 4939; baseline 0.001 -20"><span class='ocrx_word' id='word_1_774' title='bbox 2072 4867 2240 4920; x_wconf 88' lang='lat' dir='ltr'>nibus</span> <span class='ocrx_word' id='word_1_775' title='bbox 2263 4867 2354 4920; x_wconf 88' lang='lat' dir='ltr'>hic</span> <span class='ocrx_word' id='word_1_776' title='bbox 2398 4869 2537 4922; x_wconf 93' lang='lat' dir='ltr'>ordo</span> <span class='ocrx_word' id='word_1_777' title='bbox 2578 4868 2840 4938; x_wconf 91' lang='lat' dir='ltr'>superior</span> <span class='ocrx_word' id='word_1_778' title='bbox 2881 4868 2981 4939; x_wconf 89' lang='lat' dir='ltr'>qui</span> <span class='ocrx_word' id='word_1_779' title='bbox 3025 4867 3409 4922; x_wconf 89' lang='lat' dir='ltr'>obedientiam</span> <span class='ocrx_word' id='word_1_780' title='bbox 3443 4867 3772 4929; x_wconf 85' lang='lat' dir='ltr'>exhibebat,</span> 
     </span>
    </p>
   </div>
   <div class='ocr_carea' id='block_1_110' title="bbox 2073 4955 3774 5028">
    <p class='ocr_par' dir='ltr' id='par_1_110' title="bbox 2073 4955 3774 5028">
     <span class='ocr_line' id='line_1_110' title="bbox 2073 4955 3774 5028; baseline 0 -20"><span class='ocrx_word' id='word_1_781' title='bbox 2073 4959 2132 5008; x_wconf 91' lang='lat' dir='ltr'>et</span> <span class='ocrx_word' id='word_1_782' title='bbox 2160 4955 2408 5009; x_wconf 89' lang='lat' dir='ltr'>habebat</span> <span class='ocrx_word' id='word_1_783' title='bbox 2453 4962 2718 5028; x_wconf 91' lang='lat' dir='ltr'>torquem</span> <span class='ocrx_word' id='word_1_784' title='bbox 2777 4973 3040 5025; x_wconf 87' lang='lat' dir='ltr'>aureum,</span> <span class='ocrx_word' id='word_1_785' title='bbox 3093 4961 3152 5011; x_wconf 89' lang='lat' dir='ltr'>et</span> <span class='ocrx_word' id='word_1_786' title='bbox 3194 4956 3469 5026; x_wconf 89' lang='lat' dir='ltr'>majorem</span> <span class='ocrx_word' id='word_1_787' title='bbox 3522 4955 3774 5025; x_wconf 90' lang='lat' dir='ltr'>gloriam</span> 
     </span>
    </p>
   </div>
   <div class='ocr_carea' id='block_1_111' title="bbox 2076 5044 3775 5116">
    <p class='ocr_par' dir='ltr' id='par_1_111' title="bbox 2076 5044 3775 5116">
     <span class='ocr_line' id='line_1_111' title="bbox 2076 5044 3775 5116; baseline 0.001 -21"><span class='ocrx_word' id='word_1_788' title='bbox 2076 5059 2194 5112; x_wconf 65' lang='lat' dir='ltr'>prae</span> <span class='ocrx_word' id='word_1_789' title='bbox 2225 5045 2445 5098; x_wconf 65' lang='lat' dir='ltr'>caeteris</span> <span class='ocrx_word' id='word_1_790' title='bbox 2482 5046 2830 5116; x_wconf 88' lang='lat' dir='ltr'>possidebat.</span> <span class='ocrx_word' id='word_1_791' title='bbox 2891 5045 3037 5100; x_wconf 83' lang='lat' dir='ltr'>Dicit</span> <span class='ocrx_word' id='word_1_792' title='bbox 3089 5050 3280 5098; x_wconf 86' lang='lat' dir='ltr'>autem</span> <span class='ocrx_word' id='word_1_793' title='bbox 3331 5060 3498 5098; x_wconf 87' lang='lat' dir='ltr'>senex</span> <span class='ocrx_word' id='word_1_794' title='bbox 3564 5044 3617 5098; x_wconf 92' lang='lat' dir='ltr'>ei</span> <span class='ocrx_word' id='word_1_795' title='bbox 3673 5044 3775 5114; x_wconf 91' lang='lat' dir='ltr'>qui</span> 
     </span>
    </p>
   </div>
   <div class='ocr_carea' id='block_1_112' title="bbox 2075 5130 3776 5204">
    <p class='ocr_par' dir='ltr' id='par_1_112' title="bbox 2075 5130 3776 5204">
     <span class='ocr_line' id='line_1_112' title="bbox 2075 5130 3776 5204; baseline 0.001 -20"><span class='ocrx_word' id='word_1_796' title='bbox 2075 5130 2184 5186; x_wconf 90' lang='lat' dir='ltr'>sibi</span> <span class='ocrx_word' id='word_1_797' title='bbox 2214 5132 2323 5186; x_wconf 90' lang='lat' dir='ltr'>hoc</span> <span class='ocrx_word' id='word_1_798' title='bbox 2353 5133 2412 5187; x_wconf 91' lang='lat' dir='ltr'>in</span> <span class='ocrx_word' id='word_1_799' title='bbox 2435 5134 2610 5188; x_wconf 86' lang='lat' dir='ltr'>extasi</span> <span class='ocrx_word' id='word_1_800' title='bbox 2653 5134 3102 5204; x_wconf 89' lang='lat' dir='ltr'>demonstrabat,</span> <span class='ocrx_word' id='word_1_801' title='bbox 3137 5133 3272 5204; x_wconf 92' lang='lat' dir='ltr'>quia</span> <span class='ocrx_word' id='word_1_802' title='bbox 3305 5133 3396 5187; x_wconf 90' lang='lat' dir='ltr'>isti</span> <span class='ocrx_word' id='word_1_803' title='bbox 3446 5132 3543 5186; x_wconf 90' lang='lat' dir='ltr'>alii</span> <span class='ocrx_word' id='word_1_804' title='bbox 3574 5148 3776 5186; x_wconf 89' lang='lat' dir='ltr'>omnes</span> 
     </span>
    </p>
   </div>
   <div class='ocr_carea' id='block_1_113' title="bbox 2075 5219 3776 5294">
    <p class='ocr_par' dir='ltr' id='par_1_113' title="bbox 2075 5219 3776 5294">
     <span class='ocr_line' id='line_1_113' title="bbox 2075 5219 3776 5294; baseline 0.001 -21"><span class='ocrx_word' id='word_1_805' title='bbox 2075 5219 2289 5275; x_wconf 89' lang='lat' dir='ltr'>habent</span> <span class='ocrx_word' id='word_1_806' title='bbox 2318 5222 2572 5293; x_wconf 90' lang='lat' dir='ltr'>aliquam</span> <span class='ocrx_word' id='word_1_807' title='bbox 2611 5223 2868 5294; x_wconf 89' lang='lat' dir='ltr'>requiem</span> <span class='ocrx_word' id='word_1_808' title='bbox 2901 5223 2968 5278; x_wconf 88' lang='lat' dir='ltr'>ad</span> <span class='ocrx_word' id='word_1_809' title='bbox 3014 5223 3332 5294; x_wconf 90' lang='lat' dir='ltr'>implendas</span> <span class='ocrx_word' id='word_1_810' title='bbox 3369 5222 3635 5293; x_wconf 89' lang='lat' dir='ltr'>proprias</span> <span class='ocrx_word' id='word_1_811' title='bbox 3666 5237 3776 5275; x_wconf 83' lang='lat' dir='ltr'>vo-</span> 
     </span>
    </p>
   </div>
   <div class='ocr_carea' id='block_1_114' title="bbox 2077 5307 3776 5383">
    <p class='ocr_par' dir='ltr' id='par_1_114' title="bbox 2077 5307 3776 5383">
     <span class='ocr_line' id='line_1_114' title="bbox 2077 5307 3776 5383; baseline 0.001 -22"><span class='ocrx_word' id='word_1_812' title='bbox 2077 5307 2344 5363; x_wconf 90' lang='lat' dir='ltr'>luntates.</span> <span class='ocrx_word' id='word_1_813' title='bbox 2379 5311 2478 5364; x_wconf 90' lang='lat' dir='ltr'>Hic</span> <span class='ocrx_word' id='word_1_814' title='bbox 2525 5327 2661 5382; x_wconf 91' lang='lat' dir='ltr'>ergo</span> <span class='ocrx_word' id='word_1_815' title='bbox 2689 5312 2789 5383; x_wconf 90' lang='lat' dir='ltr'>qui</span> <span class='ocrx_word' id='word_1_816' title='bbox 2835 5311 3223 5366; x_wconf 90' lang='lat' dir='ltr'>obedientiam</span> <span class='ocrx_word' id='word_1_817' title='bbox 3275 5316 3517 5378; x_wconf 85' lang='lat' dir='ltr'>exercet,</span> <span class='ocrx_word' id='word_1_818' title='bbox 3573 5325 3776 5364; x_wconf 87' lang='lat' dir='ltr'>omnes</span> 
     </span>
    </p>
   </div>
   <div class='ocr_carea' id='block_1_115' title="bbox 2077 5397 3777 5472">
    <p class='ocr_par' dir='ltr' id='par_1_115' title="bbox 2077 5397 3777 5472">
     <span class='ocr_line' id='line_1_115' title="bbox 2077 5397 3777 5472; baseline -0.001 -21"><span class='ocrx_word' id='word_1_819' title='bbox 2077 5398 2400 5452; x_wconf 85' lang='lat' dir='ltr'>voluntates</span> <span class='ocrx_word' id='word_1_820' title='bbox 2418 5399 2713 5470; x_wconf 92' lang='lat' dir='ltr'>relinquit,</span> <span class='ocrx_word' id='word_1_821' title='bbox 2747 5405 2898 5454; x_wconf 90' lang='lat' dir='ltr'>totus</span> <span class='ocrx_word' id='word_1_822' title='bbox 2928 5401 3138 5472; x_wconf 88' lang='lat' dir='ltr'>pendet</span> <span class='ocrx_word' id='word_1_823' title='bbox 3167 5401 3227 5454; x_wconf 91' lang='lat' dir='ltr'>in</span> <span class='ocrx_word' id='word_1_824' title='bbox 3254 5401 3551 5454; x_wconf 89' lang='lat' dir='ltr'>voluntate</span> <span class='ocrx_word' id='word_1_825' title='bbox 3592 5397 3777 5454; x_wconf 90' lang='lat' dir='ltr'>Patris</span> 
     </span>
    </p>
   </div>
   <div class='ocr_carea' id='block_1_116' title="bbox 2070 5486 3777 5560">
    <p class='ocr_par' dir='ltr' id='par_1_116' title="bbox 2070 5486 3777 5560">
     <span class='ocr_line' id='line_1_116' title="bbox 2070 5486 3777 5560; baseline 0.001 -21"><span class='ocrx_word' id='word_1_826' title='bbox 2070 5486 2347 5556; x_wconf 89' lang='lat' dir='ltr'>jubentis,</span> <span class='ocrx_word' id='word_1_827' title='bbox 2384 5491 2440 5541; x_wconf 90' lang='lat' dir='ltr'>et</span> <span class='ocrx_word' id='word_1_828' title='bbox 2474 5487 2603 5543; x_wconf 92' lang='lat' dir='ltr'>ideo</span> <span class='ocrx_word' id='word_1_829' title='bbox 2649 5489 2928 5558; x_wconf 88' lang='lat' dir='ltr'>majorem</span> <span class='ocrx_word' id='word_1_830' title='bbox 2977 5490 3217 5560; x_wconf 89' lang='lat' dir='ltr'>gloriam</span> <span class='ocrx_word' id='word_1_831' title='bbox 3249 5505 3368 5560; x_wconf 73' lang='lat' dir='ltr'>pra:</span> <span class='ocrx_word' id='word_1_832' title='bbox 3423 5489 3641 5542; x_wconf 69' lang='lat' dir='ltr'>caeteris</span> <span class='ocrx_word' id='word_1_833' title='bbox 3688 5492 3777 5540; x_wconf 89' lang='lat' dir='ltr'>est</span> 
     </span>
    </p>
   </div>
   <div class='ocr_carea' id='block_1_117' title="bbox 2077 5575 2328 5629">
    <p class='ocr_par' dir='ltr' id='par_1_117' title="bbox 2077 5575 2328 5629">
     <span class='ocr_line' id='line_1_117' title="bbox 2077 5575 2328 5629; baseline 0 -1"><span class='ocrx_word' id='word_1_834' title='bbox 2077 5575 2328 5629; x_wconf 89' lang='lat' dir='ltr'>sortitus.</span> 
     </span>
    </p>
   </div>
  </div>
