3950 6310
211 351 308 399 997
1048 347 1519 404 DECRETORUM
1568 349 1754 403 LIBRI
1792 350 1898 403 ΧΧ.
1932 377 1999 385 -
2034 345 2244 400 LIBER
2287 342 2586 398 DECIMUS
2626 341 2866 395 NONUS.

3611 344 3713 393 998

209 472 336 525 CAP.
368 471 497 525 LVI.
531 501 598 509 —
638 473 716 524 De
741 472 852 525 illis
879 474 976 538 qui
1003 486 1070 524 ea:
1108 472 1388 525 industria
1416 477 1659 541 peccant,
1699 478 1747 525 et
1773 488 1894 541 pro-
1928 474 1973 525 Α
2013 474 2111 523 aut
2131 467 2286 539 quod
2314 465 2398 520 illi
2429 464 2743 519 secundum
2789 467 3111 517 sanctarum
3146 462 3564 533 Scripturarum
3605 479 3711 515 au-

285 546 509 595 mittunt
564 544 672 595 sibi
701 542 997 610 quamdam
1072 545 1451 611 impunitatem
1470 544 1734 611 peccandi
1776 559 1906 612 pro-

279 619 401 681 pter
439 616 779 679 largitionem
799 614 1272 679 eleemosynarum.

285 703 395 767 (Em
441 702 663 754 concilio
726 701 1014 766 Cabillon.,
1076 704 1251 769 capite
1326 704 1438 769 36.)
1490 700 1599 755 Sed
1648 716 1750 754 nec
1803 701 1909 753 hoc

208 788 682 858 praetereundum
730 788 1054 858 putavimus
1088 790 1240 859 quod
1281 790 1515 855 quidam
1540 806 1606 842 ex
1627 789 1911 843 industria

208 883 527 948 peccantes,
641 882 879 947 propter
947 878 1440 947 eleemosynarum
1542 878 1909 948 largitionem

208 964 523 1033 quamdam
576 964 682 1018 sibi
708 965 1053 1035 promittunt
1084 966 1505 1036 impunitatem.
1537 967 1911 1038 Eleemosyna

209 1052 365 1105 enim
396 1052 679 1121 extinguit
708 1058 1023 1122 peccatum,
1068 1053 1231 1122 juxta
1260 1054 1403 1107 illud
1446 1056 1675 1124 :Ignem
1705 1055 1911 1109 arden-

208 1144 326 1193 tem
351 1141 635 1210 extinguit
665 1157 833 1211 aqua,
895 1147 949 1194 et
999 1143 1362 1212 eleemosyna
1400 1143 1685 1213 extinguit
1714 1160 1911 1213 pecca-

208 1233 352 1282 tum.
391 1228 499 1282 Sed
531 1246 595 1282 ea
628 1245 756 1299 quae
790 1233 888 1282 aut
936 1230 1290 1295 necessitate,
1333 1234 1431 1283 aut
1460 1247 1613 1300 casu,
1644 1236 1741 1285 aut
1765 1248 1912 1300 qua—

209 1316 353 1370 libet
382 1318 527 1370 ﬁunt
584 1318 911 1387 fragilitate.
974 1319 1049 1372 Ea
1079 1335 1211 1372 vero
1244 1336 1373 1390 quas
1424 1336 1492 1373 ex
1539 1320 1824 1374 industria
1844 1320 1913 1373 ad

210 1407 519 1475 cujuslibet
591 1407 887 1460 libidinem
982 1408 1323 1477 explendam
1387 1408 1597 1463 idcirco
1648 1409 1796 1463 ﬁunt
1851 1414 1914 1462 ut

211 1495 585 1565 eleemosynis
618 1495 992 1559 redimantur,
1026 1512 1392 1566 nequaquam
1424 1497 1503 1549 eis
1534 1497 1741 1550 redimi
1772 1513 1911 1567 pos—

210 1589 343 1636 sunt
375 1600 386 1637 :
416 1584 551 1654 quia
581 1585 680 1654 qui
710 1585 818 1637 hoc
852 1590 1187 1655 perpetrant
1224 1586 1492 1639 videntur
1549 1587 1727 1639 Deum
1760 1602 1909 1640 mer-

209 1674 345 1726 cede
376 1675 713 1739 conducere,
746 1678 810 1727 ut
857 1673 935 1727 eis
977 1674 1211 1744 impune
1271 1691 1505 1742 peccare
1552 1675 1739 1729 liceat.
1790 1676 1913 1728 Non

207 1779 347 1831 ergo
400 1762 611 1815 idcirco
675 1762 801 1831 quis
856 1778 1090 1832 peccare
1144 1763 1314 1816 debet
1374 1768 1432 1817 ut
1482 1764 1906 1832 cleemosynam
1950 1756 1988 1809 Β

209 1849 424 1903 faciat:
485 1852 579 1904 sed
640 1850 766 1903 ideo
833 1853 1250 1921 eleemosynam
1302 1850 1486 1905 facere
1540 1852 1728 1919 debet,
1771 1854 1908 1922 quia

102 2010 107 2013 _
208 1937 481 2004 peccavit.
538 1937 777 1990 Mentem
836 1939 990 1991 enim
1041 1944 1096 1992 et
1138 1956 1344 2009 corpus
1376 1955 1503 2008 quae
1532 1940 1707 1993 libido
1737 1941 1909 1993 traxit

210 2025 281 2080 ad
333 2026 581 2095 culpam,
630 2026 861 2080 afﬂictio
917 2032 974 2080 et
1012 2028 1278 2081 contritio
1339 2027 1508 2081 debet
1541 2029 1809 2081 reducere
1840 2028 1908 2080 ad

211 2114 460 2167 veniam.

211 2204 341 2257 Car.
380 2204 533 2257 LVII.
563 2234 634 2242 —
657 2206 731 2257 De
760 2203 845 2256 his
867 2205 962 2271 qui
978 2207 1203 2272 peracta
1231 2206 1543 2271 pauitentia
1574 2205 1648 2257 ad
1672 2206 1912 2273 pristina

791 2275 1015 2328 redeunt
1042 2277 1350 2328 volutabra.

284 2362 395 2433 (Em
448 2363 586 2416 decr.
630 2364 834 2430 Syricii
884 2379 1062 2431 papa.
1124 2365 1299 2431 capite
1368 2362 1476 2432 10.)
1539 2362 1616 2416 De
1648 2362 1738 2417 his
1780 2380 1911 2417 vero

209 2467 326 2504 non
359 2452 672 2521 incongrue
720 2451 951 2505 dilectio
1010 2458 1105 2503 tua
1162 2451 1529 2520 apostolicam
1572 2451 1763 2505 sedem
1794 2467 1913 2503 cre-

211 2539 357 2593 didit
382 2540 803 2604 consulendam,
841 2540 938 2609 qui
970 2544 1217 2608 peracta,
1250 2540 1607 2608 poenitentia,
1638 2545 1911 2611 tanquam

209 2644 381 2681 canes
411 2644 474 2680 ac
504 2644 653 2693 sues,
687 2629 755 2681 ad
789 2628 1036 2681 vomitus
1100 2629 1370 2697 pristinos
1428 2634 1484 2682 et
1513 2629 1581 2682 ad
1616 2629 1915 2682 volutabra

210 2717 536 2781 redeuntes,
572 2722 627 2770 et
666 2716 883 2770 militia:
916 2716 1234 2785 cingulum,
1282 2722 1337 2769 et
1370 2717 1617 2770 ludicras
1646 2719 1914 2786 volupta-

213 2811 322 2871 tes,
355 2810 411 2858 et
452 2821 597 2857 nova
647 2805 936 2875 conjugia,
990 2812 1041 2857 et
1074 2804 1345 2857 inbibitos
1402 2806 1591 2858 denuo
1625 2806 1914 2875 appetiere

211 2892 566 2958 concubitus,
618 2910 865 2963 quorum
918 2893 1232 2961 professam
1282 2893 1759 2946 incontinentiam
1815 2908 1912 2961 ge-

210 2981 398 3034 nerati
429 2986 555 3050 post
602 2980 1019 3033 absolutionem
1070 2978 1173 3031 ﬁlii
1207 2979 1620 3047 prodiderunt;
1680 2980 1748 3033 de
1779 2980 1911 3050 qui-

212 3070 358 3123 bus:
397 3070 532 3138 quia
582 3068 700 3138 jam
754 3067 1064 3137 suffugium
1110 3084 1219 3120 non
1278 3067 1446 3121 habet
1476 3069 1814 3138 paenitendi,
1848 3070 1905 3123 id

213 3159 483 3211 duximus
513 3157 957 3223 decernendum,
988 3161 1050 3209 ut
1108 3157 1225 3209 sola
1256 3156 1408 3208 intra
1431 3158 1736 3210 Ecelesiam
1765 3158 1906 3211 ﬁde-

212 3247 362 3299 libus
388 3246 645 3299 oratione
668 3246 1010 3315 junguntur,
1043 3261 1216 3298 sacra:
1245 3246 1649 3314 mysteriorum
1681 3245 1911 3298 celebri-

212 3335 339 3401 tati,
371 3335 629 3405 quamvis
651 3350 768 3387 non
800 3338 1150 3399 mereantur,
1182 3333 1468 3386 intersint.
1518 3336 1564 3387 A
1597 3334 1909 3387 Dominicaa

212 3429 407 3477 autem
466 3438 679 3476 mensae
732 3421 993 3475 convivio
1042 3425 1439 3491 segregantur,
1482 3422 1677 3475 uthac
1709 3423 1912 3476 saltem

213 3511 569 3565 districtione
626 3512 885 3576 correcti,
948 3516 1005 3564 et
1066 3510 1177 3580 ipsi
1232 3527 1334 3563 sua
1393 3516 1581 3564 errata
1635 3511 1915 3581 castigent

217 3606 275 3654 et
303 3600 432 3654 aliis
466 3601 788 3671 exemplum
836 3598 1114 3663 tribuant,
1160 3604 1441 3669 quatenus
1508 3600 1578 3653 ab
1638 3600 1914 3654 obscoenis

217 3689 627 3759 cupiditatibus
666 3688 1076 3741 retrahantur:
1134 3689 1344 3759 quibus
1392 3695 1582 3742 tamen
1639 3690 1913 3760 quoniam

216 3778 431 3833 carnali
462 3778 771 3847 fragilitate
821 3777 1172 3843 ceciderunt,
1209 3778 1413 3831 viatico
1464 3794 1724 3844 munere,
1784 3794 1916 3831 cum

217 3868 288 3920 ad
322 3867 627 3921 Dominum
662 3866 935 3936 coeperint
987 3864 1292 3935 proficisci,
1343 3882 1446 3934 per
1498 3866 1918 3920 communionis

218 3956 463 4027 gratiam
493 3956 758 4008 volumus
799 3953 1120 4007 subvenire.
1155 3953 1335 4017 Quam
1369 3954 1609 4008 formam
1677 3959 1732 4008 et
1771 3955 1919 4009 circa

220 4045 511 4112 mulieres,
549 4059 677 4113 qum
715 4060 773 4096 se
804 4048 933 4111 post
971 4042 1369 4112 paenitentiam
1403 4042 1613 4097 talibus
1643 4044 1917 4113 pollutio-

219 4134 386 4186 nibus
415 4132 817 4195 devinxerunt,
852 4132 1191 4183 servandam
1225 4146 1350 4184 esse
1376 4147 1697 4185 censemus.

219 4223 346 4276 CAP.
379 4220 562 4275 LVIII.
598 4246 666 4261 -—-
712 4221 792 4272 De
820 4221 1103 4288 pcenitente
1122 4220 1331 4284 femina
1360 4234 1480 4288 quae
1509 4219 1761 4286 defuncto
1802 4221 1920 4273 viro

671 4292 796 4344 aliis
818 4291 1012 4344 nubere
1030 4294 1459 4359 prwsumpserit.

294 4382 401 4452 (Ea:
426 4382 649 4435 concilio
679 4381 1014 4445 Arelatensi,
1069 4381 1244 4448 capite
1300 4381 1377 4444 2.)
1433 4379 1778 4432 Paenitentes
1834 4379 1916 4432 fe-

217 4471 393 4525 minae
420 4486 549 4540 quae
592 4469 873 4522 defunctis
903 4468 1038 4522 viris
1069 4468 1193 4521 aliis
1251 4468 1467 4521 nubere
1532 4484 1915 4537 praesumpse-

219 4560 357 4625 rint,
380 4559 468 4612 vel
513 4561 791 4628 suspecta,
850 4557 939 4610 vel
995 4556 1297 4610 interdicta
1342 4556 1731 4610 familiaritate
1775 4572 1919 4609 “cum

219 4654 489 4702 extraneo
514 4646 771 4711 vixerint,
805 4660 935 4699 cum
989 4644 1184 4697 eodem
1220 4645 1289 4697 ab
1330 4644 1591 4697 Ecclesiae
1622 4643 1919 4697 liminibus

221 4741 543 4790 arceantur.
595 4736 722 4789 Haec
767 4734 941 4787 etiam
972 4733 1041 4786 de
1094 4731 1227 4784 viris
1260 4732 1319 4783 in
1352 4730 1688 4802 poenitentia
1718 4729 1920 4801 positis

221 4825 439 4896 placuit
461 4822 770 4878 observari.

222 4876 756 4979 Quod
803 4914 858 4965 in
889 4910 1075 4964 danda
1122 4911 1439 4978 poenitentia
1460 4910 1615 4963 nulla
1662 4876 1921 4977 sitperso;

838 4998 1033 5036 narum
1064 4983 1319 5049 acceptio.

293 5074 416 5144 (Ea:
459 5074 683 5127 concilio
739 5072 1037 5135 Cabillon.,
1085 5072 1172 5123 cui
1199 5070 1453 5135 interfuit
1483 5068 1717 5121 Carolus
1756 5070 1922 5136 impe-

221 5168 394 5229 rator,
425 5165 600 5231 capite
626 5160 737 5229 34.)
806 5158 951 5223 Quia
1008 5158 1184 5227 igitur
1213 5156 1486 5227 Apostolo
1515 5160 1657 5209 teste
1691 5172 1807 5210 non
1838 5160 1924 5209 est

224 5236 603 5322 personarum
635 5249 885 5319 acceptio
914 5248 1065 5317 apud
1097 5248 1298 5311 Deum,
1334 5251 1390 5299 et
1419 5246 1476 5298 in
1494 5243 1923 5313 omnibusjudi-

226 5340 327 5394 ciis
358 5339 635 5393 servanda
666 5354 780 5391 non
812 5341 916 5405 est,
948 5338 1127 5390 multo
1160 5336 1342 5406 magis
1384 5334 1443 5387 in
1501 5334 1607 5387 hoc
1636 5333 1924 5402 poeniten-

229 5430 325 5483 tiae
360 5428 577 5498 judicio
640 5426 946 5497 praecaveri
979 5426 1164 5491 debet,
1206 5430 1270 5479 ut
1327 5424 1519 5478 nullus
1567 5422 1925 5475 sacerdotum

231 5534 507 5589 unquam,
532 5522 632 5572 aut
661 5516 863 5586 gratia,
918 5519 1015 5569 aut
1045 5514 1176 5568 odio
1203 5514 1443 5583 alicujus
1483 5526 1743 5582 personae
1766 5525 1926 5563 secus

226 5608 465 5679 judicet,
505 5622 676 5678 quam
708 5606 860 5674 quod
893 5604 951 5656 in
976 5603 1292 5657 canonibus
1353 5602 1525 5656 sacris
1592 5597 1876 5654 invenerit
1910 5612 1923 5652 :

2019 559 2370 624 ctoritatem,
2399 560 2455 607 et
2502 552 2939 607 ecclesiasticam
2998 551 3469 605 consuetudinem
3503 550 3713 604 rectius

2018 646 2199 699 visum
2239 643 2427 698 fuerit.
2464 642 2523 697 Si
2553 658 2688 712 ergo
2721 640 2927 695 medici
2980 640 3078 710 qui
3109 640 3446 709 corporibus
3476 640 3714 693 medici-

2019 750 2152 788 nam
2190 733 2397 786 inferre
2425 737 2725 795 conantur,
2776 745 3142 799 nequaquam
3192 734 3427 798 propter
3458 744 3711 798 persona!

2022 823 2323 893 cujuslibet
2343 821 2732 890 acceptionem
2764 819 2853 873 his
2877 834 3020 888 quos
3056 834 3255 872 sanare
3287 819 3545 886 cupiunt,
3582 834 3712 871 cau-

2022 912 2185 979 terio,
2220 916 2318 965 aut
2372 911 2545 975 ferro,
2605 914 2705 962 aut
2761 908 2919 963 duris
2978 907 3100 961 aliis
3140 906 3492 977 quibuslibet
3543 907 3714 959 rebus

2019 1004 2263 1070 parcunt
2294 1016 2307 1053 :
2343 998 2525 1052 multo
2559 997 2740 1067 magis
2768 996 2855 1050 his
2883 992 3301 1049 observandum
3334 999 3438 1059 est,
3473 994 3573 1064 qui
3600 1011 3716 1047 non

2020 1104 2329 1159 corporum
2380 1086 2476 1140 sed
2528 1085 2849 1139 animarum
2936 1082 3147 1137 medici
3200 1081 3471 1147 existunt,
3527 1098 3715 1153 neque

2023 1178 2176 1230 enim
2208 1175 2500 1244 pensanda
2556 1178 2642 1227 est
2672 1172 3005 1243 pmnitentia
3037 1170 3356 1241 quantitate
3412 1170 3711 1239 temporis,

2024 1266 2118 1319 sed
2151 1265 2354 1318 ardore
2394 1263 2623 1329 mentis,
2667 1266 2720 1315 et
2771 1260 3209 1314 mortiﬁcatione
3276 1259 3550 1329 corporis.
3610 1259 3717 1313 Cor

2024 1362 2215 1408 autem
2244 1352 2554 1406 contritum
2581 1357 2634 1404 et
2667 1350 3035 1404 humiliatum
3067 1350 3211 1402 Deus
3232 1364 3348 1401 non
3382 1347 3641 1417 despicit.

2024 1444 2152 1497 CAP.
2206 1443 2303 1495 LX.
2337 1471 2402 1482 -—-
2445 1441 2526 1493 De
2545 1441 2656 1493 illis
2688 1441 2783 1507 qui
2814 1442 3035 1506 peccata
3056 1452 3154 1491 sua
3184 1439 3299 1490 sine
3314 1436 3585 1503 condigna
3601 1452 3713 1506 pae-

2394 1532 2631 1584 nitentia
2661 1530 2766 1583 sibi
2785 1528 3032 1581 relaxari
3059 1527 3354 1593 falluntur.

2096 1620 2203 1687 (Ea:
2236 1620 2397 1673 dictis
2454 1619 2708 1686 August.)
2741 1615 3012 1685 Quisquis
3066 1631 3200 1684 ergo
3260 1615 3543 1671 malorum
3580 1630 3709 1683 ope-

2026 1726 2154 1763 rum
2205 1709 2326 1761 sine
2382 1708 2669 1776 condigna
2711 1705 3048 1775 poenitentia
3098 1719 3449 1773 quemquam
3489 1703 3713 1756 veniam

2021 1812 2053 1849 a
2088 1799 2201 1850 Deo
2234 1796 2529 1865 percipere
2557 1809 2721 1864 posse
2751 1792 2975 1858 dixerit,
3018 1791 3246 1860 penitus
3278 1796 3448 1858 errat,
3485 1796 3560 1857 et,
3584 1806 3714 1843 cum

2021 1887 2288 1955 deceptus
2320 1884 2459 1936 alios
2513 1882 2778 1952 decipere
2808 1880 3059 1947 festinat,
3095 1878 3310 1949 duplici
3359 1895 3506 1932 noxa
3560 1894 3713 1931 com-

2020 1973 2320 2043 stringitur
2353 1989 2364 2025 :
2406 1971 2515 2024 hoc
2545 1975 2647 2036 est,
2698 1969 2917 2041 proprii
2950 1968 3156 2022 erroris
3213 1972 3269 2020 et
3318 1968 3517 2021 alienas
3549 1967 3717 2020 dece-

2020 2061 2249 2130 ptionis.

2047 2150 2179 2204 Cap.
2241 2148 2365 2201 LXI.
2400 2177 2467 2185 —
2496 2145 2653 2209 Quod
2679 2150 2790 2199 tam
2833 2144 2930 2197 diu
2979 2144 3227 2197 laborare
3268 2146 3496 2212 quisque
3528 2143 3718 2198 debeat

2469 2217 2630 2270 donec
2656 2215 2931 2284 possideat
2968 2215 3259 2271 Christum.

2094 2311 2200 2376 (Ea:
2257 2306 2418 2360 dictis
2466 2303 2710 2373 Gregor.)
2773 2304 2960 2373 Usque
3019 2308 3153 2356 tunc
3232 2303 3489 2356 laborare
3545 2303 3715 2357 debet

2022 2396 2215 2461 homo,
2277 2410 2571 2464 usquequo
2631 2392 2921 2462 possideat
2991 2391 3298 2445 Christum.
3363 2391 3471 2454 Qui
3525 2396 3716 2444 autem

2021 2487 2185 2540 illum
2220 2485 2407 2551 semel
2461 2483 2702 2552 adeptus
2742 2481 2933 2549 fuerit,
2976 2481 3096 2551 jam
3140 2497 3255 2533 non
3305 2480 3543 2534 laborat.
3593 2482 3722 2534 Per-

2024 2575 2200 2629 mittit
2227 2578 2418 2625 tamen
2474 2570 2751 2625 Dominus
2786 2570 3041 2623 laborare
3090 2569 3298 2622 electos
3330 2586 3481 2635 suos,
3533 2573 3597 2622 ut
3645 2586 3726 2623 rc-

2025 2666 2419 2715 memorentur
2464 2658 2899 2711 tribulationum
2932 2657 3156 2723 laboris,
3193 2657 3345 2709 unde
3388 2657 3721 2727 semetipsos

2024 2749 2364 2813 custodiant,
2397 2746 2666 2800 timentes
2692 2762 2763 2799 ne
2786 2751 2977 2799 tantos
3008 2746 3231 2799 labores
3252 2746 3540 2799 amittant.
3577 2747 3719 2799 Nam

2026 2842 2083 2892 et
2137 2837 2284 2890 ﬁlios
2324 2837 2498 2889 Israel
2526 2834 2656 2887 ideo
2692 2836 2838 2888 Deus
2869 2849 2971 2903 per
3011 2834 3300 2887 desertum
3333 2834 3715 2903 quadraginta

2025 2927 2189 2980 annis
2249 2925 2646 2990 circumduxit,
2700 2929 2763 2977 ut
2793 2923 3186 2977 rememoratis
3226 2922 3719 2991 tribulationibus,

1945 3036 1985 3090 ρ
2027 3032 2141 3069 non
2172 3015 2424 3068 redirent
2454 3019 2788 3066 retrorsum.

2021 3106 2145 3159 CAP.
2183 3103 2335 3157 LXII.
2370 3130 2438 3140 —
2460 3103 2525 3155 Ut
2546 3102 2726 3154 nullus
2758 3102 3037 3168 episcopus
3067 3114 3159 3152 seu
3183 3099 3463 3167 presbyter
3498 3099 3723 3153 alterius

2120 3178 2461 3243 pmnilentem
2502 3174 2617 3225 sine
2664 3173 2862 3224 litteris
2907 3171 2993 3223 sui
3049 3172 3286 3239 episcopi
3324 3172 3610 3238 suscipiat.

2092 3263 2200 3332 (Ea:
2230 3264 2388 3330 epist.
2422 3261 2611 3314 Felicis
2658 3274 2835 3327 papae,
2877 3259 3051 3326 capite
3097 3257 3169 3327 2.)
3216 3258 3543 3311 Curandum
3578 3274 3714 3312 vero

2020 3352 2270 3404 maxime
2302 3355 2359 3403 et
2389 3348 2547 3401 omni
2573 3348 2794 3401 cautela
2827 3346 3281 3417 prawidendum,
3344 3362 3415 3399 ne
3449 3346 3576 3416 quis
3604 3346 3712 3400 fra-

2023 3445 2176 3494 trum
2229 3437 2816 3507 coepiscoporumque
2858 3440 3206 3501 nostrorum,
3243 3440 3340 3487 aut
3371 3434 3542 3488 etiam
3588 3452 3715 3505 pre-

2023 3529 2380 3599 sbyterorum
2409 3526 2467 3579 in
2502 3525 2737 3579 alterius
2767 3523 2990 3577 civitate
3050 3523 3130 3578 vel
3164 3522 3396 3577 dioecesi
3440 3523 3723 3593 poeniten-

2024 3622 2161 3682 tem,
2198 3616 2284 3669 vel
2314 3614 2416 3668 sub
2461 3630 2635 3667 manu
2666 3612 2917 3683 positum
2955 3611 3283 3679 sacerdotis,
3325 3616 3423 3665 aut
3451 3627 3584 3665 eum
3617 3611 3717 3682 qui

2025 3704 2455 3761 reconciliatum
2478 3718 2539 3756 se
2571 3718 2689 3755 esse
2739 3700 2963 3767 dixerit,
3020 3699 3141 3753 sine
3188 3700 3441 3771 episcopi
3473 3700 3561 3754 vel
3591 3717 3722 3770 pre-

2025 3794 2237 3863 sbyteri
2275 3791 2626 3858 testimonio,
2660 3795 2715 3844 et
2738 3789 2966 3855 litteris,
3000 3790 3070 3844 ad
3104 3790 3264 3859 cujus
3318 3788 3565 3859 pertinet
3619 3806 3723 3860 pa-

2026 3882 2301 3943 rochiam,
2333 3880 2625 3949 suscipiat.

2028 3972 2157 4026 CAP.
2185 3968 2364 4023 LXIII.
2399 3998 2468 4007 —
2500 3969 2566 4022 Ut
2592 3968 2906 4035 pamitentes
2936 3964 3226 4019 secundum
3246 3980 3472 4020 canones
3496 3968 3607 4019 nisi
3640 3982 3731 4035 pe-

2238 4045 2393 4093 racta
2422 4041 2741 4107 paenitentia
2766 4040 3157 4091 communicare
3176 4052 3281 4090 non
3300 4036 3546 4090 debeant.

2100 4130 2208 4196 (Ea:
2230 4128 2371 4181 decr.
2406 4128 2495 4180 Pii
2533 4141 2713 4195 papa},
2755 4128 2931 4194 capite
2961 4126 3038 4189 2.)
3079 4124 3427 4178 Paenitentes
3458 4141 3573 4178 non
3626 4124 3726 4177 de-

2030 4216 2169 4271 bent
2197 4214 2620 4268 communicare
2662 4217 2790 4266 ante
2851 4211 3400 4265 consummationem
3430 4212 3726 4282 poeniten-

1949 4323 1993 4377 D
2033 4306 2147 4359 tiaa.

2028 4395 2155 4450 CAP.
2192 4391 2365 4447 LXIV.
2387 4419 2456 4431 —
2482 4389 2637 4455 Quod
2666 4404 2765 4458 pro
2796 4390 3005 4442 ethnico
3030 4393 3080 4442 et
3098 4389 3389 4457 publicano
3433 4391 3505 4442 sit
3521 4389 3729 4442 haben—

2100 4465 2221 4532 dus,
2250 4465 2346 4532 qui
2379 4478 2481 4531 pro
2512 4466 2726 4530 peccato
2756 4459 3032 4514 commisso
3077 4463 3335 4529 pcenitere
3390 4461 3647 4515 noluerit.

2100 4554 2210 4623 (Em
2259 4552 2419 4605 dictis
2475 4548 2730 4618 August,)
2798 4549 2944 4617 Erga
2994 4564 3123 4601 eum
3176 4550 3275 4618 qui
3339 4564 3436 4618 pro
3499 4552 3730 4618 peccato

2028 4640 2334 4694 commisso
2371 4655 2487 4692 non
2539 4638 2799 4708 poenitet,
2858 4636 2998 4690 tales
3054 4652 3175 4689 esse
3222 4637 3517 4706 debemus,
3584 4638 3731 4691 sicut

2032 4730 2308 4783 Dominus
2332 4726 2605 4798 praecepit
2650 4727 2844 4781 dicens
2882 4742 2908 4791 εἴ
2944 4725 3027 4779 Sit
3056 4725 3157 4779 tibi
3205 4724 3350 4779 sicut
3386 4726 3647 4780 ethnicus
3680 4732 3734 4779 et

2028 4818 2387 4888 publicanus,
2417 4822 2475 4869 et
2504 4816 2647 4869 sicut
2674 4815 2981 4884 Apostolus
3009 4814 3171 4884 jubet
3207 4830 3219 4867 :
3253 4814 3602 4882 Subtrahite,
3637 4815 3725 4867 in-

2031 4907 2175 4976 quit,
2207 4922 2306 4959 vos
2361 4904 2429 4959 ab
2480 4904 2639 4958 omni
2687 4904 2858 4957 fratre
2901 4902 3225 4956 inordinate
3268 4903 3619 4971 ambulante,
3656 4920 3734 4957 se-

2030 4995 2282 5048 cundum
2315 4994 2689 5048 traditionem
2721 5009 2893 5064 quam
2924 4992 3133 5045 tradidi
3156 4992 3337 5046 vobis.

2033 5085 2159 5139 Car.
2188 5084 2332 5138 LXV.
2366 5113 2433 5122 —-
2471 5084 2627 5149 Quod
2649 5099 2683 5136 a
2713 5083 2875 5136 licitis
2902 5096 2956 5135 se
2981 5080 3247 5134 abstinere
3271 5080 3478 5146 debeat,
3509 5081 3607 5150 qui
3628 5080 3734 5133 illi-

2422 5158 2533 5208 cita
2570 5170 2624 5209 se
2667 5155 2992 5207 commisisse
3020 5154 3338 5205 meminerit.

2105 5246 2212 5308 (Ea:
2238 5243 2401 5297 dictis
2437 5246 2663 5310 Gregor.
2718 5244 2923 5311 papae.)
2955 5241 3063 5305 Qui
3096 5256 3153 5294 se
3212 5239 3411 5293 illicita
3468 5238 3735 5293 meminit

2034 5331 2406 5394 commisisse,
2464 5348 2495 5383 a
2542 5331 2711 5383 licitis
2744 5330 2915 5383 etiam
2946 5328 3169 5383 studeat
3207 5328 3538 5382 abstinere:
3592 5343 3736 5397 qua-

2034 5425 2200 5473 tenus
2231 5434 2333 5487 per
2362 5418 2466 5471 hoc
2489 5418 2785 5472 Conditori
2844 5434 2945 5471 suo
2974 5418 3299 5483 satisfaciat,
3332 5423 3396 5471 ut
3442 5416 3543 5487 qui
3584 5432 3736 5470 com-

2035 5507 2191 5562 misit
2215 5506 2529 5577 probibita,
2563 5506 2906 5577 sibimetipsi
2936 5506 3269 5562 abscindere
3303 5506 3509 5561 debeat
3553 5506 3730 5560 etiam

2036 5613 2322 5651 concessa.
