3950 6306
265 341 368 393 999

1347 330 1754 388 BUBCHARDI
1795 325 2324 383 WORMACIENSIS
2361 325 2690 382 EPISCOPI.

3638 331 3658 380 I
3668 328 3775 380 000

265 463 392 517 CAP.
431 462 602 515 LXVI.
643 490 698 499 —
741 461 808 513 Ut
863 459 1044 511 nullus
1087 463 1209 526 post
1234 457 1562 525 pamitentiae
1593 456 1856 508 actionem
1889 451 1962 507 ad
1989 455 2034 507 Α
2073 451 2423 521 imponatur,
2459 467 2646 521 neque
2702 450 3157 520 permittendum
3191 456 3256 505 ut
3309 452 3649 522 rebaptizati
3704 453 3774 507 ad

580 533 840 585 militiam
877 529 1186 583 saecularem
1225 527 1402 580 redire
1425 527 1633 580 debeat.

335 623 443 692 (Ea:
475 623 636 691 epist.
678 621 863 674 Leonis
883 633 1058 687 papa,
1111 620 1292 684 capite
1320 617 1433 684 25.)
1473 614 1837 669 Contrarium
1874 617 1960 666 est

264 711 501 766 omnino
533 707 925 763 ecclesiasticis
963 705 1197 776 regulis,
1226 710 1354 774 post
1380 703 1731 774 paenitentiae
1773 702 1958 756 actio-

266 817 397 855 nem
432 799 620 853 redire
651 797 719 851 ad
774 795 1038 849 militiam
1079 783 1426 846 saecularem.
1482 793 1623 846 Cum
1654 790 1958 860 Apostolus

267 889 419 944 dicat
452 905 464 942 :
503 888 678 941 Nemo
727 884 977 937 militans
1007 883 1141 948 Deo,
1191 881 1449 950 implicat
1496 897 1554 933 se
1593 879 1956 933 saecularibus

267 976 533 1046 negotiis.
573 973 724 1028 Unde
758 988 868 1025 non
904 975 987 1024 est
1014 970 1162 1024 liber
1189 986 1221 1022 a
1255 968 1473 1038 laqueis
1503 967 1736 1032 diaboli,
1769 966 1870 1038 qui
1899 983 1956 1018 se

266 1065 490 1120 militiai
517 1062 821 1116 mundanae
852 1059 1098 1112 voluerit
1125 1057 1440 1128 implicare.

266 1155 397 1208 CAP.
436 1151 626 1206 LXVII.
662 1181 730 1188 ——
764 1152 835 1203 De
866 1151 980 1201 illis
1011 1149 1128 1215 qui,
1152 1147 1341 1199 relicto
1358 1148 1635 1213 religionis
1656 1145 1958 1213 proposito,

795 1220 870 1272 ad
902 1221 1152 1272 saeculum
1180 1217 1422 1270 redeunt.

336 1315 445 1377 (Ea:
475 1310 695 1365 concilio
740 1309 1066 1372 Arelatensi,
1099 1309 1275 1374 capite
1304 1305 1376 1372 3.)
1430 1304 1500 1359 Hi
1549 1303 1648 1373 qui
1681 1307 1808 1372 post
1837 1319 1960 1355 san-

263 1408 366 1456 ctae
398 1398 694 1469 religionis
725 1396 1086 1466 propositum
1121 1397 1459 1464 apostatant,
1494 1397 1550 1445 et
1587 1392 1656 1446 ad
1687 1392 1958 1444 saeculum

266 1490 529 1555 redeunt,
584 1491 640 1540 et
692 1485 1063 1555 postmodum
1125 1481 1475 1552 poenitentiae
1527 1479 1785 1534 remedia
1839 1494 1958 1532 non

262 1577 584 1646 requirunt,
617 1572 1085 1626 communionem
1125 1586 1240 1623 non
1279 1568 1560 1638 accipiant
1617 1567 1739 1620 sine
1770 1565 1989 1636 poeni-.

262 1665 482 1718 tentia:
517 1679 661 1732 quos
692 1660 862 1713 etiam
903 1659 1174 1728 jubemus
1227 1658 1293 1710 ad
1347 1657 1645 1709 clericatus
1705 1654 1956 1708 ofﬁcium

2065 540 2361 593 clericatus
2392 541 2635 609 gradum
2666 545 3127 610 promoveantur.

2068 647 2196 700 Car.
2232 647 2453 702 LXXIII.
2486 676 2554 686 —-
2601 649 2673 700 De
2718 647 2926 700 clericis
2958 649 3054 714 qui
3083 648 3354 715 corporali
3383 647 3574 702 delicto
3597 647 3776 701 delin-

2491 721 2665 785 quunt
2692 721 2742 770 si
2777 719 3084 770 restaurari
3104 721 3337 787 possint.

2139 826 2248 890 (Ea:
2278 825 2504 892 epistola
2532 826 2712 878 sancti
2739 823 2938 878 Isidori
2983 824 3057 877 ad
3084 825 3430 890 Massonem.)
3467 825 3636 878 Nulla
3687 832 3779 882 est

2068 914 2125 965 in
2182 912 2580 983 hujuscemodi
2612 911 2909 966 sententiis
2931 913 3289 966 decretorum
3345 913 3642 967 diversitas
3684 914 3775 966 in-

2067 1001 2402 1070 telligenda,
2443 1001 2593 1071 quod
2622 1000 2759 1054 alibi
2787 1000 2998 1070 legitur
3027 1001 3082 1054 in
3117 1002 3281 1071 lapsu
3341 1002 3626 1072 corporali
3677 1017 3775 1056 re-

2068 1089 2440 1142 staurandum
2520 1088 2754 1142 honoris
2842 1087 3086 1158 gradum
3153 1092 3288 1158 post
3339 1089 3772 1159 paenitentiam.

2067 1177 2218 1232 Alibi
2237 1183 2368 1246 post
2395 1176 2726 1246 hujusmodi
2755 1176 3050 1243 delictum,
3091 1192 3455 1247 nequaquam
3487 1194 3776 1248 reparan-

2068 1265 2206 1319 dum
2239 1264 2445 1335 prioris
2474 1265 2692 1318 ordinis
2752 1265 3046 1328 meritum,
3100 1265 3218 1318 haec
3278 1265 3432 1319 enim
3467 1266 3774 1321 diversitas

2068 1353 2175 1407 hoc
2205 1354 2374 1408 modo
2409 1353 2802 1420 distinguitur.
2827 1354 2955 1407 Illos
2986 1353 3138 1407 enim
3185 1353 3257 1408 ad
3282 1355 3558 1424 pristinos
3589 1355 3772 1408 ofﬁcii

2068 1441 2277 1511 gradus
2329 1441 2516 1495 redire
2565 1441 2839 1512 praecepit
2913 1458 3116 1509 canon,
3191 1458 3336 1512 quos
3408 1443 3774 1513 poenitentiae

2066 1529 2426 1600 praecesserit
2470 1529 2798 1592 satisfactio,
2851 1531 2937 1583 vel
2993 1529 3167 1598 digna
3219 1535 3581 1600 peccatorum
3629 1548 3770 1585 con-

2068 1617 2254 1670 fessio.
2287 1621 2360 1670 At
2388 1622 2581 1670 contra
2617 1616 2674 1670 hi
2695 1618 2792 1687 qui
2824 1633 3011 1688 neque
3041 1633 3073 1670 a
3102 1617 3237 1669 vitio
3291 1618 3542 1687 corporis
3568 1634 3773 1671 emen-

263 1705 650 1811 ἐῖεξὲῖξςίωέιιί,
697 1755 753 1800 et
802 1705 1129 1817 quicunque
1161 1744 1256 1797 ille
1287 1748 1371 1796 est
1407 1748 1534 1813 post
1565 1741 1961 1811 paenitentiam
1993 1729 2032 1782 Β
2069 1706 2283 1817 933m;
2291 1707 2424 1817 53g
2445 1705 2564 1817 1135
2577 1721 2771 1817 3,?ng
2805 1706 3775 1817 féfff‘fd‘flfti‘fjﬁ‘jﬂifin}:-

260 1837 901 1909 habitumﬁsmcularem
955 1849 1069 1887 non
1127 1836 1455 1903 praesumat.
1512 1831 1668 1894 Quod
1720 1830 1765 1883 si
1824 1845 1965 1900 prae-

262 1927 585 1998 sumpserit,
621 1926 690 1978 ali
714 1922 954 1978 Ecclesia
985 1923 1204 1975 alienus
1235 1920 1532 1974 habeatur.

262 2018 391 2071 CAP.
430 2015 654 2070 LXVIII.
683 2043 743 2054 —
767 2011 920 2082 Quod
940 2012 1122 2065 nullus
1141 2009 1425 2075 religiosus
1454 2013 1503 2062 et
1531 2012 1749 2062 sanctus
1777 2011 1961 2061 careat

330 2158 437 2227 (Ea:
469 2156 630 2209 dictis
659 2156 917 2223 August.)
971 2087 1430 2206 £5flcgsfosauctus
1487 2157 1544 2204 et
1592 2165 1756 2203 verus
1805 2154 1959 2202 caret

261 2249 493 2314 peccato
537 2260 682 2296 :nec
730 2248 925 2294 tamen
954 2257 1020 2294 ex
1064 2243 1173 2293 hoc
1229 2239 1440 2293 desinit
1468 2255 1592 2292 esse
1636 2241 1821 2306 justus
1871 2239 1956 2290 vel

262 2340 512 2398 sanctus,
542 2347 669 2383 cum
701 2329 907 2382 affectu
953 2332 1145 2380 teneat
1188 2327 1569 2380 sanctitatem.
1630 2327 1754 2379 Non
1801 2326 1955 2378 enim

260 2428 483 2476 natura:
534 2419 769 2482 viribus,
831 2417 927 2470 sed
979 2415 1261 2486 propositi
1307 2415 1644 2484 adjumento
1693 2429 1796 2483 per
1857 2413 1955 2466 Dei

262 2509 506 2580 gratiam
567 2507 918 2576 acquirimus
968 2505 1369 2557 sanctitatem:
1433 2510 1488 2556 et
1515 2503 1642 2556 ideo
1680 2501 1956 2555 veraciter

258 2615 316 2651 se
379 2613 578 2650 omnes
634 2594 811 2647 sancti
871 2593 1246 2663 pronuntiant
1301 2597 1641 2662 peccatores,
1699 2590 1834 2661 quia
1894 2591 1954 2644 in

258 2685 491 2739 veritate
523 2684 737 2737 habent
765 2681 920 2752 quod
968 2681 1262 2750 plangant,
1297 2686 1350 2733 et
1408 2681 1455 2733 si
1488 2695 1602 2733 non
1646 2681 1954 2749 reprehen-

259 2775 417 2828 sione
460 2771 838 2838 conscientiae,
892 2774 1040 2822 certe
1101 2769 1420 2822 mobilitate
1460 2774 1516 2821 et
1570 2766 1952 2822 mutabilitate

265 2861 732 2932 prmvaricatrieis
754 2863 992 2911 naturae.

262 2951 390 3004 CAP.
449 2949 612 3002 LXIX.
648 2976 714 2985 ——
748 2949 814 3000 Ut
849 2947 1163 3014 pwnitentes
1186 2960 1220 2996 a
1249 2945 1509 2998 conviviis
1549 2949 1598 2996 et
1617 2945 1973 2996 ornamentis.

359 3023 362 3026 ’
825 3017 1094 3068 abstinere
1140 3015 1386 3067 debeant.

332 3110 434 3168 (Ea:
465 3106 611 3160 decr.
671 3105 828 3158 Lucii
868 3119 1048 3172 papae,
1093 3104 1269 3171 capite
1308 3100 1375 3171 5.)
1423 3100 1582 3165 Quod
1614 3101 1954 3172 pmuitentes

259 3214 291 3250 a
322 3193 595 3249 conviviis
626 3199 684 3246 et
711 3192 1063 3246 ornamentis
1091 3197 1264 3260 atque
1294 3190 1420 3243 alba
1469 3195 1618 3242 veste
1669 3190 1953 3243 abstinere

257 3284 520 3346 debeant,
553 3287 611 3336 et
663 3280 952 3336 discordes
1011 3279 1301 3350 pellantur
1354 3277 1422 3331 ab
1482 3278 1733 3345 ecclesia,
1765 3278 1955 3351 donec

259 3374 327 3427 ad
363 3387 560 3444 pacem
599 3370 852 3424 redeant.

259 3463 384 3517 CAP.
421 3461 566 3516 LXX.
595 3489 658 3500 —
712 3461 777 3512 Ut
800 3458 1084 3527 presbyter
1120 3457 1462 3527 pamitentem
1491 3471 1596 3509 non
1625 3455 1950 3521 reconciliet,

697 3525 819 3592 nisi
837 3525 1116 3596 episcopus
1141 3541 1272 3580 suus
1293 3525 1503 3594 jubeat.

329 3623 440 3690 (Ea:
468 3619 689 3674 concilio
719 3618 1006 3683 Africano,
1031 3617 1208 3684 capite
1251 3614 1362 3685 30.)
1407 3615 1476 3669 Ut
1499 3614 1794 3684 presbyter
1835 3631 1951 3670 non

257 3710 605 3778 interrogato
666 3706 933 3775 episcopo
982 3721 1098 3758 non
1163 3702 1490 3756 reconciliet
1551 3704 1946 3772 poenitentem,

255 3798 367 3852 nisi
397 3795 656 3850 absentia
685 3793 955 3864 episcOpi,
975 3793 1308 3846 necessitate
1339 3793 1732 3863 compellente.

258 3886 386 3942 CAP.
426 3885 596 3939 LXXI.
617 3913 685 3922 —-
714 3884 779 3936 Ut
804 3883 985 3936 nullus
1013 3883 1072 3934 in
1116 3881 1466 3934 ecclesiastico
1495 3881 1682 3934 ordine
1707 3897 1804 3949 per
1831 3895 1945 3933 ma-

325 3972 427 4011 nus
456 3957 868 4024 impositionem,
905 3951 1200 4006 remedium
1230 3954 1464 4020 accipiat
1487 3952 1802 4021 pa’nitendi.

326 4047 444 4113 (Ea:
483 4044 690 4098 decreto
741 4043 926 4097 Leonis
970 4056 1130 4110 papae
1167 4039 1240 4093 ad
1269 4041 1568 4102 Rusticum,
1609 4042 1786 4109 capite
1839 4041 1946 4104 16.)

255 4135 517 4189 Alienum
546 4137 627 4186 est
660 4135 850 4184 autem
876 4131 927 4200 ζει
975 4129 1384 4183 consuetudine
1432 4127 1827 4193 ecclesiastica,
1887 4131 1950 4180 ut

258 4222 361 4293 qui
395 4223 451 4276 in
505 4219 881 4292 presbyterali
943 4219 1185 4282 honore,
1234 4222 1329 4272 aut
1388 4217 1445 4271 in
1478 4215 1725 4272 diaconii
1766 4214 1941 4286 gradu

251 4311 465 4366 fuerint
522 4309 857 4376 consecrati,
912 4307 972 4361 hi
1020 4323 1122 4378 pro
1175 4306 1413 4360 crimine
1454 4305 1646 4377 aliquo
1695 4321 1796 4358 suo
1844 4321 1946 4375 per
1983 4288 2026 4342 D

252 4417 458 4455 manus
482 4398 913 4469 impositionem
944 4396 1263 4450 remedium
1297 4395 1580 4466 accipiant
1605 4393 1942 4464 paenitendi.

251 4489 413 4554 Quod
446 4488 567 4541 sine
597 4485 768 4541 dubio
801 4501 868 4539 ex
895 4485 1204 4555 apostolica
1265 4483 1573 4537 traditione
1633 4481 1942 4548 descendit,

249 4575 561 4631 secundum
597 4573 750 4644 quod
771 4573 1048 4644 scriptum
1097 4577 1221 4625 est:
1277 4571 1550 4626 Sacerdos
1579 4570 1626 4623 si
1683 4585 1947 4640 peccave-

247 4665 342 4732 rit,
366 4663 495 4736 quis
523 4663 707 4718 orabit
735 4679 838 4733 pro
862 4661 962 4715 illo
986 4661 1013 4714 ‘I
1072 4660 1230 4715 Unde
1263 4658 1594 4729 hujusmodi
1648 4659 1820 4730 lapsis
1874 4660 1945 4714 ad

247 4753 687 4826 promerendam
723 4750 1172 4806 misericordiam
1205 4748 1308 4802 Dei
1351 4747 1574 4817 privata
1642 4753 1726 4802 est
1775 4764 1945 4818 expe-

248 4846 423 4901 tenda
452 4843 706 4898 secessio.
757 4842 864 4897 Ubi
915 4841 1030 4894 illis
1080 4839 1384 4893 satisfactio
1435 4839 1482 4892 si
1527 4839 1698 4892 fuerit
1749 4839 1942 4910 digna,

247 4935 322 4990 sit
345 4933 518 4990 etiam
539 4933 843 4987 fructuosa.

247 5025 375 5080 CAP.
405 5023 604 5078 LXXII.
658 5051 726 5060 ——
760 5022 826 5074 Ut
854 5017 1098 5072 ordinati
1123 5018 1181 5069 in
1211 5015 1553 5082 gravioribus
1591 5019 1823 5083 peccatis
1853 5017 1943 5071 de-

311 5094 584 5164 prehensi,
635 5107 738 5145 non
781 5103 974 5144 manus
1032 5090 1428 5156 impositionem
1465 5091 1526 5140 ut
1555 5087 1684 5141 laici
1708 5091 1946 5156 accipere

317 5166 697 5307 Elggeagncilio
750 5230 1186 5297 Carthaginensi,
1237 5231 1412 5296 capite
1456 5225 1570 5298 27.)
1612 5227 1753 5282 Item
1807 5245 1945 5283 con-

250 5326 544 5380 ﬁrmatum
567 5327 672 5388 est,
703 5325 767 5374 ut
795 5319 842 5374 si
872 5317 1102 5390 quando
1141 5315 1460 5387 presbyteri
1506 5316 1594 5370 vel
1623 5316 1850 5371 diaconi
1885 5319 1944 5372 in

245 5415 438 5485 aliqua
517 5410 780 5483 graviore
825 5407 993 5478 culpa
1028 5405 1273 5460 convicti
1329 5404 1561 5472 fuerint,
1615 5421 1726 5476 qua
1764 5422 1860 5459 eos
1912 5421 1946 5462 ει

241 5501 564 5557 ministerio
596 5513 856 5553 neccesse
905 5497 977 5551 sit
1048 5493 1366 5563 removeri,
1423 5510 1540 5549 non
1599 5493 1680 5548 eis
1735 5510 1941 5550 manus

242 5596 518 5661 tanquam
568 5586 983 5659 paenitentibus
1041 5585 1127 5639 vel
1158 5590 1433 5654 tanquam
1481 5582 1744 5639 ﬁdelibus
1785 5585 1944 5639 laicis

2071 1797 2220 1858 tunt,
2257 1793 2426 1845 etiam
2475 1793 2760 1846 vindicare
2808 1793 3054 1863 quadam
3112 1794 3515 1862 superstitiosa
3540 1796 3776 1848 temeri-

2071 1886 2182 1935 tate
2224 1882 2507 1950 nituntur,
2536 1899 2643 1936 nec
2671 1883 2913 1952 gradum
2947 1883 3147 1953 utique
3178 1883 3434 1950 honoris,
3490 1900 3597 1938 nec
3641 1900 3771 1953 gra-

2067 1971 2204 2024 tiam
2229 1971 2652 2025 communionis
2679 1969 2978 2040 recipiant.

2068 2077 2194 2132 CAP.
2219 2077 2430 2132 LXXIV.
2457 2109 2524 2116 —
2549 2079 2629 2130 De
2642 2077 2725 2130 his
2739 2079 2835 2146 qui
2851 2078 3051 2132 altario
3068 2080 3166 2132 Dei
3177 2077 3506 2146 deserviunt,
3528 2078 3771 2133 sisubito

2379 2149 2558 2216 ﬂenda
2588 2152 2770 2202 carnis
2798 2150 3108 2216 fragilitate
3134 2151 3454 2204 cor-ruerint.

2137 2255 2244 2325 (Ea:
2274 2244 2496 2310 concilio
2525 2256 2830 2319 Everdensi,
2864 2258 3041 2324 capite
3071 2254 3145 2325 5.)
3177 2256 3243 2309 Hi
3273 2256 3373 2326 qui
3419 2256 3621 2309 altario
3664 2255 3768 2310 Dei

2063 2345 2410 2411 deserviunt,
2446 2344 2494 2397 si
2523 2343 2711 2397 subito
2737 2342 2929 2396 ﬂenda
2953 2343 3139 2396 carnis
3177 2344 3486 2414 fragilitate
3533 2360 3772 2398 corrue-

2064 2432 2196 2498 rint,
2237 2437 2293 2486 et
2340 2431 2579 2486 Domino
2628 2431 2968 2501 respiciente
3015 2430 3187 2502 digne
3236 2432 3637 2502 poenituerint,
3684 2433 3768 2486 ita

2063 2527 2127 2576 ut
2167 2523 2512 2577 mortiﬁcato
2580 2538 2842 2592 corpore,
2901 2523 3088 2577 cordis
3131 2524 3362 2577 contriti
3413 2523 3766 2578 sacriﬁcium

2065 2613 2178 2665 Deo
2235 2611 2528 2672 olferrant,
2588 2615 2821 2664 maneat
2869 2610 2930 2664 in
2971 2615 3250 2682 potestate
3296 2612 3608 2681 pontiﬁcis,
3649 2613 3766 2674 .vel

2060 2701 2336 2754 veraciter
2366 2701 2602 2754 afﬂictos
2621 2715 2738 2753 non
2779 2699 2875 2753 diu
2920 2700 3292 2770 suspendere,
3321 2701 3412 2754 vel
3443 2700 3765 2755 desidiosos

2060 2789 2371 2857 prolixiore
2398 2793 2680 2858 tempore,
2713 2789 2783 2842 ab
2819 2788 3078 2842 Ecclesiae
3133 2804 3370 2858 corpore
3402 2804 3708 2859 segregare
3742 2806 3758 2843 :

2059 2876 2138 2929 ita
2166 2880 2357 2930 tamen
2391 2881 2454 2928 ut
2482 2876 2560 2928 sic
2589 2875 2908 2929 ofﬁciorum
2942 2892 3176 2929 suorum
3199 2877 3320 2930 loca
3351 2877 3656 2948 recipiant,
3692 2893 3765 2931 ne

1987 3003 2027 3056 Ο
2066 2964 2287 3034 possint
2317 2965 2386 3018 ad
2435 2965 2632 3019 altiora
2691 2964 2878 3018 ofﬁcia
2905 2965 3148 3018 ulterius
3195 2966 3522 3034 promoveri
3556 2983 3568 3020 ε
3605 2967 3764 3036 quod

2066 3052 2110 3104 si
2142 3052 2341 3105 iterato
2373 3053 2527 3105 velut
2557 3068 2724 3106 canes
2767 3053 2835 3106 ad
2860 3053 3140 3106 vomitum
3196 3053 3406 3106 reversi
3437 3053 3673 3116 fuerint,
3706 3059 3764 3108 et

2064 3140 2217 3193 velut
2257 3156 2385 3194 sues
2407 3141 2467 3194 in
2505 3141 2815 3195 volutabris
2862 3140 3121 3194 immersi
3169 3141 3480 3210 jacuerint,
3511 3158 3631 3196 non
3676 3159 3765 3196 so-

2065 3229 2184 3282 lum
2219 3228 2498 3299 dignitate
2528 3229 2700 3282 ofﬁcii
2730 3235 2983 3294 careant,
3000 3229 3096 3283 sed
3121 3229 3293 3283 etiam
3325 3234 3580 3284 sanctam
3610 3246 3764 3284 com-

2064 3316 2401 3370 munionem
2433 3317 2663 3370 nonnisi
2689 3317 2750 3371 in
2789 3317 2945 3371 exitu
2978 3318 3312 3389 percipiant.

2064 3425 2190 3479 CAP.
2217 3424 2408 3479 LXXV.
2427 3452 2500 3464 —
2511 3421 2668 3488 Quod
2688 3438 2781 3477 con
2778 3424 2966 3492 jugati
2977 3426 3033 3477 in
3047 3422 3484 3492 Quadragesima
3493 3425 3764 3481 abstinere

2594 3494 2821 3548 debeant
2845 3495 2912 3548 ab
2941 3496 3223 3549 umoribus.

2133 3600 2241 3669 (Em
2270 3600 2491 3654 concilio
2527 3599 2854 3661 Elibertan.,
2881 3603 3047 3669 capit.
3084 3603 3159 3666 5.)
3192 3599 3302 3665 Qui
3330 3600 3389 3654 in
3431 3599 3757 3673 Quadrage-

2063 3688 2207 3743 sima
2238 3695 2368 3742 ante
2390 3688 2605 3742 Pascha
2634 3689 2966 3757 cognoverit
2991 3704 3228 3742 uxorem
3260 3705 3444 3756 suam,
3473 3695 3529 3743 et
3558 3692 3760 3746 nolue-

2061 3777 2136 3830 rit
2166 3776 2449 3830 abstinere
2477 3776 2547 3830 ab
2579 3791 2666 3843 ea,
2699 3792 2879 3830 unum
2912 3792 3130 3831 annum
3169 3776 3469 3847 poeniteat,
3501 3782 3600 3832 aut
3631 3796 3761 3850 pre-

2061 3866 2204 3918 tium
2231 3865 2497 3919 videlicet
2544 3864 2747 3934 viginti
2793 3867 3049 3936 quinque
3099 3865 3411 3919 solidorum
3471 3867 3543 3920 ad
3577 3869 3761 3922 Eccle-

2060 3954 2200 4006 siam
2233 3953 2468 4018 tribuat,
2511 3958 2609 4007 aut
2629 3953 2980 4024 pauperibus
3039 3953 3273 4009 dividat.
3316 3955 3374 4009 Si
3426 3971 3532 4024 per
3581 3956 3765 4011 ebrie-

2057 4046 2236 4096 tatem
2285 4047 2340 4094 et
2417 4043 2538 4096 sine
2589 4043 3002 4097 consuetudine
3045 4043 3328 4110 acciderit,
3382 4043 3764 4116 quadraginta

2059 4130 2179 4184 dies
2199 4129 2487 4200 poeniteat.

2059 4234 2187 4290 CAP.
2217 4235 2430 4290 LXXVI.
2458 4265 2526 4274 —
2548 4239 2622 4291 De
2641 4237 2754 4291 illis
2784 4240 2880 4305 qui
2895 4240 2953 4290 in
2965 4238 3405 4306 Quadragesimae
3437 4239 3628 4295 diebus
3641 4256 3760 4296 car-

2480 4323 2599 4361 nem
2618 4309 2948 4362 manducare
2967 4315 3322 4378 praesumunt.

2127 4413 2236 4484 (Em
2256 4415 2477 4468 concilio
2541 4415 2804 4486 Toletan.)
2849 4415 3186 4487 Quicunque
3244 4416 3304 4471 in
3369 4417 3752 4488 Quadragesi-

2055 4517 2162 4554 mas
2191 4501 2391 4555 diebus
2437 4519 2597 4556 esum
2655 4505 2914 4558 carnium
2973 4506 3406 4575 praesumpserit
3451 4511 3748 4573 attentare,

2055 4605 2169 4643 non
2200 4591 2387 4657 solum
2409 4606 2540 4645 reus
2570 4591 2677 4646 erit
2707 4593 3141 4647 resurrectionis
3190 4592 3521 4660 Dominicee,
3549 4611 3750 4650 verum

2055 4677 2228 4731 etiam
2256 4679 2476 4734 alienus
2502 4680 2572 4734 ab
2629 4681 2886 4750 ejusdem
2918 4681 3032 4736 diei
3085 4687 3278 4736 sancta
3315 4683 3746 4738 communione.

2055 4767 2121 4820 Et
2150 4767 2258 4821 hoc
2283 4767 2366 4821 illi
2412 4770 2735 4823 cumuletur
2763 4771 2834 4824 ad
2884 4787 3134 4841 poenam,
3183 4776 3248 4824 ut
3289 4771 3349 4825 in
3379 4771 3563 4841 ipsius
3615 4773 3752 4827 anni

2053 4854 2264 4909 circulo
2289 4856 2358 4909 ab
2389 4857 2546 4910 omni
2589 4873 2687 4911 esu
2739 4860 3000 4912 carnium
3057 4858 3376 4912 abstineat:
3410 4859 3548 4930 quia
3577 4861 3750 4915 sacris

2055 4944 2257 4998 diebus
2277 4944 2636 5000 abstinentiae
2674 4947 2885 5001 oblitus
2907 4952 2990 5002 est
3021 4947 3401 5018 disciplinam.

2055 5051 2182 5106 CAP.
2215 5050 2458 5106 LXXVII.
2480 5083 2549 5092 —
2571 5054 2649 5107 De
2674 5055 2852 5121 fratre
2870 5070 2976 5109 non
3000 5044 3249 5124 peccante
3265 5054 3341 5108 ad
3353 5059 3593 5121 mortem,
3620 5056 3756 5110 etad

2784 5131 3026 5180 mortem.

2125 5230 2232 5301 (Ea:
2256 5232 2412 5299 epist.
2443 5232 2680 5287 Joannis
2718 5234 2999 5302 Evangel.)
3028 5233 3136 5297 Qui
3166 5234 3271 5288 scit
3318 5233 3552 5288 fratrem
3585 5250 3751 5289 suum

2053 5335 2285 5390 peccare
2309 5336 2421 5374 non
2453 5321 2520 5375 ad
2559 5325 2827 5388 mortem,
2870 5323 3120 5393 postulet
3173 5339 3276 5393 pro
3329 5339 3418 5390 eo,
3482 5328 3540 5377 et
3597 5324 3755 5379 dabit

2052 5407 2104 5460 ei
2136 5407 2311 5462 vitam
2342 5410 2506 5462 Deus.
2541 5409 2599 5463 Si
2631 5410 2757 5480 quis
2780 5427 2960 5482 usque
2983 5411 3052 5465 ad
3084 5417 3347 5475 mortem,
3383 5416 3599 5482 peccat,
3622 5412 3754 5483 quia

2052 5498 2136 5549 est
2163 5501 2460 5567 peceatum
2516 5514 2698 5570 usque
2742 5499 2811 5554 ad
2877 5505 3124 5555 mortem
3163 5517 3278 5555 non
3329 5516 3433 5571 pro
3473 5500 3574 5554 illo
3607 5501 3749 5564 dico,

2052 5591 2118 5640 ut
2149 5589 2311 5656 roget
2332 5586 2478 5657 quis.
