3950 6308
172 218 301 269 1001

1012 213 1481 271 DECRETORUM
1526 213 1709 268 LIBRI
1748 215 1849 268 xx.
1896 176 1953 253 -’
2004 216 2213 270 LIBER
2252 216 2552 271 DECIMUS
2589 217 2836 272 NONUS.

3533 222 3669 275 l002

167 343 295 394 CAP.
336 340 600 394 LXXVIII.
626 369 692 378 ——
719 337 874 411 Quod
890 337 1119 404 difficile
1137 340 1211 391 sit
1233 339 1476 411 graviter
1494 340 1740 406 peccanti
1758 338 1857 391 sub
1887 347 1934 397 Α
1972 338 2196 409 reliquo
2220 338 2471 392 maxima
2489 338 2875 395 sollicitudine
2899 342 3357 411 praecavendum,
3379 358 3494 396 non
3512 343 3666 399 enim

652 408 831 477 gradu
852 424 1066 461 manere
1089 411 1145 461 in
1175 409 1373 475 gradu.

245 500 354 564 (Ea:
379 496 541 551 dictis
574 498 854 566 Hierony.)
888 495 1225 565 Quicunque
1269 495 1607 564 dignitatem
1656 495 1866 566 gradus

164 587 349 641 divini
381 603 491 640 non
544 586 893 651 custodiunt,
927 584 1179 638 contenti
1224 583 1364 637 ﬁant
1402 584 1651 637 animam
1687 586 1867 638 salva-

166 692 231 730 re
263 692 276 729 :
311 675 519 729 reverti
543 675 696 729 enim
726 676 787 728 in
818 691 949 727 eum
989 674 1230 744 gradum
1267 674 1325 727 in
1366 690 1479 744 quo
1528 677 1693 727 antea
1743 672 1864 727 fue-

166 770 321 829 rant,
358 762 582 819 difﬁcile
608 769 711 817 est.

585 852 712 907 CAP.
750 852 964 905 LXXIX.
988 880 1059 891 —
1089 854 1161 905 De
1178 849 1362 904 eadem
1394 866 1472 905 re.

240 940 357 1010 (Ex
387 940 549 994 dictis
594 941 790 993 Basilii
827 940 1088 1008 episcOp.)
1119 938 1225 1002 Qui
1280 938 1384 991 sub
1413 936 1590 1008 gradu
1646 942 1863 1007 peccat,

165 1028 340 1083 debet
370 1027 873 1093 excommunicari,
902 1028 1040 1098 quia
1084 1043 1293 1097 magna
1319 1031 1403 1079 est
1446 1025 1695 1095 dignitas
1752 1027 1865 1079 hu-

160 1113 259 1183 jus
300 1113 548 1167 nominis
583 1129 595 1166 :
629 1118 823 1165 tamen
854 1117 1041 1182 potest
1070 1111 1351 1165 redimere
1400 1110 1651 1164 animam
1703 1125 1865 1163 suam

166 1207 297 1272 post
328 1200 749 1271 pcenitentiam,
784 1201 851 1253 ad
882 1200 1132 1270 priorem
1187 1198 1338 1252 enim
1370 1199 1613 1268 gradum
1668 1198 1865 1252 venire

168 1290 406 1345 difﬁcile
430 1294 532 1344 est.

558 1378 687 1432 CAP.
717 1377 905 1430 LXXX.
941 1407 1007 1415 —
1039 1378 1111 1429 De
1139 1376 1324 1430 eadem
1348 1391 1425 1429 re.

244 1468 351 1532 Qui
385 1468 489 1522 sub
515 1467 693 1538 gradu
739 1467 960 1531 cecidit,
1016 1470 1145 1537 post
1190 1464 1587 1535 paenitentiam
1626 1468 1863 1517 conten-

171 1563 265 1611 tus
296 1558 396 1611 ﬁat
443 1556 757 1626 baptizare,
812 1555 1279 1608 communionem
1327 1553 1570 1607 inﬁrmis
1618 1551 1776 1621 dare,
1806 1556 1863 1605 et

170 1646 378 1701 altario
413 1645 813 1700 tantummodo
842 1645 1187 1697 ministrare.

565 1751 693 1806 CAP.
728 1750 945 1805 LXXXI.
982 1780 1048 1789 —
1080 1753 1152 1804 De
1181 1750 1364 1803 eadem
1393 1766 1468 1803 re.

241 1862 347 1927 (Ea:
380 1858 543 1913 dictis
571 1860 627 1913 S.
661 1857 878 1927 Isidor.)
935 1856 1185 1910 Isidorus
1234 1857 1292 1909 in
1322 1854 1621 1924 evangelio
1656 1851 1863 1922 Ephesi

165 1948 562 2019 praepositum,
597 1946 653 2000 id
681 1951 783 2010 est,
818 1947 1166 1998 sacerdotem
1197 1946 1448 1998 ostendit
1480 1945 1641 2013 juxta
1686 1942 1861 1995 Mala-

165 2037 357 2091 chiam
390 2036 491 2107 qui
519 2037 656 2090 dicit
689 2052 700 2088 :
751 2034 921 2088 Labia
950 2033 1258 2087 sacerdotis
1308 2032 1634 2085 custodiunt
1680 2030 1860 2083 scien-

161 2127 329 2194 tiam,
363 2131 419 2179 et
444 2123 632 2195 legem
664 2123 966 2192 exquirent
995 2138 1061 2174 ex
1099 2137 1194 2173 ore
1227 2121 1351 2189 ejus
1385 2136 1396 2172 :
1440 2120 1574 2190 quia
1620 2118 1858 2187 angelus

165 2215 398 2269 Domini
437 2213 786 2267 exercituum
831 2217 935 2264 est.
998 2209 1418 2264 Candelabrum
1473 2208 1625 2260 enim
1670 2205 1860 2275 angeli

161 2302 425 2356 doctrina
482 2299 811 2363 sacerdotis,
888 2298 977 2351 vel
1046 2298 1230 2351 honor
1308 2295 1624 2366 potestatis,
1685 2310 1855 2364 quam

164 2392 354 2460 gestat
408 2388 767 2457 intelligitur.
827 2385 1242 2441 Candelabrum
1271 2400 1421 2438 enim
1480 2382 1785 2437 sacerdotis
1838 2398 1851 2435 :

164 2478 307 2550 quia
336 2477 676 2531 charismata
707 2475 1110 2544 intelliguntur
1152 2473 1407 2538 honoris,
1464 2478 1601 2525 tunc
1630 2470 1859 2541 penitus

157 2569 328 2637 juxta
347 2567 625 2620 Joannem
656 2569 933 2628 movetur,
957 2561 1188 2632 quando
1211 2566 1339 2631 post
1360 2560 1584 2625 delicta,
1602 2560 1858 2629 neglecta

162 2654 521 2726 paenitentia,
556 2653 804 2707 admissa
831 2651 1043 2704 scelera
1069 2666 1185 2703 non
1211 2648 1515 2703 deﬂentur.
1549 2648 1673 2701 Non
1702 2645 1856 2700 enim

159 2746 322 2812 dicit,
366 2744 503 2815 quia
558 2741 812 2795 cecidisti
876 2740 1118 2792 movebo
1193 2736 1601 2791 candelabrum
1668 2741 1853 2801 tuum,

162 2834 265 2888 sed
313 2832 421 2886 nisi
468 2830 866 2902 paenitentiam
914 2827 1120 2897 egeris,
1170 2826 1409 2880 movebo
1452 2824 1854 2878 candelabrum

158 2928 349 2976 tuum.

161 3029 293 3083 CAP.
328 3025 566 3080 LXXXII.
593 3052 659 3064 —
684 3022 839 3088 Quod
855 3025 978 3091 post
997 3025 1196 3089 septem
1222 3035 1391 3073 annos
1404 3021 1744 3088 pamilentem
1774 3032 1861 3071 sa-

235 3098 500 3152 cerdotem
530 3110 756 3149 censura
811 3108 1073 3148 canonum
1111 3094 1169 3145 in
1209 3094 1511 3161 pristinum
1542 3096 1744 3144 statum
1772 3105 1857 3142 ve-

230 3184 410 3223 meare
438 3169 742 3236 pracipial.

234 3258 386 3324 (Item
412 3255 597 3325 idem.)
637 3254 930 3308 Canonum
963 3266 1203 3306 censura
1261 3254 1388 3321 post
1421 3253 1636 3319 septem
1679 3264 1860 3301 annos

159 3362 419 3401 remeare
444 3345 815 3415 pmnitentem
845 3342 1193 3395 sacerdotem
1235 3340 1294 3393 in
1320 3344 1528 3392 statum
1553 3338 1860 3408 pristinum

158 3435 453 3507 praecepit,
486 3450 603 3487 non
635 3431 953 3501 expletione
998 3427 1217 3499 proprii
1245 3427 1484 3493 arbitrii,
1518 3426 1614 3479 sed
1672 3425 1860 3495 potius

160 3541 227 3579 ex
246 3522 525 3578 sententia
558 3521 737 3576 divini
762 3518 985 3591 judicii.
1040 3518 1181 3571 Nam
1231 3515 1459 3585 legitur,
1510 3514 1645 3583 quia
1687 3512 1861 3567 Maria

160 3629 327 3667 soror
358 3616 543 3668 Aaron
576 3609 955 3681 prophetissa,
987 3606 1126 3659 dum
1184 3601 1610 3658 obtrectationis
1659 3601 1856 3654 adver-

160 3720 256 3756 sus
287 3703 493 3755 Mosem
524 3698 856 3753 incurrisset
885 3696 1176 3759 delictum,
1211 3692 1361 3746 illico
1388 3691 1651 3760 stigmate
1683 3690 1857 3759 lepra:

159 3807 430 3862 percussa
459 3794 561 3842 est.
615 3788 919 3855 Quumque
949 3783 1184 3853 petisset
1224 3782 1413 3835 Mosen
1470 3786 1535 3831 ut
1579 3778 1853 3830 emunda-

157 3885 337 3945 retur,
364 3877 639 3949 praecepit
666 3890 791 3928 eam
822 3877 982 3927 extra
1014 3876 1199 3925 castra
1246 3867 1440 3939 egredi
1493 3872 1711 3937 septem
1742 3865 1858 3919 die-

156 3969 286 4035 bus,
320 3972 376 4021 et
437 3970 563 4037 post
592 3962 1063 4018 emundationem
1111 3974 1305 4012 rursus
1365 3973 1488 4011 eam
1541 3956 1736 4008 castris
1765 3969 1854 4007 re-

154 4056 320 4110 verti.
358 4055 531 4109 Maria
575 4069 713 4122 ergo
754 4068 918 4104 soror
963 4053 1152 4103 Aaron
1203 4064 1332 4101 caro
1388 4045 1729 4116 intelligitur
1773 4059 1856 4096 sa-

153 4143 419 4199 cerdotis.
473 4141 608 4205 Quae
671 4140 807 4193 dum
862 4138 1144 4208 superbiae
1204 4136 1394 4190 dedita
1446 4132 1849 4188 sordidissimis

152 4230 591 4301 corruptionum
644 4228 966 4281 maculatur
1039 4225 1328 4279 erroribus
1387 4228 1643 4277 moretur
1693 4225 1852 4274 extra

153 4326 338 4375 castra
400 4323 619 4389 septem
677 4316 897 4381 diebus,
960 4314 1018 4367 id
1068 4320 1177 4379 eat,
1222 4330 1251 4365 a
1302 4312 1541 4381 collegio
1591 4309 1850 4365 Ecclesiae

153 4414 367 4464 sancta:
397 4412 613 4478 septem
650 4404 812 4459 annis
843 4403 1197 4473 projiciatur,
1234 4400 1442 4471 quibus
1482 4404 1612 4469 post
1654 4414 1848 4452 emen-

152 4497 444 4553 dationem
474 4496 764 4560 vitiorum,
799 4490 911 4545 loci
944 4490 1059 4543 sive
1082 4490 1341 4559 pristinae
1374 4486 1668 4559 dignitatis
1706 4485 1851 4541 reci-

153 4586 278 4658 piat
304 4584 596 4639 meritum.

154 4694 287 4750 CAP.
307 4690 570 4748 LXXXIII.
593 4718 662 4729 —
678 4692 753 4743 De
766 4686 958 4758 populi
969 4685 1266 4809 rgecessario
1279 4682 1422 4753 quod
1434 4682 1665 4737 inultum
1685 4682 1852 4736 soleat

866 4773 977 4809 prae
1004 4771 1156 4809 erzre.

862 4771 1156 4827 praterzre.

228 4854 348 4923 (Em
378 4851 522 4905 decr.
575 4848 880 4903 Innocentii
920 4859 1079 4914 papa
1121 4841 1386 4912 episcopis
1424 4841 1490 4894 de
1534 4840 1853 4896 Macedonia

150 4943 393 5008 missis.)
428 4938 747 4993 Praevideat
769 4951 905 5006 ergo
934 4932 1159 4988 dilectio
1194 4937 1381 4985 vestra
1410 4930 1685 4983 hactenus
1715 4928 1853 4982 talia

151 5032 441 5092 transisse,
476 5034 531 5082 et
561 5026 835 5081 advertite
866 5023 1021 5095 quod
1053 5022 1253 5091 utique
1285 5025 1347 5074 ut
1380 5018 1565 5073 dicitis
1614 5017 1853 5071 necessi-

150 5127 240 5176 tas
283 5117 607 5189 imperavit,
659 5114 720 5167 in
761 5129 898 5184 pace
980 5112 1150 5165 etiam
1205 5108 1474 5163 Ecclesias
1520 5108 1852 5161 constitutas

153 5226 274 5265 non
304 5224 467 5280 posse
502 5218 874 5277 praesumere,
910 5202 1006 5254 sed
1036 5206 1101 5253 ut
1134 5216 1283 5269 saepe
1315 5197 1541 5264 accidit,
1571 5193 1797 5266 quoties
1819 5212 1853 5249 a

152 5295 404 5369 populis,
437 5298 537 5346 aut
564 5310 594 5345 a
624 5290 791 5344 turba
822 5292 1105 5359 peccatur,
1132 5288 1269 5357 quia
1296 5285 1353 5338 in
1388 5299 1586 5338 omnes
1618 5286 1853 5353 propter

151 5383 583 5440 multitudinem
633 5395 747 5433 non
814 5382 1003 5447 potest
1046 5375 1326 5429 vindicari
1372 5373 1622 5427 inultum
1671 5372 1851 5425 solere

155 5472 419 5530 transire.
449 5470 645 5525 Priora
675 5483 811 5538 ergo
843 5464 1182 5521 dimittenda
1212 5463 1335 5518 dico
1368 5462 1470 5517 Dei
1492 5460 1734 5533 judicio,
1782 5461 1851 5515 de

515 5574 793 5641 PATROL.
846 5572 1017 5637 CXL.

1978 427 2090 493 hic,
2143 434 2207 480 ut
2244 427 2385 479 mihi
2434 426 2681 495 videtur,
2739 429 2843 482 iste
2891 430 3087 484 doctor
3141 430 3481 499 apostolicus
3530 432 3668 486 dicit

1980 531 2096 568 non
2128 515 2505 568 necessariam
2565 532 2685 570 esse
2738 518 2951 587 populo
2993 534 3097 588 pro
3144 519 3292 572 male
3347 520 3667 573 commissis

1977 620 2145 674 agere
2177 603 2595 674 paenitentiam,
2626 606 2723 659 sed
2755 606 2887 676 quia
2920 606 2978 659 in
3013 622 3213 659 omnes
3254 613 3487 678 propter
3518 610 3665 662 mul-

1976 688 2286 742 titudinem
2329 704 2445 742 non
2494 695 2685 758 potest
2731 691 3027 755 vindicari,
3078 690 3270 761 priora
3325 690 3665 747 dimittenda

1980 777 2077 830 Dei
2109 776 2349 846 judicio,
2381 777 2450 831 de
2483 777 2704 848 reliquo
2750 779 2999 833 maxima
3036 779 3416 834 sollicitudine
3446 797 3664 851 praeca-

1975 865 2244 932 vendum,
2278 881 2349 919 ne
2382 866 2538 919 tiant.

1977 973 2106 1027 CAP.
2142 974 2403 1027 LXXXIV.
2428 1004 2496 1011 —
2517 976 2587 1027 De
2607 975 2717 1028 illis
2740 976 2836 1044 qui
2854 974 3108 1041 scabiem,
3133 980 3229 1029 aut
3248 977 3562 1032 vermiculos
3582 993 3665 1032 co-

2409 1044 2647 1111 medunt,
2678 1047 2760 1098 vel
2782 1048 2998 1099 urinam
3029 1047 3235 1099 bibunt.

2048 1134 2154 1197 (E:c
2181 1133 2547 1185 Paenitentiali
2578 1132 2777 1198 Bedae.)
2807 1131 2915 1196 Qui
2951 1132 3198 1186 comedit
3246 1134 3514 1201 scabiem,
3566 1141 3665 1189 aut

1974 1219 2334 1287 vermiculos,
2365 1220 2463 1290 qui
2494 1220 2744 1290 pediculi
2777 1222 3066 1287 dicuntur,
3096 1223 3182 1275 vel
3237 1222 3464 1276 urinam
3498 1223 3661 1289 bibit,

1973 1308 2092 1362 sive
2122 1313 2372 1362 stercora
2403 1310 2656 1363 comedit
2686 1326 2700 1363 :
2734 1309 2780 1363 si
2811 1309 3058 1363 infantes
3088 1310 3203 1364 sint
3228 1312 3313 1364 vel
3346 1311 3536 1381 pueri,
3568 1328 3665 1366 va-

1974 1398 2211 1466 pulent;
2244 1395 2290 1449 si
2322 1397 2379 1450 in
2414 1397 2563 1450 virili
2616 1402 2805 1463 aetate,
2832 1398 3036 1468 viginti
3066 1398 3186 1452 dies
3217 1399 3534 1468 pceniteant
3562 1417 3574 1454 :
3610 1405 3665 1453 et

1974 1485 2201 1555 utrique
2233 1501 2361 1539 cum
2390 1486 2753 1556 impositione
2780 1502 2982 1540 manus
3012 1486 3263 1557 episcopi
3295 1492 3586 1542 sanentur.

1974 1593 2100 1647 CAP.
2126 1592 2352 1645 LXXXV.
2387 1622 2455 1631 —
2475 1594 2546 1645 De
2567 1593 2676 1646 illis
2698 1594 2794 1662 qui
2811 1594 3123 1646 animaliaa
3143 1593 3327 1647 bestiis
3340 1593 3661 1662 dilacerata,

2311 1664 2392 1716 vel
2416 1664 2622 1731 laqueis
2652 1665 2999 1731 strangulata
3032 1664 3331 1718 comedunt.

2046 1752 2154 1815 (Ea:
2179 1751 2542 1805 Paenitentiali
2593 1751 2890 1820 Theodori.)
2947 1751 3237 1806 Animalia
3266 1767 3394 1823 quae
3426 1767 3459 1805 a
3489 1752 3659 1822 lupis,

1976 1855 2072 1892 seu
2106 1839 2343 1893 canibus
2392 1840 2736 1906 lacerantur,
2782 1854 2901 1893 non
2949 1843 3082 1893 sunt
3127 1840 3500 1908 comedenda,
3561 1857 3664 1894 nec

1971 1941 2191 1993 cervus,
2234 1941 2339 1979 nec
2382 1942 2637 1996 capreus,
2699 1925 2744 1979 si
2780 1925 2993 1979 mortui
3019 1925 3237 1980 inventi
3282 1925 3514 1995 fuerint,
3551 1928 3659 1981 nisi

1970 2014 2116 2068 forte
2148 2014 2217 2068 ab
2274 2013 2509 2068 homine
2559 2014 2742 2068 adhuc
2784 2014 2912 2067 viva
2958 2014 3288 2068 occidantur
3339 2014 3517 2085 prius,
3564 2014 3663 2069 sed

1970 2102 2157 2173 porcis
2188 2107 2243 2156 et
2273 2102 2509 2156 canibus
2553 2102 2779 2156 dentur.
2831 2105 2975 2156 Aves
3022 2118 3155 2155 vero
3193 2107 3249 2156 et
3297 2109 3501 2157 caetera
3538 2104 3662 2157 ani-

1970 2191 2162 2259 malia,
2192 2191 2239 2244 si
2275 2190 2337 2245 in
2381 2190 2599 2245 retibus
2653 2191 3105 2262 strangulantur,
3154 2207 3267 2245 non
3317 2197 3451 2246 sunt
3482 2209 3663 2247 come-

1969 2280 2154 2334 denda
2186 2297 2199 2333 :
2235 2296 2338 2333 nec
2367 2279 2416 2333 si
2467 2279 2734 2348 accipiter
2766 2278 3133 2350 oppreSserit,
3167 2286 3225 2333 et
3253 2280 3298 2332 si
3331 2280 3407 2333 sic
3438 2287 3663 2335 mortua

1970 2367 2347 2421 inveniuntur
2374 2384 2386 2422 :
2420 2367 2553 2439 quia
2585 2367 2644 2420 in
2671 2368 2903 2422 Actibus
2925 2369 3311 2438 apostolorum
3334 2368 3663 2440 praecipitur

1969 2456 2254 2510 abstinere
2302 2473 2335 2509 a
2382 2456 2779 2525 fornicatione,
2834 2473 2864 2509 a
2916 2457 3214 2527 sanguine,
3266 2462 3323 2511 et
3366 2457 3667 2526 suﬂ'ocato,

1966 2557 2022 2599 et
2050 2544 2392 2599 idololatria.

2037 2650 2166 2706 CAP.
2198 2650 2453 2704 LXXXVI.
2486 2680 2554 2688 —
2584 2653 2658 2704 De
2678 2649 2897 2718 apibus,
2920 2653 2971 2704 si
2989 2651 3277 2705 occiderint
3302 2653 3585 2707 hominem.

2037 2755 2145 2824 (Ea:
2173 2754 2399 2824 eodem.)
2431 2758 2580 2825 Apes
2606 2754 2655 2808 si
2683 2755 2948 2809 occidunt
2976 2756 3290 2823 hominem,
3349 2756 3488 2827 ipsas
3512 2772 3661 2828 quo-

1966 2860 2078 2914 que
2107 2843 2285 2897 occidi
2311 2843 2671 2911 festinentur,
2700 2844 2812 2897 mel
2837 2849 3031 2898 tamen
3049 2844 3444 2900 manducetur.

1970 2950 2097 3005 CAP.
2120 2950 2400 3004 LXXXVII.
2424 2978 2493 2987 —
2514 2952 2588 3003 De
2604 2952 2782 3018 porcis
2807 2954 2856 3003 et
2876 2951 3120 3018 gallinis,
3144 2953 3194 3005 si
3216 2954 3535 3019 sanguinem
3559 2953 3661 3008 ho-

2548 3022 2713 3075 minis
2734 3022 3079 3075 comederint.

2040 3124 2149 3186 (Ea:
2176 3121 2402 3193 eodem.)
2450 3123 2506 3179 Si
2537 3125 2698 3195 porci
2727 3125 2815 3179 vel
2842 3125 3071 3195 gallinae
3102 3126 3443 3197 sanguinem
3475 3128 3660 3183 homi-

1967 3212 2059 3267 nis
2087 3215 2413 3280 comedunt,
2446 3228 2578 3266 mox
2610 3212 2961 3280 occidantur,
2998 3219 3054 3267 et
3093 3214 3323 3269 intralia
3355 3217 3659 3286 projician-

1968 3306 2083 3367 tur,
2117 3306 2172 3356 et
2199 3306 2400 3355 cetera
2430 3317 2562 3354 caro
2613 3301 3008 3356 manducetur.
3047 3302 3106 3357 Si
3153 3308 3342 3356 autem
3400 3306 3660 3359 tardatur

1969 3390 2195 3459 occisio,
2227 3407 2345 3444 non
2373 3390 2763 3443 manducetur.
2802 3389 2859 3445 Si
2908 3395 3099 3444 autem
3133 3391 3407 3446 cadavera
3441 3394 3657 3447 lacera-

1966 3481 2151 3533 verint
2178 3484 2556 3546 mortuorum,
2591 3484 2973 3545 macerentur,
3024 3484 3083 3533 et
3125 3485 3256 3549 post
3292 3481 3429 3534 anni
3475 3482 3659 3535 circu-

1966 3567 2085 3621 lum
2124 3568 2520 3622 comedantur.
2571 3566 2628 3621 Si
2674 3576 2865 3620 autem
2907 3567 3065 3637 porci
3114 3568 3427 3623 occiderint
3469 3570 3658 3624 homi—

1967 3671 2121 3721 nem,
2156 3655 2348 3709 statim
2379 3655 2799 3709 interticiantur
2819 3662 2875 3708 et
2904 3656 3273 3725 sepeliantur.

1967 3760 2096 3814 CAP.
2133 3762 2441 3816 LXXXVIII.
2476 3790 2546 3804 —
2579 3762 2658 3815 De
2677 3762 2785 3815 illis
2805 3763 2925 3830 tqui
2956 3777 3168 3815 carnem
3200 3764 3555 3832 immundam,
3577 3767 3660 3820 vel

2495 3834 2841 3887 morticinam
2864 3833 3165 3886 comedunt.

2038 3939 2143 3998 (Ea:
2171 3938 2395 4009 eodem.)
2428 3939 2533 4003 Qui
2560 3939 2867 3993 manducat
2885 3954 3115 3992 carnem
3143 3940 3526 4003 immundam,
3561 3948 3660 3997 aut

1966 4026 2350 4095 morticinam,
2385 4033 2481 4081 aut
2510 4028 2877 4082 dilaceratam
2910 4046 2940 4080 a
2983 4028 3199 4093 bestiis,
3246 4030 3330 4083 XL
3382 4031 3503 4085 dies
3535 4048 3655 4102 p03-

1964 4114 2189 4168 niteat:
2247 4114 2295 4167 si
2347 4115 2501 4169 enim
2547 4116 2878 4171 necessitate
2930 4116 3095 4170 famis
3120 4118 3419 4188 contingit,
3474 4121 3655 4175 multo

1964 4203 2141 4256 levius
2172 4207 2273 4256 est.

1961 4310 2088 4363 CAP.
2109 4310 2364 4365 LXXXIX.
2379 4339 2449 4350 —
2464 4313 2535 4364 De
2546 4312 2656 4365 illis
2678 4313 2774 4379 qui
2793 4312 2967 4365 cibum
2978 4311 3260 4365 immunda
3270 4328 3435 4367 manu
3454 4318 3655 4370 tactum

2030 4381 2373 4445 comederint,
2422 4382 2505 4435 vel
2558 4384 2607 4435 si
2653 4385 2825 4451 canis,
2880 4389 2974 4436 aut
3022 4383 3248 4451 aliquod
3293 4387 3502 4440 animal
3554 4390 3655 4441 im-

2030 4452 2290 4506 mundum
2319 4452 2495 4505 cibum
2521 4454 2774 4519 tetigerit.

2031 4559 2140 4624 (Ea:
2189 4557 2411 4627 eodem.)
2459 4557 2619 4621 Quod
2664 4558 2710 4611 si
2760 4574 2892 4611 casu
2946 4559 3075 4630 quis
3129 4558 3432 4615 immunda
3477 4578 3650 4617 manu

1960 4645 2153 4700 cibum
2205 4644 2409 4716 tangit,
2458 4645 2547 4698 vel
2601 4644 2644 4697 si
2697 4646 2872 4713 canis,
2923 4647 3011 4700 vel
3077 4646 3249 4717 pilax,
3293 4653 3392 4702 aut
3448 4655 3651 4717 cattus,

1960 4750 2174 4797 musve,
2218 4738 2315 4786 aut
2338 4733 2548 4786 animal
2590 4732 2977 4800 immundum,
3014 4735 3356 4803 sanguinem
3400 4737 3653 4792 hominis

1959 4823 2096 4891 edit,
2129 4838 2247 4876 non
2277 4826 2466 4887 nocet,
2499 4826 2555 4875 et
2576 4821 2675 4891 qui
2705 4837 2809 4891 pro
2843 4823 3176 4876 necessitate
3219 4822 3387 4877 famis
3416 4826 3653 4881 mandu-

1959 4916 2049 4965 cat
2074 4911 2288 4964 animal
2321 4910 2473 4981 quod
2519 4909 2885 4963 immundum
2935 4910 3184 4979 videtur,
3229 4913 3318 4966 vel
3350 4929 3531 4980 avem,
3566 4917 3652 4971 vel

1958 5000 2222 5068 bestiam,
2246 4999 2688 5053 misericorditer
2707 4998 2999 5069 poeniteat.

1960 5107 2087 5162 CAP.
2120 5106 2223 5161 XC.
2267 5134 2334 5147 —
2366 5107 2448 5159 De
2474 5107 2587 5160 illis
2617 5107 2715 5173 qui
2741 5107 3005 5173 sanguine
3032 5105 3114 5159 vel
3142 5105 3352 5175 aliqua,
3377 5112 3653 5168 immundo

2636 5177 2976 5245 polluuntur.

2033 5284 2142 5352 (Ea:
2167 5281 2390 5351 eodem.)
2418 5282 2526 5345 Qui
2545 5281 2844 5352 sanguine,
2877 5282 2961 5335 vel
2982 5298 3328 5354 quocunque
3350 5286 3653 5344 immundo

1961 5371 2258 5441 polluitur,
2296 5368 2343 5422 si
2376 5369 2553 5423 nescit
2581 5372 2681 5440 qui
2714 5370 3041 5435 manducat,
3072 5371 3190 5423 leve
3217 5378 3302 5427 est
3334 5390 3347 5428 :
3381 5375 3428 5429 si
3462 5382 3653 5432 artem

1962 5459 2083 5525 scit,
2116 5458 2391 5529 poeniteat
2414 5457 2580 5528 juxta
2607 5457 2843 5510 modum
2872 5458 3223 5529 pollutionis.

3262 5572 3344 5632 32
