3950 6310
392 332 526 384 1003

1171 524 1306 576 rint.

464 614 569 684 (Ea:
614 609 840 678 eodem.)
903 609 1007 674 Qui
1063 611 1418 680 sanguinem,
1468 614 1566 663 aut
1615 627 1810 664 semen
1849 610 2079 678 biberit,

393 702 575 754 sciens
605 717 708 768 pro
741 701 932 768 aliqua
963 715 1042 764 re,
1074 703 1188 751 tres
1216 715 1394 752 annos
1433 699 1722 767 paeniteat.
1849 765 1858 772 _

431 790 559 842 CAP.
593 789 750 842 XCII.
788 818 854 826 —
891 791 964 840 De
979 787 1219 854 piscibus
1239 789 1465 840 mortuis
1487 789 1546 839 in
1561 788 1780 854 flumine
1801 789 2053 841 inventis.

469 879 579 946 (Ea:
617 875 836 944 eodem.)
885 875 1054 928 Piscis
1118 880 1380 927 mortuus
1429 875 1487 927 in
1536 875 1773 928 ﬂumine
1819 875 2085 928 inventus

397 981 516 1018 non
541 971 626 1017 est
673 963 926 1016 edendus
963 979 974 1014 :
1039 963 1181 1032 quia
1225 977 1340 1014 non
1385 968 1468 1015 est
1510 963 1738 1016 venatio
1785 962 2079 1016 hominis:

398 1054 442 1104 si
468 1069 602 1105 vero
632 1052 901 1120 piscando
952 1057 1132 1104 tactus
1180 1050 1374 1118 fuerit,
1424 1057 1480 1104 et
1527 1051 1650 1120 ipso
1701 1051 1790 1104 die
1821 1052 2087 1104 inventus

394 1141 585 1206 fuerit,
621 1140 719 1210 qui
763 1157 876 1193 non
931 1141 1171 1206 haesitat,
1206 1140 1528 1206 manducet,
1575 1140 1675 1210 qui
1707 1144 1896 1193 autem
1929 1140 2089 1193 dubi-

393 1235 494 1296 tat,
531 1245 648 1282 non
689 1229 1012 1282 manducet.

440 1341 568 1392 CAP.
599 1337 786 1391 XCIII.
831 1367 898 1375 —
939 1339 1008 1390 De
1039 1337 1246 1390 clericis
1278 1338 1373 1404 qui
1401 1352 1436 1389 a
1468 1335 1727 1390 dzmonio
1759 1341 2051 1392 vescantur.

469 1429 587 1498 (Ea:
608 1429 828 1482 concilio
851 1427 1164 1493 Aurelian,
1195 1441 1316 1494 cap.
1333 1429 1408 1491 6.)
1437 1426 1495 1480 Si
1520 1427 1646 1496 quis
1668 1426 1906 1480 clericus
1928 1442 2090 1479 vexa-

397 1523 490 1570 tus
531 1517 705 1569 fuerit
762 1535 791 1568 a
841 1515 1150 1579 daemonio,
1221 1515 1415 1567 decem
1463 1531 1646 1567 annos
1690 1515 1984 1584 poeniteat,
2035 1519 2092 1568 et

399 1607 550 1659 inter
577 1605 874 1657 audientes
922 1609 1050 1667 stet,
1101 1608 1156 1656 et
1207 1604 1274 1655 ad
1324 1619 1512 1655 sacros
1562 1603 1794 1657 ordines
1841 1620 1958 1656 non
1989 1603 2089 1657 ad-

403 1694 660 1747 ducatur.
695 1692 752 1745 Si
783 1692 925 1744 bene
957 1691 1162 1758 egerit,
1198 1695 1252 1743 et
1281 1707 1383 1760 per
1414 1691 1516 1743 Dei
1543 1691 1788 1760 gratiam
1817 1691 2090 1746 liberatus

401 1783 593 1844 fuerit,
626 1781 696 1832 sit
725 1780 784 1832 in
807 1779 1042 1849 reliquis
1074 1778 1276 1832 ofﬁciis
1303 1779 1709 1832 ecclesiasticis.

405 1889 532 1942 CAP.
569 1887 751 1941 XCIV.
811 1916 878 1924 -—
905 1889 979 1939 De
1005 1886 1117 1938 illis
1145 1887 1242 1952 qui
1271 1891 1556 1953 parentum
1579 1887 1826 1939 honorem
1845 1901 1950 1939 non
1981 1901 2092 1940 ser-

1172 1963 1322 2010 cant.

474 2049 584 2112 (Ea:
637 2045 999 2099 Pa’nitentiali
1045 2046 1328 2110 Romano.)
1385 2044 1443 2098 Si
1493 2043 1620 2114 quis
1663 2043 2095 2098 inhonoraverit

403 2140 623 2206 patrem
651 2139 749 2186 aut
804 2139 1065 2199 matrem,
1115 2139 1229 2186 tres
1277 2149 1456 2185 annos
1499 2133 1786 2202 pceniteat.
1837 2132 1998 2196 Quod
2047 2131 2095 2185 si

405 2238 641 2274 manum
707 2220 993 2286 levaverit,
1055 2225 1152 2272 aut
1221 2217 1273 2271 ei
1327 2219 1754 2287 percussionem
1808 2218 2088 2272 intulerit.

407 2313 623 2378 septem
647 2322 827 2359 annos
843 2307 1136 2375 poeniteat.

408 2413 534 2467 CAP.
584 2412 734 2466 XCV.
781 2441 848 2451 —
885 2412 1036 2477 Quod
1068 2414 1350 2478 paenitenti
1393 2412 1546 2464 nulla
1589 2415 1805 2478 negotia
1850 2427 2094 2466 exercere

1105 2484 1400 2535 conveniat.

479 2574 589 2636 (Em
618 2571 759 2625 decr.
797 2572 984 2624 Leonis
1011 2586 1192 2640 papae,
1217 2575 1392 2638 capite
1411 2569 1522 2640 ς23.)
1555 2571 1806 2634 Qualiter
1835 2571 1976 2624 lucri
1999 2587 2095 2625 ne-

406 2661 748 2731 gociantem,
773 2665 866 2712 aut
891 2665 1135 2726 excusat,
1171 2666 1268 2710 aut
1299 2659 1488 2728 arguit
1518 2675 1530 2711 :
1557 2660 1690 2728 quia
1719 2663 1803 2712 est
1822 2657 2096 2712 honestus

407 2755 662 2821 questus,
705 2753 761 2802 et
788 2748 989 2818 turpis.
1025 2748 1432 2800 Verumtamen
1458 2747 1762 2816 poenitenti
1797 2747 1994 2800 utilius
2015 2752 2098 2800 est

405 2838 701 2908 dispendia
753 2837 891 2906 puti,
953 2852 1126 2905 quam
1185 2835 1452 2904 periculis
1521 2833 1927 2904 negotiationis
1988 2833 2094 2887 ob-

407 2925 610 2995 stringi
643 2942 654 2978 :
689 2925 825 2995 quia
854 2924 1086 2976 difficile
1119 2927 1204 2976 est
1249 2923 1400 2975 inter
1449 2927 1723 2989 ementes,
1755 2922 2094 2976 vendentes-

409 3031 520 3084 que
552 3013 978 3078 commertium,
1011 3027 1128 3064 non
1157 3011 1500 3063 intervenire
1531 3017 1844 3080 peccatum.

407 3122 538 3174 CAP.
571 3120 753 3173 XCVI.
793 3149 858 3157 —
901 3120 967 3173 Ut
997 3117 1296 3171 sacerdotes
1333 3117 1474 3169 nulli
1508 3119 1878 3184 pamitentia-m
1911 3118 2095 3186 injun-

741 3194 872 3258 gant
902 3205 968 3242 ea:
1000 3189 1174 3254 corde,
1207 3187 1300 3240 sed
1329 3204 1397 3240 ea:
1426 3193 1764 3241 auctoritate.

479 3281 584 3349 (Ea:
673 3280 857 3332 concil.
922 3279 1187 3343 Mogunt,
1273 3291 1393 3344 cap.
1477 3275 1592 3343 24.)
1667 3275 1944 3329 Omnibus
2005 3276 2094 3329 his

406 3375 542 3426 actis
593 3367 863 3420 ventilata
911 3371 995 3418 est
1041 3364 1184 3417 ratio
1243 3365 1609 3432 poenitentiae,
1667 3369 1728 3416 ut
1774 3363 2094 3417 sacerdotes

405 3457 612 3510 certius
641 3455 1051 3523 intelligerent,
1091 3452 1382 3522 quomodo
1427 3452 1810 3505 confessiones
1841 3453 2094 3522 recipere

405 3551 461 3600 et
503 3543 900 3616 paenitentiam
949 3542 1260 3595 secundum
1291 3540 1626 3594 canonicam
1671 3541 2094 3595 institutionem

403 3634 814 3704 paenitentibus
847 3631 1116 3686 deberent
1148 3629 1419 3683 indicare.

406 3743 530 3796 CAP.
576 3740 774 3793 XCVII.
825 3767 893 3775 —
927 3739 993 3791 Ut
1021 3737 1394 3804 unusquisque
1431 3735 1724 3804 presbyter
1748 3741 1861 3791 octo
1881 3739 2092 3806 princi-

790 3809 948 3878 palia
977 3810 1116 3860 vitia
1143 3823 1240 3875 per
1271 3808 1512 3860 ordinem
1541 3811 1696 3862 sciat.

479 3901 594 3968 (Ea:
622 3898 820 3964 eodem,
853 3912 972 3966 cap.
1005 3900 1081 3964 5.)
1113 3896 1390 3950 Ventilata
1425 3899 1509 3949 est
1558 3895 1704 3949 ratio
1764 3899 1890 3948 octo
1943 3893 2096 3964 prin-

405 3988 676 4059 cipalium
737 3987 1027 4052 vitiorum,
1131 3989 1194 4037 ut
1273 3983 1634 4054 unusquique
1707 3982 2092 4036 diversitatem

403 4079 634 4132 illorum
663 4076 820 4142 sciat,
861 4081 915 4128 et
943 4075 1013 4127 ab
1047 4073 1159 4128 illis
1197 4073 1428 4127 domino
1461 4072 1770 4126 auxiliante
1813 4087 1872 4125 se
1927 4071 2094 4125 intel-

403 4177 543 4245 ligat
572 4173 875 4238 custodire,
909 4177 963 4226 ct
989 4172 1113 4225 aliis
1143 4172 1472 4242 praedicare.

406 4267 532 4320 CAP.
551 4264 778 4318 XCVIII.
805 4294 861 4300 ——
899 4263 960 4316 Ut
997 4261 1295 4314 sacerdotes
1319 4261 1607 4324 diligenter
1631 4257 1940 4312 emaminent
1974 4273 2092 4312 con-

985 4335 1250 4402 ﬁtentium
1274 4337 1512 4400 peccata.

477 4424 583 4494 (Ea:
633 4423 831 4486 eodem,
902 4437 1020 4490 cap.
1083 4421 1157 4492 6.)
1221 4421 1290 4474 Ut
1347 4417 1604 4488 episcopi
1663 4422 1720 4470 et
1775 4417 2095 4488 presbyteri

404 4511 732 4565 examinent
770 4509 1014 4580 qualiter
1052 4506 1460 4561 confitentibus
1509 4509 1737 4575 peccata
1785 4505 2097 4575 dijudicent

405 4605 462 4653 et
497 4606 722 4669 tempus
741 4597 1092 4668 pcenitentiai
1123 4593 1491 4648 constituant.

407 4688 534 4742 CAP.
585 4687 760 4740 XCIX.
815 4716 880 4724 —
951 4686 1017 4738 Ut
1063 4682 1269 4747 singuli
1323 4680 1629 4750 presbyteri
1687 4681 1930 4749 capitula
1989 4697 2094 4735 au-

477 4759 786 4812 ctoritativa
869 4755 1100 4808 habeant
1183 4751 1256 4804 ad
1337 4751 1759 4807 succurrendum
1825 4754 2092 4824 paeniten-

477 4829 638 4883 tibus.

477 4919 584 4986 (Ea:
630 4917 829 4981 eodem,
883 4929 1002 4981 cap.
1052 4911 1168 4980 26.)
1229 4911 1294 4963 Ut
1353 4911 1745 4981 unusquisque
1799 4912 2095 4982 presbyter

403 5008 647 5078 capitula
677 5005 885 5058 habeat
932 5002 1000 5055 de
1049 5000 1382 5069 majoribus,
1436 5001 1522 5052 vel
1571 5001 1890 5054 minoribus
1919 5001 2091 5066 vitiis,

403 5113 506 5168 per
535 5112 662 5165 quae
707 5105 1046 5163 cognoscere
1087 5090 1288 5156 valeat,
1345 5089 1431 5142 vel
1480 5089 1791 5159 praedicare
1831 5089 2092 5152 subditis,

401 5191 468 5240 ut
495 5187 731 5239 caveant
759 5184 828 5235 ab
859 5179 1083 5234 insidiis
1112 5178 1343 5231 diaboli.

403 5275 529 5330 CAP.
591 5273 647 5327 C.
711 5301 780 5310 --
839 5271 922 5322 De
969 5268 1295 5337 presbyteris
1358 5269 1454 5336 qui
1513 5268 1700 5335 culpas
1755 5269 2094 5335 peccantium

471 5349 710 5409 reticent,
743 5343 825 5395 vel
869 5343 1048 5394 minus
1080 5339 1244 5406 digne
1295 5341 1609 5407 pcenilentes
1658 5338 1733 5392 ad
1770 5339 2092 5392 reconcilia-

472 5419 667 5470 tionem
697 5413 993 5466 adducunt.

475 5507 588 5572 (Em
637 5503 779 5556 decr.
857 5497 1166 5554 Alemandri
1211 5499 1406 5567 papae.)
1463 5498 1530 5552 Ut
1587 5513 1755 5551 nemo
1795 5497 2090 5569 presbyte-

403 5609 597 5645 rorum
629 5590 858 5644 xenium
889 5589 974 5642 vel
1005 5587 1386 5658 quodcunque
1433 5587 1889 5641 emolumentum
1942 5593 2086 5640 tem-

1477 327 1882 380 BURCHARDI
1923 325 2076 380 WOR
2089 325 2452 381 MACIENSIS
2491 323 2808 380 EPISCOPI

391 453 518 509 CAP.
547 452 676 508 XCI.
735 481 805 492 --
832 452 915 505 De
957 452 1070 506 illis
1103 455 1200 520 qui
1227 453 1560 520 sanguinem,
1605 455 1701 506 aut
1732 466 1906 506 semen
1939 451 2077 505 bibe-
2107 453 2154 508 A
2193 453 2410 522 porale,

3755 325 3877 376 1004

2484 451 2602 506 imo
2685 450 3094 505 detrimentum
3153 451 3408 522 spiritale
3464 469 3499 506 a
3544 468 3882 523 quocunque

2193 541 2420 611 publice
2467 545 2755 612 peccante,
2811 541 2896 593 vel
2951 539 3277 594 incestuoso
3321 541 3582 610 accipiat,
3632 547 3700 595 ut
3770 542 3882 611 epi-

2194 645 2383 699 scopo,
2434 631 2520 682 vel
2563 628 2840 682 ministris
2894 630 3016 698 ejus
3057 635 3355 698 peccatum
3401 629 3556 682 illius
3609 629 3884 684 reticeat:

2195 733 2297 770 nec
2341 734 2446 786 pro
2505 721 2764 786 respectu
2834 717 3111 788 cujusque
3169 734 3452 787 personae,
3507 723 3608 771 aut
3649 735 3887 772 consan-

2195 805 2514 876 guinitatis,
2559 806 2647 860 vel
2703 805 3132 872 familiaritatis,
3205 807 3406 860 alienis
3456 809 3884 860 communicatis

2195 894 2454 964 peccatis,
2515 895 2621 948 hoc
2685 894 2953 964 episcopo
3037 895 3392 948 innotescere
3438 897 3742 964 detrectet,
3791 913 3888 950 nec

2196 999 2229 1036 a
2297 997 2594 1053 quoquam
2665 982 2996 1052 poenitente,
3062 987 3160 1036 aut
3234 983 3436 1052 gratia,
3509 991 3610 1036 aut
3675 984 3888 1050 favore,

2197 1075 2297 1124 aut
2336 1087 2544 1124 munus
2601 1071 2891 1139 suscipere
2933 1077 3265 1140 praesumat,
3319 1077 3418 1125 aut
3470 1072 3664 1125 minus
3720 1072 3888 1141 digne

2195 1161 2570 1230 pmnitentem
2635 1159 2708 1212 ad
2769 1159 3296 1214 reconciliationem
3383 1160 3646 1226 adducat,
3727 1167 3786 1213 et
3840 1161 3890 1214 ei

2195 1247 2586 1302 testimonium
2643 1248 3101 1302 reconcilationis
3176 1248 3340 1316 ferat,
3399 1251 3486 1302 vel
3545 1265 3892 1320 quocunque

2197 1337 2375 1390 livore
2423 1336 2600 1389 alium
2667 1335 2964 1406 quemlibet
3021 1337 3251 1407 dignius
3298 1337 3668 1406 poenitentem
3727 1353 3760 1390 a
3813 1353 3896 1390 re-

2199 1426 2593 1480 conciliatione
2649 1431 2940 1478 removeat
3007 1441 3018 1477 :
3089 1426 3226 1496 quia
3313 1426 3418 1479 hoc
3475 1425 3892 1496 symoniacum,

2199 1519 2255 1568 et
2289 1515 2400 1568 Deo
2426 1519 2481 1568 et
2510 1513 2839 1567 hominibus
2870 1513 3220 1566 contrarium
3253 1519 3356 1567 est.

2201 1621 2328 1675 CAP.
2361 1621 2446 1674 CI.
2508 1651 2577 1660 —
2643 1623 2718 1674 De
2781 1621 2892 1674 illis
2955 1624 3051 1688 qui
3117 1624 3478 1675 truncationes
3533 1623 3896 1674 membrorum

2926 1694 3172 1757 fecerint.

2273 1781 2382 1850 (Ea:
2421 1781 2791 1834 Paenitentiali
2865 1780 3148 1850 Romano.)
3210 1779 3318 1844 Qui
3381 1796 3482 1849 per
3537 1779 3723 1833 rixam
3783 1781 3900 1834 ictu

2206 1868 2478 1937 debilem,
2528 1869 2612 1922 vel
2687 1867 3000 1922 deformem
3069 1869 3364 1921 hominem
3434 1868 3653 1932 fecerit,
3701 1869 3900 1922 reddat

2203 1959 2492 2029 impensas
2559 1956 2785 2022 medici,
2874 1962 2930 2010 et
2995 1956 3251 2010 medium
3317 1972 3532 2009 annum
3597 1960 3897 2026 poeniteat.

2203 2047 2259 2102 Si
2309 2063 2425 2099 non
2473 2045 2742 2099 habuerit
2801 2044 2952 2098 unde
3024 2044 3242 2111 reddat,
3289 2060 3504 2097 annum
3557 2061 3742 2098 unum
3783 2061 3898 2115 poe-

2203 2137 2398 2190 niteat.
2455 2133 2512 2189 Si
2551 2134 2728 2187 laicus
2785 2149 2888 2203 per
2945 2133 3143 2187 dolum
3201 2134 3543 2202 sanguinem
3607 2133 3898 2199 effuderit,

2203 2224 2403 2278 reddat
2459 2223 2540 2276 illi
2601 2227 2822 2276 tantum
2856 2227 3135 2292 quantum
3183 2222 3416 2274 nocuit:
3451 2229 3505 2273 et
3544 2219 3590 2273 si
3623 2237 3746 2274 non
3799 2221 3900 2274 ha-

2207 2314 2300 2366 bet
2351 2311 2505 2366 unde
2572 2311 2792 2376 reddat,
2845 2311 3024 2363 solvat
3105 2311 3166 2364 in
3229 2325 3402 2380 opera
3483 2309 3732 2378 proximi
3789 2313 3900 2378 sui,

2205 2417 2377 2472 quam
2429 2399 2526 2454 diu
2585 2398 2679 2452 ille
2737 2398 3001 2451 infirmus
3075 2405 3179 2464 est,
3239 2405 3295 2452 et
3348 2403 3545 2468 postea
3609 2399 3694 2452 XL
3781 2399 3902 2452 dies

2205 2489 2262 2542 in
2296 2504 2444 2559 pane
2484 2493 2538 2541 et
2559 2503 2706 2557 aqua
2733 2486 3024 2556 paeniteat.

2659 2577 2784 2629 CAP.
2817 2574 2928 2627 CII.
2964 2604 3033 2615 -
3062 2577 3136 2628 De
3159 2575 3342 2628 eadem
3372 2591 3448 2629 re.

2281 2665 2390 2734 (Ern
2437 2664 2810 2718 Pwnitentiali
2865 2663 3022 2717 Beda
3121 2663 3467 2735 presbyteri.)
3544 2663 3650 2728 Qui
3719 2664 3899 2718 ictum

2207 2754 2469 2824 proximo
2527 2751 2765 2817 dederit,
2824 2755 2880 2804 et
2937 2767 3052 2804 non
3111 2753 3386 2820 nocuerit,
3442 2757 3558 2805 tres
3618 2753 3740 2806 dies
3799 2770 3907 2823 pm-

2209 2842 2387 2895 niteat
2443 2841 2504 2892 in
2563 2856 2710 2909 pane
2770 2843 2828 2892 et
2881 2855 3046 2909 aqua.
3105 2839 3161 2894 Si
3217 2839 3478 2903 clericus,
3543 2856 3762 2893 annum
3818 2843 3904 2894 vel

2207 2929 2532 2984 dimidium.
2610 2927 2668 2982 Si
2733 2926 2861 2998 quis
2958 2928 3136 2997 aliqui
3219 2929 3518 2998 quodlibet
3573 2930 3903 2983 membrum

2129 3021 2170 3076 C
2207 3017 2501 3070 voluntate
2530 3032 2632 3069 sua
2661 3015 3030 3083 truncaverit,
3061 3021 3171 3068 tres
3189 3032 3368 3068 annos
3393 3017 3686 3085 poeniteat,
3722 3034 3906 3092 unum

2205 3122 2270 3160 ex
2357 3105 2445 3158 his
2509 3104 2572 3158 in
2637 3121 2786 3174 pane
2853 3109 2908 3156 et
3007 3121 3175 3174 aqua.
3240 3105 3469 3158 Parvuli
3531 3107 3778 3158 invicem
3845 3123 3902 3159 se

2203 3194 2612 3266 percutientes,
2668 3199 2784 3246 tres
2841 3191 3009 3246 dies:
3053 3191 3109 3247 Si
3163 3209 3293 3246 vero
3349 3193 3760 3260 adolescentes,
3821 3195 3903 3247 XX

2206 3284 2324 3338 dies
2353 3283 2689 3355 poeniteant.

2206 3389 2332 3444 CAP.
2368 3389 2505 3462 CIII.
2545 3417 2616 3462 τ-
2659 3391 2756 3462 _De
2820 3389 2934 3441 illis
3014 3387 3129 3462 qui,
3176 3390 3432 3462 ducatum
3465 3393 3788 3462 praestant,
3860 3396 3905 3442 et

2455 3459 2848 3528 depraedatores
2879 3474 3040 3528 super
3069 3460 3408 3514 Christianos
3440 3459 3663 3512 ducunt.

2275 3549 2396 3618 (Ea:
2453 3549 2823 3602 Pcenitentiali
2879 3547 3162 3614 Romano.)
3215 3547 3271 3601 Si
3330 3548 3459 3618 quis
3513 3549 3736 3618 praebet
3797 3550 3902 3602 du-

2205 3643 2396 3690 catum
2446 3652 2619 3705 super
2675 3635 3022 3690 Cliristianos
3079 3640 3142 3688 ut
3195 3635 3614 3706 depraedentur,
3671 3641 3730 3690 et
3789 3653 3906 3691 non

2206 3715 2472 3779 acciderit
2537 3731 2753 3794 strages
2809 3723 3285 3794 Christianorum,
3347 3729 3462 3777 tres
3522 3740 3703 3778 annos
3791 3743 3908 3796 pm-

2205 3814 2403 3869 niteat.
2463 3813 2560 3867 Sin
2631 3829 2780 3874 vero,
2848 3813 3043 3882 ejectis
3126 3813 3321 3879 armis,
3381 3830 3559 3884 usque
3624 3813 3694 3868 ad
3744 3831 3900 3868 mor-

2206 3908 2324 3956 tem
2353 3901 2567 3956 mundo
2599 3907 2861 3955 mortuus
2899 3902 3066 3954 vivat.

2242 3991 2370 4044 CAP.
2415 3990 2544 4043 CIV.
2572 4019 2640 4027 --
2689 3991 2762 4042 De
2791 3990 2904 4042 illis
2938 3991 3033 4056 qui
3062 4005 3158 4057 per
3187 4005 3419 4043 amorem
3448 3993 3668 4058 veneﬁci
3693 3993 3855 4058 ﬁunt.

2280 4081 2390 4146 (Ea:
2438 4079 2803 4132 Paenitentiali
2885 4078 3186 4146 Theodori.)
3261 4079 3316 4132 Si
3383 4079 3512 4149 quis
3571 4095 3678 4148 per
3744 4096 3902 4134 amo-

2206 4183 2329 4221 rem
2404 4166 2688 4220 veneﬁcus
2781 4167 2865 4231 ﬁt,
2943 4171 2998 4219 et
3075 4166 3366 4220 neminem
3443 4167 3781 4237 perdiderit.
3851 4169 3908 4222 Si

2209 4255 2444 4310 clericus
2504 4259 2606 4319 est,
2672 4270 2890 4307 annum
2955 4255 3254 4324 poeniteat,
3306 4255 3368 4308 in
3413 4271 3560 4325 pane
3617 4261 3676 4310 et
3731 4273 3904 4327 aqua.

2205 4345 2263 4400 Si
2349 4345 2746 4409 subdiaconus,
2833 4344 2968 4397 duo.
3040 4343 3099 4398 Si
3168 4344 3459 4412 diaconus,
3519 4349 3656 4412 tres,
3723 4361 3906 4399 unum

2205 4449 2269 4487 ex
2343 4433 2432 4487 his
2497 4432 2558 4486 in
2620 4448 2769 4502 pane
2839 4423 2914 4485 et.
2956 4448 3127 4502 aqua,
3209 4439 3266 4485 et
3331 4432 3507 4485 laicus
3571 4432 3908 4487 dimidium—

2204 4538 2420 4577 annum
2451 4521 2741 4591 praeniteat,
2775 4521 3020 4574 maxime
3045 4521 3088 4573 si
3123 4537 3226 4591 per
3255 4521 3362 4574 hoc
3391 4521 3650 4574 mulieris
3669 4529 3900 4592 partum

2205 4611 2448 4682 quisque
2503 4609 2809 4679 deceperit,
2862 4615 2976 4664 tres
3008 4626 3191 4663 annos
3241 4610 3636 4680 unusquisque
3695 4627 3904 4682 super-

2204 4704 2411 4770 augeat
2439 4699 2498 4751 in
2525 4715 2670 4769 pane
2693 4703 2747 4752 et
2776 4714 2944 4768 aqua,
2975 4715 3046 4752 ne
3077 4698 3400 4752 homicidiis
3433 4714 3561 4752 reus
3593 4699 3686 4754 sit.

2204 4805 2332 4860 CAP.
2393 4805 2498 4858 CV.
2567 4832 2634 4843 —
2685 4806 2757 4858 De
2815 4805 2927 4858 illis
2981 4806 3078 4872 qui
3136 4804 3402 4858 haereticis
3455 4806 3772 4872 nescientes,
3825 4805 3904 4858 vel

2461 4877 2683 4928 scientes
2722 4890 2777 4928 se
2806 4877 2866 4927 in
2894 4875 3172 4942 aliquibus
3195 4877 3642 4928 commiscuerint.

2273 4967 2382 5032 (Ea:
2427 4963 2570 5017 decr.
2613 4965 2938 5032 Eutychian.
2982 4964 3188 5034 papas.)
3235 4963 3292 5017 Si
3350 4964 3476 5034 quis
3525 4963 3769 5030 dederit,
3806 4969 3904 5018 aut

2204 5051 2488 5122 exceperit
2552 5052 3021 5105 communionem
3077 5052 3145 5106 de
3229 5067 3406 5105 manu
3488 5052 3771 5116 haeretici,
3849 5057 3902 5104 et

2202 5142 2380 5196 nescit
2435 5141 2587 5211 quod
2642 5140 2925 5194 catholica
2986 5139 3228 5193 Ecclesia
3285 5139 3645 5205 contradicit,
3705 5145 3903 5210 postea

2201 5231 2572 5299 intelligens:
2630 5246 2846 5283 annum
2889 5229 3178 5300 integrum
3235 5229 3527 5298 poeniteat.
3589 5229 3646 5283 Si
3709 5236 3900 5282 autem

2201 5319 2323 5378 scit,
2373 5324 2429 5372 et
2485 5317 2820 5387 neglexerit,
2879 5325 2934 5370 et
2993 5321 3192 5387 postea
3233 5315 3632 5387 paenitentiam
3693 5317 3896 5387 egerit,

2201 5407 2394 5461 decem
2451 5423 2631 5460 annos
2685 5407 2976 5477 poeniteat,
3037 5407 3134 5459 alii
3187 5407 3451 5475 judicant
3506 5411 3774 5476 septem:
3849 5409 3900 5458 et

2201 5495 2509 5550 humanius
2535 5496 2575 5548 V
2605 5513 2786 5549 annos
2815 5496 3110 5565 pceniteat.
3158 5495 3214 5549 Si
3255 5495 3383 5565 quis
3427 5493 3756 5568 permiserit
3788 5495 3898 5548 ha?-

2201 5585 2442 5639 reticum
2495 5586 2719 5640 Missam
2781 5601 2942 5638 suam
2997 5584 3284 5639 celebrare
3331 5583 3395 5639 in
3424 5584 3671 5640 Ecclesia
3699 5583 3892 5637 catho-
