3950 6316
56 433 192 482 ιυυδ

871 428 1343 483 DECRETORUM
1388 429 1569 483 LIBRI
1612 430 1718 484 XX.
1757 460 1823 468 —
1870 430 2073 487 LIBER
2122 427 2431 484 DECIMUS
2469 427 2714 483 NONUS.

3416 433 3550 484 1006

47 552 179 617 lica,
241 556 297 604 et
372 550 567 615 nescit,
624 551 709 604 XL
773 551 894 605 dies
959 551 1249 621 paeniteat.
1327 552 1384 606 Si
1434 570 1537 623 pro
1592 557 1822 606 reve-A
1862 554 1929 607 ad
1980 569 2151 624 quem
2218 552 2469 606 dicitur:
2518 552 2596 603 Tu
2657 551 2810 604 solus
2868 551 3018 605 nosti
3070 555 3241 607 corda
3299 554 3548 609 filiorum

46 637 239 691 rentia
294 637 439 707 ejus,
507 654 723 691 annum
797 638 1085 708 integrum
1162 640 1456 709 paeniteat.
1519 641 1577 694 Si
1647 657 1749 710 pro

43 726 416 780 damnatione
486 727 742 780 Ecclesiae
812 728 1124 793 catholicae,
1198 733 1253 782 et
1337 729 1749 783 consuetudine

43 815 444 869 Romanorum
529 815 863 885 projiciatur
944 816 1012 869 ab
1098 817 1341 870 Ecclesia
1428 817 1576 871 sicut
1632 817 1744 870 hae-

42 904 285 970 reticus,
363 904 473 957 nisi
526 904 731 957 habeat
786 905 1205 974 pmnitentiam,
1260 906 1308 959 si
1365 906 1647 968 habuerit,
1705 908 1747 961 Χ

43 1008 233 1047 annos
288 994 582 1063 poeniteat.
640 992 699 1046 Si
782 994 1075 1047 recesserit
1132 994 1200 1047 ab
1250 994 1493 1047 Ecclesia
1551 994 1747 1048 catho-

41 1081 158 1134 lica
244 1080 305 1133 in
388 1082 889 1150 congregationem
977 1080 1399 1147 haereticorum,
1486 1087 1543 1135 et
1608 1083 1749 1135 alios

46 1171 423 1241 persuaserit,
473 1176 670 1241 postea
724 1170 1122 1240 pmnitentiam
1169 1170 1371 1242 egerit,
1417 1172 1511 1226 XII
1569 1187 1749 1224 annos

45 1261 330 1330 paeniteat
353 1276 364 1313 :
390 1262 636 1330 quatuor
658 1275 839 1311 annos
856 1264 1013 1311 extra
1040 1260 1365 1321 Ecclesium,
1398 1266 1452 1314 et
1484 1275 1575 1313 sex
1600 1259 1750 1313 inter

40 1348 358 1414 auditores,
415 1352 472 1401 et
505 1347 618 1400 duo
672 1347 859 1400 adhuc
916 1353 1075 1400 extra
1130 1348 1623 1402 communionem.
1670 1348 1747 1401 De

39 1437 132 1491 his
158 1436 222 1491 in
252 1452 471 1490 canone
503 1435 730 1501 dicitur,
764 1440 823 1488 ut
852 1434 902 1487 Χ
927 1452 1078 1489 anno
1129 1437 1593 1489 communionem
1625 1435 1747 1489 sine

42 1524 341 1579 oblatione
387 1524 681 1594 recipiant.
739 1523 797 1577 Si
854 1523 1156 1593 episcopus
1204 1528 1302 1576 aut
1356 1524 1530 1577 abbas
1582 1524 1749 1594 jubet

40 1613 332 1667 monacho
365 1630 465 1666 suo
499 1629 605 1682 pro
643 1612 925 1665 haereticis
968 1612 1212 1666 mortuis
1259 1612 1450 1666 Missas
1495 1617 1723 1666 cantare

43 1719 161 1756 non
195 1702 351 1766 licet,
385 1705 438 1754 et
467 1717 584 1753 non
617 1700 844 1769 expedit
873 1700 1104 1753 obedire
1163 1699 1264 1754 eis.
1316 1700 1373 1754 Si
1416 1700 1746 1769 presbytero

41 1788 378 1857 contigerit,
420 1787 519 1841 ubi
559 1788 784 1842 Missam
814 1788 1144 1855 cantavcrit,
1196 1796 1252 1841 et
1282 1789 1431 1842 alius
1476 1790 1745 1842 recitave-

40 1878 117 1931 rit
145 1877 386 1931 nomina
416 1881 794 1943 mortuorum,
832 1882 887 1930 et
938 1877 1105 1930 simul
1139 1877 1524 1930 nominaverit
1556 1878 1747 1930 haere-

38 1967 186 2020 ticos
250 1982 381 2019 cum
440 1965 752 2032 catholicis,
819 1967 866 2018 si
922 1970 1049 2034 post
1103 1966 1325 2019 Missam
1376 1966 1744 2035 intellexerit,

39 2054 471 2109 hebdomadam
502 2054 793 2124 poeniteat.
839 2054 895 2107 Si
917 2055 1249 2124 frequenter
1278 2054 1493 2121 fecerit,
1528 2070 1743 2106 annum

40 2144 340 2213 integrum
373 2143 661 2212 pceniteat.
696 2142 752 2195 Si
786 2143 914 2212 quis
974 2148 1165 2195 autem
1222 2158 1326 2211 pro
1354 2147 1539 2195 morte
1564 2142 1742 2194 haere-

42 2233 144 2285 tici
196 2232 428 2285 Missam
478 2231 846 2296 ordinaverit,
900 2234 955 2283 et
1010 2247 1113 2300 pro
1169 2230 1446 2300 religione
1479 2246 1581 2283 sua
1623 2231 1744 2300 ejus

39 2321 321 2391 reliquias
352 2320 430 2374 ibi
462 2320 730 2385 tenuerit,
784 2325 837 2373 et
892 2320 1070 2373 nescit
1118 2319 1500 2373 differentiam
1542 2320 1744 2373 catho-

39 2411 168 2464 licae
229 2408 384 2475 fidei,
445 2413 501 2463 et
568 2414 761 2479 postea
811 2408 1178 2474 intellexerit,
1232 2407 1743 2478 pcenitentiamque

38 2499 250 2569 egerit,
287 2498 557 2568 reliquias
592 2497 672 2551 ibi
720 2497 888 2551 debet
931 2497 1063 2565 igne
1115 2513 1497 2563 concremare,
1557 2503 1613 2550 et
1643 2514 1742 2550 an-

39 2604 186 2642 num
229 2586 519 2657 poeniteat.
564 2586 621 2640 Si
661 2590 851 2639 autem
909 2586 1014 2638 scit
1059 2591 1113 2638 et
1161 2585 1498 2655 neglexerit,
1567 2585 1746 2656 poeni-

36 2676 224 2730 tentia
255 2691 357 2728 co~-
386 2681 595 2742 motus,
629 2675 827 2728 decem
858 2691 1040 2727 annos
1097 2674 1389 2745 poeniteat.
1445 2674 1500 2728 Si
1560 2674 1689 2744 quis
1713 2690 1746 2727 a

36 2766 156 2819 ﬁde
212 2764 491 2818 catholica
544 2763 864 2817 discesserit
940 2764 1061 2815 sine
1120 2764 1235 2816 ulla
1280 2763 1630 2829 necessitate,
1691 2769 1748 2817 et

39 2860 250 2927 postea
301 2869 365 2905 ex
414 2857 535 2905 toto
582 2852 774 2905 animo
825 2851 1219 2922 paenitentiam
1278 2851 1577 2921 acceperit,
1631 2856 1746 2905 tres

40 2959 231 2996 annos
259 2946 416 2995 extra
448 2940 770 3005 Ecclesiam,
802 2940 858 2994 id
888 2945 989 3007 est,
1033 2940 1182 2993 inter
1211 2940 1509 2994 audientes
1558 2940 1741 3009 juxta.

41 3034 345 3086 Nicaenum
377 3029 707 3096 concilium,
742 3035 958 3098 septem
994 3045 1172 3082 annos
1204 3029 1263 3082 in
1307 3028 1566 3082 Ecclesiis
1597 3028 1746 3082 inter

1859 641 2175 694 hominum.

2265 728 2391 783 CAP.
2424 728 2605 781 CVIII.
2648 757 2716 766 --
2746 728 2829 781 De
2848 727 3037 782 eadem
3062 744 3137 782 re.

1928 816 2035 885 (Em
2065 817 2227 870 dictis
2259 816 2543 885 ejusdem.)
2581 816 2702 869 Non
2733 832 2933 869 omnes
2965 817 3132 870 malae
3173 817 3554 888 cogitationes

1858 914 2065 957 nostrae
2125 921 2351 974 semper
2401 905 2616 959 diaboli
2687 905 2962 958 instinctu
3022 905 3384 960 excitantur:
3455 908 3553 961 sed

1858 993 2160 1063 aliquoties
2191 1010 2254 1046 ex
2286 993 2468 1046 nostri
2505 992 2725 1046 arbitrii
2784 998 2942 1047 metu
2992 999 3317 1065 emergunt.
3380 996 3550 1049 Bonae

1856 1087 2049 1134 autem
2081 1081 2452 1152 cogitationes
2482 1097 2708 1151 semper
2736 1098 2770 1135 a
2802 1082 2911 1134 Deo
2940 1087 3091 1135 sunt.

1858 1188 1984 1242 CAP.
2028 1187 2156 1242 CIX.
2182 1216 2253 1227 —
2291 1189 2364 1241 De
2388 1188 2499 1241 illis
2531 1188 2627 1254 qui
2656 1187 2790 1240 alios
2829 1189 2889 1240 in
2918 1189 3079 1257 culpa
3115 1203 3217 1242 sua
3262 1188 3549 1255 defendere

2561 1260 2835 1311 nituntur.

1927 1347 2043 1417 (Ea:
2074 1347 2235 1401 dictis
2265 1346 2551 1416 ejusdem.)
2586 1347 2731 1400 Reos
2788 1345 3081 1417 sanguinis
3118 1363 3237 1400 non
3277 1346 3549 1403 defendat

1855 1436 2101 1489 Ecclesia
2134 1452 2146 1489 ε
2177 1452 2248 1489 ne
2278 1434 2554 1489 effusione
2586 1434 2881 1504 sanguinis
2911 1434 3193 1505 particeps
3212 1435 3331 1489 ﬁat.

2310 1525 2436 1578 CAP.
2472 1524 2573 1577 CX.
2608 1554 2674 1562 —
2704 1526 2778 1577 De
2809 1523 2992 1577 eadem
3024 1539 3100 1577 re.

1927 1612 2034 1682 (Ea:
2067 1612 2210 1667 decr.
2262 1613 2484 1667 Eusebii
2510 1627 2689 1681 papa,
2747 1614 2923 1680 capite
2966 1611 3072 1681 15.)
3106 1612 3176 1665 Ut
3228 1610 3325 1681 qui
3372 1612 3548 1666 alium

1854 1701 1910 1755 in
1935 1702 2105 1770 culpa
2134 1717 2235 1754 sua
2260 1701 2585 1768 defendere,
2620 1701 2708 1753 vel
2739 1715 3007 1753 excusare
3046 1700 3269 1765 nititur,
3322 1716 3546 1754 excom-

1855 1791 2198 1843 municetur.

1856 1896 1984 1950 CAP.
2016 1896 2142 1951 CXI.
2178 1925 2251 1937 —
2309 1898 2377 1951 Ut
2424 1896 2746 2019 paenitednttia
2800 1896 3108 1964 conjugatis
3166 1911 3233 1950 ea:
3291 1912 3549 1951 consensu

2648 1982 2673 2019 e
2699 1982 2786 2019 ur.

2648 1982 2786 2020 etur.

1924 2055 2032 2124 (Ea:
2088 2055 2311 2109 concilio
2371 2056 2679 2116 Arelatem,
2728 2057 2906 2123 capite
2961 2055 3038 2125 6.)
3098 2055 3167 2108 Ut
3212 2055 3547 2125 poenitentia

1851 2143 2172 2214 conjugatis
2197 2160 2262 2196 ex
2286 2159 2569 2196 consensu
2598 2143 2898 2197 amborum
2932 2143 3117 2197 detur.
3144 2142 3543 2197 Pcenitentiam

1850 2232 2192 2302 conjugatis,
2223 2248 2341 2286 non
2368 2232 2477 2285 nisi
2506 2249 2572 2286 ex
2603 2249 2880 2286 consensu
2913 2232 3179 2287 dandam.

1851 2339 1980 2393 CAP.
2016 2339 2168 2393 CXII.
2199 2368 2269 2380 —
2328 2338 2464 2404 Quot
2508 2338 2683 2462 magis
2730 2340 2925 2462 anime
2984 2338 3362 2405 defunctorum
3414 2338 3552 2392 solvi

2618 2426 2643 2462 e
2681 2425 2780 2462 ean
2811 2449 2825 2462 .

2618 2415 2825 2463 ebeant.

1923 2501 2022 2563 (Ex
2053 2499 2213 2552 dictis
2244 2499 2538 2565 Origenis.)
2592 2498 2815 2551 Animae
2855 2497 3254 2551 defunctorum
3301 2500 3548 2568 quatuor

1848 2587 2034 2640 modis
2066 2587 2389 2651 solvuntur,
2431 2590 2530 2639 aut
2569 2585 2959 2639 oblationibus
3011 2586 3395 2652 sacerdotum,
3451 2590 3550 2639 aut

1850 2674 2114 2743 precibus
2146 2680 2496 2739 sanctorum,
2530 2679 2630 2727 aut
2654 2674 2960 2727 charorum
3003 2674 3395 2744 eleemosynis,
3450 2678 3549 2728 aut

1847 2763 2066 2833 jejunio
2097 2767 2497 2831 cognatorum.

2119 2853 2247 2905 CAP.
2281 2852 2459 2905 CXIII.
2493 2882 2561 2890 —
2591 2854 2665 2905 De
2692 2850 3005 2905 nutriendis
3032 2850 3287 2915 inﬁmis.

1925 2940 2039 3009 (Ea
2088 2939 2250 2994 dictis
2291 2939 2555 3009 Hieron.)
2605 2940 2833 2993 Nutrire
2908 2939 3189 3007 infirmos,
3242 2943 3300 2992 et
3354 2937 3546 2993 fovere

1854 3035 2141 3089 Christum
2196 3034 2341 3088 nihil
2390 3035 2647 3101 interest,
2694 3034 3035 3088 nutriendus
3080 3034 3236 3087 enim
3267 3037 3350 3087 est
3383 3033 3543 3087 inﬁr-

37 3121 413 3192 poeniteutCS,
448 3124 502 3171 et
542 3119 686 3171 duos
728 3134 909 3171 annos
954 3119 1139 3172 adhuc
1187 3124 1341 3171 extra
1385 3117 1741 3172 communio-
1777 3136 1818 3191 ο
1854 3139 1982 3177 mus
2016 3140 2029 3176 :
2081 3122 2217 3193 quia
2265 3122 2523 3176 Christus
2574 3122 2867 3176 inﬁrmum
2890 3138 2949 3176 se
3009 3137 3131 3175 esse
3161 3121 3542 3193 proﬁtebitur.

40 3225 184 3263 nem
215 3207 506 3278 paeniteat.

42 3336 176 3388 CAP.
241 3332 372 3385 CVI.
406 3360 477 3369 —
522 3333 596 3383 De
632 3331 745 3383 illis
803 3333 899 3399 qui
942 3331 1238 3396 comedunt,
1291 3335 1386 3383 aut
1444 3330 1631 3383 bibunt
1677 3330 1743 3383 ab

210 3402 512 3456 immundis
544 3402 873 3454 animalibus
898 3407 1117 3468 tactum,
1152 3403 1233 3454 vel
1263 3404 1570 3454 intinctam.

118 3511 237 3579 (Ea:
281 3508 645 3562 Pamitentiali
672 3505 953 3577 Romano.)
998 3506 1107 3571 Qui
1152 3506 1422 3572 comedit,
1482 3507 1569 3559 vel
1600 3505 1748 3560 bibit

45 3600 362 3654 intinctum
389 3612 421 3649 a
450 3595 722 3650 familiari
747 3596 947 3662 bestia,
981 3594 1037 3648 id
1082 3600 1185 3660 est,
1222 3610 1376 3659 cane,
1439 3595 1527 3648 vel
1572 3599 1741 3658 catto,

46 3694 103 3742 et
134 3688 267 3753 scit,
306 3688 346 3741 C
393 3686 642 3755 psalmos
682 3690 889 3750 cantet,
940 3700 987 3737 ει
1036 3684 1243 3749 nescit,
1291 3683 1431 3737 duos
1484 3683 1606 3736 dies
1653 3683 1746 3751 je-

37 3781 235 3849 junet,
287 3777 373 3829 vel
424 3775 470 3828 si
520 3773 805 3827 redimere
852 3772 1118 3838 voluerit,
1150 3773 1188 3826 L
1242 3773 1488 3841 psalmos
1539 3777 1743 3824 cantet.

41 3868 155 3932 Qui
190 3865 416 3919 dederit
445 3863 615 3917 alicui
644 3864 927 3933 liquorem
960 3862 1020 3914 in
1051 3878 1164 3932 quo
1192 3878 1339 3927 mus,
1372 3861 1458 3914 vel
1508 3861 1751 3914 mustela

41 3961 286 4010 mortua
327 3953 558 4006 inventa
591 3958 745 4020 sunt,
780 3951 827 4004 si
854 3951 1032 4004 laicus
1062 3955 1165 4015 est,
1219 3955 1435 4019 septem
1460 3950 1580 4002 dies
1628 3965 1750 4019 poc-

44 4044 251 4097 niteat.
287 4041 341 4095 Si
374 4041 434 4094 in
463 4040 736 4094 cmnobiis
781 4039 1104 4105 contigerit,
1158 4040 1284 4093 CCC
1331 4039 1581 4091 Psalmos
1611 4053 1746 4090 can-

43 4138 148 4185 tet.
205 4130 316 4193 Qui
360 4133 555 4198 postea
597 4128 816 4181 noverit
849 4129 1000 4197 quod
1025 4128 1215 4181 ‘talem
1262 4131 1463 4196 potum
1516 4126 1744 4192 biberit,

46 4222 130 4276 CL
164 4219 422 4290 psalmos
470 4222 674 4271 cantet.
718 4216 773 4271 Si
832 4216 961 4286 quis
1014 4216 1382 4269 semicoctum
1435 4214 1751 4268 comederit

44 4308 287 4372 inscius,
322 4312 433 4359 tres
488 4306 607 4359 dies
662 4304 954 4375 poeniteat,
1002 4306 1088 4357 vel
1142 4304 1484 4357 Psalterium
1540 4308 1745 4356 cantet.

1854 3230 1979 3285 CAP.
2016 3228 2186 3284 CXIV.
2216 3259 2283 3267 —
2319 3228 2473 3293 Quod
2501 3243 2607 3281 non
2634 3233 2857 3282 noceant
2893 3229 3193 3295 praeterita,
3219 3230 3271 3281 si
3293 3242 3401 3281 non
3427 3228 3546 3295 pla-

2452 3304 2605 3352 ceant
2629 3300 2941 3367 praesentia.

1924 3408 2032 3473 (Ea:
2062 3406 2222 3460 dictis
2253 3404 2511 3475 August.)
2543 3405 2667 3458 Non
2712 3409 2921 3459 nocent
2973 3404 3123 3458 mala
3152 3403 3463 3475 prmterita,
3498 3403 3546 3456 si

1853 3511 1968 3548 non
1996 3495 2258 3564 placeant
2286 3492 2614 3563 praesentia,
2645 3492 2934 3562 praecipue
2964 3492 3011 3547 si
3059 3493 3256 3546 multis
3302 3493 3547 3546 eleemo-

1855 3582 2009 3653 synis
2039 3582 2153 3635 sint
2183 3582 2425 3652 expiata.

1856 3690 1981 3743 CAP.
2018 3689 2166 3743 CXV.
2215 3719 2284 3726 —
2328 3690 2401 3741 De
2443 3687 2557 3741 illis
2595 3688 2691 3755 qui
2735 3687 2969 3756 hospites
3008 3688 3242 3755 recipere
3294 3687 3543 3755 negleme-

2633 3759 2768 3812 rint.

1926 3846 2034 3917 (Ea:
2098 3847 2466 3901 Paenitentiali
2534 3846 2825 3915 Romano)
2870 3846 3205 3917 Quicunque
3290 3846 3544 3916 hospites

1857 3952 1973 3989 non
2004 3934 2207 4005 recipit
2236 3935 2293 3988 iu
2324 3935 2496 3989 domo
2547 3952 2669 3999 sua,
2722 3934 2868 3988 sicut
2925 3934 3200 3988 Dominus
3258 3935 3546 4005 praecepit,

1857 4028 1913 4078 et
1966 4029 2203 4093 propter
2250 4022 2358 4076 hoc
2429 4039 2607 4094 regna
2664 4024 2937 4076 caelorum
2994 4022 3277 4093 promisit,
3335 4028 3550 4093 quanto

1858 4117 2115 4179 tempore
2168 4109 2490 4180 hospitibus
2564 4110 2979 4164 humanitatem
3036 4110 3434 4180 denegaverat,
3493 4114 3549 4165 et

1858 4198 2128 4252 mandata
2157 4197 2481 4267 evangelica
2528 4198 2691 4268 juxta
2740 4198 3174 4268 possibilitatem
3223 4214 3385 4252 suam
3432 4214 3550 4252 non

1858 4288 2293 4358 adimpleverat,
2350 4303 2454 4340 nec
2502 4287 2674 4356 pedes
2705 4287 2947 4352 lavabat,
2994 4302 3098 4339 nec
3127 4286 3549 4357 eleemosynam

46 4398 249 4451 Sciens
306 4400 517 4459 autem,
570 4374 787 4463 septem
853 4393 974 4447 dies
1023 4393 1313 4472 poeniteat.
1373 4394 1480 4445 Pro
1528 4392 1749 4445 modico

1928 4379 2089 4437 :erat,
2126 4378 2287 4427 tanto
2316 4378 2574 4443 tempore
2604 4375 2851 4445 pleuiter
2882 4376 2941 4427 in
2994 4390 3138 4445 pane
3192 4378 3248 4428 et
3277 4390 3444 4445 aqua,
3500 4375 3549 4427 si

45 4485 228 4549 furto,
251 4483 339 4537 XX
365 4482 484 4536 dies
522 4482 819 4551 paeniteat,
870 4480 970 4551 qui
1000 4486 1081 4534 est
1110 4482 1201 4534 XX
1244 4496 1547 4543 annorum,
1605 4497 1751 4550 puer

48 4577 149 4646 qui
178 4580 267 4627 est
298 4572 343 4624 Χ
374 4588 660 4625 annorum
695 4570 913 4641 aliquid
945 4571 1081 4623 furti
1113 4571 1345 4638 faciens,
1381 4576 1598 4641 septem
1629 4570 1751 4624 dies

46 4662 354 4735 poeniteat.
422 4661 479 4714 Si
523 4661 652 4732 quis
702 4660 932 4713 tinxerit
977 4676 1215 4713 manum
1273 4660 1333 4713 in
1393 4661 1587 4731 aliquo
1627 4659 1751 4713 cibo

49 4751 299 4824 liquido,
333 4755 389 4803 et
418 4766 531 4803 non
562 4750 764 4803 idonea
790 4765 983 4811 manu,
1022 4748 1060 4799 C
1089 4748 1353 4818 palmatis
1390 4749 1749 4802 emendetur.

49 4842 103 4895 Si
132 4843 200 4895 in
233 4839 438 4903 farina,
472 4842 571 4891 aut
608 4837 665 4890 in
718 4837 909 4907 aliquo
957 4837 1085 4889 cibo
1132 4836 1298 4901 sicco,
1340 4837 1525 4890 autin
1574 4838 1749 4907 pulte,

52 4938 151 4985 aut
184 4930 247 4982 in
279 4929 421 4981 lacte
450 4928 749 4996 coagulato
800 4942 947 4992 inus,
976 4926 1060 4978 vel
1118 4925 1357 4977 mustela
1405 4929 1633 4978 mortua
1677 4924 1754 4977 in-

51 5018 389 5082 veniuntur,
419 5016 566 5086 quod
597 5015 656 5067 in
682 5015 917 5067 circuitu
974 5014 1094 5084 ejus
1142 5017 1225 5065 est
1254 5017 1461 5074 totum,
1488 5013 1750 5083 projicie-

44 5112 142 5161 tur
171 5108 349 5171 foras,
384 5104 535 5174 quod
569 5104 856 5174 reliquum
889 5107 992 5170 est,
1028 5101 1421 5156 manducetur.

54 5232 185 5286 CAP.
224 5230 381 5283 CVII.
426 5227 576 5293 Quod
626 5226 875 5280 diabolus
926 5228 1167 5279 internas
1219 5225 1569 5290 cogitationes
1626 5225 1755 5276 ani-

180 5316 285 5356 mae
314 5316 417 5353 non
448 5298 651 5364 videat,
683 5298 777 5351 sed
810 5313 876 5350 ea:
906 5303 1053 5350 motu
1081 5298 1317 5365 corporis
1345 5296 1630 5363 intelligat.

125 5431 243 5497 (Ea:
264 5426 426 5479 dictis
456 5422 723 5493 August.)
758 5425 1015 5476 Internas
1028 5422 1235 5476 anima:
1249 5420 1623 5492 cogitationes
1644 5418 1759 5472 dia-

58 5515 259 5571 bolum
311 5530 428 5567 non
488 5514 679 5566 videre
745 5512 1126 5565 certissimum
1181 5517 1283 5579 est,
1349 5510 1588 5564 motivas
1635 5524 1756 5562 cor-

59 5605 217 5675 poris
247 5602 318 5657 ab
350 5602 445 5655 illo
475 5607 531 5655 et
560 5602 985 5655 affectationum
1034 5600 1262 5654 indiciis
1316 5599 1505 5669 colligi
1536 5598 1757 5669 experi-

56 5698 261 5751 mento
283 5689 585 5745 didicimus
618 5708 629 5744 :
658 5696 871 5744 secreta
884 5695 1075 5743 autem
1098 5688 1284 5743 cordis
1307 5691 1458 5743 solus
1480 5689 1575 5742 ille
1602 5688 1761 5742 novit

1860 4478 1977 4515 non
2008 4461 2292 4530 emendet,
2327 4462 2621 4530 paeniteat.

1861 4566 1989 4621 CAP.
2026 4567 2198 4621 CXVI.
2256 4569 2321 4621 Ut
2379 4568 2561 4621 clerici
2605 4570 2880 4637 superﬂua
2918 4567 3258 4636 pauperibus
3312 4568 3547 4632 erogent.

1933 4672 2039 4743 (Ea:
2069 4673 2297 4741 eodem.)
2336 4674 2584 4728 Clericus
2629 4675 2847 4729 habens
2905 4674 3216 4744 superﬂua,
3265 4673 3440 4727 donet
3486 4688 3554 4726 ea

1861 4762 2232 4832 pauperibus.
2266 4763 2365 4816 Sin
2400 4768 2615 4829 autem,
2648 4768 2778 4833 post
2821 4764 3095 4833 poeniteat
3137 4768 3396 4833 tempore
3436 4777 3550 4832 quo

1862 4851 2032 4915 vivat,
2074 4851 2134 4905 in
2173 4851 2536 4919 contritione,
2570 4852 2630 4905 in
2681 4852 3022 4922 poenitentia
3074 4854 3328 4905 remotus
3378 4851 3549 4903 vivat.

1862 4958 1988 5016 CAP.
2023 4958 2223 5012 CXVII.
2245 4986 2312 4998 —-
2351 4961 2422 5011 De
2449 4958 2543 5011 illo
2577 4959 2672 5025 qui
2716 4958 2882 5010 alicui
2909 4959 3083 5023 fratri
3108 4970 3267 5012 suum
3318 4959 3555 5026 imputat

2033 5035 2330 5098 peccatum,
2364 5030 2476 5081 nisi
2498 5031 2658 5097 prius
2696 5043 2934 5082 seorsum
2953 5044 3072 5082 eum
3100 5030 3365 5095 arguerit.

1936 5120 2043 5190 (Ea:
2072 5119 2290 5187 eodem.)
2324 5118 2431 5181 Qui
2461 5121 2756 5187 peccatum
2787 5116 3128 5186 imputando
3168 5116 3328 5169 fratri
3369 5115 3554 5186 impo-

1864 5208 1964 5271 nit,
2004 5208 2340 5278 priusquam
2375 5222 2634 5260 seorsum
2664 5210 2868 5275 arguat
2889 5220 3042 5273 eum,
3076 5204 3426 5258 satisfaciens
3482 5203 3555 5270 ei,

1865 5302 1980 5351 tres
2009 5296 2130 5351 dies
2159 5296 2449 5367 paeniteat.

1867 5402 1997 5457 CAP.
2030 5402 2257 5455 CXVIII.
2305 5402 2388 5454 De
2434 5400 2548 5455 illis
2599 5401 2693 5468 qui
2731 5399 2830 5453 diu
2884 5400 3108 5452 reticent
3162 5402 3385 5467 peccata
3436 5413 3555 5453 sua.

1941 5507 2049 5578 (Ea:
2078 5509 2443 5564 Pcenitentiali
2471 5507 2627 5562 Beda:
2676 5505 3023 5577 presbyteri.)
3075 5504 3379 5559 Sciendum
3422 5520 3558 5558 vero

1871 5604 1975 5664 est,
2008 5602 2220 5668 quanto
2252 5597 2381 5666 quis
2411 5603 2668 5667 tempore
2701 5600 2954 5649 moratur
2981 5594 3041 5648 in
3083 5594 3349 5665 peccatis,
3404 5598 3561 5646 tanto

1871 5687 1922 5740 ei
1948 5686 2209 5756 augenda
2240 5689 2324 5738 est
2353 5684 2709 5754 poenitentia.
