3950 6326
485 331 618 383 1007

1555 326 1966 383 BURCHARDI
2007 327 2540 384 WORMACIENSIS
2578 325 2908 383 EPISCOPI.

3862 332 3923 381 lt".

483 453 612 508 CAP.
663 452 834 508 CXIX.
867 480 937 492 —
989 454 1059 506 De
1113 451 1226 504 illis
1272 451 1370 519 qui
1423 451 1662 518 aliquem
1712 453 1773 504 in
1813 453 1902 504 ira
1952 466 2174 520 percus-
2205 454 2245 506 Α
2289 450 2442 520 ipsos
2474 449 2810 519 decipimus,
2842 455 2896 502 et
2945 449 3156 503 veritas
3199 448 3259 503 in
3299 449 3468 504 nobis
3515 466 3632 504 non
3685 457 3821 506 est:
3864 460 3924 504 sal

1246 525 1432 574 serint.

558 613 679 680 (Ea:
705 613 928 665 concilio
950 611 1292 676 Rothomag.,
1319 611 1497 677 capite
1526 611 1606 675 9.)
1639 608 1696 662 Si
1720 609 1848 680 quis
1875 609 2053 663 alium
2084 625 2186 679 per

487 701 635 754 iram
666 699 1034 769 percusserit,
1081 706 1137 752 et
1185 699 1524 768 sanguinem
1577 699 1864 764 effuderit,
1922 699 1968 752 si
2008 699 2186 752 laicus

491 794 598 854 est,
659 790 740 842 XX
795 788 915 842 dies
965 787 1275 857 paeniteat:
1328 787 1587 853 clericus,
1650 788 1793 840 XXX.
1851 787 1939 840 Illi
1995 791 2187 840 autem

494 876 595 946 qui
627 877 869 946 gradum
895 877 1125 937 habent,
1162 875 1410 944 amplius
1453 874 1590 945 pelli
1636 875 1864 941 debent,
1915 875 2190 929 diaconus

494 982 588 1018 sex
648 981 891 1030 menses,
963 965 1260 1034 presbyter
1335 979 1515 1016 unum
1577 980 1815 1031 annum,
1886 964 2189 1034 episcopus

500 1053 642 1106 duos
670 1068 850 1105 annos
881 1057 938 1104 et
967 1068 1059 1104 sex
1090 1068 1334 1104 menses.

496 1160 622 1212 CAP.
661 1158 804 1212 CXX.
837 1188 906 1196 —
937 1159 1014 1210 De
1041 1159 1153 1210 illis
1185 1160 1282 1225 qui
1312 1156 1387 1210 ad
1413 1157 1731 1222 feriendum
1760 1158 2032 1212 hominem
2068 1174 2191 1213 sur-

564 1235 827 1296 remcrint,
891 1230 1123 1282 volentes
1188 1244 1306 1281 eum
1368 1229 1620 1293 occidere,
1683 1229 1777 1283 sed
1838 1246 1943 1284 non
2007 1237 2192 1298 potue-

567 1306 716 1353 runt.

568 1387 678 1456 (Εςε
718 1387 1084 1440 Paznitentiali
1115 1386 1394 1454 Romano.)
1446 1386 1554 1450 Qui
1606 1386 1675 1440 ad
1727 1386 2047 1441 feriendum
2099 1388 2198 1441 ho-

497 1476 715 1530 minem
748 1475 1078 1538 surrexerit,
1112 1474 1309 1527 volens
1340 1490 1469 1526 eum
1511 1474 1787 1542 occidere,
1823 1481 1942 1528 tres
1983 1475 2193 1530 hebdo-

500 1566 698 1618 madas
745 1565 1036 1633 paeniteat.
1095 1562 1151 1616 Si
1221 1563 1458 1614 clericus
1512 1563 1702 1625 fuerit,
1767 1580 1863 1618 sex
1918 1581 2191 1618 menses:

501 1652 654 1723 quod
713 1652 816 1703 etsi
846 1651 1251 1715 vulneraverit,
1281 1651 1364 1703 XL
1387 1651 1524 1703 dies.
1561 1651 1614 1704 Si
1639 1651 1877 1704 clericus
1901 1651 2194 1721 clericum,

504 1756 717 1794 annum
751 1744 955 1805 totum,
990 1739 1086 1791 sed
1124 1744 1180 1792 et
1235 1738 1539 1808 pecuniam
1570 1755 1672 1809 pro
1725 1740 1892 1793 modo
1949 1741 2200 1794 vulneris

505 1829 596 1883 cui
623 1828 848 1890 inﬂixit,
881 1827 1115 1880 tribuat.

504 1918 632 1972 CAP.
667 1917 834 1970 CXXI.
862 1945 934 1956 —
961 1919 1036 1970 De
1061 1917 1172 1970 illis
1205 1918 1301 1983 qui
1325 1919 1641 1970 reticuerint
1681 1923 1956 1985 peccatum
2002 1919 2202 1983 fratris

1048 1987 1192 2056 quod
1221 1994 1298 2040 est
1327 1988 1401 2038 ad
1429 1993 1668 2040 mortem.

576 2077 686 2145 (Ea:
734 2076 1098 2129 Paznitcntiali
1152 2073 1376 2143 Theod.)
1428 2073 1534 2138 Qui
1586 2075 1880 2128 reticuerit
1932 2075 2199 2129 delictum

506 2164 699 2217 fratris
730 2162 880 2232 quod
911 2167 994 2214 est
1020 2178 1200 2231 usque
1229 2163 1298 2215 ad
1330 2169 1595 2227 mortem,
1655 2179 1840 2234 neque
1903 2180 2034 2217 eum
2080 2180 2196 2217 cor-

507 2251 767 2320 ripuerit,
797 2251 958 2320 juxta
987 2251 1244 2319 regulam
1278 2251 1690 2320 evangelicam,
1722 2251 1908 2320 primo
1939 2253 2089 2306 inter
2120 2268 2199 2318 se,

506 2345 561 2392 et
589 2340 776 2408 ipsum
807 2339 1010 2398 solum,
1045 2338 1250 2391 deinde
1285 2339 1436 2391 inter
1464 2340 1627 2406 alios,
1661 2340 1870 2393 deinde
1922 2341 1988 2395 ad
2023 2341 2202 2394 Eccle-

507 2428 651 2480 siam
683 2428 911 2496 culpam
944 2428 1216 2490 referens,
1261 2427 1306 2478 si
1353 2443 1580 2480 necesse
1629 2428 1824 2493 fuerit,
1882 2435 1938 2481 et
1987 2435 2201 2499 quanto

507 2521 764 2586 tempore
785 2515 913 2581 fuit,
941 2521 1097 2568 tanto
1129 2517 1422 2585 pmniteat.

505 2606 632 2659 CAP.
694 2604 888 2658 CXXII.
951 2603 1102 2670 Quod
1156 2619 1261 2657 non
1332 2605 1490 2657 liceat
1545 2603 1791 2668 diacono,
1852 2607 2022 2659 alicui
2069 2605 2200 2658 dare

1155 2677 1556 2742 paenitentiam.

575 2763 682 2833 (Ea:
712 2763 1075 2816 Paenitentiali
1103 2763 1384 2832 Romano.)
1429 2764 1552 2815 Non
1603 2764 1734 2817 licet
1757 2763 1996 2817 diacono
2029 2765 2199 2818 alicui

503 2850 638 2903 dare
685 2850 1128 2920 paenitentiam:
1202 2851 1298 2904 sed
1359 2852 1681 2922 episcopus,
1749 2859 1848 2905 aut
1903 2853 2201 2924 presbyter

503 2938 638 2991 dare
674 2938 858 2991 debet.

507 3043 634 3096 CAP.
659 3044 878 3098 CXXIII.
911 3075 978 3082 —
1004 3046 1070 3098 Ut
1087 3046 1403 3112 poenitentia
1431 3060 1550 3114 qua:
1571 3044 1749 3100 dilata
1768 3053 1864 3111 est,
1888 3063 2004 3101 cum
2028 3050 2199 3116 petita

1072 3118 1244 3180 fuerit
1265 3131 1367 3168 non
1388 3121 1630 3182 negetur.

579 3202 686 3272 (Eo:
715 3203 857 3257 decr.
886 3204 1076 3257 Leonis
1103 3219 1280 3272 papa,
1316 3206 1492 3272 capite
1512 3207 1580 3258 22
1609 3205 1624 3274 )
1658 3203 2047 3260 Dissimulatio
2080 3207 2200 3262 hinc

505 3297 692 3360 potest
720 3308 835 3344 non
867 3292 935 3344 de
965 3298 1298 3362 contemptu
1329 3309 1448 3345 esse
1482 3293 1740 3359 remedii,
1773 3294 1871 3347 sed
1929 3295 1998 3348 de
2044 3300 2200 3351 metu

504 3379 731 3448 gravius
790 3380 1182 3450 delinquendi,
1240 3382 1388 3434 unde
1455 3383 1792 3452 paenitentia
1849 3399 1978 3452 quae
2027 3385 2200 3438 dilata

505 3473 606 3534 est,
653 3484 782 3522 cum
848 3469 1156 3522 studiosius
1207 3472 1387 3538 petita
1437 3471 1609 3523 fuerit
1656 3487 1770 3524 non
1823 3477 2083 3542 negetur,
2136 3477 2201 3526 ut

504 3557 913 3626 quoquomodo
946 3557 1014 3611 ad
1066 3558 1441 3626 indulgentiae
1473 3559 1815 3612 medicinam
1864 3561 2058 3614 anima
2088 3563 2202 3615 vul-

505 3652 704 3700 nerata
734 3645 1049 3714 perveniat.

506 3735 633 3788 CAP.
669 3733 882 3788 CXXIV.
912 3763 979 3772 -—
1011 3735 1089 3787 De
1115 3735 1227 3787 illis
1257 3737 1355 3801 qui
1385 3734 1690 3804 despiciunt
1714 3751 1798 3791 eos
1829 3740 1926 3806 qui
1965 3736 2200 3806 ﬁdeliter

1109 3820 1318 3873 agapas
1347 3807 1593 3872 fecerint.

576 3893 696 3963 (Ea:
724 3893 946 3946 concilio
981 3893 1282 3962 Gangren.,
1314 3897 1490 3964 capite
1523 3896 1630 3965 Il.)
1665 3896 1717 3950 Si
1776 3896 1905 3967 quis
1954 3896 2197 3966 despicit

503 3998 600 4035 eos
634 3983 731 4052 qui
765 3982 1012 4035 fideliter
1041 3997 1268 4052 agupas,
1308 3983 1364 4037 id
1391 3990 1493 4051 est,
1545 3984 1802 4037 convivia
1845 3985 2196 4054 pauperibus

501 4070 792 4133 exhibent,
827 4075 882 4123 et
911 4076 1143 4139 propter
1173 4071 1448 4124 honorem
1486 4073 1581 4126 Dei
1613 4077 1927 4125 convocant
1968 4071 2190 4139 fratres,

503 4165 561 4212 et
591 4159 840 4212 noluerit
868 4159 1295 4213 Communicare
1331 4161 1728 4234 hujuscemodi
1779 4160 2190 4228 vocationibus,

498 4247 918 4317 parvipendeus
949 4247 1097 4317 quod
1131 4249 1373 4319 geritur,
1406 4250 1712 4302 anathema
1742 4250 1832 4302 sit.

499 4336 626 4390 CAP.
657 4335 851 4391 CXXV.
874 4364 945 4376 —
963 4338 1037 4390 De
1059 4338 1166 4390 illis
1189 4340 1284 4405 qui
1305 4338 1491 4390 dicunt
1513 4353 1566 4390 se
1594 4354 1700 4390 non
1731 4339 1924 4391 habere
1944 4344 2184 4407 peccata.

567 4427 676 4491 (Ea:
707 4427 925 4478 concilio
955 4428 1241 4491 Africano,
1306 4427 1480 4490 capite
1508 4427 1617 4492 70.)
1668 4426 1810 4478 Item
1861 4428 2092 4495 placuit,
2124 4433 2189 4481 ut

495 4514 646 4584 quod
677 4513 757 4566 ait
815 4519 1040 4566 sanctus
1100 4513 1390 4582 apostolus
1435 4513 1728 4567 Joannes:
1775 4514 1833 4568 Si
1872 4515 2187 4570 dixerimus

494 4603 629 4673 quia
678 4608 974 4672 peccatum
1023 4617 1140 4653 non
1180 4601 1478 4665 habemus,
1539 4602 1799 4672 nosipsos
1845 4604 2180 4675 decipimus,

495 4697 551 4744 et
578 4690 783 4743 veritas
811 4689 869 4742 iu
903 4688 1066 4742 nobis
1097 4703 1209 4740 non
1241 4693 1343 4742 est.
1377 4688 1643 4760 Quisquis
1671 4691 1749 4744 sic
1789 4693 2180 4763 accipiendum

491 4779 797 4848 putaverit,
831 4783 895 4831 ut
926 4776 1075 4830 dicat
1132 4781 1365 4846 propter
1408 4777 1792 4834 humilitatem
1848 4797 1964 4836 non
2011 4799 2182 4854 opor-

490 4871 609 4920 tere
651 4866 760 4920 dici
799 4882 902 4919 nos
953 4880 1069 4916 nou
1112 4863 1321 4917 habere
1380 4872 1694 4934 peccatum,
1729 4885 1844 4922 non
1877 4870 2012 4940 quia
2052 4888 2181 4926 vere

487 4955 566 5007 ita
616 4959 719 5018 est,
771 4952 1076 5005 anathema
1108 4950 1199 5004 sit.
1249 4953 1516 5022 Sequitur
1582 4957 1754 5023 enim,
1808 4962 1865 5009 et
1919 4958 2183 5028 adjungit

488 5043 783 5113 apostolus
817 5057 830 5093 :
864 5040 921 5094 Si
952 5045 1143 5092 autem
1176 5041 1419 5094 confessi
1476 5042 1754 5096 fuerimus
1805 5051 2033 5114 peccata
2075 5063 2177 5100 no-

489 5137 622 5197 stra,
667 5129 851 5183 ﬁdelis
895 5132 980 5180 est
1032 5132 1088 5180 et
1131 5127 1340 5197 justus,
1382 5130 1480 5200 qui
1539 5132 1795 5186 remittat
1840 5135 2002 5188 nobis
2046 5151 2177 5204 pec-

485 5225 630 5285 cata,
664 5224 720 5271 et
751 5216 987 5269 mundet
1016 5232 1121 5268 nos
1175 5217 1246 5270 ab
1303 5218 1462 5270 omni
1509 5218 1832 5290 iniquitate.
1883 5221 1983 5275 Ubi
2045 5223 2177 5277 satis

487 5311 744 5377 apparet,
782 5305 886 5358 hoc
922 5320 1034 5356 non
1066 5309 1293 5358 tantum
1339 5307 1653 5374 humiliter,
1687 5309 1784 5362 sed
1817 5308 1988 5364 etiam
2018 5327 2172 5365 vera-

485 5395 628 5448 citer
660 5393 816 5448 dici:
861 5397 1085 5464 poterat
1117 5396 1270 5447 enim
1316 5402 1497 5464 apost.
1547 5396 1734 5451 dicere
1777 5413 1790 5451 :
1843 5396 1901 5452 Si
1962 5399 2172 5455 dixeri-

485 5499 633 5547 mus,
688 5498 806 5534 non
856 5481 1128 5534 habemus
1180 5489 1493 5552 peccatum,
1527 5485 1785 5554 nosipsos
1832 5488 2173 5558 extollimus,

485 5577 541 5624 ct
570 5572 864 5626 humilitas
905 5570 963 5623 in
1011 5571 1180 5624 nobis
1215 5588 1330 5626 non
1381 5579 1484 5628 est.
1538 5574 1643 5628 Sed
1700 5591 1830 5628 cum
1877 5577 1991 5631 ait:
2030 5579 2172 5631 Nos-

2297 539 2544 592 ostendit
2572 554 2704 591 eum
2737 539 2835 607 qui
2883 538 3095 591 dixerit
3143 554 3202 591 se
3251 555 3367 591 non
3399 537 3610 593 habere
3669 546 3924 610 peccatur

2294 642 2409 678 non
2438 640 2636 677 verum
2674 623 2853 693 loqui,
2885 625 2982 677 sed
3017 624 3246 678 falsum.

2297 714 2423 768 CAP.
2461 714 2674 767 CXXVI.
2709 741 2781 752 —
2813 715 2882 765 De
2907 714 3019 766 illis
3051 715 3148 780 qui
3181 713 3372 766 dicunt
3398 717 3611 766 sanctos
3672 716 3726 768 in
3757 717 3923 767 oratio

2373 787 2674 856 Dominica,
2718 784 2948 856 Dimitte
2986 786 3140 837 nobis
3178 785 3362 837 debita
3401 791 3606 849 nostra,
3654 801 3761 838 non
3807 801 3908 856 pro

2369 855 2462 908 sed
2485 869 2586 923 pro
2616 854 2746 907 aliis
2770 854 2962 906 dicere.

2372 943 2493 1012 (Ea:
2523 943 2722 1006 eodem,
2763 947 2938 1010 capite
2964 943 3081 1009 ⁸71.)
3112 944 3248 995 Item
3299 943 3514 1012 placuit
3555 949 3618 997 ut
3667 944 3918 1015 quicunq

2300 1031 2507 1085 dixerit
2537 1032 2595 1082 in
2627 1031 2882 1084 oratione
2939 1031 3254 1096 Dominica,
3310 1031 3436 1085 ideo
3489 1031 3677 1085 dicere
3728 1040 3920 1086 sancto

2306 1119 2537 1174 Dimitte
2565 1119 2730 1172 nobis
2764 1119 2954 1172 debita
2987 1125 3200 1183 nostra,
3236 1125 3299 1172 ut
3345 1136 3451 1190 pro
3484 1120 3682 1191 seipsis
3729 1123 3837 1174 hoc
3886 1139 3923 1173 nl

2301 1207 2491 1260 dicant
2524 1223 2536 1260 :
2570 1207 2703 1276 quia
2738 1223 2850 1260 non
2887 1213 2972 1260 est
3003 1207 3083 1260 eis
3109 1209 3422 1262 necessaria
3470 1209 3576 1262 ista
3631 1211 3854 1280 petitio,
3905 1227 3923 1261 ε

2302 1311 2408 1366 pro
2441 1295 2564 1349 aliis
2588 1296 2686 1366 qui
2717 1301 2848 1348 sunt
2878 1296 2935 1348 in
2968 1312 3069 1349 suo
3102 1298 3312 1367 populo
3363 1304 3708 1367 peccatores,
3764 1305 3821 1352 et
3873 1299 3921 1352 id

2303 1401 2422 1438 non
2452 1383 2637 1438 dicere
2671 1401 3142 1455 unumquemque
3184 1391 3530 1454 sanctorum,
3572 1387 3810 1441 Dimitte
3868 1404 3924 1457 pe

2304 1478 2428 1526 cata
2458 1488 2604 1538 mea,
2639 1474 2737 1526 sed
2797 1473 3026 1527 Dimitte
3071 1474 3234 1527 nobis
3281 1473 3473 1528 debita
3517 1481 3731 1542 nostra,
3789 1481 3849 1528 ut
3895 1477 3924 1528 b

2306 1577 2410 1631 pro
2438 1563 2562 1614 aliis
2585 1563 2796 1630 potius,
2829 1578 3000 1632 quam
3043 1578 3146 1632 pro
3197 1578 3252 1614 se
3303 1563 3492 1631 justus
3539 1570 3733 1632 petere
3787 1564 3918 1616 intel

2309 1657 2496 1720 gatur,
2558 1651 2880 1713 anathema,
2926 1651 3018 1704 sit.
3082 1651 3321 1705 Sanctus
3364 1653 3517 1704 enim
3549 1658 3604 1705 et
3643 1653 3840 1722 justus
3888 1669 3924 1704 e1

2311 1739 2601 1810 apostolus
2655 1740 2918 1806 Iacobus,
2968 1755 3096 1793 cum
3168 1740 3438 1794 dicebat:
3489 1741 3548 1793 In
3597 1741 3794 1794 multis
3852 1758 3923 1794 en

2311 1827 2654 1881 offendimus
2685 1844 2902 1881 omnes.
2934 1828 3071 1881 Nam
3109 1845 3285 1899 quare
3326 1829 3582 1882 additum
3617 1834 3701 1882 est
3759 1846 3923 1883 omne

2310 1915 2419 1968 nisi
2448 1921 2509 1969 ut
2537 1916 2643 1969 ista
2696 1917 2976 1970 sententia
3021 1918 3388 1972 conveniret?
3429 1919 3490 1971 Et
3527 1918 3586 1970 in
3635 1918 3860 1972 Psalmo
3907 1935 3923 1970 t

2309 2004 2556 2074 legitur:
2596 2006 2673 2058 Ne
2707 2005 2887 2059 intres
2935 2006 2990 2057 in
3037 2005 3319 2075 judicium
3363 2022 3492 2059 cum
3526 2023 3688 2059 servo
3715 2011 3838 2072 tuo,
3871 2024 3920 2076 qi

2309 2109 2428 2147 non
2467 2093 2876 2162 justificabitur
2933 2093 2992 2147 iu
3057 2100 3359 2164 conspectu
3411 2099 3510 2147 tuo
3555 2095 3743 2148 omnis
3793 2097 3924 2148 vivet

2234 1735 2270 1787 Β

2311 2184 2374 2237 Et
2425 2181 2485 2235 in
2543 2183 2798 2236 oratione
2843 2182 3246 2251 sapientissimi
3303 2183 3662 2237 Salomonis:
3747 2184 3875 2236 Non
3920 2209 3924 2230 ο

2309 2271 2482 2324 homo
2515 2271 2614 2341 qui
2644 2287 2756 2324 non
2791 2271 3058 2340 peccavit.
3102 2271 3168 2323 Et
3217 2270 3277 2323 in
3334 2271 3483 2324 libro
3516 2273 3693 2325 sancti
3729 2273 3842 2327 Job
3898 2289 3908 2325 :

2309 2375 2480 2413 manu
2504 2359 2692 2413 omnis
2719 2360 2970 2413 hominis
3013 2359 3261 2429 signum,
3316 2366 3377 2412 ut
3428 2361 3566 2413 sciat.
3609 2362 3797 2414 omnis
3836 2363 3924 2415 [λοι

2307 2447 2700 2501 inﬁrmitatem
2759 2464 2942 2501 suam.
2995 2448 3151 2502 Unde
3201 2448 3371 2501 etiam
3425 2449 3619 2502 Daniel
3663 2456 3898 2503 sanctus

2300 2536 2510 2605 justus,
2544 2551 2674 2590 cum
2724 2537 2784 2589 in
2836 2536 3092 2590 oratione
3139 2537 3443 2606 pluraliter
3485 2537 3746 2591 diceret:
3800 2541 3924 2592 Pecc

2308 2625 2514 2692 vimus,
2547 2625 2910 2695 iniquitatem
2953 2624 3211 2693 fecimus,
3248 2631 3380 2688 etc.,
3418 2642 3546 2696 quae
3601 2626 3679 2679 ibi
3727 2628 3923 2679 veraci

2309 2717 2366 2766 et
2412 2713 2712 2767 humiliter
2756 2715 3078 2778 confitetur,
3133 2730 3205 2768 ne
3261 2720 3582 2784 putaretur,
3625 2716 3924 2785 quemadm

2309 2802 2444 2856 dum
2504 2802 2735 2874 quidam
2788 2803 3062 2869 sentiunt,
3119 2803 3224 2856 hoc
3281 2820 3392 2856 non
3448 2803 3516 2857 de
3579 2805 3714 2868 suis,
3781 2805 3881 2856 sed

2308 2892 2508 2962 populi
2559 2891 2647 2944 sui
2697 2891 2891 2962 potius
2955 2891 3167 2944 dixisse
3241 2892 3505 2962 peccatis,
3559 2898 3760 2962 postea
3814 2893 3922 2945 dixi

2310 2981 2449 3035 Cum
2485 2996 2724 3044 orarem,
2765 2985 2823 3033 et
2860 2979 3163 3033 confiterer
3211 2987 3441 3050 peccata
3487 2997 3630 3046 mea,
3679 2985 3731 3034 et
3774 2997 3924 3051 peccr

2311 3068 2510 3138 populi
2538 3068 2647 3122 mei
2682 3068 2924 3122 Domino
2969 3068 3081 3121 Deo
3114 3084 3259 3122 meo.
3297 3068 3490 3121 Noluit
3535 3068 3718 3122 dicere
3774 3085 3924 3138 pecc:

2311 3164 2526 3221 nostra,
2560 3156 2654 3210 sed
2683 3158 2882 3227 populi
2915 3157 3003 3210 sui
3034 3157 3177 3210 dixit
3206 3162 3256 3210 et
3286 3173 3388 3210 sua
3416 3173 3428 3210 :
3457 3158 3729 3227 quoniam
3783 3158 3922 3211 futui

2311 3246 2447 3300 istos
2475 3245 2574 3316 qui
2601 3251 2716 3299 tam
2760 3247 2906 3300 male
2937 3246 3345 3316 intelligerent,
3395 3251 3673 3317 tanquam
3722 3248 3922 3318 propin

2310 3334 2591 3403 praevidit.

2311 3423 2437 3477 CAP.
2463 3423 2704 3478 CXXVII.
2735 3451 2796 3463 —
2821 3425 2892 3478 De
2920 3424 3029 3477 illis
3053 3426 3148 3492 qui
3174 3425 3436 3492 episcOpis
3457 3427 3569 3478 suis
3597 3425 3734 3479 clam
3753 3440 3862 3479 sua
3884 3439 3920 3479 cc

2509 3496 2732 3562 ﬁtentur
2746 3500 2990 3563 peccata,
3025 3501 3076 3548 et
3101 3502 3285 3563 postea
3305 3511 3502 3562 negare
3523 3497 3820 3550 voluerint.

2383 3582 2498 3648 (Ea:
2527 3581 2725 3647 eodem,
2763 3579 2938 3650 capite
2959 3581 3073 3651 '77.)
3119 3582 3256 3635 Item
3290 3582 3523 3651 placuit,
3584 3589 3647 3636 ut
3694 3583 3743 3636 si
3777 3601 3918 3656 quau

2309 3669 2617 3740 episcopus
2661 3669 2796 3722 dicit
2829 3669 3076 3739 aliquem
3129 3669 3237 3722 sibi
3291 3670 3393 3723 soli
3444 3671 3743 3740 proprium
3787 3675 3916 3727 crim

2311 3757 2484 3812 fuisse
2513 3757 2856 3824 confessum,
2889 3764 3059 3827 atque
3122 3758 3218 3811 ille
3265 3763 3461 3828 postea
3488 3766 3678 3830 negat,
3713 3766 3774 3815 et
3822 3778 3916 3833 pne:

2230 3013 2270 3066 C

2310 3851 2429 3901 tere
2460 3845 2725 3911 noluerit,
2758 3862 2874 3899 non
2905 3852 3071 3915 putet
3093 3846 3160 3900 ad
3193 3847 3468 3916 injurium
3501 3865 3664 3902 suam
3699 3852 3914 3921 episcoi

2310 3933 2623 4004 pertinere,
2650 3935 2800 4004 quod
2845 3935 2926 3988 illi
2959 3935 3060 3988 soli
3093 3952 3208 3988 non
3249 3936 3521 4001 creditur,
3564 3943 3622 3990 et
3653 3954 3698 3990 sn
3730 3955 3912 4009 scrupl

2307 4023 2556 4093 propriae
2581 4023 2942 4076 conscientiae
2963 4041 3021 4077 se
3052 4023 3190 4077 dicit
3236 4025 3469 4094 neganti
3501 4025 3652 4079 nolle
3682 4043 3909 4081 commu

2307 4126 2456 4170 care.
2509 4116 2723 4164 secrete
2791 4116 2985 4164 tamen
3045 4111 3344 4166 interdicat
3400 4112 3453 4164 ei
3505 4114 3910 4168 communione

2307 4199 2488 4254 donec
2517 4200 2895 4269 obtemperet.

2220 4294 2261 4347 D
2303 4289 2428 4343 CAP.
2463 4289 2731 4344 CXXVIII.
2764 4319 2832 4328 -—
2859 4291 2930 4343 De
2957 4291 3068 4342 illis
3100 4289 3480 4358 paenitentibus
3509 4293 3607 4358 qui
3633 4295 3842 4346 attente
3869 4293 3907 4345 le

2777 4363 3106 4429 paenitentiae
3125 4367 3514 4429 exsequuntur.

2370 4449 2477 4519 (Ea:
2516 4449 2735 4503 concilio
2774 4450 3057 4517 Carthag.,
3105 4453 3281 4518 capite
3329 4449 3442 4522 79.)
3495 4451 3849 4505 Poenitentes

2296 4542 2511 4592 attente
2559 4539 2715 4608 leges
2764 4538 3119 4608 pmnitentia:
3179 4551 3594 4608 exsequuntur,
3649 4539 3697 4592 si
3757 4557 3891 4593 casu

2294 4626 2520 4693 itinere,
2553 4629 2638 4679 vel
2671 4627 2727 4680 in
2761 4627 2904 4680 mari
2941 4627 3155 4680 mortui
3199 4628 3432 4694 fuerint,
3489 4627 3589 4680 ubi
3639 4629 3724 4682 eis
3784 4631 3904 4683 sub‘

2290 4715 2406 4768 niri
2437 4732 2550 4768 non
2586 4716 2788 4785 potuit,
2828 4716 3103 4769 memoria
3150 4731 3371 4782 eorum,
3406 4723 3463 4770 et
3511 4717 3894 4784 orationibus,

2293 4803 2676 4858 oblationibus
2707 4805 3163 4858 commendetur.

2291 4891 2416 4946 CAP.
2470 4893 2690 4947 CXXIX.
2748 4921 2818 4933 —
2877 4896 2947 4946 De
2995 4895 3106 4946 illis
3151 4896 3248 4960 qui
3293 4908 3352 4947 se
3404 4896 3665 4961 afﬂigunt
3727 4895 3794 4949 de
3854 4895 3900 4949 οὶ

2979 4964 3285 5018 charorum.

2362 5051 2483 5119 (Ex
2530 5053 2689 5120 epist.
2742 5052 3002 5106 Anastas.
3045 5055 3275 5121 lpapae,
3333 5053 3541 5121 Nejano
3593 5054 3841 5108 nobiliss.
3879 5070 3897 5106 ι

2286 5138 2512 5204 directa,
2547 5142 2724 5208 capite
2749 5142 2855 5207 ll.)
2895 5140 3002 5194 Nos
3046 5147 3238 5194 autem
3292 5142 3390 5211 qui
3424 5141 3712 5210 novimus,
3757 5144 3852 5214 qui
3889 5143 3898 5195 l

2287 5226 2574 5280 credimus
2610 5233 2666 5281 et
2695 5227 2985 5293 docemus,
3020 5229 3348 5282 contristari
3383 5228 3624 5283 nimium
3657 5231 3730 5284 de
3768 5232 3896 5284 ober

2285 5315 2437 5368 tibus
2488 5332 2603 5370 non
2661 5317 2951 5379 debemus,
3009 5333 3078 5370 ne
3145 5319 3294 5387 quod
3354 5319 3506 5388 apud
3568 5320 3714 5372 alios
3766 5321 3893 5390 pietz

2283 5408 2442 5457 tenet
2473 5405 2744 5474 speciem,
2779 5405 2886 5459 hoc
2946 5407 3126 5475 magis
3168 5405 3332 5460 nobis
3387 5406 3446 5459 in
3495 5407 3664 5477 culpa
3714 5409 3803 5462 sit.
3849 5410 3888 5463 N

2285 5491 2621 5545 diffidentiae.
2649 5494 3076 5562 quodammodo
3107 5511 3286 5564 genus
3325 5502 3409 5548 est
3438 5501 3641 5549 contra
3667 5497 3796 5563 hoc,
3833 5513 3892 5567 qu

2284 5581 2526 5651 quisque
2555 5581 2897 5652 prazdicator
2926 5585 3135 5654 quaerit
3154 5583 3437 5654 justitiam
3489 5601 3709 5644 amans.
3760 5587 3892 5640 dicer
