3950 6308
852 330 1326 387 DECRETORUM
1366 331 1555 395 LIBRI
1591 330 1697 385 XX.
1739 359 1810 369 —
1849 320 2399 383 LIBER‘DECIMUS
2439 325 2683 382 NONUS.
3404 325 3537 378 1010

13 460 310 530 Apostolo
343 475 356 513 :
393 459 672 514 Nolumus
703 460 891 508 autem
936 470 1032 506 vos
1075 453 1362 521 ignorare,
1395 453 1616 517 fratres,
1650 452 1717 506 de
1748 451 1792 502 A
1838 451 1967 506 CAP.
2003 449 2269 506 CXXXVI.
2333 451 2406 503 De
2460 449 2574 501 illis
2610 448 2717 530 qui
2742 461 2925 500 aream
2950 447 3198 515 proximi
3236 448 3327 501 sui
3354 448 3535 500 incen-

13 548 449 603 dormientibus
490 552 553 599 ut
597 560 716 599 non
760 542 1231 606 constristemiui,
1264 541 1410 594 sicut
1441 547 1497 595 et
1541 538 1729 594 caeteri
2587 519 2789 571 derint-

14 640 125 709 qui
162 654 326 709 spem
359 652 475 689 non
505 635 736 689 habent.
781 634 892 686 Hac
923 632 1137 701 itaque,
1173 604 1344 683 frater
1374 628 1729 692 cbarissime,
1912 609 2029 679 (Είυ
2080 608 2450 703 Plz-nitentia“
2504 606 2786 674 RomanO-)
2847 604 2904 659 Si
2963 604 3091 675 (Illis
3144 604 3380 658 domum
3443 606 3534 658 νθὶ

24 690 81 709 ir
114 690 123 691 ί
192 690 217 709 Li
252 690 255 691 ⁷
1024 690 1037 701 ⁸
1126 690 1135 695 ⁷
1716 690 1723 692 “

14 730 261 782 ratione
309 730 613 797 prospecta
673 722 1019 776 studendum
1074 720 1237 772 nobis
1296 722 1400 783 est,
1461 722 1525 770 ut
1584 717 1730 769 sicut
1843 711 2032 748 aream
2087 694 2477 763 c'r‘luscunque
2564 691 2883 744 νοιυηῖδτίθ
2958 690 3092 759 igne
3171 690 3532 756 cremaverit,

1913 783 1962 797 ιι
2011 788 2018 797 .
2166 782 2214 797 I'
2592 780 2655 797 ,',
2702 779 2893 797 ,,,,"1,,
2943 783 2956 797 ι
3040 784 3083 797 ,ι
3142 777 3319 797 1-431.”,
3375 778 3529 797 __,m:_

14 777 255 782 -------ν
310 777 573 797 rw...
1388 777 1397 783 .

14 817 304 882 diximus,
349 831 462 868 non
507 813 575 867 de
628 810 872 865 mortuis
935 809 1282 877 afﬂigamur,
1334 806 1430 859 sed
1463 805 1729 859 affectum
1840 783 2062 836 sublata
2094 783 2177 834 vel
2201 782 2428 834 incensa
2472 780 2669 833 omnia
2698 779 2980 845 restituat,
3032 784 3089 832 et
3142 777 3324 831 tribus
3370 778 3535 831 annis

13 870 355 959 viventibus
384 902 806 971 impendamus,
856 870 1089 968 quibus"
1107 902 1163 949 et
1192 870 1373 966 pietas
1415 896 1485 947 ad
1519 893 1729 946 utilita-
1839 870 2419 971 Emnif?‘li‘fl-'fl'agat-

14 1001 164 1053 tem.
201 999 261 1047 et
281 993 350 1046 sit
380 955 727 1045 adlfructum
768 955 1020 1041 dilectio.
1084 955 1285 1038 Desine
1339 982 1535 1050 igitur,
1593 980 1730 1034 cba—
1842 960 1967 1014 CAP-
2003 958 2287 1013 CXXXV”
2321 955 3087 1053 ’ζ’θεῖ-ἐπῇ,ίζαξῖιξίξξξξξξξοδθ
3116 955 3535 1008 οδίνεϐιαυθνίηι

2333 1029 2570 1098 puellam
2609 1033 2705 1079 aut
2734 1029 3031 1079 mulierem.

1911 1121 2019 1184 (Ea:
2046 1117 2268 1185 eodem.)
2300 1117 2355 1171 Si
2383 1116 2511 1187 quis
2569 1113 2967 1168 obtrectaverit
3006 1114 3213 1182 puellae
3248 1117 3346 1165 aut
3400 1128 3533 1165 mu—

1838 1205 1994 1257 lieris
2025 1212 2241 1274 pectus,
2299 1206 2385 1257 vel
2431 1203 2851 1269 turpitudinem
2913 1218 3152 1255 earum:
3193 1201 3238 1253 si
3296 1201 3533 1253 clericus

1840 1298 1943 1358 est,
2004 1294 2261 1364 quinque
2320 1294 2484 1346 dies:
2529 1292 2575 1344 si
2636 1291 2828 1349 laicus,
2891 1294 3003 1342 tres
3055 1290 3174 1342 dies
3232 1288 3524 1358 poeniteat.

14 341 35 391 1
53 339 164 390 009

14 1084 281 1149 rissime,
340 1095 667 1144 mmrorem,
730 1082 786 1130 et
834 1090 1058 1129 assume
1114 1073 1428 1142 spiritalem
1483 1070 1730 1123 fructum

13 1171 272 1237 laetitias,
325 1171 391 1224 ad
447 1167 749 1221 utilitatem
807 1169 1015 1217 sancta!
1074 1162 1173 1215 Dei
1207 1159 1489 1221 Ecclesiae,
1540 1173 1728 1210 servo-

14 1276 283 1330 rumque
315 1258 437 1328 ejus
495 1255 835 1326 profectum,
881 1258 935 1304 et
964 1252 1093 1303 vitae.
1150 1250 1320 1317 hujus
1371 1261 1728 1317 quascunque

14 1354 166 1404 sunt
224 1347 425 1418 spatia,
488 1342 717 1398 aeternis
799 1340 1123 1409 divinisque
1186 1337 1387 1390 ofﬁciis
1442 1336 1728 1387 illustrare

16 1436 343 1501 contende,
380 1438 439 1487 ut
490 1433 589 1503 qui
629 1431 915 1500 insignem
956 1433 1010 1481 te
1044 1426 1331 1497 praestitit,
1382 1424 1583 1477 reddat
1620 1422 1729 1475 sibi

18 1541 134 1594 per
158 1523 369 1577 saecula
398 1520 720 1575 clariorem.

20 1634 161 1687 CAP.
197 1631 387 1685 CXXX.
427 1658 499 1669 —
530 1631 603 1682 De
622 1627 734 1679 illis
770 1627 865 1692 qui
889 1623 1135 1692 sibiipsis
1161 1621 1464 1675 voluntarie
1506 1621 1728 1671 mortem

750 1697 1019 1761 inferunt.

98 1791 218 1858 (Ea:
243 1790 465 1844 concilio
492 1789 783 1854 Braggar.,
816 1785 992 1851 capite
1038 1780 1141 1851 10.)
1188 1778 1406 1834 Placuit
1446 1781 1511 1831 ut
1538 1775 1598 1830 hi
1628 1774 1730 1845 qui

14 1875 284 1945 sibiipsis
314 1870 657 1936 voluntarie,
713 1873 813 1921 aut
852 1883 954 1936 per
991 1866 1231 1924 ferrum,
1291 1868 1387 1916 aut
1417 1877 1521 1930 per
1554 1875 1730 1913 vene-

14 1980 193 2025 num,
229 1969 327 2015 aut
358 1976 461 2030 per
491 1955 894 2028 praecipitium,
926 1959 1155 2022 autper
1201 1950 1594 2019 suspendium,
1642 1948 1729 2000 vel

13 2051 290 2123 quolibet
319 2049 487 2101 modo
533 2046 785 2099 inferunt
836 2046 1106 2107 mortem,
1148 2040 1300 2092 nulla
1355 2053 1460 2106 pro
1520 2036 1633 2089 illis
1668 2036 1728 2088 in

14 2139 323 2194 oblatione
352 2134 821 2190 commemoratio
850 2131 969 2197 ﬁat,
1006 2144 1193 2198 neque
1229 2143 1357 2180 cum
1384 2124 1626 2180 Psalmis
1659 2124 1726 2177 ad

14 2228 386 2296 sepulturam
422 2240 623 2277 eorum
654 2221 929 2275 cadavera
958 2218 1335 2273 deducantur.
1372 2213 1532 2268 Multi
1572 2212 1727 2267 enim

17 2315 138 2368 sibi
177 2315 287 2367 hoc
338 2329 437 2381 per
493 2309 880 2381 ignorantiam
940 2308 1316 2376 usurparunt.
1376 2301 1651 2358 Similiter
1675 2305 1731 2353 et

19 2406 93 2458 de
159 2402 252 2456 bis
309 2400 523 2472 placuit
580 2397 724 2465 ﬁeri,
767 2396 867 2467 qui
920 2411 1023 2466 pro
1088 2393 1204 2447 suis
1267 2390 1576 2446 sceleribus
1623 2406 1727 2459 pu-

18 2494 295 2547 niuntur.

1840 1382 2142 1434 Monachus
2173 1382 2257 1433 vel
2291 1379 2570 1443 sacerdos,
2603 1396 2635 1432 a
2665 1378 2985 1431 ministerio
3021 1376 3213 1429 divino
3249 1375 3528 1444 suspensi,

1840 1468 1887 1522 si
1916 1469 2130 1538 aliquid
2164 1470 2275 1521 tale
2301 1468 2560 1532 fecerint,
2605 1466 2807 1537 viginti
2837 1466 2956 1520 dies
3002 1464 3335 1535 pmniteant.
3381 1463 3526 1517 Scri-

1838 1563 2002 1628 ptum
2033 1565 2119 1612 est
2149 1559 2349 1612 enim:
2400 1558 2594 1628 Neque
2645 1555 2948 1625 tetigeritis
2995 1570 3182 1625 neque
3239 1553 3521 1608 obtrecta-

1839 1646 2032 1700 veritis
2060 1646 2481 1714 turpitudinem
2511 1646 2874 1699 feminarum.

1763 1743 1801 1796 Β
1839 1736 1968 1790 CAP.
2002 1734 2317 1790 CXXXVIII.
2349 1764 2416 1773 —
2450 1738 2523 1788 De
2559 1735 2670 1857 illlis
2721 1733 3034 1857 quitbalnco
3065 1747 3185 1786 cum
3214 1729 3528 1784 mulieribus

2509 1820 2565 1857 se
2616 1819 2804 1857 averm
2838 1844 2848 1855 .

2509 1820 2565 1858 88
2597 1819 2848 1858 laverint.

1910 1894 2023 1963 (Ea:
2052 1894 2417 1947 Pamitentiali
2471 1890 2694 1960 Theod.)
2755 1890 2812 1945 Si
2868 1889 2994 1962 quis
3053 1888 3111 1941 in
3168 1888 3371 1940 balneo
3400 1903 3530 1943 cum

1837 1981 2175 2035 mulieribus
2206 1997 2264 2033 se
2296 1983 2479 2033 lavare
2533 1978 2983 2048 praesumpserit,
3034 1980 3151 2029 tres
3194 1976 3315 2028 dies
3344 1974 3528 2043 posui-

1838 2075 1972 2137 teat,
2005 2075 2062 2123 et
2087 2069 2325 2122 ulterius
2347 2085 2461 2121 non
2496 2072 2824 2137 prasumat.

1837 2160 1968 2213 CAP.
2001 2158 2257 2213 CXXXIX.
2323 2188 2388 2196 —
2428 2160 2501 2210 De
2552 2156 3026 2280 qidministratione
3078 2152 3443 2219 menodochiz,
3481 2158 3532 2205 et

2603 2242 2798 2280 ecimx.

2603 2242 2798 2280 θοιιηεε.

1909 2317 2018 2387 (Ea:
2048 2315 2271 2387 eodem.)
2321 2315 2379 2369 Si
2409 2315 2537 2385 quis
2566 2312 2953 2368 xenodochias
2982 2326 3303 2382 pauperum
3354 2310 3537 2364 admi-

1838 2406 2063 2471 nistrat,
2118 2405 2207 2457 vel
2271 2405 2519 2458 decimas
2576 2401 2781 2471 populi
2828 2397 3166 2469 susceperit,
3216 2398 3352 2452 etsi
3405 2397 3533 2467 quis

1839 2495 2043 2549 exinde
2077 2494 2163 2546 vel
2190 2494 2307 2546 suis
2338 2491 2706 2545 saecularibus
2736 2490 2908 2542 lucris
2941 2488 3272 2541 sectandum
3319 2486 3535 2557 aliquid

1839 2581 2203 2648 subtraxerit,
2264 2580 2427 2651 quasi
2486 2594 2679 2632 rerum
2730 2577 3049 2630 alienarum
3088 2575 3360 2627 invasor:
3404 2589 3536 2626 reus

1840 2672 2116 2726 damnum
2145 2671 2421 2722 restituat.
2459 2673 2515 2721 et
2560 2668 2664 2719 sub
2696 2664 2970 2719 canonico
3018 2662 3237 2733 judicio
3270 2661 3537 2715 reforme-

421 2577 546 2631 CAP.
586 2575 807 2630 CXXXI.
848 2602 917 2613 —
950 2573 1030 2625 De
1059 2570 1242 2624 eadem
1270 2584 1347 2622 re.

101 2671 217 2739 (Ea:
260 2666 524 2724 concilia,
587 2663 884 2727 Cabillon.,
953 2657 1223 2728 capites.)
1280 2654 1617 2725 Quicunque
1675 2670 1732 2707 se

24 2756 275 2829 propria
335 2756 645 2815 voluntate,
710 2756 809 2804 aut
876 2750 936 2803 in
985 2764 1194 2819 aquam
1260 2744 1580 2816 jactaverit,
1638 2747 1737 2796 aut

23 2848 252 2902 collum
288 2841 564 2913 ligaverit,
598 2845 697 2893 aut
744 2839 814 2892 de
877 2837 1079 2891 arbore
1127 2832 1590 2905 praecipitaverit,
1638 2835 1737 2884 aut

23 2938 188 2991 ferro
232 2931 579 3003 percusserit
634 2935 730 2982 aut
785 2926 1022 2979 cuilibet
1074 2922 1393 2977 voluntarie
1450 2937 1509 2975 se
1564 2918 1734 2973 morti

26 3021 342 3081 tradilerit,
375 3018 534 3071 istius
557 3015 770 3069 oblatio
803 3030 918 3067 non
950 3011 1280 3082 recipiatur.

26 3133 143 3185 CAP
159 3170 171 3183 .
204 3125 445 3181 CXXXII.
461 3154 527 3163 ——
543 3125 618 3178 De
630 3123 743 3175 illis
757 3122 983 3188 quicum
1002 3122 1055 3170 in
1061 3117 1313 3187 ﬁdelibus
1327 3115 1503 3169 cibum
1532 3128 1738 3167 sumere

658 3192 1126 3261 praesumpserint.

107 3289 227 3359 (Ea:
257 3285 478 3339 concilio
525 3278 850 3347 Elibertan.)
884 3278 943 3331 Si
997 3291 1131 3330 vero
1191 3273 1319 3344 quis
1380 3270 1618 3325 clericus
1650 3271 1738 3323 vel

29 3375 230 3431 ﬁdelis
261 3388 390 3426 cum
421 3370 629 3425 Judaais
656 3368 847 3421 cibum
888 3362 1216 3433 sumpserit,
1275 3360 1489 3431 placuit
1534 3374 1668 3411 eum
1706 3374 1739 3409 a

33 3462 452 3522 communione
485 3457 775 3523 abstineri,
808 3460 871 3509 ut
899 3454 1101 3509 debeat
1139 3449 1452 3505 emendari.

37 3568 435 3629 CAP.CXXXIII
447 3596 530 3620 .—
543 3568 618 3620 De
636 3565 747 3619 illis
768 3564 862 3632 qui
873 3562 1205 3630 apostatant,
1220 3561 1269 3610 et
1285 3556 1357 3609 ad
1372 3554 1740 3608 idololatriam

686 3650 741 3689 se
767 3635 1098 3689 convertunt.

113 3731 230 3803 (Ea:
263 3726 485 3797 eodem.)
516 3725 816 3795 Adjectum
869 3726 952 3776 est
1006 3719 1177 3773 etiam
1237 3714 1516 3787 quosdam
1574 3710 1741 3766 Chri-

38 3821 267 3875 stianos
299 3817 367 3871 ad
408 3813 797 3887 apostastiam,
848 3810 999 3881 quod
1030 3808 1141 3863 dici
1190 3805 1348 3859 nefas
1389 3808 1493 3869 est,
1554 3805 1742 3854 trans-

40 3914 276 3973 euntes,
305 3910 361 3959 et
387 3904 671 3958 idolorum
702 3902 879 3967 cultu,
911 3915 974 3951 ac
1020 3894 1429 3949 sacriﬁciorum
1460 3888 1739 3944 contami-

42 3995 288 4053 natione
310 3993 656 4063 profanatos,
675 4004 819 4059 quos
847 4004 879 4041 a
893 3986 1099 4041 Christi
1124 3999 1360 4054 corpore
1393 3986 1449 4035 et
1467 3976 1745 4048 sanguine

42 4104 166 4160 quo
203 4084 424 4139 dudum
467 4079 745 4149 redempti
802 4078 1030 4131 fuerant
1076 4072 1446 4139 renascendo,
1475 4069 1745 4140 jubemus

45 4172 310 4231 abscindi
343 4188 358 4225 :
392 4177 449 4223 et
479 4169 525 4222 si
554 4166 948 4237 resipiscentes
992 4164 1138 4216 forte
1192 4158 1500 4230 aliquando
1532 4154 1748 4210 fuerint

46 4266 117 4320 ad
184 4264 440 4315 lamenta
491 4255 771 4320 conversi,
824 4254 910 4307 his
957 4250 1214 4321 quandiu
1281 4249 1477 4300 vivunt
1527 4243 1747 4314 agenda

46 4349 396 4425 pcenitentia
425 4353 509 4401 est
543 4363 555 4400 :
590 4347 729 4399 etin
770 4342 973 4396 ultimo
1004 4339 1119 4394 ﬁne
1176 4354 1278 4390 suo
1331 4332 1745 4389 reconciliatio-

49 4443 143 4497 nis
186 4438 371 4510 gratia
399 4435 716 4499 tribuenda,
746 4432 966 4485 dicente
999 4427 1240 4483 Domino
1275 4442 1288 4479 :
1327 4425 1467 4479 Nolo
1507 4427 1750 4476 mortem

50 4526 397 4601 peccatoris,
431 4525 529 4577 sed
568 4527 632 4577 ut
660 4524 1023 4575 convertatur
1054 4521 1109 4570 et
1138 4515 1306 4567 vivat.

435 4614 563 4668 CAP.
597 4610 854 4666 CXXXIV.
883 4638 950 4647 —
984 4608 1061 4659 De
1089 4604 1272 4658 eadem
1295 4617 1371 4654 re.

132 4708 248 4780 (Ea:
269 4702 496 4772 eodem.)
534 4703 609 4754 De
639 4700 726 4753 his
778 4698 877 4768 qui
933 4698 1277 4764 apostatant,
1338 4694 1393 4741 et
1418 4703 1548 4740 raro
1595 4701 1653 4738 se
1684 4685 1754 4737 ad

59 4795 373 4855 Ecclesiam
428 4793 864 4861 repraesentant,
921 4800 1025 4837 nec
1074 4780 1305 4851 quidem
1358 4774 1757 4847 paenitentiam

59 4902 236 4958 agere
279 4886 568 4953 quaerunt,
604 4885 660 4931 et
717 4882 910 4947 postea
940 4873 997 4925 in
1048 4870 1382 4924 infirmitate
1416 4862 1630 4931 arrepti
1658 4878 1757 4931 pe-

14 5090 15 5095 η
62 5063 427 5125 munionem,
472 5056 580 5110 nisi
623 5053 999 5109 revelaverint
1048 5062 1248 5103 eorum
1295 5049 1510 5097 rectam
1567 5040 1762 5105 fidem,

64 5161 121 5209 et
150 5150 382 5223 egerint
412 5147 626 5200 fructus
658 5144 861 5212 dignos
891 5135 1265 5210 paenitentiae.

65 5266 196 5321 CAP.
232 5257 463 5313 CXXXV.
489 5286 555 5294 —
586 5257 659 5308 De
687 5253 799 5306 illis
841 5251 937 5318 qui
957 5248 1264 5372 clitrisliana
1292 5240 1570 5309 mancipia
1598 5235 1769 5305 capti-

779 5336 1005 5372 vaverm
1040 5360 1050 5370 .

779 5336 1050 5375 vaverznt.

142 5424 256 5489 (Ea:
299 5415 671 5471 Pamitentiali
711 5408 931 5480 Theod.)
972 5408 1027 5463 Si
1073 5406 1432 5476 quiscunque
1477 5398 1769 5455 hominem

72 5509 339 5583 quolibet
392 5504 626 5576 ingenio
680 5498 1049 5572 captivaverit
1077 5500 1177 5550 aut
1226 5490 1630 5557 transmiserit,
1660 5492 1773 5541 tres

78 5592 564 5665 annospaenitcat.

1778 4301 1821 4355 D
1861 4317 1918 4370 in
1942 4330 2092 4384 pane
2122 4317 2177 4366 et
2209 4328 2375 4381 aqua.

1840 2765 1956 2827 tur,
1988 2763 2041 2812 et
2074 2763 2206 2828 agat
2230 2755 2631 2827 pcenitentiam
2666 2754 2848 2807 tribus
2897 2751 3081 2804 annis.
3134 2750 3420 2819 Scriptum
3453 2753 3537 2801 est

1843 2848 1995 2902 enim
2036 2848 2275 2900 :Talem
2330 2845 2785 2914 dispensatorem
2839 2839 3117 2894 Dominus
3175 2836 3402 2908 quaerit,
3435 2836 3536 2907 qui

1844 2936 1950 2989 sibi
1981 2936 2048 2989 de
2073 2935 2189 2988 suis
2206 2934 2351 2987 nihil
2380 2935 2637 3000 usurpet.

1849 3025 1975 3079 CAP.
2010 3024 2155 3078 CXL.
2208 3053 2276 3060 —-
2319 3024 2385 3076 Ut
2439 3022 2656 3086 feminae
2715 3022 3068 3071 menstrualee
3122 3030 3226 3069 non
3283 3013 3533 3082 offerant.

1919 3113 2037 3182 (Ea:
2066 3112 2287 3165 concilio
2318 3112 2582 3175 Mogunt.,
2615 3109 2790 3176 capite
2822 3104 2897 3174 6.)
2944 3104 3202 3159 Mulieres
3246 3106 3538 3155 menstruo

1849 3207 2105 3270 tempore
2170 3216 2286 3252 non
2389 3197 2651 3260 offerant,
2717 3210 2820 3248 nec
2896 3190 3376 3257 sanctimoniales,
3436 3205 3539 3242 nec

1848 3290 2027 3343 laicaa.
2089 3287 2145 3341 Si
2201 3284 2687 3357 priesumpserint,
2740 3287 2853 3335 tres
2907 3278 3297 3334 hebdomadas
3356 3276 3537 3346 paeni-

1848 3381 2022 3430 teant.

1849 3466 1978 3520 CAP.
2022 3462 2191 3518 CXLI.
2232 3491 2302 3502 —
2334 3464 2403 3515 De
2432 3459 2546 3513 illis
2578 3459 2799 3523 feminis
2823 3472 2939 3524 qua:
2970 3460 3093 3508 ante
3124 3452 3382 3507 mundum
3405 3465 3538 3524 san-

1919 3537 2136 3659 guitnem
2199 3533 2503 3586 Ecclesium
2546 3522 2781 3596 intrant,
2830 3522 2887 3580 et
2940 3541 3058 3594 qua
3126 3524 3411 3593 nupserint
3458 3522 3539 3573 his

1961 3622 2006 3659 te
2043 3620 2127 3659 us.
3372 3632 3381 3641 .

1923 3696 2041 3765 (Ea:
2089 3691 2454 3747 Panitentiali
2506 3688 2731 3750 Theod.)
2781 3685 2980 3740 Mulier
3033 3700 3163 3755 qua:
3218 3682 3396 3735 intrat
3446 3681 3542 3733 Ec-

1850 3783 2077 3838 clesiam
2111 3788 2241 3836 ante
2286 3779 2567 3833 mundum
2627 3775 2967 3847 sanguinem
3016 3777 3145 3843 post
3199 3776 3450 3841 partum,
3495 3768 3543 3821 si

1854 3873 2167 3927 masculum
2203 3873 2455 3938 generat.
2500 3866 2705 3921 XXXIII
2755 3865 2892 3928 dies,
2951 3862 2995 3916 si
3054 3860 3351 3916 foeminam
3413 3857 3539 3912 LVI.

1852 3963 1909 4019 Si
1932 3976 2046 4031 qua
2076 3963 2265 4013 autem
2307 3955 2741 4028 praesumpserit
2765 3959 2896 4007 ante
2936 3957 3162 4021 tempus
3192 3947 3545 4019 praeﬁnitum

1857 4049 2159 4105 Ecclesiam
2206 4047 2446 4114 intrare,
2497 4050 2580 4099 tot
2608 4043 2728 4097 dies
2760 4044 2818 4095 in
2886 4056 3034 4111 pane
3083 4043 3139 4092 et
3194 4053 3345 4107 aqua
3373 4034 3549 4106 paeni-

1854 4143 1990 4205 teat,
2022 4142 2163 4208 quot
2190 4136 2433 4189 Ecclesia
2463 4148 2655 4186 carere
2703 4132 2994 4184 debuerat.
3026 4126 3133 4191 Qui
3179 4129 3370 4179 autem
3416 4138 3549 4175 con-

1856 4224 2120 4281 cubuerit
2150 4239 2279 4277 cum
2312 4239 2379 4276 ea
2433 4220 2519 4274 bis
2571 4219 2791 4284 diebus,
2843 4217 3039 4270 decem
3100 4213 3220 4267 dies
3274 4210 3549 4283 poeniteat

2360 4396 2511 4463 Quod
2540 4395 2790 4448 monachi
2814 4390 3150 4446 secularibus
3180 4386 3553 4457 penitentiam

2420 4467 2550 4520 dare
2589 4480 2697 4519 non
2747 4464 2991 4517 debeant.

1935 4563 2053 4633 (Ea:
2084 4560 2307 4614 concilio
2328 4558 2593 4625 Mogunt.,
2618 4555 2794 4622 capite
2813 4552 2887 4621 2.)
2929 4548 3115 4606 Liberi
3147 4546 3261 4600 sint
3292 4542 3555 4598 monachi

1864 4653 1935 4707 ad
1965 4650 2209 4705 dandam
2242 4644 2638 4718 poenitentiam
2672 4640 3057 4696 saecularibus.

1866 4742 1994 4796 Car.
2019 4738 2244 4794 CXLIII.
2262 4767 2326 4776 —
2351 4737 2417 4791 Ut
2427 4736 2740 4803 pamitentes
2753 4735 2876 4783 ante
2890 4731 3168 4797 peractam
3182 4722 3558 4794 penitentiam

2434 4820 2540 4858 non
2563 4803 2989 4857 reconcilientur.

1941 4901 2049 4965 (Ea:
2070 4897 2271 4965 eodem,
2298 4897 2474 4965 capite
2500 4894 2615 4961 23.)
2647 4893 2771 4946 Non
2802 4886 3245 4942 reconcilientur
3283 4881 3564 4954 poeniten-

1872 4990 1954 5039 tes
1985 4986 2030 5037 si
2063 4985 2365 5038 necessitas
2416 4998 2528 5036 non
2587 4976 2858 5048 coegerit,
2919 4975 3031 5028 nisi
3089 4978 3218 5044 post
3273 4974 3561 5041 peractam

1871 5073 2295 5144 pmnitentiam.

1876 5164 2003 5217 CAP.
2039 5161 2259 5215 CXLIV.
2297 5190 2355 5199 —
2390 5163 2461 5213 De
2506 5159 2619 5212 illis
2679 5157 2774 5224 qui
2802 5153 2875 5207 ad
2913 5152 3294 5224 confessionem
3322 5145 3565 5224 veniunt,

1945 5246 2151 5285 necesse
2202 5237 2279 5285 est
2328 5235 2389 5283 ut
2433 5219 2783 5297 primum-de
2821 5227 2987 5280 livore
3038 5219 3283 5285 invidiae,
3338 5222 3388 5270 et
3434 5230 3567 5267 ava-

1946 5304 2102 5367 ritia,
2126 5304 2543 5368 interrogentur.

1951 5391 2069 5461 (Ea:
2102 5389 2464 5444 Paznitentiali
2518 5387 2743 5455 Theod.)
2777 5385 2922 5439 Sane
2954 5381 3090 5453 quia
3143 5378 3210 5433 de
3268 5377 3441 5430 livore
3491 5373 3573 5425 in-

1881 5480 2070 5545 vidiae,
2103 5482 2160 5531 et
2183 5478 2252 5531 de
2274 5476 2381 5541 ira,
2404 5491 2629 5528 necnon
2673 5478 2729 5527 et
2766 5473 2835 5527 de
2882 5469 3141 5533 avaritia,
3191 5470 3254 5520 ut
3311 5460 3575 5533 superius

1890 5568 2176 5639 digestum
2205 5569 2307 5631 est,
2336 5564 2603 5617 oriuntur
2635 5560 2964 5626 homicidia,
3007 5561 3177 5619 recte,
3212 5559 3276 5609 ut
3325 5551 3575 5607 arbitror

1862 4404 1990 4459 CAP.
2024 4400 2221 4456 CXLII.
2248 4428 2315 4438 -—
