3950 6312
364 233 489 284 1011

1441 228 1850 284 BURCHARIM
1891 227 2420 284 WORMACIENSIS
2462 223 2798 281 EPISCOPI.

3731 227 3851 278 1012

357 353 682 408 censuimus
716 353 786 408 de
834 351 957 422 ipso
987 351 1124 406 vitio
1177 351 1431 422 primum
1489 351 1734 422 qualiter
1773 350 2038 404 sacerdo-
2067 353 2113 404 Α
2151 349 2312 415 ﬁant,
2347 349 2491 402 sicut
2523 348 2584 402 in
2617 346 2826 402 divinis
2857 348 3084 417 legibus
3122 348 3397 404 censitum
3427 354 3532 414 est,
3581 354 3641 402 et
3672 348 3735 402 in
3772 367 3857 402 ca-

357 443 459 496 tali
485 441 703 512 judicio
737 440 1006 495 canonice
1041 441 1270 508 penitus
1298 440 1370 492 sit
1417 440 1814 510 corrigendum
1863 445 2050 492 osten-

359 531 537 585 dere:
601 547 665 583 ac
719 530 929 584 deinde
984 529 1298 582 secundum
1355 528 1615 582 ordinem
1669 528 1937 582 vitiorum
1978 529 2054 581 ita

363 618 687 674 remedium
743 618 1147 688 subsequatur,
1225 633 1338 686 quo
1391 615 1614 669 facilius
1669 617 2053 686 undecunque

359 707 649 778 paenitens
681 705 919 776 purgari
947 705 1213 769 voluerit,
1245 705 1366 757 sine
1398 704 1673 758 dilatione
1715 704 1776 758 in
1813 705 2054 775 singulis

362 795 629 866 capitulis
661 795 1003 849 inveniatur.

365 903 493 957 CAP.
528 902 717 957 CXLV.
748 929 821 941 —
847 903 922 954 De
948 901 1060 954 illis
1083 902 1182 969 qui
1217 901 1322 953 soli
1345 902 1449 953 Deo
1477 905 1699 968 peccata
1745 915 1846 954 sua
1888 903 2054 969 con/i-

892 971 1053 1024 tenda
1083 986 1193 1024 esse
1224 973 1531 1039 afﬁrmant.

437 1061 545 1130 (Ea:
597 1059 818 1125 eodem.)
875 1059 1116 1123 Quidam
1189 1060 1304 1112 Deo
1365 1060 1729 1114 solummodo
1795 1059 2056 1114 conﬁteri

366 1147 574 1202 debere
647 1149 841 1202 dicunt
893 1152 1142 1217 peccata,
1188 1153 1254 1200 ut
1318 1148 1538 1202 Graeci:
1600 1149 1838 1218 quidam
1921 1164 2055 1201 vero

363 1235 751 1289 sacerdotibus
816 1233 1141 1287 confitenda
1226 1249 1355 1288 esse
1411 1241 1767 1306 percensent,
1841 1241 1898 1290 ut
1940 1240 2056 1289 tota

363 1329 560 1378 sancta
611 1322 873 1377 Ecclesia.
938 1322 1100 1386 Quod
1142 1327 1453 1394 utrumque
1505 1340 1618 1377 non
1674 1325 1797 1377 sine
1845 1340 2054 1394 magno

361 1411 549 1465 fructu
608 1412 760 1465 intra
813 1415 1062 1464 sanctam
1114 1411 1177 1464 ﬁt
1235 1411 1553 1479 Ecclesism,
1608 1412 1705 1466 lita
1759 1413 2053 1479 duntaxat,

363 1506 427 1553 ut
491 1511 550 1554 et
614 1501 730 1554 Deo
796 1499 896 1570 qui
953 1498 1228 1552 remissor
1301 1505 1384 1553 est
1449 1506 1812 1570 peccatorum
1887 1501 2058 1554 conti-

363 1592 593 1642 teamur
654 1592 887 1658 peccata
940 1592 1156 1655 nostra,
1251 1592 1307 1641 et
1351 1589 1460 1642 hoc
1504 1589 1888 1658 perfectorum
1951 1593 2051 1652 est,
2089 1629 2128 1682 Β

367 1681 424 1729 et
460 1692 590 1730 cum
655 1675 832 1729 David
893 1675 1202 1729 dicamus:
1267 1676 1543 1729 Delictum
1603 1692 1797 1729 meum
1865 1675 2059 1744 cogni-

368 1769 490 1818 tum
523 1763 626 1816 tibi
684 1763 811 1830 feci,
849 1768 906 1816 et
959 1763 1296 1832 injustitiam
1351 1779 1539 1816 meam
1597 1781 1708 1817 non
1764 1763 2054 1818 abscondi.

371 1852 518 1918 Dixi,
549 1851 885 1918 conﬁtebor,
937 1851 1234 1904 adversum
1287 1867 1376 1906 me
1409 1852 1719 1922 injustitias
1768 1869 1923 1906 meas
1953 1853 2056 1906 do-

367 1941 549 2008 mino,
600 1945 738 1994 ettu
783 1938 1059 1992 remisisti
1105 1938 1461 2010 impietatem
1519 1940 1735 2010 peccati
1783 1940 1918 1995 mei.
1951 1941 2059 1996 Sed

367 2030 561 2081 tamen
619 2027 863 2097 apostoli
915 2026 1202 2081 institutio
1261 2026 1427 2079 nobis
1474 2028 1769 2098 sequenda
1828 2033 1932 2089 est,
1995 2032 2059 2082 ut

367 2116 747 2170 confiteamur
798 2117 1135 2170 alterutrum
1167 2121 1400 2186 peccata
1457 2122 1670 2182 nostra,
1726 2122 1779 2170 et
1828 2133 2058 2170 oremus

368 2220 472 2275 pro
504 2204 744 2258 invicem
777 2209 841 2258 ut
877 2206 1179 2259 salvemur.
1224 2203 1512 2258 Confessio
1557 2205 1751 2275 itaque
1789 2221 1915 2275 quae
1945 2207 2058 2260 Deo

370 2293 476 2347 soli
500 2293 583 2357 ﬁt,
609 2293 763 2363 quod
788 2293 1078 2362 justorum
1114 2298 1218 2360 est,
1264 2298 1496 2362 peccata
1533 2300 1743 2364 purgat
1772 2311 1785 2348 :
1831 2311 1897 2348 ea
1929 2311 2059 2348 vero

370 2397 500 2452 qum
558 2381 836 2435 sacerdoti
893 2382 976 2447 fit,
1028 2382 1194 2436 docet
1257 2383 1503 2452 qualiter
1565 2382 1684 2452 ipsa
1741 2389 2061 2453 purgentur

368 2474 618 2541 peccata.
655 2471 804 2523 Deus
837 2486 1086 2541 namque
1119 2471 1315 2524 salutis
1346 2476 1403 2524 et
1447 2471 1702 2524 sanitatis
1748 2478 1962 2533 auctor,
2006 2477 2062 2525 et

370 2558 629 2627 largitor,
661 2559 1004 2628 plerumque
1025 2558 1170 2612 hanc
1199 2559 1416 2628 praebet
1445 2576 1561 2612 suae
1594 2559 1867 2628 potentia:
1911 2560 2058 2613 invi-

370 2644 523 2699 sibili
556 2645 1068 2712 administratione,
1097 2649 1435 2718 plerumque
1463 2648 1819 2702 medicorum
1859 2664 2060 2720 opera-

369 2731 543 2786 tione.

370 2819 499 2896 CAP:
527 2821 844 2896 CXLYLT—
870 2824 944 2876 De
986 2824 1098 2876 illis
1129 2827 1224 2892 qui
1275 2826 1550 2892 accipiunt
1591 2826 1980 2892 paenitentiam,
2013 2830 2062 2879 et

436 2893 563 2960 plus
638 2891 955 2948 desiderant
1018 2891 1270 2964 temporis
1343 2891 1624 2949 constituti

443 2977 608 3030 quam
623 2965 834 3030 peccati
861 2967 1246 3018 remissionem.

444 3049 556 3115 (Em
616 3051 979 3104 Paenitentiali
1030 3053 1186 3106 Beda:
1232 3053 1580 3124 presbyteri.)
1638 3055 1813 3114 Multi,
1907 3055 2062 3125 quod

373 3153 487 3190 non
510 3136 633 3191 sine
670 3138 864 3192 dolore
917 3139 1223 3194 dicendum
1256 3146 1358 3205 est,
1418 3141 1477 3194 in
1535 3142 1891 3211 poenitentia,
1947 3158 2064 3196 non

373 3229 488 3278 tam
522 3226 741 3295 peccati
772 3225 1192 3293 remissionem,
1237 3243 1408 3298 quam
1457 3229 1730 3299 temporis
1775 3231 2064 3284 constituti

373 3317 674 3384 expectant
730 3314 1140 3384 expletionem,
1181 3321 1236 3370 et
1287 3317 1332 3370 si
1388 3317 1647 3370 carnium
1679 3323 1733 3371 et
1762 3318 1877 3371 vini
1930 3335 2064 3372 usus

373 3402 454 3455 eis
478 3403 811 3456 interdictus
842 3409 947 3471 est,
1002 3410 1222 3458 mutata
1257 3421 1372 3458 non
1433 3407 1741 3474 voluntate,
1774 3407 1868 3460 sed
1913 3409 2062 3476 ejus-

373 3490 503 3544 dem
537 3491 651 3545 cibi
689 3497 789 3545 aut
842 3499 1013 3561 potus
1068 3494 1456 3564 perceptione,
1503 3494 1561 3548 in
1593 3499 1815 3548 tantum
1846 3495 2064 3549 deliciis

373 3579 490 3632 suis
520 3579 842 3649 indulgent,
873 3587 935 3634 ut
965 3581 1288 3636 deliciosius
1321 3583 1410 3636 his
1440 3583 1774 3645 interdictis,
1820 3585 2062 3638 aliorum

371 3667 630 3722 ciborum
660 3669 744 3722 vel
773 3670 1072 3738 potionum
1106 3671 1365 3740 appetitu
1397 3671 1586 3726 vivere
1625 3679 2059 3742 cognoscantur.

373 3755 658 3825 Spiritalis
706 3763 898 3810 autem
954 3758 1325 3825 abstinentia,
1355 3775 1483 3829 quae
1541 3759 1598 3812 in
1651 3761 2063 3830 paenitentibus

372 3842 735 3913 potissimum
777 3843 970 3913 vigere
1027 3844 1216 3910 debet,
1249 3845 1625 3914 quorumdam
1688 3847 1948 3901 ciborum
2002 3865 2064 3902 ac

371 3931 673 4002 potionum
707 3932 1100 4002 perceptiones
1144 3938 1201 3986 et
1229 3933 1571 3988 desiderium
1620 3933 1818 4004 fugere
1873 3936 2059 3990 debet.

375 4020 748 4090 Illeinquam,
791 4021 886 4075 ille
919 4021 1102 4091 magis
1149 4021 1516 4092 parcimoniae
1561 4023 1774 4076 servire
1820 4040 2062 4078 censen-

371 4109 479 4162 dus
509 4113 612 4171 est,
647 4109 746 4179 qui
773 4109 879 4162 sibi
909 4126 1026 4163 non
1053 4111 1240 4165 solum
1271 4112 1650 4183 quarumdam
1691 4129 1882 4166 rerum
1924 4129 2059 4184 per-

369 4196 679 4266 ceptiones,
713 4197 809 4252 sed
863 4198 1264 4253 delectationes
1307 4200 1564 4270 corporis
1595 4201 1823 4270 penitus
1881 4201 2061 4256 inter-
2091 4195 2134 4249 D

371 4284 530 4338 dicit.

372 4373 497 4428 CAP.
531 4373 777 4429 CXLVII.
810 4403 879 4413 —
902 4375 1056 4438 Quod
1075 4377 1365 4430 secundum
1377 4393 1640 4431 canonum
1660 4382 1710 4431 et
1724 4379 2064 4446 paenitentia-

652 4447 784 4499 lium
812 4450 1020 4500 statuta
1053 4451 1390 4516 paenitentiae
1420 4449 1616 4501 dandae
1645 4451 1773 4502 sint.

441 4533 560 4603 (Ea:
589 4535 777 4588 concil.
832 4536 1098 4603 Mogunt.,
1130 4551 1250 4605 cap.
1285 4537 1396 4603 20.)
1438 4537 1580 4589 Cum
1632 4536 1810 4607 igitur
1868 4537 2061 4591 omnia

369 4621 603 4676 consilia
641 4639 928 4677 canonum
977 4641 1105 4694 quae
1155 4623 1530 4694 recipiuntur,
1578 4625 1690 4679 sint
1720 4644 1751 4678 a
1797 4627 2059 4680 sacerdo-

370 4709 522 4764 tibus
544 4711 781 4780 legenda
811 4717 869 4765 et
889 4712 1284 4780 intelligenda,
1317 4716 1372 4765 et
1401 4729 1504 4782 per
1537 4730 1602 4767 ea
1633 4715 1704 4767 sit
1757 4715 1838 4768 eis
1871 4715 2060 4768 viven-

371 4797 508 4852 dum
540 4803 598 4851 et
621 4801 1072 4868 praedicandum,
1102 4802 1482 4856 necessarium
1539 4803 1826 4870 duximus,
1877 4810 1940 4858 ut
1995 4821 2060 4858 ea

371 4904 500 4957 quer.
530 4887 597 4941 ad
627 4887 795 4941 ﬁdem
828 4889 1137 4958 pertinent,
1173 4893 1229 4941 et
1251 4889 1346 4942 ubi
1379 4891 1446 4944 de
1488 4892 1836 4961 extirpandis
1886 4892 2056 4958 vitiis,

371 4979 427 5029 et
455 4976 780 5045 plantandis
811 4977 1118 5030 virtutibus
1146 4976 1430 5044 scribitur,
1460 4979 1568 5032 hoc
1617 4981 1687 5033 ab
1737 4981 1818 5033 eis
1862 4982 2059 5034 crebro

370 5064 613 5133 legatur,
642 5069 698 5118 et
723 5065 868 5120 bene
917 5065 1295 5135 intelligatur,
1353 5072 1408 5121 et
1460 5068 1520 5120 in
1572 5069 1788 5139 populo
1846 5071 2054 5140 praedi-

369 5157 549 5205 cetur.

368 5241 497 5316 CA9.
541 5242 808 5297 CXLVIII.
843 5275 910 5283 ——
947 5245 1012 5298 Ut
1037 5245 1225 5316 nullus
1258 5244 1493 5313 injustas
1523 5214 1822 5312 mensuras,
1853 5253 1902 5301 ct
1929 5263 2058 5316 pon-

439 5313 572 5367 dera
625 5317 853 5382 injusta,
911 5320 961 5369 et
1018 5331 1052 5367 a
1087 5315 1305 5383 {civibus
1354 5331 1462 5369 non
1524 5317 1854 5384 collaudata,
1920 5313 2058 5373 lucri

439 5400 604 5440 causa
633 5386 766 5439 dare
793 5391 1106 5455 praesumat.

438 5475 548 5541 (Ea:
577 5476 778 5539 eodem,
810 5481 930 5543 cap.
954 5475 1064 5542 21.)
1097 5475 1163 5527 Ut
1201 5491 1482 5529 mensura:
1513 5482 1569 5530 et
1612 5477 1870 5545 pondera
1903 5479 2056 5548 justa

2160 438 2396 508 pitulari
2429 437 2715 492 dominico
2737 437 3085 502 continetur,
3122 443 3175 490 et
3199 436 3308 491 iste
3331 453 3493 491 sacer
3538 445 3854 491 conventus

2163 527 2381 581 statuit.
2415 526 2505 580 Sic
2536 526 2803 580 omnibus
2833 525 2999 579 nobis
3057 526 3358 579 observare
3405 527 3616 596 placet.
3688 528 3760 580 Ut
3816 527 3856 578 si

2164 615 2292 684 quis
2315 615 2496 684 justas
2528 630 2846 679 mensuras,
2887 619 2946 667 et
2983 614 3140 684 justa
3193 615 3446 684 pondera
3504 615 3650 668 lucri
3695 631 3859 669 causa

2164 709 2387 756 mutare
2421 703 2874 774 praesumpserit,
2907 703 2965 756 in
3017 719 3166 772 pane
3218 707 3275 756 et
3301 719 3448 774 aqua
3500 703 3709 774 viginti
3743 705 3857 757 dies

2162 791 2454 862 pceniteat.

2164 880 2293 934 CAP.
2330 879 2544 934 CXLIX.
2581 909 2649 917 —
2683 881 2755 933 De
2805 884 2979 933 matre
3021 895 3140 948 quae
3188 881 3450 948 infantem
3489 896 3648 934 suum
3699 882 3864 948 juxta

2234 953 2411 1016 ignem
2435 956 2712 1018 posuerat,
2740 955 2790 1004 et
2811 966 2910 1004 sua
2939 953 3272 1017 negligentia
3301 957 3540 1005 mortuus
3571 957 3670 1005 est.

2234 1039 2342 1108 (Ea:
2367 1039 2555 1093 concil.
2597 1039 2862 1103 Triburi.,
2921 1041 3010 1092 cui
3067 1042 3323 1105 interfuit
3367 1056 3466 1093 rea:
3519 1040 3862 1109 Arnolphus,

2161 1143 2281 1196 cap.
2321 1127 2428 1198 14.)
2474 1128 2647 1182 Mater
2703 1128 2750 1180 si
2795 1129 2958 1197 juxta
3003 1128 3191 1182 focum
3249 1128 3528 1182 infantem
3575 1129 3861 1197 posuerit,

2162 1219 2218 1268 et
2246 1215 2391 1268 alius
2422 1215 2596 1268 homo
2627 1232 2836 1286 aquam
2866 1216 2926 1269 in
2957 1217 3263 1270 caldariam
3296 1217 3533 1283 miserit,
3591 1221 3645 1270 et
3702 1217 3862 1270 ebul-

2163 1303 2263 1356 lita
2315 1321 2462 1374 aqua
2517 1304 2706 1357 infans
2762 1305 3098 1374 superfusus
3169 1312 3432 1359 mortuus
3492 1306 3688 1371 fuerit,
3758 1323 3860 1376 pro

2160 1392 2513 1462 negligentia
2570 1397 2751 1446 mater
2808 1394 3102 1462 pceniteat,
3177 1400 3233 1448 et
3284 1395 3382 1447 ille
3443 1394 3620 1448 homo
3694 1410 3858 1447 secu-

2165 1496 2262 1533 rus
2301 1482 2392 1533 sit.

2169 1568 2297 1622 CAP.
2353 1567 2454 1622 CL.
2507 1598 2575 1608 —
2634 1571 2708 1622 De
2763 1568 3033 1622 ordinatis
3081 1571 3132 1622 si
3185 1575 3310 1623 ante
3385 1571 3468 1623 uel
3521 1573 3646 1637 post
3715 1569 3867 1623 ordi-

2239 1643 2508 1693 nationem
2530 1642 2588 1692 in
2646 1640 3026 1693 criminalibus
3075 1643 3314 1709 peccatis
3370 1640 3704 1709 deprehendi
3743 1643 3867 1707 fue-

2237 1712 2370 1762 rint.

2240 1781 2359 1845 (Em
2387 1781 2616 1834 concilio
2658 1780 2987 1848 Hilerdensi,
3022 1797 3142 1850 cap.
3196 1783 3306 1850 10.)
3355 1782 3431 1835 De
3475 1781 3564 1834 his
3612 1797 3756 1850 ergo
3788 1782 3868 1834 vi-

2169 1885 2295 1922 sum
2327 1873 2413 1922 est
2449 1869 2610 1922 nobis
2649 1869 2927 1923 conscribi
2978 1869 3077 1939 qui
3122 1886 3308 1923 sacros
3355 1870 3583 1924 ordines
3624 1871 3864 1936 habent,

2168 1963 2224 2011 et
2253 1963 2382 2010 ante
2439 1958 2525 2010 vel
2577 1962 2701 2027 post
2745 1957 3163 2012 ordinationem
3213 1959 3632 2012 contaminatos
3668 1959 3729 2012 in
3781 1975 3866 2012 ca-

2168 2046 2439 2116 pitalibus
2485 2045 2823 2100 criminibus
2858 2062 2916 2098 se
2972 2062 3094 2099 esse
3153 2046 3516 2116 profitentur,
3565 2047 3625 2100 in
3651 2047 3865 2116 quibus

2169 2140 2234 2188 ut
2263 2134 2408 2187 mihi
2434 2134 2658 2188 videtur
2702 2135 2824 2188 hec
2852 2134 3123 2189 distantia
3153 2151 3275 2188 esse
3316 2135 3504 2201 debet,
3549 2139 3613 2187 ut
3657 2134 3720 2187 hi
3764 2134 3867 2204 qui

2169 2223 2514 2292 deprehensi
2571 2224 2657 2276 vel
2718 2224 2868 2292 capti
2926 2223 3138 2276 fuerint
3195 2223 3420 2293 publice
3469 2223 3530 2275 in
3578 2223 3863 2291 perjurio,

2169 2311 2342 2375 furto,
2369 2317 2542 2382 atque
2584 2311 2983 2377 fornicatione,
3033 2321 3091 2364 et
3122 2311 3343 2365 caeteris
3390 2311 3720 2380 hujusmodi
3764 2310 3870 2364 cri-

2170 2400 2442 2464 minibus,
2503 2401 2816 2454 secundum
2875 2416 3164 2453 sacrorum
3215 2416 3497 2453 canonum
3543 2399 3868 2453 institutaa

2172 2488 2352 2559 gradu
2377 2487 2613 2558 proprio
2644 2488 3046 2558 deponantur:
3081 2489 3219 2558 quia
3266 2487 3594 2542 scandalum
3635 2492 3722 2540 est
3757 2505 3863 2558 po-

2176 2577 2309 2648 pulo
2344 2577 2465 2642 Dei,
2527 2578 2668 2630 tales
2717 2593 2988 2647 personas
3044 2593 3217 2646 super
3261 2593 3319 2630 se
3375 2576 3588 2646 positas
3623 2576 3864 2641 habere,

2173 2681 2314 2736 quas
2364 2666 2515 2718 ultra
2575 2665 2809 2719 modum
2870 2665 3094 2718 vitiosas
3163 2669 3383 2718 constat
3430 2680 3571 2718 esse.
3647 2665 3871 2734 Nempe

2173 2753 2308 2808 inde
2365 2753 2746 2807 detrahuntur
2801 2754 3065 2807 homines
3133 2770 3167 2806 a
3220 2753 3496 2806 sacrificio
3545 2753 3666 2814 Dei,
3721 2753 3874 2806 sicut

2173 2841 2464 2912 quondam
2497 2841 2631 2895 ﬁliis
2672 2841 2796 2896 Heli
2841 2841 3208 2912 peccantibus
3238 2841 3434 2894 fecisse
3486 2841 3780 2911 leguntur,
3819 2847 3874 2894 et

1682 2897 2057 2964 expletwnem’
2093 2914 2133 2967 Ο
2171 2930 2408 2983 rebelles
2483 2929 2619 2984 hinc
2690 2935 2860 2998 atque
2935 2929 3204 2983 contrarii
3284 2930 3606 2995 existentes,
3664 2946 3872 2982 eorum

2167 3019 2358 3088 pravis
2387 3019 2634 3088 exempli
2685 3018 2944 3088 quotidie
3002 3019 3226 3088 pejores
3272 3018 3464 3071 ﬁunt:
3520 3018 3620 3088 qui
3669 3023 3870 3072 autem

2172 3108 2240 3161 de
2273 3107 2560 3177 praedictis
2583 3106 2716 3160 viris
2770 3123 2871 3177 per
2920 3108 3198 3160 occultam
3247 3107 3664 3160 confessionem
3715 3109 3871 3160 mala

2171 3213 2204 3249 a
2262 3211 2320 3248 se
2378 3195 2647 3249 absconse
2693 3195 2998 3248 commissa
3055 3211 3242 3249 coram
3303 3196 3482 3249 oculis
3532 3197 3652 3261 Dei,
3713 3213 3867 3266 pra:-

2172 3289 2331 3337 sente
2379 3283 2551 3336 etiam
2599 3284 2911 3348 sacerdote,
2971 3283 3071 3354 qui
3103 3283 3182 3336 eis
3239 3283 3559 3337 indicturus
3615 3290 3700 3337 est
3757 3302 3873 3355 po:-

2173 3373 2492 3439 nitentiam,
2527 3373 2895 3442 conﬁtentur,
2949 3378 3006 3426 et
3046 3373 3379 3443 semetipsos
3430 3373 3679 3442 graviter
3723 3374 3872 3427 deli-

2171 3462 2361 3532 quisse
2391 3466 2680 3524 accusant,
2714 3462 2760 3513 si
2807 3461 3085 3515 veraciter
3139 3461 3536 3531 pmnituerint,
3569 3466 3625 3514 et
3669 3479 3729 3516 se
3764 3479 3875 3532 per

2163 3550 2408 3621 jejunia,
2479 3553 2536 3604 et
2602 3551 2980 3604 eleemosinas
3046 3550 3385 3621 vigiliasque
3448 3556 3618 3621 atque
3676 3568 3873 3605 sacras

2173 3639 2462 3693 orationes
2519 3655 2650 3692 cum
2705 3639 2973 3708 lacrymis
3057 3656 3304 3710 purgare
3355 3641 3720 3706 certaverint,
3781 3641 3874 3694 his

2170 3728 2342 3781 etiam
2376 3727 2557 3798 gradu
2585 3732 2803 3780 servato
2851 3745 2979 3798 spes
3010 3728 3190 3782 venite
3237 3729 3307 3783 de
3337 3728 3732 3782 misericordia
3771 3731 3873 3784 Dei

2171 3815 2558 3887 promittenda
2625 3820 2729 3882 est,
2790 3815 2889 3888 qui
2936 3833 3137 3870 omnes
3193 3817 3458 3870 homines
3513 3818 3634 3870 vult
3682 3819 3872 3872 salvos

2171 3904 2318 3971 fieri,
2348 3908 2404 3958 et
2459 3905 2530 3958 ad
2589 3905 2945 3976 agnitionem
3013 3905 3267 3960 veritatis
3306 3906 3644 3976 pervenire:
3675 3922 3867 3977 neque

2170 3994 2288 4046 vult
2354 3996 2598 4046 mortem
2671 3995 3002 4064 peccatoris,
3088 3995 3186 4048 sed
3248 4001 3307 4048 ut
3363 4000 3746 4061 convertatur,
3817 4002 3875 4049 et

2171 4091 2466 4207 ClIStCLI.
2499 4181 2568 4190 —
2598 4155 2669 4206 De
2697 4155 2834 4207 viris
2870 4153 3161 4219 ordinatis,
3217 4171 3445 4224 quorum
3485 4155 3694 4209 occulta
3745 4171 3870 4224 pec-

2245 4294 2356 4363 (Ea:
2385 4295 2572 4348 concil.
2608 4229 2993 4364 Toletan.)cal§:
3189 4295 3467 4350 ordinatis
3496 4313 3746 4367 quorum
3782 4315 3870 4350 oc-

2171 4381 2322 4434 culta
2353 4387 2587 4451 peccata
2615 4387 2766 4450 sunt,
2799 4399 2904 4437 nec
2935 4384 3234 4438 manifeste
3255 4385 3325 4439 ab
3346 4384 3538 4455 aliquo
3557 4387 3867 4456 arguipos-

2170 4474 2322 4535 sunt,
2356 4475 2413 4523 et
2442 4469 2747 4524 salubriter
2761 4473 3088 4543 compuncti
3111 4489 3216 4544 pro
3239 4474 3485 4544 peccatis
3505 4474 3621 4527 suis
3651 4476 3866 4528 confes-

2171 4558 2389 4611 sionem
2407 4559 2675 4629 episcopo
2704 4560 2818 4614 sive
2849 4562 3182 4632 presbytero
3239 4563 3454 4616 occulte
3501 4563 3743 4629 faciunt,
3778 4565 3870 4617 bo~

2171 4663 2310 4700 num
2337 4647 2477 4700 mihi
2506 4648 2750 4714 videtur,
2773 4655 2838 4703 ut
2854 4652 3167 4704 secundum
3197 4650 3252 4705 id
3267 4653 3420 4722 quod
3442 4651 3549 4706 sibi
3571 4652 3868 4706 decretum

2170 4735 2345 4788 fuerit
2405 4735 2475 4788 ab
2533 4737 2826 4808 episcopo,
2876 4739 2993 4792 sive
3050 4740 3407 4809 presbytero,
3464 4741 3868 4809 paenitentiam

2169 4828 2363 4894 agant,
2396 4839 2514 4878 non
2547 4825 2788 4895 trepide,
2830 4844 2934 4880 nec
2988 4830 3166 4896 tarde,
3217 4829 3312 4882 sed
3364 4829 3646 4882 fervonter
3681 4835 3738 4882 et
3787 4847 3867 4883 so-

2169 4913 2339 4979 licite,
2366 4930 2430 4967 ac
2450 4913 2530 4967 sic
2559 4931 2616 4968 se
2648 4915 2875 4970 veniam
2917 4923 3282 4986 peccatorum
3331 4933 3365 4970 a
3408 4917 3638 4972 domino
3670 4934 3868 4988 perce-

2169 5007 2386 5072 pturos,
2420 5008 2476 5056 et
2506 5004 2748 5074 gradum
2782 5021 2840 5059 se
2872 5011 3195 5060 retenturos
3225 5006 3536 5060 conﬁdant.

2169 5092 2297 5144 CAP.
2329 5091 2482 5145 CLII.
2513 5123 2580 5130 ——
2636 5097 2709 5147 De
2747 5096 2846 5148 illa
2873 5097 3082 5160 femina
3111 5112 3229 5164 quae
3271 5099 3670 5148 menstruosum
3699 5111 3860 5149 suum

2236 5167 2574 5228 sanguinem,
2633 5169 2682 5216 et
2737 5180 2912 5219 semen
2966 5169 3078 5219 viri
3114 5166 3226 5232 sui,
3283 5173 3332 5219 et
3384 5171 3575 5220 testam
3626 5168 3862 5220 hominis

2237 5233 2601 5355 gorgbusserit,
2639 5238 2690 5288 et
2748 5237 2855 5290 haec
2906 5241 3088 5290 omnia
3120 5241 3236 5291 uiro
3288 5253 3384 5290 suo
3436 5238 3510 5290 ad
3555 5239 3860 5306 potandum

2279 5321 2305 5356 θ
2347 5307 2468 5357 erit.

2279 5320 2468 5356 θαθηι.

2239 5391 2349 5448 (Ea:
2381 5393 2577 5461 eodem,
2607 5396 2783 5462 capite
2811 5396 2914 5460 17.)
2949 5397 3024 5449 De
3075 5397 3160 5450 his
3195 5398 3364 5450 etiam
3417 5414 3591 5468 super
3647 5398 3859 5468 quibus

2168 5482 2548 5552 interrogasti,
2579 5485 2684 5537 hoc
2710 5490 2811 5550 est,
2844 5486 2912 5538 de
2945 5487 3039 5539 illa
3063 5487 3296 5552 femina,
3324 5504 3454 5556 quas
3493 5492 3854 5541 menstruum
