3950 6300
64 277 204 327 1013

998 278 1472 335 DECRETORUM
1516 283 1701 337 LIBRI
1737 285 1843 339 XX.
1877 317 1944 326 —
1989 288 2200 342 LIBER
2238 287 2623 343 VICESIMUS.

3429 294 3566 347 1014

54 413 232 451 suum
271 397 610 468 sanguinem
644 398 960 454 immiscuit
991 401 1117 454 cibo
1173 403 1259 455 vel
1286 408 1469 472 potui,
1498 408 1557 457 et
1605 406 1762 460 dedit
1793 413 1838 462 A
1877 426 2058 466 annos
2091 411 2381 482 paeniteat,
2415 417 2472 466 et
2512 429 2808 484 nunquam
2843 419 3040 481 mutet,
3074 415 3185 470 nisi
3233 417 3323 470 die
3375 417 3566 471 domi-

53 486 183 539 viro
213 502 318 539 suo
349 492 410 539 ut
448 488 792 555 comederet,
828 493 882 541 et
902 489 970 541 de
1000 489 1095 542 illa
1129 506 1258 560 quae
1311 508 1508 544 semen
1541 493 1644 546 viri
1677 495 1764 548 sui

54 574 116 627 in
152 581 296 643 potu
329 574 493 640 bibit,
524 581 579 628 et
607 576 676 629 de
702 593 768 628 ea
799 581 1147 646 quaetestam
1173 579 1418 632 hominis
1452 581 1767 636 combussit

53 662 208 729 igni,
246 669 304 716 et
331 664 452 716 viro
486 680 588 716 suo
619 664 774 717 dedit
800 681 904 734 pro
944 667 1278 720 inﬁrmitate
1310 669 1554 734 vitanda,
1608 670 1765 740 quali

50 752 406 821 paenitentia
439 753 550 805 sint
580 753 913 822 plectendas,
949 761 1011 808 ut
1039 756 1203 809 nobis
1234 756 1483 821 videtur,
1505 759 1604 811 tali
1637 775 1762 812 sen-

51 840 242 892 tentia
275 844 408 892 sunt
436 840 726 906 ferienda,
758 841 903 894 sicut
934 843 1088 912 magi
1119 850 1174 896 et
1205 844 1365 897 arioli
1399 863 1410 899 :
1463 847 1600 916 quia
1642 863 1764 900 ma-

55 927 251 997 gicam
287 934 466 982 artem
495 934 812 982 exercuisse
855 936 1184 985 noscuntur.
1240 935 1381 987 Nam
1431 934 1501 987 de
1533 934 1621 987 his
1666 935 1765 1006 qui

55 1017 352 1086 magicam
383 1022 562 1070 artem
603 1019 920 1072 exercuisse
954 1026 1286 1090 noscuntur,
1310 1027 1366 1075 et
1395 1022 1494 1092 qui
1525 1023 1766 1092 auguria

55 1104 391 1171 attendunt,
433 1110 489 1159 et
545 1105 923 1160 divinationes
966 1108 1288 1174 observant,
1340 1110 1622 1164 Theodori
1671 1120 1764 1164 ar-

53 1193 418 1262 chiepiscopi
478 1194 664 1262 gentis
719 1196 1037 1265 Anglorum
1099 1198 1534 1251 constitutiones
1598 1199 1762 1253 habe-

53 1297 212 1348 mus,
257 1281 317 1334 in
343 1281 552 1352 quibus
583 1283 855 1353 scriptum
888 1289 971 1336 est
1002 1301 1014 1337 :
1048 1284 1153 1348 Qui
1176 1285 1437 1339 immolat
1462 1287 1765 1340 daemoniis

52 1371 116 1424 in
153 1371 432 1437 minimis,
467 1389 578 1425 uno
611 1390 761 1426 anno
792 1374 1089 1444 poeniteat,
1124 1375 1222 1445 qui
1253 1392 1386 1430 vero
1416 1376 1474 1429 in
1518 1377 1762 1446 magnis,

55 1461 263 1514 decem
291 1477 470 1515 annos
501 1464 797 1534 poeniteat.

56 1549 192 1620 CAP.
233 1549 412 1603 CLIII.
441 1582 507 1589 —
544 1553 608 1605 Ut
633 1552 816 1604 nullus
872 1553 1016 1604 alius
1059 1557 1354 1618 praesumat
1391 1555 1764 1620 pmnitentiam

131 1619 295 1744 daret,3
339 1623 432 1745 ἴθι
488 1624 870 1688 confessionem
927 1623 1137 1688 audire,
1189 1625 1298 1676 nisi
1348 1619 1629 1693 episcopus
1668 1629 1764 1677 aut

128 1706 259 1758 pres
298 1707 332 1757 y
360 1708 434 1745 er.

133 1782 249 1844 (Ea:
278 1782 643 1834 Paznitentiali
689 1779 971 1849 Romano.)
1017 1780 1174 1835 Sicut
1221 1781 1376 1834 enim
1421 1782 1763 1836 sacriﬁcium

56 1867 275 1922 offerre
305 1884 419 1921 non
451 1869 661 1922 debent
689 1869 801 1921 nisi
822 1869 1074 1938 episcopi
1105 1875 1160 1921 et
1189 1869 1524 1940 presbyteri,
1554 1865 1764 1940 quibus

57 1958 254 2010 claves
304 1957 467 2027 regni
501 1958 742 2012 caelestis
789 1958 1014 2011 traditae
1039 1963 1170 2011 sunt
1203 1973 1214 2012 :
1242 1959 1323 2012 sic
1355 1975 1458 2013 nec
1480 1960 1762 2030 paeniten-

56 2045 214 2099 tium
240 2046 457 2115 judicia
489 2047 585 2099 alii
618 2062 892 2115 usurpare
927 2047 1155 2098 debent.

468 2135 597 2188 CAP.
637 2136 810 2188 CLIV.
845 2164 912 2174 —
947 2136 1026 2188 De
1057 2135 1242 2188 eadem
1270 2150 1345 2188 re.

135 2221 250 2290 (Ea:
281 2221 502 2293 eodem.)
529 2223 582 2276 Si
603 2226 793 2276 autem
826 2223 1127 2275 necessitas
1149 2223 1423 2290 evenerit,
1441 2226 1497 2276 et
1523 2223 1760 2294 presby-

55 2316 150 2363 ter
183 2326 297 2363 noa
328 2311 499 2363 fuerit
524 2327 795 2380 praesens,
839 2311 1113 2364 diaconus
1162 2310 1435 2381 suscipiat
1477 2312 1760 2381 pmniten-

58 2405 184 2452 tem
215 2399 284 2452 ad
317 2404 566 2452 sanctam
598 2399 1088 2453 communionem.

57 2489 192 2542 CAP.
229 2487 376 2541 CLV.
416 2516 489 2528 —
536 2489 618 2541 De
663 2488 988 2554 temporibus
1019 2488 1215 2555 quibus
1269 2503 1324 2541 se
1362 2490 1628 2542 continere
1675 2489 1762 2543 de-

473 2559 632 2612 beant
661 2560 943 2627 conjugati
968 2559 1036 2611 ab
1065 2559 1349 2612 umoribus.

128 2647 256 2715 (Ea:
309 2648 528 2701 concilio
584 2646 882 2715 Eliberta.)
954 2649 1016 2700 In
1074 2647 1256 2701 tribus
1305 2647 1762 2718 quadragesimis

57 2735 221 2801 anni,
259 2740 314 2788 et
345 2736 404 2788 in
433 2736 525 2789 die
579 2735 892 2800 dominico,
934 2739 992 2791 et
1041 2735 1103 2789 in
1151 2742 1359 2806 quarta
1406 2736 1566 2804 feria,
1619 2737 1762 2790 etin

56 2829 218 2878 sexta
252 2823 413 2891 feria,
447 2825 776 2894 conjngales
806 2825 1098 2877 continere
1129 2841 1186 2878 se
1216 2825 1442 2890 debent,
1496 2841 1600 2879 nec
1648 2824 1762 2880 illis

56 2913 268 2966 diebus
298 2913 577 2980 copulari,
611 2911 865 2982 quandiu
898 2919 1132 2982 gravata
1162 2913 1334 2966 fuerit
1362 2929 1526 2978 uxor,
1567 2912 1625 2966 id
1652 2917 1756 2977 est,

1873 499 2017 552 nica.
2058 500 2258 554 Mulier
2277 506 2466 554 autem
2491 503 2842 572 paupercula
2877 503 2920 555 si
2951 503 3147 557 fecerit
3183 521 3287 574 pro
3320 505 3564 559 difﬁcul-

1873 593 1986 641 tate
2015 589 2328 652 nutriendi,
2361 595 2580 660 septem
2612 607 2791 644 annos
2823 592 3112 661 pceuiteat.
3145 579 3148 581 λ

1875 677 2000 731 CAP.
2035 677 2240 733 CLVII.
2265 708 2336 720 —
2370 681 2437 732 De
2464 680 2576 733 illis
2607 681 2704 748 qui
2743 682 2801 732 in
2831 681 3094 734 dominico
3144 681 3232 733 die
3285 685 3568 752 nupserint

1945 766 2053 836 (Ea:
2079 769 2302 822 concilio
2333 769 2694 834 Triburiensi,
2723 773 2898 838 capite
2937 768 3050 837 51.)
3085 769 3142 824 Si
3182 769 3310 839 quis
3354 787 3564 840 nupse-

1874 857 1949 910 rit
1975 857 2068 910 die
2091 856 2400 923 dominico,
2433 862 2587 927 petat
2619 874 2650 910 a
2681 859 2794 911 Deo
2833 857 3282 927 indulgentiam,
3327 864 3381 912 et
3438 875 3568 930 qua-

1873 947 2007 998 tuor
2037 944 2158 998 dies
2187 944 2478 1015 poeniteat.

2050 1070 2179 1124 CAP.
2211 1069 2439 1124 CLVIII.
2466 1099 2536 1109 —
2555 1073 2627 1124 De
2648 1071 2760 1125 illis
2783 1073 2879 1140 qui
2902 1073 3146 1137 confessa
3167 1074 3386 1127 iterant.

1945 1180 2053 1243 (Ex
2101 1177 2319 1230 concilio
2379 1178 2568 1243 Tolet.)
2610 1178 2686 1230 Ea
2732 1194 2858 1247 quae
2894 1178 3182 1248 frequenti
3230 1180 3566 1249 prmvarica-

1874 1266 2030 1319 tione
2098 1265 2399 1330 iterantur,
2461 1264 2751 1334 frequenti
2832 1270 2889 1319 et
2963 1267 3245 1320 sententia
3291 1268 3564 1321 condem-

1875 1359 2103 1407 nantur.

1875 1481 2001 1534 CAP.
2065 1477 2234 1532 CLIX.
2285 1507 2354 1518 —
2407 1479 2484 1531 De
2518 1481 2836 1546 paenitentia
2889 1480 3147 1545 ﬁdelium,
3200 1485 3257 1534 ut
3306 1482 3565 1546 confessio

2155 1565 2335 1602 eorum
2355 1564 2461 1602 non
2489 1549 2699 1617 publice
2724 1552 2842 1617 ﬁat,
2876 1551 2969 1602 sed
2997 1553 3279 1618 privatim.

1943 1656 2051 1727 (Ea:
2076 1657 2234 1724 epist.
2259 1656 2452 1708 Leonis
2479 1670 2658 1724 papa,
2686 1657 2861 1723 capite
2880 1656 2956 1720 2.)
2982 1657 3142 1708 Illam
3175 1657 3344 1708 etiam
3369 1662 3568 1710 contra

1872 1744 2245 1815 apostolicam
2276 1744 2539 1813 regulam
2590 1745 3105 1813 praesumptionem
3154 1760 3325 1815 quam
3383 1761 3568 1813 nuper

1871 1833 2079 1903 agnovi
2119 1849 2150 1885 a
2209 1832 2550 1900 quibusdam
2609 1831 2807 1885 illicita
2838 1832 3207 1902 usurpatione
3262 1833 3563 1898 committi,

1871 1921 2057 1975 modis
2077 1921 2347 1998 omnibus
2377 1921 2658 1974 constituo
2708 1921 3047 1988 submoveri,
3109 1922 3178 1974 de
3229 1922 3568 1990 poenitentia

1871 2010 2103 2075 scilicet,
2128 2025 2257 2080 quae
2306 2026 2337 2060 a
2377 2009 2638 2062 ﬁdelibus
2678 2011 3002 2078 postulatur
3035 2026 3046 2062 :
3100 2026 3172 2062 ne
3204 2010 3272 2062 de
3306 2011 3564 2080 singulo-

1869 2115 1998 2153 rum
2061 2103 2421 2169 peccatorum
2475 2113 2702 2168 genere,
2763 2097 2969 2151 libellis
3029 2099 3233 2169 scripta
3293 2099 3565 2168 professio

1869 2188 2098 2257 publice
2185 2187 2470 2240 recitatur.
2556 2186 3045 2242 Conscientiarum
3133 2187 3376 2241 sufficiat
3432 2188 3564 2241 solis

1871 2273 2258 2327 sacerdotibus
2313 2271 2549 2324 indicari
2603 2272 2958 2326 confessione
3009 2277 3238 2326 secreta.
3297 2273 3566 2337 Quamvis

1871 2361 2026 2416 enim
2057 2361 2353 2432 plenitudo
2401 2361 2536 2414 ﬁdei
2582 2361 2843 2415 videatur
2882 2377 3002 2415 esse
3057 2361 3377 2428 laudabilis,
3436 2378 3564 2432 qua

1870 2455 2106 2522 propter
2138 2451 2235 2503 Dei
2265 2451 2531 2503 timorem
2580 2451 2731 2518 apud
2770 2450 3034 2504 homines
3087 2451 3418 2504 erubescere
3450 2466 3565 2504 non

1869 2544 2133 2593 vereatur
2168 2556 2182 2594 :
2218 2544 2412 2592 tamen
2444 2538 2580 2609 quia
2609 2555 2722 2592 non
2755 2539 3016 2592 omnium
3052 2539 3381 2607 hujusmodi
3431 2544 3566 2592 sunt

1870 2633 2117 2698 peccata,
2169 2633 2233 2680 ut
2280 2645 2343 2682 ea
2393 2627 2493 2698 qui
2554 2627 2952 2698 pcenitentiam
3021 2631 3282 2697 poscunt,
3331 2643 3448 2680 non
3491 2627 3562 2680 ti-

1870 2723 2067 2771 meant
2110 2717 2426 2787 publicare,
2475 2721 2806 2768 amoveatur
2865 2715 3261 2786 improbabilis
3319 2732 3560 2768 consue-

1869 2807 2025 2873 tudo,
2075 2822 2147 2859 ne
2201 2805 2365 2858 multi
2415 2822 2448 2858 a
2506 2804 2855 2874 paenitentiae
2911 2804 3179 2857 remediis
3239 2809 3559 2868 arceantur,

1872 2895 2008 2948 dum
2063 2900 2158 2947 aut
2216 2894 2576 2960 erubescunt,
2658 2897 2758 2946 aut
2815 2899 3082 2946 metuunt
3133 2892 3379 2946 inimicis
3446 2891 3563 2944 suis

54 3020 85 3054 ει
114 3018 236 3071 quo
269 3000 361 3054 die
405 3001 556 3055 ﬁlius
603 3001 664 3054 in
723 3007 886 3055 utero
931 3006 1151 3055 motum
1201 3002 1414 3068 fecerit,
1460 3018 1638 3073 usque
1687 3001 1758 3054 ad
1795 2971 1834 3025 Ο
1871 2982 2362 3073 ἶδοῖδηῖξθδθΪνὲΓίτ
2396 2982 2602 3073 (Iunius
2645 2983 2865 3073 B953im
2923 2983 3112 3073 Iegllm
3158 2981 3562 3073 οοηεῖίῖιξίίοηθ

53 3093 318 3158 partum,
351 3098 572 3156 apartu
633 3094 778 3158 post,
826 3090 1036 3146 XXXIII
1093 3089 1212 3145 dies
1263 3089 1308 3142 si
1356 3090 1508 3144 ﬁlius
1555 3095 1658 3156 est,
1711 3089 1758 3142 si

56 3181 258 3229 autem
292 3175 428 3237 ﬁlia.
465 3181 592 3245 post
621 3178 750 3231 LVI.

58 3267 190 3319 CAP.
229 3264 410 3318 CLVI.
462 3293 531 3304 —
586 3268 660 3319 De
710 3267 924 3389 femian
968 3282 1087 3390 αἵδε
1143 3270 1330 3334 sponte
1369 3266 1545 3332 ﬁlium
1602 3281 1759 3318 suum

775 3352 884 3390 occa
925 3353 1004 3390 eri
1038 3378 1048 3388 .

775 3352 1048 3390 occaaeru.

129 3423 189 3477 Si
220 3425 405 3476 mater
431 3423 614 3478 ﬁlium
643 3440 810 3479 suum
839 3429 1040 3495 sponte
1091 3423 1376 3490 occiderit,
1432 3423 1757 3495 quindecim

1370 3552 1544 3592 FINIS
1590 3552 1766 3591 LIBRI

1867 3071 2120 3140 percelli.
2175 3070 2392 3124 Sufﬁcit
2447 3069 2598 3124 enim
2650 3054 2746 3122 illa
2804 3069 3082 3122 confessio
3141 3085 3268 3139 quin
3309 3068 3563 3139 primum

1869 3159 2109 3213 Domino
2141 3159 2341 3223 fertur,
2379 3163 2513 3210 tunc
2554 3157 2726 3210 etiam
2779 3156 3055 3211 sacerdoti
3087 3157 3184 3227 qui
3214 3174 3317 3226 pro
3344 3156 3561 3211 delictis

1866 3247 2268 3318 pmnitentium
2316 3251 2579 3315 peccator
2636 3245 2892 3299 accedit:
2957 3250 3091 3298 tunc
3148 3246 3301 3298 enim
3366 3247 3561 3316 plures

1866 3337 1936 3390 ad
1966 3335 2368 3406 paenitentiam
2404 3339 2676 3404 poterunt
2735 3333 3054 3404 provocari,
3088 3334 3135 3386 si
3165 3333 3361 3404 populi
3408 3334 3557 3386 auri-

1866 3424 1972 3477 bus
2001 3439 2119 3476 non
2140 3422 2467 3491 publicetur
2496 3420 2842 3474 conscientia
2874 3421 3214 3474 conﬁtentis.

1813 3550 1966 3590 NONI
2008 3549 2259 3590 DECIMI.

884 3805 1179 3877 INDEX
1237 3803 1924 3878 CAPITULORUM
1983 3803 2236 3876 LIBRI
2297 3801 2746 3874 VICESIMI.

57 3961 193 4015 CAP.
241 3962 290 4014 1.
326 3958 486 4023 Quod
522 3959 728 4014 animae
766 3961 1034 4014 humana;
1075 3961 1226 4014 inter
1271 3965 1500 4014 caeteras
1528 3963 1755 4014 creatu—

129 4062 227 4099 ras
260 4045 328 4098 ab
360 4044 525 4098 initio
559 4061 677 4099 non
709 4045 824 4100 sint
851 4052 1074 4100 creatae.

56 4139 107 4190 2.
155 4134 316 4198 Quod
351 4134 480 4188 duae
509 4135 717 4188 animm
742 4151 855 4188 non
883 4135 993 4188 sint
1022 4136 1081 4189 in
1103 4152 1219 4189 uno
1251 4136 1506 4204 homine,
1537 4138 1602 4189 ut
1631 4134 1782 4205 qui--

132 4223 269 4277 dam
301 4222 519 4286 dicunt,
553 4223 652 4277 sed
683 4240 798 4276 una
827 4228 1071 4277 tantum.

61 4316 113 4367 3.
161 4312 322 4376 Quod
356 4312 510 4364 solus
549 4312 724 4366 homo
773 4312 974 4366 habeat
1011 4313 1263 4366 animam
1318 4312 1752 4366 substantivam.

59 4403 113 4455 4.
160 4402 232 4455 Ut
279 4401 564 4468 pecudum
613 4400 819 4455 anima:
855 4417 982 4454 cum
1033 4402 1217 4455 carnis
1246 4407 1428 4456 morte
1462 4401 1754 4456 ﬁniantur.

59 4494 114 4544 ‘5.
159 4489 322 4554 Quod
358 4488 551 4542 anima
587 4490 840 4543 humana
887 4506 1007 4544 non
1060 4507 1188 4544 cum
1236 4508 1405 4546 carne
1458 4491 1754 4545 moriatur.

57 4585 110 4635 6.
159 4578 323 4643 Quod
354 4578 528 4630 homo
560 4583 780 4632 constet
813 4579 1033 4632 duabus
1065 4580 1414 4634 substantiis.

55 4675 111 4723 7.
158 4668 320 4733 Quod
353 4666 586 4736 spiritus
617 4683 728 4720 non
781 4667 986 4721 tertius
1026 4667 1098 4721 sit
1125 4668 1184 4721 in
1215 4669 1532 4722 substantia
1572 4669 1756 4723 homi-

130 4757 244 4823 nis,
277 4760 343 4809 ut
364 4755 600 4827 quidam
629 4756 936 4810 afﬁrmant.

58 4851 111 4903 8.
160 4846 318 4910 Quod
352 4846 497 4899 Deus
527 4845 673 4899 sicut
701 4862 767 4900 ex
799 4845 979 4899 nihilo
1009 4845 1158 4898 bona
1190 4845 1374 4899 facere
1421 4847 1624 4915 potuit,
1681 4847 1758 4898 ita

132 4950 264 4988 cum
284 4933 1007 5002 volnitperincarnationis
1041 4950 1157 4987 suae
1190 4934 1548 5002 mysterium,
1585 4934 1756 4988 etiam

135 5023 359 5094 perdita
389 5021 542 5076 bona
570 5023 870 5091 reparavit.

61 5117 114 5169 9.
158 5112 318 5176 Quod
345 5112 490 5164 Deus
521 5117 636 5164 tres
662 5111 861 5165 vitales
891 5111 1124 5180 spiritus
1151 5113 1384 5173 crearet,
1432 5126 1606 5162 unum
1659 5111 1759 5180 qui

134 5217 306 5256 carne
333 5216 446 5253 non
486 5205 798 5271 tegeretur,
847 5201 1027 5254 alium
1075 5199 1172 5270 qui
1227 5216 1394 5253 carne
1441 5204 1756 5268 tegeretur,

138 5291 237 5345 sed
271 5305 389 5344 non
419 5306 547 5343 cum
580 5306 748 5342 carne
798 5295 1118 5343 moreretur
1153 5306 1165 5344 :
1199 5289 1432 5342 tertium
1464 5287 1562 5359 qui
1591 5303 1759 5340 carne

137 5385 446 5451 tegeretur,
481 5383 537 5432 et
567 5395 697 5432 cum
719 5395 889 5432 carne
920 5383 1260 5433 moreretur.

72 5472 156 5524 10.
200 5469 362 5534 Quod
402 5467 576 5521 homo
624 5468 682 5521 in
722 5467 912 5537 prima
949 5468 1275 5522 conditione
1307 5482 1409 5519 sua
1449 5465 1623 5519 libero
1669 5481 1758 5517 ar-

139 5559 311 5613 bitrio
345 5561 586 5612 donatus
609 5558 696 5610 sit.

1871 3962 1954 4012 11.
1998 3958 2157 4022 Quod
2189 3974 2386 4011 omnes
2416 3956 2679 4010 homines
2710 3955 2767 4008 in
2801 3955 3268 4024 praevaricatione
3295 3954 3430 4008 Adae
3463 3969 3561 4006 na-

1935 4049 2180 4101 turalem
2205 4047 2640 4118 possibilitatem
2664 4044 3062 4115 perdidissent.

1872 4139 1952 4189 12.
2000 4137 2076 4189 De
2107 4137 2303 4189 eadem
2335 4151 2414 4188 re.

1875 4227 1956 4277 13.
1993 4225 2155 4287 Quod
2182 4224 2353 4277 homo
2407 4222 2485 4275 sic
2517 4220 2734 4291 positus
2780 4219 2853 4273 sit
2900 4220 2958 4273 in
3006 4218 3290 4289 paradiso,
3343 4217 3386 4271 si
3421 4218 3561 4271 obe-

1943 4312 2103 4365 diens
2149 4315 2534 4382 permaneret,
2605 4309 2952 4380 quandoque
3005 4309 3077 4361 ad
3124 4307 3408 4362 caelestem
3458 4323 3559 4376 pa-

1937 4401 2126 4467 triam,
2160 4400 2280 4454 sine
2312 4399 2496 4452 carnis
2526 4409 2710 4452 morte
2735 4397 3025 4451 transiret.

1871 4491 1952 4545 14.
1995 4489 2156 4553 Quod
2188 4505 2290 4542 nos
2321 4489 2576 4542 carnales
2607 4488 2664 4540 in
2715 4487 2884 4557 hujus
2933 4485 3087 4539 exilii
3137 4485 3388 4538 caecitate
3417 4484 3555 4547 nati,

1937 4594 2115 4650 puero
2149 4577 2208 4630 in
2239 4592 2462 4632 carcere
2496 4582 2649 4637 nato,
2683 4581 2740 4629 et
2771 4575 2983 4628 nutrito
3014 4589 3435 4644 comparemur.

1871 4671 1954 4723 15.
1998 4668 2160 4732 Quod
2191 4666 2384 4720 nullus
2413 4682 2518 4736 per
2547 4665 2920 4734 semetipsum
2967 4665 3153 4718 bonus
3200 4662 3325 4716 fieri
3364 4661 3558 4733 possit.

1873 4761 1954 4814 16.
1998 4758 2075 4812 De
2101 4755 2299 4810 eadem
2329 4771 2407 4808 re.

1874 4852 1956 4902 l7.
2003 4847 2078 4900 De
2108 4847 2307 4900 eadem
2341 4861 2420 4898 re.

1873 4940 1955 4992 18.
1992 4937 2148 5000 Quod
2184 4935 2363 5006 gratia
2391 4933 2584 4988 divina
2613 4949 2733 4986 non
2785 4933 2972 4987 solum
3004 4935 3237 5000 peccata
3288 4929 3557 4992 dimittat,

1940 5025 2036 5079 sed
2067 5024 2238 5078 etiam
2270 5023 2497 5093 adjuvet
2524 5037 2596 5075 ne
2625 5021 3076 5074 committantur.

1874 5119 1956 5170 19.
2000 5114 2159 5178 Quod
2192 5110 2617 5183 praedestinatio
2671 5110 2770 5164 Dei
2822 5110 2902 5162 ita
2955 5107 3028 5160 sit
3066 5106 3348 5170 ordinata,
3394 5110 3459 5158 ut
3496 5121 3561 5158 ea

1940 5203 2140 5256 nociva
2170 5219 2299 5272 quas
2331 5199 2729 5272 przedestinata
2761 5203 2894 5250 sunt
2948 5198 3258 5250 electorum
3298 5193 3562 5265 precibus

1941 5292 2081 5344 solvi
2109 5297 2344 5360 queant.

1869 5381 1951 5432 20.
2001 5381 2139 5434 Item
2168 5380 2238 5434 de
2270 5377 2789 5449 praedestinatione.

1869 5471 1956 5521 21.
2006 5467 2079 5519 De
2112 5469 2211 5522 Dei
2245 5466 2634 5536 praevidcntia,
2667 5465 2832 5519 simul
2862 5468 2920 5517 et
2946 5460 3326 5532 providentia.
