3950 6308
318 408 453 461 1015

1380 404 1778 460 BURCHARDI
1820 404 2353 462 WORMACIENSIS
2393 401 2727 460 EPISCOPI.

3680 402 3817 453 1016

314 530 402 583 22.
445 526 606 591 Quod
638 525 829 580 divina
859 524 1173 591 mternitas,
1205 540 1309 579 nec
1338 524 1530 591 fuisse,
1584 542 1686 579 nec
1741 525 1999 579 futurum
2028 528 2075 580 Α
2185 525 2576 579 miserorum:
2624 523 2814 593 justus
2867 526 3079 587 autem,
3135 526 3192 576 et
3242 522 3368 576 ideo
3412 538 3528 576 non
3586 523 3822 576 sedetur

386 633 509 670 esse
541 614 766 669 habeat.

311 708 404 760 23.
448 703 607 768 Quod
640 707 844 756 cuncta
864 719 991 773 quae
1020 702 1347 756 hominibus
1372 701 1537 766 ﬁunt,
1572 702 1786 773 absque
1819 702 2007 757 omni-

388 791 642 863 potentis
673 792 895 844 occulto
925 790 1184 855 concilio,
1218 806 1332 842 non
1363 789 1615 843 veniant.

316 882 410 936 24.
453 882 529 934 De
564 880 759 934 eadem
789 895 870 933 re.

317 973 407 1024 25.
450 968 616 1033 Quod
650 968 794 1021 Deus
824 966 1063 1038 singulis
1091 967 1218 1021 dies
1247 984 1380 1021 suos
1409 967 1689 1038 praeﬁgat,
1718 971 1781 1021 ut
1802 967 2008 1034 minui,

324 1106 332 1113 .
392 1073 496 1110 nec
526 1055 724 1126 augeri
754 1058 997 1125 possint.

317 1148 408 1201 26.
449 1144 611 1209 Quod
646 1144 792 1197 Deus
822 1147 1019 1197 nostra
1049 1147 1279 1212 peccata
1310 1143 1650 1198 dissimulet.

317 1236 413 1289 27.
461 1232 616 1297 Quod
654 1233 800 1285 Deus
832 1237 1036 1285 cuncta
1070 1231 1357 1299 disponat,
1407 1235 1465 1285 et
1509 1230 1831 1286 consideret
1876 1230 2012 1284 uni-

389 1337 683 1375 versorum
712 1320 908 1373 ﬁnem.

319 1412 409 1475 28,
445 1412 532 1471 29,
570 1411 657 1474 30,
703 1411 791 1473 31,
840 1411 925 1475 32,
971 1410 1059 1470 33,
1097 1408 1185 1473 34,
1230 1410 1317 1475 35,
1362 1410 1452 1476 36,
1493 1410 1578 1473 37,
1621 1409 1706 1473 38,
1740 1409 1826 1462 39.
1870 1408 2012 1461 Item

392 1497 461 1550 de
495 1495 1015 1567 praedestinatione.

319 1585 408 1638 40.
449 1585 524 1637 De
557 1585 844 1637 creatione
866 1585 1226 1654 angelorum.

318 1673 409 1726 41.
450 1672 607 1737 Quod
644 1671 782 1725 nihil
812 1672 888 1725 sit
914 1672 1321 1742 incorporeum
1364 1677 1421 1725 et
1451 1672 1751 1734 invisibile,
1805 1677 2016 1742 praeter

394 1761 579 1814 solum
613 1761 808 1814 Deum.
1484 1832 1487 1835 δ

321 1851 407 1903 42.
428 1844 609 1913 Ὀυοά
640 1848 827 1902 omnis
865 1852 1125 1902 creatura
1152 1848 1223 1902 sit
1249 1863 1541 1918 corporea.

322 1940 411 1993 43.
444 1938 602 2001 Quod
651 1953 848 1990 omnes
893 1937 1306 1992 intellectuales
1361 1941 1581 1990 natura
1661 1936 2016 1991 immortales

394 2026 527 2080 sint.

322 2115 411 2169 44.
454 2114 615 2178 Quod
649 2117 922 2184 apostatae
953 2113 1142 2184 angeli
1185 2116 1316 2167 ante
1342 2112 1567 2167 ruinam
1598 2112 1838 2167 liberum
1863 2114 2015 2169 arbi-

395 2202 571 2257 trium
597 2202 864 2255 habeant.

322 2292 413 2346 45.
455 2291 567 2345 Cur
606 2291 944 2360 angelorum
995 2289 1231 2358 spiritus
1288 2288 1761 2344 irremissibiliter
1813 2306 2014 2361 pecca-

394 2384 541 2445 rent,
575 2394 707 2432 eum
737 2378 923 2431 carnis
952 2377 1355 2432 commixtione
1384 2394 1503 2431 non
1538 2382 1887 2432 tenerentur.

322 2468 411 2522 46.
437 2467 594 2531 Quod
627 2466 814 2537 angeli
837 2468 1097 2521 custodes
1119 2467 1451 2521 hominibus
1477 2472 1905 2538 praaponantur.

322 2557 409 2611 47.
452 2556 612 2621 Quod
658 2556 899 2627 singulis
946 2556 1277 2610 hominibus
1327 2556 1537 2627 singuli
1569 2556 1760 2626 angeli
1810 2557 2017 2611 dentur

394 2644 676 2698 custodes.

321 2734 410 2788 48.
447 2733 608 2797 Quod
654 2733 887 2786 dextera
939 2732 1037 2785 Dei
1095 2731 1168 2785 sit
1247 2731 1582 2802 angelorum
1631 2748 1764 2802 pars
1815 2733 2012 2801 electa,

393 2822 624 2875 sinistra
650 2826 842 2875 autem
872 2820 1012 2891 ejus,
1051 2837 1181 2889 pars
1210 2822 1547 2891 angelorum
1579 2821 1842 2891 reproba.

322 2913 412 2966 49.
455 2910 617 2974 Quod
673 2909 959 2963 immundi
1006 2909 1240 2979 spiritus
1284 2909 1345 2962 in
1383 2910 1491 2963 hoc
1535 2909 1681 2977 cceli,
1733 2914 2016 2981 terraeque

393 2997 587 3051 medio
616 3002 911 3067 vagentur.

326 3089 411 3141 50.
459 3087 536 3139 De
564 3087 672 3139 hoc
704 3085 748 3139 si
777 3101 885 3154 pax
911 3087 969 3137 in
999 3083 1340 3138 sublimibus
1373 3085 1703 3139 retineatur.

326 3177 413 3229 51.
454 3172 616 3237 Quod
648 3172 862 3226 diaboli
892 3172 1155 3228 voluntas
1197 3188 1423 3243 semper
1462 3173 1536 3228 sit
1584 3174 1799 3245 iniqua,
1854 3181 2016 3245 pote-

394 3266 507 3315 stas
528 3267 721 3314 autem
747 3260 871 3331 ejus
898 3277 1195 3327 nunquam
1222 3261 1454 3330 injusta.

324 3352 409 3403 52.
454 3350 615 3414 Quod
646 3355 895 3420 quatuor
924 3349 1106 3403 modis
1133 3351 1400 3420 loquatur
1426 3351 1573 3405 Deus
1602 3350 1674 3405 ad
1704 3352 2015 3419 diabolum,

393 3442 451 3492 et
482 3438 661 3492 tribus
692 3437 877 3492 modis
907 3437 1165 3491 diabolus
1197 3439 1265 3491 ad
1301 3439 1500 3492 Deum.

322 3530 409 3581 53.
452 3526 613 3590 Quod
645 3542 761 3579 non
784 3526 858 3579 sit
888 3526 1077 3595 palma
1117 3526 1390 3588 victoriae,
1424 3527 1546 3581 sine
1586 3528 1776 3581 labore
1833 3534 2017 3597 certa-.-

394 3615 586 3668 minis.

322 3705 408 3757 54.
457 3704 529 3756 De
562 3706 841 3768 creatura,
872 3707 927 3755 et
958 3708 1184 3769 natura,
1220 3707 1277 3756 et
1308 3704 1621 3759 ministerio
1652 3707 2014 3776 angelorum,

394 3797 451 3844 et
477 3791 547 3844 de
581 3806 713 3843 casu
746 3794 1135 3859 apostatarum
1159 3792 1518 3861 angelorum.

323 3884 414 3934 55.
458 3879 622 3943 Quod
666 3894 1048 3950 supernorum
1101 3879 1309 3933 civium
1360 3896 1655 3949 numerus,
1713 3887 1770 3936 et
1814 3882 2011 3937 ﬁnitus

394 3967 485 4032 sit,
518 3970 574 4021 et
601 3966 881 4021 inﬁnitus.

322 4060 409 4112 56.
451 4057 611 4121 Quod
640 4056 827 4110 omnis
852 4056 1019 4125 culpa
1042 4060 1172 4110 ante
1219 4055 1528 4112 discessum
1560 4058 1865 4113 oblationis
1897 4076 2017 4113 mu-

393 4161 528 4199 nere
560 4146 831 4199 solvatur.

322 4237 408 4289 57.
451 4234 609 4297 Quod
639 4250 790 4287 sacra
827 4233 1038 4287 oblatio
1083 4239 1211 4303 post
1262 4239 1503 4288 mortem
1551 4235 1850 4290 animabus
1880 4253 2013 4306 pro-

393 4323 553 4376 desse
583 4322 823 4391 possint,
858 4322 903 4374 si
935 4338 1047 4376 non
1080 4326 1213 4376 sunt
1245 4323 1428 4391 culpae
1464 4323 1905 4378 indissolubiles.

321 4414 407 4466 58.
450 4411 611 4475 Quod
642 4411 864 4464 beatius
892 4410 965 4464 sit
1011 4427 1361 4482 quemquam
1392 4411 1639 4465 liberum
1677 4412 1809 4466 hinc
1838 4413 2012 4479 exire,

392 4516 566 4571 quam
596 4505 727 4569 post
759 4504 1004 4554 mortem
1040 4500 1360 4555 libertatem
1396 4515 1673 4569 quaerere.

320 4592 407 4643 59.
451 4589 612 4652 Quod
643 4590 834 4643 nullus
861 4590 1066 4644 debeat
1097 4604 1297 4659 rogare
1324 4604 1427 4658 pro
1460 4594 1708 4657 peccato,
1745 4592 1898 4661 quod
1931 4595 2016 4645 est

393 4677 460 4730 ad
495 4680 757 4731 mortem.

320 4767 405 4819 60.
452 4765 520 4819 Ut
544 4780 741 4819 omnes
773 4766 978 4820 animas
1035 4767 1347 4819 electorum
1405 4767 1706 4822 credendus
1748 4768 1863 4821 sint
1892 4785 2013 4823 esse

389 4853 451 4906 in
481 4853 644 4916 coelo,
674 4858 731 4905 et
759 4853 1093 4923 iniquorum
1124 4852 1333 4906 animae
1363 4853 1421 4906 in
1449 4853 1690 4910 inferno.

321 4944 407 4995 61.
452 4940 610 5004 Quod
641 4941 786 4995 sicut
832 4941 964 4995 ﬁnis
1018 4956 1134 4994 non
1185 4944 1269 4992 est
1320 4941 1529 5009 gaudio
1577 4942 1884 5009 bonorum,
1936 4945 2015 4998 sic

392 5028 523 5082 ﬁnis
554 5044 670 5081 non
700 5034 783 5082 est
810 5029 1107 5084 tormentis
1142 5028 1445 5083 malorum.

321 5120 406 5172 62.
452 5117 613 5181 Quod
653 5118 731 5171 ita
778 5135 893 5172 non
934 5118 1026 5183 sit,
1095 5123 1159 5170 ut
1208 5117 1440 5185 quidam
1499 5120 1809 5187 afﬁrmant,
1860 5122 2009 5191 quod

392 5206 543 5260 Deus
571 5206 643 5259 ob
672 5207 778 5260 hoc
806 5207 1057 5260 minatus
1088 5206 1157 5259 sit
1188 5210 1461 5260 aeternam
1490 5225 1719 5277 poenam
1768 5225 2011 5279 peccan-

391 5294 563 5357 tibus,
596 5299 661 5347 ut
680 5295 989 5367 corrigeret
1016 5310 1049 5347 a
1079 5292 1264 5346 malis.

319 5387 405 5439 63.
450 5384 563 5439 Cur
633 5389 863 5453 peccata
936 5398 1065 5453 quae
1126 5397 1256 5435 cum
1304 5381 1418 5435 ﬁne
1474 5388 1802 5453 perpetrata
1856 5390 2009 5455 sunt,

390 5473 511 5526 sine
534 5473 649 5525 ﬁne
680 5472 1016 5541 puniantur.

324 5561 407 5613 64.
450 5561 608 5623 Quod
658 5562 806 5613 Deus
852 5559 982 5629 pius
1032 5558 1121 5625 sit,
1173 5563 1229 5612 et
1276 5575 1393 5613 non
1446 5564 1711 5630 pascatur
1754 5562 2009 5618 cruciatu

2188 614 2247 668 in
2279 618 2627 684 perpetuum
2658 613 2729 666 ab
2760 611 3097 682 iniquorum
3130 612 3367 664 ultione.

2117 706 2205 757 65.
2251 704 2328 757 De
2353 703 2461 756 hoc
2513 701 2559 753 si
2593 705 2727 755 ante
2774 699 3195 754 restitutionem
3247 716 3549 769 corporum
3602 700 3814 754 animae

2183 793 2471 861 justorum
2504 790 2563 843 in
2597 790 2804 843 caelum
2838 788 3155 859 rapiantur.
3430 770 3451 790 ’

2119 882 2207 932 66.
2250 879 2411 943 Quod
2444 878 2585 948 justi
2638 879 2694 931 in
2727 878 2819 931 die
2862 877 3068 947 judicii
3128 878 3448 931 animarum
3508 876 3702 942 simul,
3763 883 3822 932 et

2189 984 2492 1037 corporum
2521 968 2701 1036 gloria
2748 966 3113 1019 laetabuntur.

2119 1055 2207 1105 67.
2251 1052 2329 1105 De
2380 1052 2484 1105 hoc
2534 1051 2581 1103 si
2627 1050 2764 1103 boni
2810 1050 2991 1103 honos
3049 1049 3110 1102 in
3168 1064 3366 1119 regno,
3438 1048 3526 1100 vel
3578 1049 3625 1101 si
3681 1048 3824 1102 mali

2102 1196 2107 1199 η
2192 1141 2370 1193 malos
2394 1139 2455 1192 in
2477 1138 2757 1210 supplicio
2789 1142 3123 1208 agnoscant.

2120 1231 2206 1282 68.
2252 1229 2328 1281 De
2360 1229 2468 1280 hoc
2519 1226 2566 1281 si
2607 1227 2757 1297 ignis
2798 1225 3165 1296 purgatorius
3213 1225 3529 1279 credendus
3573 1224 3667 1293 sit,
3715 1224 3819 1296 qui

2190 1322 2318 1387 post
2349 1320 2589 1369 mortem
2621 1316 2839 1368 animas
2870 1331 2902 1367 a
2932 1314 3176 1384 peccatis
3203 1319 3498 1384 expurget.

2121 1408 2208 1459 69.
2251 1404 2412 1469 Quod
2446 1421 2590 1457 unus
2624 1404 2697 1457 sit
2728 1404 3005 1474 gehennae
3028 1403 3199 1473 ignis,
3232 1403 3328 1456 sed
3362 1418 3476 1455 non
3504 1417 3617 1455 uno
3650 1402 3825 1455 modo

2191 1509 2390 1547 omnes
2421 1492 2653 1545 cruciet.

2122 1586 2216 1639 70.
2266 1582 2417 1645 Quot
2462 1597 2674 1652 genera
2729 1579 2842 1633 sint
2906 1578 3212 1633 oblationis
3256 1594 3360 1648 pro
3406 1577 3687 1632 defunctis
3739 1578 3826 1631 fa-

2193 1669 2435 1724 cienda?
3284 1687 3289 1695 '

2120 1763 2210 1813 71.
2253 1759 2366 1814 Cur
2418 1762 2746 1812 sanctorum
2807 1756 3016 1810 animm
3095 1772 3197 1825 pro
3246 1755 3642 1826 peccatoribus
3701 1772 3827 1809 non

2196 1852 2378 1915 orent,
2435 1848 2665 1918 quando
2715 1862 2813 1901 eos
2858 1846 2920 1900 in
2984 1845 3120 1915 igne
3177 1850 3392 1899 aeterno
3442 1844 3641 1899 ardere
3685 1861 3826 1915 pro-

2197 1936 2503 2007 spexerint.

2125 2026 2213 2079 72.
2258 2024 2417 2088 Quod
2449 2024 2671 2078 duobus
2701 2024 2884 2078 modis
2911 2022 3027 2077 vita
3078 2022 3321 2089 dicatur,
3382 2021 3602 2075 duobus
3646 2021 3826 2075 etiam

2195 2128 2351 2167 mors
2376 2112 2751 2183 intelligatur.

2125 2203 2212 2255 73.
2253 2201 2413 2265 Quod
2471 2202 2656 2269 electi,
2712 2217 2811 2255 seu
2873 2200 3103 2270 reprobi
3169 2200 3238 2254 ad
3300 2200 3426 2253 loca
3489 2199 3829 2252 communia

2198 2290 2557 2344 deducantur
2585 2289 2645 2343 in
2671 2289 2991 2343 tormentis.

2124 2378 2213 2432 74.
2260 2379 2335 2432 De
2380 2379 2488 2432 hoc
2539 2377 2693 2449 quod
2738 2377 2799 2430 in
2858 2377 3030 2431 domo
3080 2375 3179 2430 Dei
3246 2377 3445 2430 multa;
3498 2374 3829 2429 mansiones

2197 2466 2328 2519 sint.

2122 2558 2212 2608 75.
2256 2554 2417 2618 Quod
2445 2554 2608 2608 illum
2640 2543 2811 2624 quem
2843 2554 3017 2607 semel
3048 2554 3215 2622 culpa
3251 2553 3318 2606 ad
3346 2568 3576 2623 poenam
3594 2557 3830 2622 pertra-

2195 2642 2299 2710 hit,
2335 2642 2725 2696 misericordia
2754 2643 2991 2696 ulterius
3019 2642 3092 2695 ad
3140 2643 3363 2696 veniam
3410 2658 3528 2695 non
3566 2642 3826 2696 reducat.

2124 2733 2213 2784 76.
2256 2731 2417 2795 Quod
2452 2732 2600 2785 Deus
2627 2731 2850 2785 dicatur
2878 2732 3086 2795 zelans,
3122 2731 3343 2784 dicatur
3371 2731 3570 2795 iratus,
3601 2731 3832 2784 dicatur

2197 2819 2498 2889 paenitens,
2538 2820 2760 2873 dicatur
2780 2820 3122 2881 misericors,
3157 2820 3378 2873 dicatur
3406 2819 3697 2889 praescius.

2126 2911 2212 2961 77.
2258 2908 2369 2962 Cur
2399 2908 2542 2961 Deus
2571 2924 2703 2961 suos
2726 2910 2936 2961 electos
2972 2909 3051 2962 sic
3082 2908 3376 2977 permittat
3406 2908 3570 2974 mori,
3615 2911 3831 2961 utnon

2197 2996 2255 3048 in
2286 2995 2401 3049 vita
2434 2996 2666 3049 illorum
2701 2996 2982 3061 ostendat,
3017 2997 3180 3065 cujus
3211 2996 3530 3050 sanctitatis
3560 2996 3694 3050 sint.

2050 3088 2089 3142 C
2129 3088 2217 3139 78.
2260 3085 2421 3149 Quod
2455 3086 2676 3138 miseris
2713 3102 2865 3139 mors
2896 3086 2996 3140 ﬁat
3025 3086 3147 3139 sine
3174 3091 3376 3140 morte.

2129 3176 2215 3227 79.
2258 3173 2417 3237 Quod
2450 3173 2508 3226 in
2535 3173 2759 3227 inferno
2809 3175 3203 3243 peccatoribus
3247 3175 3316 3229 ad
3364 3174 3825 3229 consolationem

2199 3262 2348 3331 ignis
2382 3279 2494 3315 non
2521 3262 2726 3331 luceat,
2759 3264 2853 3317 sed
2883 3271 2943 3319 ut
2973 3264 3153 3333 magis
3178 3269 3460 3335 torqueat.

2129 3351 2217 3402 80.
2264 3350 2337 3402 De
2369 3348 2568 3403 eadem
2602 3365 2680 3404 re.

2129 3439 2215 3492 81.
2260 3438 2417 3501 Quod
2471 3438 2726 3492 humana
2778 3427 2969 3492 anima
3018 3438 3098 3492 ita
3143 3438 3485 3492 immortalis
3533 3438 3624 3500 sit,
3683 3444 3834 3493 utet

2198 3526 2345 3579 mori
2372 3526 2571 3595 possit,
2604 3531 2659 3580 et
2691 3543 2804 3580 non
2839 3528 3037 3597 possit.

2129 3616 2213 3667 82.
2254 3614 2414 3678 Quod
2445 3629 2751 3683 corporeus
2783 3615 2857 3668 sit
2882 3614 3032 3685 ignis
3061 3615 3361 3684 gehennae,
3396 3619 3452 3668 et
3508 3632 3621 3669 non
3667 3614 3833 3671 indi—

2200 3708 2330 3771 geat
2359 3702 2469 3756 alia
2494 3704 2754 3771 materia,
2787 3703 2899 3757 nisi
2932 3704 3300 3774 reproborum
3332 3704 3605 3757 cruciatu.

2129 3793 2217 3845 83.
2275 3793 2388 3846 Cur
2435 3790 2627 3845 anima
2674 3792 2733 3845 in
2791 3808 3030 3862 corpore
3092 3809 3346 3857 manens,
3408 3798 3463 3846 et
3520 3794 3833 3862 egrediens

2200 3879 2381 3933 videri
2413 3896 2530 3933 non
2564 3880 2760 3950 possit.

2128 3971 2213 4023 84.
2261 3968 2328 4022 Ut
2377 3968 2571 4021 nullus
2621 3969 2882 4023 dubitare
2928 3969 3132 4023 debeat
3185 3985 3251 4023 ea
3307 3986 3429 4023 esse
3483 3969 3824 4037 invisibilia,

2198 4072 2325 4127 quae
2355 4057 2469 4111 Deo
2501 4056 2775 4111 invisibili
2804 4058 3261 4112 subministrant.

2126 4148 2212 4200 85.
2255 4146 2413 4210 Quod
2470 4146 2628 4199 nulla
2683 4146 2930 4200 visibilia
2988 4147 3188 4212 videri,
3244 4149 3327 4201 vel
3375 4148 3645 4218 cognosci
3697 4166 3827 4219 pos-

2196 4234 2330 4301 sint,
2363 4234 2473 4288 nisi
2502 4251 2601 4306 per
2633 4234 2964 4291 invisibilia.

2124 4326 2210 4378 86.
2270 4324 2431 4387 Quod
2478 4323 2847 4392 incorporeus
2922 4325 3155 4395 spiritus
3220 4325 3277 4378 in
3325 4325 3550 4379 inferno
3604 4342 3637 4378 a
3692 4343 3819 4380 cor-

2194 4427 2374 4481 poreo
2408 4411 2539 4483 igne
2567 4412 2873 4483 afﬁigatur.

2123 4503 2209 4554 87.
2252 4500 2408 4564 Quod
2457 4500 2830 4571 incorporeus
2881 4502 3115 4573 spiritus
3163 4502 3445 4557 viviﬁcare
3497 4503 3701 4573 possit,
3765 4513 3823 4559 et

2194 4589 2276 4643 ibi
2307 4589 2508 4657 teneri,
2544 4591 2642 4644 ubi
2674 4608 2706 4644 a
2737 4607 3013 4661 corporeo
3045 4591 3175 4662 igne
3208 4592 3510 4646 cruciatur.

2123 4681 2209 4733 88.
2273 4679 2349 4732 De
2409 4680 2681 4749 apostatis
2726 4680 3023 4749 spiritibus
3082 4680 3235 4750 quod
3282 4680 3613 4750 incorporei
3698 4700 3821 4735 cre-

2194 4766 2369 4821 dendi
2403 4766 2538 4821 sint.

2123 4857 2210 4910 89.
2280 4855 2439 4918 Quod
2488 4855 2767 4925 gehennae
2819 4856 2968 4927 ignis
3024 4873 3330 4927 corporeus
3398 4873 3519 4912 esse
3577 4860 3822 4913 creden-

2195 4943 2301 4997 dus
2332 4942 2419 4998 sit.

2123 5033 2211 5086 90.
2259 5033 2335 5085 De
2366 5032 2471 5085 hoc
2489 5033 2643 5102 quod
2663 5033 2947 5096 scribitur,
2976 5035 3154 5089 Deum
3179 5052 3348 5091 nemo
3380 5036 3520 5091 vidit
3538 5053 3821 5108 unquam,

2193 5124 2247 5173 et
2267 5120 2512 5190 qualiter
2541 5120 2684 5174 illud
2716 5121 3153 5192 intelligendum
3187 5124 3278 5179 sit.

2123 5210 2209 5262 91.
2253 5209 2329 5262 De
2354 5208 2565 5278 duplici
2590 5226 2757 5278 paena
2786 5210 3208 5267 damnatorum.

2122 5299 2207 5351 9‘2.
2253 5298 2328 5350 De
2359 5299 2540 5367 poenis
2559 5298 2891 5369 impiorum.

2120 5388 2205 5440 93.
2240 5388 2316 5440 De
2348 5388 2711 5442 Antichristo.

2119 5476 2204 5527 94.
2248 5475 2399 5538 Quod
2435 5482 2564 5531 ante
2591 5477 2742 5531 diem
2766 5478 2990 5549 judicii,
3025 5479 3195 5533 etiam
3246 5480 3408 5534 electi
3457 5483 3646 5537 casuri
3702 5482 3819 5536 sint

2193 5562 2248 5616 in
2279 5563 2524 5618 adventu
2556 5565 2903 5620 Antichristi.

2116 5655 2203 5706 95.
2246 5653 2324 5706 De
2350 5653 2713 5708 Antichristo.
