3950 6304
198 411 328 462 101³7

193 533 285 585 96.
320 531 458 585 Item
492 528 562 583 de
593 528 962 583 Antichristo.

195 618 475 682 97.Quod
516 617 840 671 novissimis
891 633 1091 671 omnes
1146 619 1409 673 Israelita).
1465 636 1568 690 per
1614 620 1892 690 pradica-

265 706 481 759 tionem
513 706 693 759 Heliae
721 706 978 759 converti
1007 707 1269 760 debeant.

188 798 279 850 98.
308 797 382 849 De
412 798 518 849 hoc
573 811 674 848 cur
726 796 785 848 in
821 796 923 849 hac
974 796 1091 849 vita
1122 797 1331 867 saepius
1384 796 1550 851 bonis
1604 798 1753 851 male
1799 797 1888 863 sit,

262 890 320 937 et
352 884 517 937 malis
548 885 713 938 bene.

189 974 279 1026 99.
314 972 475 1036 Quod
505 973 905 1040 etiampmnes
933 972 1194 1026 inﬁdeles
1224 988 1528 1044 resurgere
1556 973 1801 1027 debeant
1820 974 1889 1027 ad

262 1065 569 1128 tormenta,
602 1077 719 1115 non
743 1063 811 1114 ad
837 1060 1141 1131 judicium.

192 1151 316 1202 100.
350 1149 510 1213 Quod
543 1165 743 1202 omnes
766 1150 1024 1203 homines
1054 1165 1353 1220 resurgere
1387 1149 1651 1203 debeant.

194 1239 314 1291 101.
358 1239 430 1291 De
463 1241 662 1292 eadem
692 1254 771 1291 re.

190 1329 315 1380 102.
352 1327 511 1391 Quod
542 1327 735 1397 angeli
796 1331 1089 1397 apostataa,
1139 1333 1195 1381 et
1253 1327 1417 1397 impii
1446 1328 1711 1382 homines
1758 1333 1888 1397 post

262 1422 549 1469 tormenta
579 1416 743 1486 quasi
763 1416 1055 1487 suppliciis
1088 1418 1408 1487 expurgati,
1442 1432 1560 1470 non
1595 1418 1881 1487 justorum

260 1504 517 1558 societati
549 1506 813 1559 donetur.

188 1596 313 1648 103.
370 1595 527 1658 Quod
587 1594 925 1648 resurrectio
981 1595 1107 1648 ﬁeri
1159 1594 1363 1649 debeat
1410 1596 1471 1647 in
1529 1600 1695 1649 aetate
1751 1610 1878 1665 per-

256 1682 420 1736 fectae
442 1684 780 1753 juventutis,
812 1699 940 1753 quae
970 1683 1230 1753 profectu
1258 1701 1370 1737 non
1392 1685 1665 1753 indigeat.

185 1770 313 1825 104.
343 1770 503 1835 Quod
530 1771 815 1826 districtus
864 1773 1042 1842 judex
1075 1774 1141 1827 ad
1177 1774 1463 1842 judicium
1498 1773 1729 1827 veniens
1756 1789 1882 1844 pec-

260 1864 513 1913 catorem
543 1860 753 1927 videat,
788 1865 848 1913 ut
876 1860 1060 1928 feriat,
1095 1878 1211 1914 non
1237 1871 1299 1915 ut
1330 1864 1524 1916 salvet.

1126 408 1599 464 DECRETOBUM
1644 410 1825 466 LIBRI
1866 408 1967 465 XX.
2010 440 2078 451 —
2119 412 2329 466 LIBER
2371 411 2757 466 VICESIMUS.

1916 537 1962 588 A
2009 536 2123 588 105.
2153 534 2309 598 Quod
2341 535 2489 587 Deus
2542 533 2614 587 ad
2660 532 2941 603 judicium
2990 531 3183 586 veniat
3237 532 3306 586 ad
3366 532 3691 588 feriendum

3560 410 3692 464 l0l8

2074 622 2286 686 videns,
2322 627 2378 674 et
2408 621 2478 673 ad
2510 622 2845 674 salvandum
2878 637 2996 673 non
3027 620 3244 674 videns.

2006 710 2123 763 l06.
2158 709 2319 772 Quod
2353 709 2410 761 in
2440 709 2532 763 die
2558 709 2759 779 judicii
2798 710 2909 763 duo
2937 709 3166 763 ordines
3219 709 3278 761 in
3332 712 3575 779 quatuor
3603 708 3689 762 di-

2070 798 2354 851 vidantur.

2004 888 2122 940 l07.
2156 885 2313 949 Quod
2344 886 2485 939 liber
2516 886 2646 939 vitae
2679 886 2753 939 sit
2791 886 2912 956 ipsa
2958 886 3097 938 visio
3130 884 3488 938 advenientis
3534 884 3689 955 judi-

2068 974 2145 1027 cis
2174 990 2188 1028 :
2223 974 2360 1045 quia
2387 975 2659 1045 quicquid
2692 975 2819 1045 quis
2854 975 3078 1038 fecerat,
3128 974 3250 1044 ipso
3309 974 3424 1026 viso
3494 972 3685 1027 statim

2069 1062 2375 1132 intelliget.

2002 1152 2121 1205 108.
2156 1151 2233 1204 De
2264 1150 2449 1221 gloria
2480 1154 2805 1204 sanctorum
2840 1155 2965 1219 post
2995 1149 3296 1220 judicium.

2000 1241 2119 1292 109.
2154 1240 2319 1302 Quod
2354 1239 2515 1292 ﬁnito
2542 1238 2759 1309 judicio
2814 1238 3049 1308 incipiat
3079 1254 3201 1291 esse
3260 1238 3530 1291 saeculum
3587 1254 3690 1291 no-

2065 1343 2223 1393 vum,
2253 1333 2358 1380 etc.

1999 1418 2118 1471 110.
2154 1417 2367 1470 Contra
2397 1432 2493 1469 eos
2518 1416 2617 1486 qui
2647 1415 2864 1481 dicunt,
2903 1417 2948 1468 si
2980 1420 3109 1484 post
3138 1415 3348 1469 factum
3402 1414 3685 1485 judicium

2057 1503 2165 1556 erit
2194 1503 2563 1573 conﬂagratio
2603 1504 2827 1568 mundi,
2874 1503 2968 1556 ubi
3026 1509 3160 1555 tunc
3218 1518 3339 1555 esse
3392 1502 3688 1571 potuerint

2065 1594 2263 1653 sancti,
2300 1594 2398 1663 qui
2432 1609 2541 1646 non
2574 1593 2979 1662 contingantur
3008 1593 3242 1644 ﬂamma
3273 1590 3544 1644 incendii.

2457 1775 2658 1829 Indicis
2709 1774 3075 1845 capitulorum
3097 1772 3254 1841 finis.

1515 2174 2356 2278 BURCHARDI

1182 2376 1808 2431 WORMACIENSIS
1868 2376 2274 2431 ECCLESIA-Z
2332 2377 2703 2433 EPISCOPI

350 2560 1702 2707 DECRETORUM
1805 2562 2392 2705 LIBER
2494 2560 3539 2706 VICESIMUS

1482 2815 1583 2880 DE
1633 2812 2393 2880 CONTEMPLATIONE.

672 3111 1160 3167 ARGUMENTUM
1200 3113 1407 3168 LIBRI.

270 3200 433 3255 Liber
465 3200 558 3254 hic
583 3200 918 3270 Speculator
945 3206 1195 3256 vocatur.
1233 3202 1570 3272 Speculatur
1633 3203 1785 3255 enim
1820 3203 1890 3256 de

189 3289 552 3360 providentia
582 3295 637 3344 et
668 3289 1177 3360 praedestinatione
1207 3290 1417 3357 divina,
1446 3295 1503 3343 et
1533 3292 1601 3343 de
1643 3291 1888 3344 adventu

187 3377 545 3443 Antichristi,
576 3378 645 3431 de
689 3378 811 3447 ejus
870 3377 1158 3448 operibus,
1211 3378 1278 3431 de
1335 3378 1775 3443 resurrectione,
1819 3378 1888 3432 de

190 3466 285 3520 die
309 3465 531 3536 judicii,
563 3471 618 3520 et
666 3466 1045 3521 infernalibus
1075 3466 1278 3538 poenis,
1333 3466 1401 3521 de
1432 3466 1701 3520 felicitate
1759 3482 1887 3537 per-

192 3560 383 3625 petuae
424 3554 573 3608 vitae.

194 3643 324 3697 CAP.
356 3644 398 3696 l.
430 3673 499 3682 —
560 3643 717 3708 Quod
764 3645 960 3697 animae
1010 3644 1259 3698 humana
1305 3646 1447 3697 inter
1492 3648 1708 3697 caeteras
1738 3659 1887 3697 σφεα·

549 3719 701 3769 turas
731 3716 799 3769 ab
829 3717 985 3769 initio
1031 3731 1141 3768 non
1180 3718 1291 3768 sint
1321 3719 1529 3769 creatae.

266 3804 523 3868 (August.
558 3802 739 3873 dicit.)
771 3803 1005 3857 Animas
1032 3803 1333 3857 hominum
1360 3819 1472 3856 non
1505 3819 1627 3856 esse
1647 3802 1889 3857 dicimus

188 3891 263 3945 ab
296 3890 457 3944 initio
511 3890 663 3944 inter
719 3894 953 3945 cmteras
992 3891 1407 3945 intellectuales
1466 3897 1721 3957 naturas,
1780 3907 1887 3945 nec

190 3981 366 4033 semel
394 3986 631 4046 creatas,
666 3985 728 4033 ut
753 3980 1027 4050 Origenes
1059 3980 1225 4051 ﬁngit
1258 3996 1272 4034 :
1307 3996 1493 4051 neque
1524 3997 1653 4034 cum
1686 3996 1888 4049 corpo-

192 4068 352 4122 ribus
388 4085 491 4139 per
538 4068 754 4123 coitum
808 4068 1101 4135 seminari,
1137 4069 1285 4123 sicut
1327 4069 1668 4123 Luciferiani
1701 4074 1757 4122 et
1785 4070 1888 4139 Cy-

190 4158 373 4223 rillus,
408 4162 463 4210 et
494 4157 671 4228 aliqui
720 4157 1049 4211 Latinorum
1106 4163 1520 4229 praesumentes
1571 4158 1885 4223 afﬁrmant,

192 4246 355 4316 quasi
389 4251 608 4299 naturae.
663 4247 1073 4317 consequentia
1104 4248 1431 4301 serviente:
1491 4247 1585 4299 sed
1645 4246 1887 4298 dicimus

192 4350 400 4404 corpus
429 4340 656 4388 tantum
689 4350 790 4404 per
817 4334 1070 4405 conjugii
1121 4336 1384 4405 copulam
1438 4334 1727 4398 seminari,
1764 4332 1883 4400 Dei,

1920 3111 1958 3163 Β
1998 3113 2281 3183 disponat,
2318 3112 2533 3166 habens
2566 3112 2624 3165 in
2666 3128 2724 3164 se
2753 3112 3079 3165 libertatem
3117 3110 3364 3179 arbitrii,
3398 3110 3549 3165 utin
3596 3126 3698 3163 sua

2003 3202 2316 3255 substantia
2347 3202 2520 3271 eligat
2548 3200 2956 3271 cogitationem
2992 3217 3164 3270 quam
3197 3200 3335 3253 vult.

2002 3290 2128 3344 CAP.
2205 3292 2295 3344 ΙΙΙ.
2377 3320 2445 3330 —
2518 3290 2674 3355 Quod
2746 3291 2890 3342 solus
2959 3290 3111 3342 homo
3177 3289 3373 3343 habeat
3455 3290 3695 3342 animam

2637 3360 3058 3415 substantivam.

2072 3449 2279 3515 (Idem)
2309 3449 2505 3502 Solum
2558 3448 2857 3501 hominem
2886 3448 3169 3501 credimus
3201 3448 3410 3500 habere
3441 3446 3692 3500 animam

2001 3537 2432 3601 substantivam,
2462 3553 2528 3589 ex
2570 3552 2681 3607 qua
2714 3552 2920 3605 corpus
2948 3536 3100 3602 vivit,
3123 3544 3179 3589 et
3200 3536 3475 3588 rationem
3508 3550 3691 3599 suam,

2001 3631 2057 3678 et
2082 3626 2310 3694 ingenia
2342 3626 2617 3678 vivaciter
2640 3630 2816 3678 tenet.
2858 3626 3049 3695 Neque
3100 3641 3230 3678 cum
3276 3640 3515 3695 corpore
3568 3639 3688 3676 mo-

1999 3713 2165 3782 ritur,
2198 3714 2343 3766 sicut
2372 3713 2548 3766 Arabs
2581 3713 2801 3776 asserit,
2856 3729 3043 3783 neque
3098 3718 3227 3782 post
3286 3712 3575 3767 modicum
3607 3711 3697 3764 in-

1999 3803 2320 3868 tervallum,
2356 3803 2499 3855 sicut
2524 3805 2715 3857 Zenon
2752 3818 2764 3855 :
2798 3802 2933 3873 quia
2959 3800 3409 3854 substantialiter
3428 3800 3584 3853 vivit.

2002 3891 2127 3945 CAP.
2172 3892 2256 3945 IV.
2316 3920 2384 3931 —
2445 3892 2511 3945 Ut
2547 3890 2817 4028 pecudﬁum
2873 3892 3069 3943 anima:
3121 3905 3241 3943 cum
3291 3891 3472 3942 carnis
3526 3894 3693 3943 morte

2747 3964 2990 4015 niantur.

2747 3964 2990 4015 niantur.

2070 4049 2280 4116 (Idem)
2312 4049 2602 4104 Pecudum
2636 4049 2845 4102 animae
2877 4065 2992 4102 non
3025 4054 3160 4101 sunt
3204 4047 3552 4101 substantive
3599 4047 3695 4100 sed

2000 4154 2129 4191 cum
2159 4138 2279 4207 ipsa
2312 4138 2498 4191 carnis
2525 4137 2819 4190 vivacitate
2864 4142 3195 4197 nascuntur,
3251 4142 3307 4189 et
3335 4151 3462 4188 cum
3509 4135 3695 4188 carnis

2000 4233 2181 4278 morte
2211 4226 2516 4280 ﬁniuntur.
2550 4226 2618 4278 Et
2651 4225 2776 4279 ideo
2808 4241 2912 4278 nec
2944 4224 3162 4277 ratione
3212 4230 3511 4293 reguntur,
3548 4224 3695 4275 sicut

2001 4315 2157 4368 Plato
2189 4321 2245 4367 et
2268 4314 2585 4369 Alexander
2614 4318 2819 4382 putant
2854 4330 2865 4366 :
2897 4314 2989 4367 sed
3016 4313 3083 4367 ad
3120 4313 3311 4367 omnia
3345 4318 3564 4365 naturae
3605 4312 3693 4364 in-

192 4422 564 4492 verojudicio
592 4423 878 4493 coagulari
911 4424 967 4476 in
1000 4425 1188 4489 vulva,
1231 4429 1285 4478 et
1342 4424 1504 4492 ﬁngi,
1547 4428 1718 4493 atque
1776 4422 1887 4475 for-
1922 4394 1961 4448 Ο
1999 4402 2306 4493 ίῖίῖδηυέοῖδ
2338 4402 2644 4493 ποιηματ-

195 4512 357 4567 mari.
395 4513 656 4566 Formato
698 4512 817 4581 jam
849 4528 1110 4580 corpore,
1164 4512 1413 4566 animam
1473 4511 1675 4577 creari,
1710 4518 1763 4563 et
1792 4510 1886 4563 in-

192 4600 377 4669 fundi,
407 4605 470 4654 ut
499 4600 648 4654 vivat
679 4600 736 4654 in
767 4606 932 4653 utero
964 4600 1138 4654 homo
1181 4617 1249 4655 ex
1278 4602 1470 4655 anima
1499 4606 1782 4667 constans,
1833 4604 1890 4654 et

190 4705 451 4759 corpore,
486 4690 934 4761 egrediaturque
973 4689 1133 4743 vivus
1168 4706 1232 4743 ex
1281 4696 1468 4755 utero,
1514 4689 1719 4760 plenus
1748 4689 1886 4742 sub—

192 4778 417 4832 stantia.
458 4779 815 4832 Creationem
870 4795 1004 4831 vero
1037 4779 1269 4845 animae,
1332 4781 1515 4833 solum
1568 4784 1885 4834 creatorem

191 4866 453 4920 omnium
495 4883 682 4920 nosse.

191 4972 320 5027 CAP.
356 4974 419 5026 lI.
460 5002 530 5011 —
561 4972 713 5038 Quod
746 4973 865 5026 duae
895 4974 1090 5026 animae
1128 4988 1234 5025 non
1270 4975 1383 5027 sint
1412 4975 1468 5026 in
1506 4990 1612 5028 uno
1658 4975 1887 5042 homine,

494 5050 553 5097 ut
585 5044 828 5111 quidam,
863 5044 1051 5098 dicunt
1088 5042 1182 5097 sed
1212 5060 1322 5097 una
1355 5049 1584 5098 tantum.

266 5132 545 5202 (August)
580 5133 701 5185 Non
744 5132 885 5185 duas
938 5131 1158 5185 animas
1210 5147 1331 5185 esse
1382 5132 1624 5186 dicimus
1682 5133 1740 5186 in
1774 5150 1888 5188 uno

191 5219 451 5285 homine,
497 5219 641 5273 sicut
691 5220 923 5289 quidam
975 5220 1166 5284 Jacob,
1200 5224 1256 5273 et
1309 5219 1407 5272 alii
1450 5220 1722 5290 Syrorum
1774 5222 1887 5275 dis-

192 5312 485 5379 putatores
511 5308 790 5374 scribunt,
826 5313 886 5361 ut
907 5324 1022 5362 una
1045 5308 1235 5362 anima
1274 5308 1338 5361 iit
1369 5308 1437 5362 de
1469 5324 1617 5379 aqua
1674 5308 1889 5363 anime-

194 5402 289 5450 tur
318 5412 542 5467 corpus,
576 5402 634 5450 et
686 5396 949 5450 immixta
980 5397 1052 5450 sit
1072 5396 1362 5467 sanguini,
1403 5401 1460 5450 et
1496 5398 1677 5451 altera
1729 5398 1890 5468 spiri-

193 5485 346 5551 talis,
375 5502 503 5556 quae
542 5486 821 5540 rationem
881 5485 1213 5540 ministret:
1262 5486 1359 5540 sed
1411 5486 1652 5540 dicimus
1712 5503 1886 5541 unam

196 5590 318 5628 esse
348 5574 725 5645 eamdemque
753 5573 1005 5628 animam
1056 5574 1116 5629 in
1147 5576 1395 5638 homine,
1433 5592 1558 5647 quze
1587 5581 1644 5630 et
1682 5592 1888 5648 corpus

197 5679 301 5717 sua
330 5662 603 5718 societate
660 5663 923 5728 viviﬁcet,
990 5669 1045 5718 et
1093 5664 1459 5735 semetipsam
1512 5682 1615 5720 sua
1668 5665 1887 5719 ratione

2003 4491 2129 4545 CAP.
2164 4492 2224 4545 V.
2261 4521 2322 4530 —
2359 4490 2515 4557 Quod
2544 4493 2729 4544 anima
2782 4491 3021 4543 humana
3071 4505 3178 4545 non
3223 4506 3342 4544 cum
3373 4504 3534 4543 carne
3581 4504 3693 4541 mo-

2744 4564 2944 4615 riatur.

2075 4653 2289 4723 (Idem)
2321 4651 2527 4706 Anima
2552 4652 2808 4705 humana
2838 4668 2952 4705 non
2991 4666 3123 4705 cum
3180 4667 3350 4705 carne
3411 4649 3689 4704 moritur:

2001 4742 2138 4814 quia
2170 4758 2282 4795 non
2317 4740 2521 4803 carnis,
2557 4745 2617 4793 ut
2646 4740 2909 4810 superius
2940 4734 3208 4807 diximus,
3241 4756 3438 4795 semen
3468 4743 3574 4806 est,
3596 4739 3694 4793 sed

2001 4833 2244 4886 formato
2272 4829 2584 4884 inventoris
2617 4829 2717 4883 Dei
2756 4828 2974 4899 judicio
3005 4845 3264 4899 corpore,
3299 4828 3542 4883 dicimus
3566 4844 3693 4881 eam

2000 4919 2202 4987 creari,
2233 4924 2288 4972 et
2318 4916 2563 4980 infundi,
2602 4923 2666 4971 ut
2697 4917 2848 4971 vivat
2891 4918 3063 4971 homo
3109 4918 3264 4972 intus
3324 4918 3378 4970 in
3404 4923 3591 4983 utero,
3637 4920 3694 4970 et

2001 5010 2080 5062 sic
2112 5008 2407 5062 nativitate
2441 5007 2715 5076 procedat
2772 5006 2831 5060 in
2864 5006 3101 5060 mundo.

2074 5117 2200 5169 CAP.
2234 5116 2322 5167 Vl.
2347 5142 2415 5155 -—
2448 5113 2602 5183 Quod
2631 5114 2782 5167 homo
2811 5117 3011 5166 constet
3036 5112 3252 5166 duabus
3279 5112 3618 5165 substantiis.

2074 5219 2539 5289 (Idem.)Duabus
2594 5218 2928 5273 substantiis
2972 5222 3192 5271 constat
3248 5218 3442 5285 homo,
3500 5216 3693 5270 anima

2000 5315 2221 5364 tantum
2254 5314 2310 5363 et
2339 5324 2525 5362 carne.
2562 5308 2768 5361 Anima
2816 5323 2946 5359 cum
2980 5306 3201 5360 ratione
3256 5323 3377 5371 sua,
3410 5311 3465 5360 et
3521 5322 3692 5359 carne

2000 5415 2129 5453 cum
2165 5398 2420 5452 sensibus
2451 5398 2587 5463 suis,
2623 5397 2675 5450 id
2709 5400 2812 5461 est,
2847 5396 2992 5457 visu,
3042 5395 3261 5461 auditu,
3316 5402 3505 5465 gustu,
3551 5395 3691 5448 odo-

2003 5492 2127 5540 ratu
2188 5492 2244 5540 et
2301 5492 2475 5541 tactu.
2538 5486 2690 5550 Quos
2748 5489 2939 5537 tamen
2968 5498 3165 5536 sensus
3218 5483 3435 5555 absque
3484 5484 3692 5537 animae

2001 5576 2269 5629 societate
2297 5592 2409 5629 non
2442 5580 2635 5630 movet
2664 5590 2793 5628 caro
2825 5590 2838 5627 :
2871 5572 3063 5627 anima
3103 5589 3234 5627 vero
3267 5579 3321 5626 et
3363 5573 3488 5628 sine
3521 5590 3691 5629 carne

1999 5664 2277 5721 rationem
2305 5681 2466 5717 suam
2491 5665 2777 5735 integram
2799 5668 2975 5717 tenet.
