3950 6314
383 340 402 388 1
415 339 516 388 003

1161 529 1297 582 rint.

455 619 560 688 (E1:
604 615 830 684 eodem.)
892 615 998 680 Qui
1054 615 1409 685 sanguinem,
1459 619 1558 668 aut
1607 631 1802 670 semen
1841 615 2070 684 biberit,

385 707 565 760 sciens
594 723 699 774 pro
731 706 922 774 aliqua
953 721 1032 770 re,
1067 709 1178 756 tres
1207 720 1386 757 annos
1423 703 1714 772 pceniteat.
1841 769 1848 776 _

421 795 548 848 CAP.
583 795 740 847 XCII.
779 824 845 831 —
881 795 954 846 De
971 792 1210 860 piscibus
1231 793 1456 845 mortuis
1479 795 1538 844 in
1554 793 1771 859 ﬂumine
1793 794 2045 846 inventis.

458 885 568 952 (Ea:
607 880 828 950 eodem.)
875 881 1046 934 Piscis
1109 885 1372 932 mortuus
1419 880 1478 932 in
1527 880 1764 933 flumine
1811 881 2077 933 inventus

387 987 504 1023 non
531 977 617 1022 est
665 969 964 1022 edendus:
1030 968 1172 1037 quia
1217 983 1332 1020 non
1377 974 1460 1020 est
1501 967 1730 1021 venatio
1777 968 2071 1021 hominis:

388 1060 432 1110 si
457 1075 592 1111 vero
625 1057 892 1126 piscando
943 1061 1123 1110 tactus
1171 1055 1365 1124 fuerit,
1415 1063 1471 1109 et
1519 1057 1642 1126 ipso
1692 1057 1782 1109 die
1813 1057 2079 1109 inventus

385 1147 576 1211 fuerit,
612 1145 710 1216 qui
755 1163 866 1198 non
922 1146 1161 1212 haesitat,
1198 1145 1519 1212 manducet,
1566 1145 1666 1215 qui
1699 1149 1888 1198 autem
1920 1145 2082 1199 dubi-

384 1240 486 1302 tat,
523 1251 640 1287 non
681 1235 1004 1287 manducet.

431 1346 558 1398 CAP.
589 1343 777 1396 XCIII.
822 1373 890 1380 —
931 1345 999 1395 De
1029 1343 1237 1395 clericis
1269 1343 1364 1409 qui
1393 1357 1428 1394 a
1459 1341 1718 1394 demonio
1750 1347 2043 1397 venantur.

460 1433 578 1504 (Ea:
598 1434 820 1486 concilio
842 1433 1155 1498 Aureliam,
1187 1447 1308 1500 cap.
1325 1433 1399 1496 6.)
1429 1431 1486 1485 Si
1511 1433 1639 1502 quis
1660 1432 1898 1485 clericus
1919 1447 2082 1484 vexa-

387 1529 482 1576 tus
523 1522 696 1575 fuerit
753 1539 782 1574 a
833 1519 1142 1584 dmmonio,
1213 1519 1406 1573 decem
1456 1537 1638 1573 annos
1682 1521 1975 1589 paeniteat,
2027 1525 2083 1573 et

389 1612 540 1665 inter
567 1611 866 1664 audientes
913 1613 1041 1672 stet,
1093 1613 1148 1662 et
1198 1609 1266 1661 ad
1316 1625 1503 1660 sacros
1554 1608 1785 1662 ordines
1832 1625 1950 1662 non
1980 1609 2081 1662 ad-

391 1700 650 1753 ducatur.
685 1697 742 1750 Si
773 1697 916 1750 bene
949 1695 1152 1764 egerit,
1189 1700 1244 1748 et
1273 1711 1374 1765 per
1407 1695 1507 1748 Dei
1534 1696 1780 1765 gratiam
1808 1696 2083 1750 liberatus

391 1788 583 1850 fuerit,
617 1787 687 1838 sit
717 1785 774 1837 in
797 1785 1033 1854 reliquis
1065 1783 1267 1836 officiis
1293 1783 1701 1837 ecclesiasticis.

395 1895 523 1948 CAP.
561 1893 742 1946 XCIV.
801 1921 870 1928 —
897 1894 970 1945 De
995 1891 1108 1944 illis
1136 1892 1232 1958 qui
1261 1896 1548 1958 parentum
1570 1891 1818 1944 honorem
1838 1906 1944 1944 non
1971 1905 2084 1944 ser-

1163 1967 1314 2014 vant.

467 2053 576 2118 (Em
627 2050 990 2105 Pcr-nitentiali
1037 2051 1320 2116 Romano.)
1378 2049 1436 2103 Si
1485 2047 1612 2118 quis
1655 2048 2088 2102 inhonoraverit

395 2145 616 2211 patrem
642 2143 741 2191 aut
795 2144 1057 2204 matrem,
1109 2144 1222 2191 tres
1269 2153 1450 2190 annos
1491 2137 1778 2207 poeniteat.
1829 2137 1989 2200 Quod
2039 2135 2087 2189 si

397 2243 632 2280 manum
699 2225 985 2292 levaverit,
1047 2231 1144 2278 aut
1213 2223 1266 2276 ei
1318 2223 1746 2292 percussionem
1801 2223 2080 2276 intulerit.

399 2319 614 2384 septem
638 2327 819 2364 annos
834 2312 1128 2380 paeniteat.

399 2419 525 2472 CAP.
575 2417 724 2472 XCV.
773 2447 840 2457 —
877 2417 1028 2482 Quod
1059 2418 1341 2484 paenitenti
1385 2417 1538 2470 nulla
1579 2419 1797 2483 negotia
1843 2432 2086 2470 exercere

1096 2490 1392 2540 conveniat.

471 2580 581 2640 (Ea:
609 2577 751 2630 decr.
787 2577 976 2630 Leonis
1005 2591 1183 2644 papae,
1208 2579 1383 2644 capite
1403 2575 1514 2646 ‘23.)
1547 2575 1798 2638 Qualiter
1825 2575 1967 2629 lucri
1991 2592 2087 2630 ne-

399 2667 740 2737 gociantem,
765 2671 860 2718 aut
883 2671 1127 2732 excusat,
1163 2671 1260 2716 aut
1291 2664 1480 2733 arguit
1510 2679 1521 2716 :
1549 2665 1682 2732 quia
1711 2669 1795 2716 est
1815 2661 2089 2716 honestus

399 2761 654 2826 questus,
697 2759 753 2808 et
781 2753 982 2824 turpis.
1017 2753 1424 2806 Verumtamen
1451 2751 1754 2821 poenitenti
1789 2752 1986 2804 utilius
2008 2755 2091 2804 est

397 2843 692 2913 dispendia
745 2843 884 2911 pati,
945 2857 1118 2910 quam
1177 2840 1444 2910 periculis
1513 2839 1920 2908 negotiationis
1981 2838 2086 2891 ob-

399 2931 602 3001 stringi
634 2948 646 2984 :
682 2931 817 3000 quia
846 2929 1078 2982 difficile
1110 2933 1196 2981 est
1241 2929 1393 2980 inter
1441 2931 1715 2994 ementes,
1749 2927 2086 2981 vendentes-

401 3037 511 3090 que
543 3019 970 3084 commertium,
1003 3033 1120 3070 non
1147 3015 1492 3068 intervenire
1523 3021 1836 3085 peccatum.

400 3127 529 3180 CAP.
561 3125 744 3178 XCVI.
783 3155 850 3163 —
893 3126 958 3178 Ut
990 3121 1288 3176 sacerdotes
1325 3123 1466 3174 nulli
1500 3124 1869 3190 ptrnitentiam
1903 3123 2087 3191 injun-

733 3199 864 3264 gant
893 3210 960 3247 ea:
992 3194 1166 3260 corde,
1200 3193 1292 3245 sed
1322 3209 1390 3245 ea:
1419 3199 1756 3246 auctoritate.

472 3287 576 3355 (Ea:
665 3285 850 3337 consil.
915 3284 1180 3348 Moguut.,
1265 3296 1386 3349 cap.
1469 3280 1584 3348 24.)
1659 3281 1936 3334 Omnibus
1997 3281 2086 3335 his

399 3381 535 3431 actis
585 3372 856 3426 ventilata
903 3375 988 3424 est
1035 3369 1178 3422 ratio
1237 3370 1601 3437 paenitentiae,
1659 3375 1720 3421 ut
1765 3369 2086 3422 sacerdotes

399 3463 606 3516 certius
633 3460 1045 3528 intelligerent,
1083 3457 1375 3527 quomodo
1419 3457 1802 3511 confessiones
1833 3459 2086 3528 recipere

399 3557 454 3604 et
495 3549 892 3622 paenitentiam
941 3547 1254 3600 secundum
1284 3545 1618 3600 canonicam
1663 3546 2086 3601 institutionem

397 3639 807 3710 paenitentibus
841 3637 1110 3691 deberent
1141 3635 1412 3688 indicare.

399 3748 522 3801 CAP.
569 3745 768 3799 XCVII.
817 3773 886 3782 -—
919 3745 986 3796 Ut
1015 3743 1386 3811 unusquisque
1423 3741 1717 3810 presbyter
1741 3745 1853 3796 octo
1873 3743 2084 3810 princi-

783 3815 940 3883 palia
969 3815 1108 3866 vitia
1135 3829 1232 3881 per
1261 3815 1504 3866 ordinem
1533 3816 1688 3866 sciat.

470 3906 585 3974 (Em
614 3904 812 3970 eodem,
844 3919 964 3972 cap.
996 3905 1072 3970 5.)
1105 3902 1382 3955 Ventilata
1417 3905 1500 3954 est
1552 3899 1696 3953 ratio
1756 3903 1883 3952 octo
1935 3897 2088 3968 prin-

397 3994 668 4064 cipalium
729 3992 1018 4058 vitiorum,
1122 3995 1186 4044 ut
1263 3989 1626 4060 unusquique
1699 3986 2085 4040 diversitatem

395 4084 626 4137 illorum
655 4081 812 4147 sciat,
853 4080 1005 4134 etab
1039 4079 1151 4133 illis
1190 4079 1422 4133 domino
1454 4076 1762 4130 auxiliante
1805 4091 1864 4128 se
1919 4074 2086 4128 intel-

397 4181 536 4251 ligat
565 4179 866 4244 cusludire,
901 4184 954 4232 et
981 4177 1106 4231 aliis
1137 4177 1466 4247 praedicare.

399 4272 524 4326 CAP.
545 4270 770 4324 XCVIII.
797 4301 852 4306 —
890 4269 953 4322 Ut
990 4267 1289 4320 sacerdotes
1313 4265 1600 4327 diligenter
1624 4259 1932 4316 emaminent
1967 4276 2085 4316 con.

978 4339 1244 4407 ﬁtentium
1267 4339 1504 4403 peccata.

469 4429 575 4500 (Ea:
626 4429 824 4493 eodem,
894 4441 1014 4496 cap.
1076 4425 1152 4494 6.)
1215 4425 1283 4478 Ut
1341 4421 1596 4492 episcopi
1656 4425 1712 4474 et
1769 4421 2087 4492 presbyteri

396 4517 724 4571 examinent
762 4516 1008 4586 qualiter
1046 4510 1452 4566 confitentibus
1501 4513 1730 4580 peccata
1777 4509 2088 4580 dijudicent

398 4612 454 4659 et
489 4611 714 4675 tempus
735 4601 1085 4675 poenitentiae
1117 4597 1484 4652 constituant.

399 4695 526 4748 CAP.
578 4693 753 4747 XCIX.
809 4721 873 4729 —
945 4690 1010 4742 Ut
1055 4687 1262 4752 singuli
1317 4685 1621 4755 presbyteri
1679 4685 1923 4754 capitula
1981 4702 2086 4739 au-

469 4765 780 4818 ctoritatica
861 4760 1094 4813 habeant
1175 4755 1248 4810 ad
1330 4755 1752 4811 succurrendum
1817 4758 2084 4828 paeniten-

469 4835 630 4888 tibus.

471 4926 578 4993 (I'Iac
623 4922 822 4985 eodem,
875 4934 994 4986 cap.
1045 4917 1161 4984 26.)
1221 4917 1288 4969 Ut
1347 4915 1738 4987 unusquisque
1793 4917 2088 4987 presbyter

395 5013 642 5083 capitula
671 5009 878 5062 habeat
925 5007 992 5060 de
1042 5006 1375 5074 majoribus,
1429 5007 1514 5058 vel
1563 5004 1882 5058 minoribus
1912 5004 2084 5070 vitiis,

395 5119 500 5174 per
529 5115 656 5169 quae
701 5111 1038 5167 cognoscere
1079 5096 1280 5162 valeat,
1339 5095 1424 5147 vel
1473 5094 1784 5164 praedicare
1823 5093 2085 5156 subditis,

395 5197 460 5245 ut
489 5192 724 5242 caveant
752 5187 821 5240 ab
853 5185 1075 5239 insidiis
1105 5185 1335 5238 diaboli.

395 5281 522 5335 CAP.
584 5277 640 5331 C.
703 5305 772 5316 -ι-
833 5275 915 5328 De
961 5275 1288 5343 presbyteris
1351 5275 1446 5341 qui
1506 5273 1692 5340 culpas
1749 5273 2088 5340 peccantium

465 5354 703 5414 reticent,
735 5348 818 5401 vel
862 5349 1040 5400 minus
1072 5346 1236 5412 digne
1287 5346 1601 5412 paenitentes
1651 5343 1727 5397 ad
1763 5343 2086 5398 reconcilia-

465 5425 659 5476 tionem
689 5419 986 5472 adducunt.

467 5512 581 5580 (Ea:
629 5509 770 5564 decr.
851 5505 1158 5561 Alemandri
1203 5505 1400 5574 papae.)
1455 5505 1524 5558 Ut
1579 5519 1748 5557 nemo
1789 5503 2083 5574 presbyte-

397 5615 590 5652 rorum
621 5598 851 5651 xenium
883 5596 966 5648 vel
999 5595 1380 5664 quodcunque
1427 5593 1882 5647 emolumentum
1935 5599 2080 5646 tem-

1467 332 1874 386 BUBCHABDI
1915 331 2068 385 WOR
2081 329 2444 386 MACIENSIS
2483 328 2798 384 EPISCOPI

382 459 509 515 CAP.
538 458 668 514 XCI.
726 487 794 498 —
821 458 905 510 De
948 458 1061 512 illis
1093 461 1190 525 qui
1217 458 1552 525 sanguinem,
1597 459 1692 511 aut
1724 471 1898 510 semen
1931 456 2069 510 bibe-
2099 458 2146 512 A
2185 457 2400 526 porale,

3739 329 3869 380 1004»

2475 457 2592 510 imo
2675 455 3084 510 detrimentum
3143 454 3398 526 spiritale
3455 471 3488 509 a
3532 471 3872 526 quocunque

2183 547 2412 616 publice
2457 550 2746 616 peccante,
2801 545 2886 597 vel
2943 543 3266 598 incestuoso
3311 543 3570 613 accipiat,
3619 551 3686 598 ut
3753 545 3872 614 epi-

2185 651 2374 704 scopo,
2425 636 2512 688 vel
2555 633 2831 686 ministris
2884 633 3006 702 ejus
3048 639 3344 702 peccatum
3393 633 3546 686 illius
3597 633 3872 686 reticeat:

2186 738 2288 774 nec
2333 739 2437 792 pro
2495 726 2755 791 respectu
2825 722 3102 791 cujusque
3159 737 3442 791 personas,
3498 726 3596 774 aut
3639 738 3878 775 consan-
3935 732 3937 738 '

2186 810 2504 880 guinitatis,
2549 811 2638 864 vel
2693 809 3122 876 familiaritatis,
3195 810 3396 864 alienis
3447 812 3874 864 communicans
3929 861 3938 882 ,

2187 899 2446 969 peccatis,
2506 899 2612 952 hoc
2676 899 2944 968 episcopo
3027 899 3382 952 innotescere
3429 901 3727 968 detrectet,
3775 916 3879 952 nec

2187 1003 2220 1040 a
2288 1003 2584 1058 quoquam
2655 987 2987 1056 poenitente,
3052 991 3151 1040 aut
3225 987 3427 1056 gratia,
3501 994 3599 1040 aut
3665 987 3878 1055 favore,

2189 1080 2288 1129 aut
2327 1092 2536 1128 munus
2593 1076 2882 1144 suscipere
2925 1081 3256 1144 praesumat,
3309 1081 3409 1129 aut
3461 1076 3651 1129 minus
3707 1075 3878 1144 digne

2185 1165 2561 1235 pmnitentem
2626 1164 2698 1217 ad
2759 1163 3287 1218 reconciliationem
3374 1164 3636 1230 adducat,
3713 1170 3770 1217 et
3828 1165 3880 1217 ei

2187 1253 2576 1308 testimonium
2635 1253 3093 1306 reconcilationis
3167 1253 3331 1320 ferat,
3391 1254 3478 1306 vel
3536 1269 3882 1323 quocunque

2189 1343 2366 1396 livore
2414 1341 2591 1394 alium
2659 1340 2956 1410 quenlibet
3012 1341 3242 1411 dignius
3289 1340 3658 1410 paenitentem
3713 1357 3746 1393 a
3799 1357 3886 1394 re-
3937 1342 3939 1356 '

2189 1431 2584 1484 conciliatione
2639 1435 2930 1482 removeat
2998 1445 3010 1482 :
3081 1429 3218 1500 quia
3303 1429 3410 1482 hoc
3466 1429 3883 1500 symoniacum,

2191 1525 2247 1572 et
2279 1521 2390 1572 Deo
2417 1523 2472 1572 et
2501 1517 2830 1571 hominibus
2861 1518 3212 1571 contrarium
3245 1523 3348 1570 est.

2193 1627 2319 1680 CAP.
2352 1625 2437 1680 Cl.
2499 1655 2568 1664 —
2635 1627 2709 1677 De
2773 1625 2883 1678 illis
2946 1628 3042 1692 qui
3109 1627 3472 1678 truncationes
3525 1625 3888 1678 membrorum

2918 1699 3164 1762 fecerint.

2265 1785 2375 1854 (Ea:
2413 1785 2783 1838 Paenitentiali
2857 1783 3140 1854 Romano.)
3201 1783 3310 1848 Qui
3374 1799 3476 1853 per
3531 1782 3712 1836 rixam
3773 1784 3890 1838 ictu

2197 1873 2470 1940 debilem,
2521 1873 2604 1925 vel
2679 1871 2992 1925 deformem
3061 1872 3356 1925 hominem
3427 1872 3644 1936 fecerit,
3692 1873 3892 1926 reddat
3939 1932 3941 1936 τ

2196 1963 2484 2033 impensas
2551 1959 2777 2026 medici,
2867 1966 2922 2013 et
2987 1960 3242 2013 medium
3310 1976 3524 2013 annum
3591 1964 3888 2030 pceniteat.

2195 2052 2250 2106 Si
2301 2066 2418 2104 non
2465 2049 2733 2102 habuerit
2793 2047 2944 2102 unde
3016 2048 3234 2114 reddat,
3281 2063 3498 2101 annum
3549 2064 3732 2101 unum
3773 2065 3890 2118 p03-

2195 2141 2391 2194 niteat.
2447 2137 2502 2193 Si
2543 2137 2720 2191 laicus
2777 2153 2880 2207 per
2937 2137 3136 2191 dolum
3193 2138 3534 2206 sanguinem
3599 2136 3889 2204 effuderit,

2195 2227 2395 2282 reddat
2450 2227 2532 2280 illi
2591 2231 2814 2279 tantum
2848 2231 3128 2295 quantum
3175 2226 3409 2278 nocuit:
3443 2232 3498 2277 et
3537 2223 3736 2277 sinon
3788 2225 3890 2278 ha-

2199 2317 2292 2371 bet
2344 2315 2497 2370 unde
2563 2315 2784 2380 reddat,
2837 2315 3017 2368 solvat
3095 2315 3157 2367 in
3221 2329 3394 2384 opera
3477 2313 3722 2382 proximi
3779 2315 3892 2382 sui,

2197 2421 2369 2477 quam
2421 2403 2518 2457 diu
2577 2402 2672 2456 ille
2728 2402 2993 2456 inﬁrmus
3067 2409 3171 2468 est,
3232 2409 3287 2455 et
3341 2407 3537 2472 postea
3601 2402 3685 2456 XL
3772 2402 3894 2456 dies

2197 2493 2255 2546 in
2289 2509 2436 2564 pane
2475 2497 2530 2544 et
2550 2507 2698 2561 aqua
2726 2490 3016 2561 paeniteat.

2651 2581 2776 2634 Car.
2809 2577 2921 2632 Cll.
2957 2607 3026 2619 -
3055 2581 3128 2632 De
3152 2579 3334 2632 eadem
3366 2595 3440 2634 re.

2273 2669 2382 2740 (Ea:
2429 2669 2802 2722 Poenitentiali
2857 2667 3014 2721 Beda:
3113 2667 3458 2738 presbyteri.)
3536 2667 3641 2732 Qui
3713 2667 3892 2722 ictum

2199 2758 2462 2828 proximo
2519 2755 2757 2822 dederit,
2816 2759 2872 2808 et
2931 2771 3044 2808 non
3104 2757 3379 2824 nocuerit,
3435 2763 3550 2810 tres
3611 2757 3732 2809 dies
3787 2773 3898 2826 pce-

2201 2847 2378 2900 niteat
2435 2845 2496 2897 in
2555 2860 2702 2914 pane
2763 2847 2820 2896 et
2873 2859 3039 2914 aqua.
3097 2843 3153 2898 Si
3209 2844 3470 2906 clericus,
3535 2859 3752 2897 annum
3807 2845 3896 2897 vel

2199 2935 2523 2988 dimidium.
2602 2931 2660 2986 Si
2725 2931 2853 3002 quis
2951 2931 3129 3001 aliqui
3212 2933 3510 3002 quodlibet
3565 2933 3894 2986 membrum

2121 3025 2162 3081 C
2199 3021 2493 3075 voluntate
2522 3037 2626 3072 sua
2655 3019 3021 3086 truncaverit,
3055 3025 3163 3072 tres
3181 3036 3362 3072 annos
3385 3021 3678 3089 poeniteat,
3715 3037 3904 3098 unum

2197 3127 2262 3165 ex
2349 3109 2437 3163 his
2501 3109 2564 3161 in
2629 3124 2778 3178 pane
2845 3113 2900 3160 et
3000 3125 3167 3178 aqua.
3233 3109 3460 3162 Parvuli
3523 3109 3766 3162 invicem
3835 3126 3894 3163 se

2195 3199 2604 3270 percutientes,
2660 3202 2776 3250 tres
2833 3195 3001 3250 dies:
3045 3196 3102 3251 Si
3155 3213 3286 3249 vero
3341 3197 3750 3262 adolescentes,
3809 3197 3896 3250 XX

2198 3289 2316 3343 dies
2345 3286 2681 3358 poeniteant.

2199 3393 2324 3447 CAP.
2361 3393 2498 3466 CIII.
2537 3421 2608 3466 τ-
2652 3394 2748 3466 _De
2812 3393 2926 3445 illis
3006 3392 3121 3466 qui,
3168 3393 3424 3466 ducatum
3457 3396 3776 3466 praestant,
3847 3398 3897 3446 et

2447 3463 2840 3532 depraedatores
2871 3478 3032 3531 super
3061 3464 3401 3518 Christianos
3432 3463 3654 3516 ducunt.

2267 3553 2388 3622 (Ea:
2446 3552 2815 3606 Parnitentiali
2871 3553 3154 3618 Romano.)
3207 3552 3264 3605 Si
3323 3552 3451 3622 quis
3505 3553 3726 3621 prabet
3785 3553 3894 3606 du-

2197 3646 2388 3693 catum
2439 3655 2611 3709 super
2667 3639 3014 3693 Christianos
3071 3645 3134 3693 ut
3186 3639 3606 3710 depraedentur,
3663 3645 3722 3694 et
3779 3657 3898 3694 non

2198 3719 2463 3782 acciderit
2529 3734 2745 3798 strages
2801 3727 3277 3796 Christianorum,
3339 3733 3454 3782 tres
3515 3743 3694 3781 annos
3779 3745 3898 3800 poe-

2197 3817 2395 3872 niteat.
2455 3817 2551 3872 Sin
2623 3833 2771 3878 vero,
2840 3817 3034 3886 ejectis
3117 3817 3313 3882 armis,
3374 3833 3551 3888 usque
3617 3817 3686 3871 ad
3734 3834 3890 3871 mor-

2197 3912 2316 3960 tem
2345 3906 2558 3960 mundo
2591 3911 2852 3958 mortuus
2891 3905 3058 3958 vivat.

2234 3994 2362 4048 CAP.
2407 3993 2535 4048 CIV.
2564 4023 2632 4030 —
2679 3995 2753 4045 De
2783 3993 2896 4045 illis
2930 3993 3025 4058 qui
3053 4007 3150 4059 per
3179 4007 3412 4045 amorem
3441 3995 3660 4062 veneﬁci
3685 3995 3844 4062 ﬁunt.

2272 4084 2382 4150 (Em
2431 4082 2795 4136 Pwnitentiali
2876 4080 3179 4146 Theodori.)
3253 4080 3310 4133 Si
3377 4082 3505 4151 quis
3565 4097 3669 4152 per
3734 4098 3895 4136 amo-

2199 4187 2320 4225 rem
2397 4169 2680 4222 veneticus
2773 4169 2858 4233 ﬁt,
2935 4173 2990 4221 et
3066 4167 3358 4222 neminem
3435 4170 3769 4240 perdiderit.
3839 4171 3902 4225 Si

2201 4259 2438 4312 clericus
2496 4261 2598 4322 est,
2665 4273 2883 4310 annum
2947 4257 3245 4326 paeniteat,
3298 4257 3359 4311 in
3407 4274 3553 4328 pane
3611 4263 3668 4312 et
3719 4275 3896 4329 aqua.

2197 4347 2256 4402 Si
2341 4347 2738 4412 subdiaconus,
2826 4347 2960 4400 duo.
3031 4347 3090 4400 Si
3160 4347 3451 4414 diaconus,
3512 4352 3648 4414 tres,
3711 4364 3899 4401 unum

2197 4452 2261 4491 ex
2337 4435 2425 4490 his
2491 4435 2549 4488 in
2613 4451 2761 4506 pane
2831 4439 2888 4489 et
2948 4451 3119 4505 aqua,
3201 4442 3258 4488 et
3325 4435 3499 4488 laicus
3563 4435 3902 4490 dimidium-

2196 4541 2412 4581 annum
2442 4524 2733 4594 pceniteat,
2767 4523 3012 4577 maxime
3035 4523 3080 4576 si
3115 4540 3218 4593 per
3247 4525 3353 4578 hoc
3383 4523 3641 4577 mulieris
3661 4531 3896 4594 partum

2197 4615 2441 4686 quisque
2495 4613 2801 4683 deceperit,
2853 4619 2968 4666 tres
3000 4629 3182 4666 annos
3233 4613 3628 4684 unusquisque
3685 4631 3898 4684 super-

2197 4707 2403 4774 augeat
2431 4702 2490 4755 in
2516 4718 2663 4772 pane
2685 4706 2739 4756 et
2768 4717 2936 4772 aqua,
2967 4718 3037 4755 ne
3069 4701 3392 4755 homicidiis
3425 4717 3553 4755 reus
3585 4702 3676 4760 sit.

2196 4809 2324 4864 CAP.
2386 4809 2490 4861 CV.
2559 4836 2628 4846 —
2677 4810 2750 4860 De
2807 4809 2920 4861 illis
2973 4809 3070 4876 qui
3127 4807 3394 4860 haereticis
3447 4809 3759 4876 nescientes,
3813 4809 3900 4862 vel

2453 4880 2676 4932 scientes
2715 4893 2770 4932 se
2799 4881 2858 4932 in
2887 4878 3163 4945 aliquibus
3187 4880 3634 4932 commiscuerint.

2267 4970 2375 5036 (Ea:
2419 4967 2563 5020 decr.
2605 4969 2931 5034 Eutychian.
2973 4967 3180 5036 papa.)
3227 4966 3284 5020 Si
3341 4967 3468 5037 quis
3516 4967 3758 5032 dederit,
3796 4971 3900 5021 aut

2197 5055 2481 5126 exceperit
2545 5055 3012 5108 communionem
3069 5055 3138 5109 de
3221 5071 3397 5108 manu
3479 5055 3762 5121 haeretici,
3839 5061 3898 5108 et

2196 5145 2374 5199 nescit
2427 5143 2580 5216 quod
2635 5143 2918 5197 catholica
2979 5141 3219 5196 Ecclesia
3278 5143 3636 5208 contradicit,
3695 5147 3898 5214 postea

2193 5234 2566 5303 intelligens:
2624 5249 2840 5286 annum
2883 5231 3172 5302 integrum
3227 5233 3519 5301 poeniteat.
3581 5231 3638 5286 Si
3699 5239 3896 5286 autem

2194 5324 2317 5382 scit,
2366 5327 2422 5376 et
2479 5321 2814 5390 neglexerit,
2872 5329 2928 5374 et
2985 5325 3184 5390 postea
3227 5319 3624 5391 paenitentiam
3686 5319 3890 5390 egerit,

2193 5412 2388 5466 decem
2445 5425 2625 5463 annos
2679 5409 2968 5479 paeniteat,
3029 5409 3126 5463 alii
3179 5410 3442 5479 judicant
3497 5415 3764 5480 septem:
3838 5413 3894 5462 et

2194 5499 2502 5555 humanius
2529 5499 2569 5552 V
2599 5515 2780 5552 annos
2809 5499 3102 5568 paeniteat.
3151 5499 3208 5552 Si
3249 5499 3375 5569 quis
3419 5498 3746 5572 permiserit
3779 5498 3894 5552 hae-

2195 5591 2436 5644 reticum
2490 5589 2713 5644 Missam
2775 5605 2935 5642 suam
2990 5587 3276 5642 celebrare
3325 5588 3387 5642 in
3417 5587 3662 5642 Ecclesia
3689 5587 3886 5641 catho-
