  <div class='ocr_page' id='page_1' title='image "/cluster/home/n/w/nwhite01/storage/ocr_20150623/140/umn.31951002477433x/554.png"; bbox 0 0 3950 6308; ppageno 0'>
   <div class='ocr_carea' id='block_1_1' title="bbox 68 419 202 468">
    <p class='ocr_par' dir='ltr' id='par_1_1' title="bbox 68 419 202 468">
     <span class='ocr_line' id='line_1_1' title="bbox 68 419 202 468; baseline -0.007 0"><span class='ocrx_word' id='word_1_1' title='bbox 68 419 202 468; x_wconf 75' lang='grc'>1005</span> 
     </span>
    </p>
   </div>
   <div class='ocr_carea' id='block_1_2' title="bbox 879 413 2722 473">
    <p class='ocr_par' dir='ltr' id='par_1_2' title="bbox 879 413 2722 473">
     <span class='ocr_line' id='line_1_2' title="bbox 879 413 2722 473; baseline -0.003 -5"><span class='ocrx_word' id='word_1_2' title='bbox 879 415 1353 470; x_wconf 81' lang='lat' dir='ltr'>DECRETORUM</span> <span class='ocrx_word' id='word_1_3' title='bbox 1396 416 1578 470; x_wconf 84' lang='lat' dir='ltr'>LIBRI</span> <span class='ocrx_word' id='word_1_4' title='bbox 1620 417 1727 470; x_wconf 83' lang='lat' dir='ltr'><strong>XX.</strong></span> <span class='ocrx_word' id='word_1_5' title='bbox 1764 446 1831 455; x_wconf 92' lang='lat'><strong>—</strong></span> <span class='ocrx_word' id='word_1_6' title='bbox 1878 417 2081 473; x_wconf 82' lang='lat' dir='ltr'>LIBER</span> <span class='ocrx_word' id='word_1_7' title='bbox 2130 414 2439 470; x_wconf 77' lang='lat' dir='ltr'>DECIMUS</span> <span class='ocrx_word' id='word_1_8' title='bbox 2478 413 2722 469; x_wconf 84' lang='lat' dir='ltr'>NONUS.</span> 
     </span>
    </p>
   </div>
   <div class='ocr_carea' id='block_1_3' title="bbox 3426 420 3559 470">
    <p class='ocr_par' dir='ltr' id='par_1_3' title="bbox 3426 420 3559 470">
     <span class='ocr_line' id='line_1_3' title="bbox 3426 420 3559 470; baseline 0 0"><span class='ocrx_word' id='word_1_9' title='bbox 3426 420 3559 470; x_wconf 80' lang='lat' dir='ltr'>I006</span> 
     </span>
    </p>
   </div>
   <div class='ocr_carea' id='block_1_4' title="bbox 62 537 3557 610">
    <p class='ocr_par' dir='ltr' id='par_1_4' title="bbox 62 537 3557 610">
     <span class='ocr_line' id='line_1_4' title="bbox 62 537 3557 610; baseline 0.001 -20"><span class='ocrx_word' id='word_1_10' title='bbox 62 538 190 603; x_wconf 88' lang='lat' dir='ltr'>lica,</span> <span class='ocrx_word' id='word_1_11' title='bbox 250 542 305 591; x_wconf 93' lang='lat' dir='ltr'>et</span> <span class='ocrx_word' id='word_1_12' title='bbox 380 537 576 602; x_wconf 86' lang='lat' dir='ltr'>nescit,</span> <span class='ocrx_word' id='word_1_13' title='bbox 632 538 717 591; x_wconf 88' lang='lat' dir='ltr'><strong>XL</strong></span> <span class='ocrx_word' id='word_1_14' title='bbox 782 538 903 591; x_wconf 90' lang='lat' dir='ltr'>dies</span> <span class='ocrx_word' id='word_1_15' title='bbox 968 538 1258 608; x_wconf 76' lang='lat' dir='ltr'>poeniteat.</span> <span class='ocrx_word' id='word_1_16' title='bbox 1336 539 1393 593; x_wconf 89' lang='lat' dir='ltr'>Si</span> <span class='ocrx_word' id='word_1_17' title='bbox 1444 556 1546 609; x_wconf 89' lang='lat' dir='ltr'>pro</span> <span class='ocrx_word' id='word_1_18' title='bbox 1600 556 1753 592; x_wconf 90' lang='lat' dir='ltr'>reve-</span> <span class='ocrx_word' id='word_1_19' title='bbox 1786 543 1830 592; x_wconf 85' lang='lat' dir='ltr'><strong>A</strong></span> <span class='ocrx_word' id='word_1_20' title='bbox 1870 540 1938 594; x_wconf 89' lang='lat' dir='ltr'>ad</span> <span class='ocrx_word' id='word_1_21' title='bbox 1989 555 2160 610; x_wconf 87' lang='lat' dir='ltr'>quem</span> <span class='ocrx_word' id='word_1_22' title='bbox 2227 538 2478 592; x_wconf 86' lang='lat' dir='ltr'>dicitur:</span> <span class='ocrx_word' id='word_1_23' title='bbox 2526 538 2603 590; x_wconf 89' lang='lat' dir='ltr'>Tu</span> <span class='ocrx_word' id='word_1_24' title='bbox 2664 538 2818 591; x_wconf 88' lang='lat' dir='ltr'>solus</span> <span class='ocrx_word' id='word_1_25' title='bbox 2876 537 3027 592; x_wconf 82' lang='lat' dir='ltr'>nosti</span> <span class='ocrx_word' id='word_1_26' title='bbox 3079 542 3250 593; x_wconf 89' lang='lat' dir='ltr'>corda</span> <span class='ocrx_word' id='word_1_27' title='bbox 3308 540 3557 595; x_wconf 82' lang='lat' dir='ltr'>filiorum</span> 
     </span>
    </p>
   </div>
   <div class='ocr_carea' id='block_1_5' title="bbox 60 623 1758 697">
    <p class='ocr_par' dir='ltr' id='par_1_5' title="bbox 60 623 1758 697">
     <span class='ocr_line' id='line_1_5' title="bbox 60 623 1758 697; baseline 0.002 -21"><span class='ocrx_word' id='word_1_28' title='bbox 60 624 248 677; x_wconf 87' lang='lat' dir='ltr'>rentia</span> <span class='ocrx_word' id='word_1_29' title='bbox 302 623 447 694; x_wconf 87' lang='lat' dir='ltr'>ejus,</span> <span class='ocrx_word' id='word_1_30' title='bbox 516 641 731 677; x_wconf 90' lang='lat' dir='ltr'>annum</span> <span class='ocrx_word' id='word_1_31' title='bbox 806 626 1095 695; x_wconf 85' lang='lat' dir='ltr'>integrum</span> <span class='ocrx_word' id='word_1_32' title='bbox 1171 627 1465 696; x_wconf 66' lang='lat' dir='ltr'>poeniteat.</span> <span class='ocrx_word' id='word_1_33' title='bbox 1527 627 1585 681; x_wconf 90' lang='lat' dir='ltr'>Si</span> <span class='ocrx_word' id='word_1_34' title='bbox 1655 644 1758 697; x_wconf 90' lang='lat' dir='ltr'>pro</span> 
     </span>
    </p>
   </div>
   <div class='ocr_carea' id='block_1_6' title="bbox 59 712 1757 779">
    <p class='ocr_par' dir='ltr' id='par_1_6' title="bbox 59 712 1757 779">
     <span class='ocr_line' id='line_1_6' title="bbox 59 712 1757 779; baseline 0.002 -14"><span class='ocrx_word' id='word_1_35' title='bbox 59 712 425 766; x_wconf 85' lang='lat' dir='ltr'>damnatione</span> <span class='ocrx_word' id='word_1_36' title='bbox 493 714 751 767; x_wconf 65' lang='lat' dir='ltr'>Ecclesia:</span> <span class='ocrx_word' id='word_1_37' title='bbox 820 715 1134 779; x_wconf 69' lang='lat' dir='ltr'>catholicae,</span> <span class='ocrx_word' id='word_1_38' title='bbox 1207 720 1261 768; x_wconf 91' lang='lat' dir='ltr'>et</span> <span class='ocrx_word' id='word_1_39' title='bbox 1347 716 1757 769; x_wconf 77' lang='lat' dir='ltr'>consuetudine</span> 
     </span>
    </p>
   </div>
   <div class='ocr_carea' id='block_1_7' title="bbox 59 801 1753 872">
    <p class='ocr_par' dir='ltr' id='par_1_7' title="bbox 59 801 1753 872">
     <span class='ocr_line' id='line_1_7' title="bbox 59 801 1753 872; baseline 0.001 -18"><span class='ocrx_word' id='word_1_40' title='bbox 59 801 452 855; x_wconf 83' lang='lat' dir='ltr'>Romanorum</span> <span class='ocrx_word' id='word_1_41' title='bbox 538 802 872 872; x_wconf 85' lang='lat' dir='ltr'>projiciatur</span> <span class='ocrx_word' id='word_1_42' title='bbox 952 803 1021 856; x_wconf 88' lang='lat' dir='ltr'>ab</span> <span class='ocrx_word' id='word_1_43' title='bbox 1108 803 1350 856; x_wconf 78' lang='lat' dir='ltr'>Ecclesia</span> <span class='ocrx_word' id='word_1_44' title='bbox 1437 803 1585 857; x_wconf 91' lang='lat' dir='ltr'>sicut</span> <span class='ocrx_word' id='word_1_45' title='bbox 1640 804 1753 857; x_wconf 88' lang='lat' dir='ltr'>hae-</span> 
     </span>
    </p>
   </div>
   <div class='ocr_carea' id='block_1_8' title="bbox 58 890 1756 961">
    <p class='ocr_par' dir='ltr' id='par_1_8' title="bbox 58 890 1756 961">
     <span class='ocr_line' id='line_1_8' title="bbox 58 890 1756 961; baseline 0.001 -17"><span class='ocrx_word' id='word_1_46' title='bbox 58 890 294 957; x_wconf 82' lang='lat' dir='ltr'>reticus,</span> <span class='ocrx_word' id='word_1_47' title='bbox 372 890 482 943; x_wconf 87' lang='lat' dir='ltr'>nisi</span> <span class='ocrx_word' id='word_1_48' title='bbox 534 891 740 945; x_wconf 86' lang='lat' dir='ltr'>habeat</span> <span class='ocrx_word' id='word_1_49' title='bbox 795 892 1215 961; x_wconf 65' lang='lat' dir='ltr'>paenitentiam,</span> <span class='ocrx_word' id='word_1_50' title='bbox 1269 892 1317 945; x_wconf 87' lang='lat' dir='ltr'>si</span> <span class='ocrx_word' id='word_1_51' title='bbox 1374 892 1656 955; x_wconf 78' lang='lat' dir='ltr'>habuerit,</span> <span class='ocrx_word' id='word_1_52' title='bbox 1713 894 1756 947; x_wconf 90' lang='lat' dir='ltr'>X</span> 
     </span>
    </p>
   </div>
   <div class='ocr_carea' id='block_1_9' title="bbox 59 979 1755 1049">
    <p class='ocr_par' dir='ltr' id='par_1_9' title="bbox 59 979 1755 1049">
     <span class='ocr_line' id='line_1_9' title="bbox 59 979 1755 1049; baseline 0.001 -17"><span class='ocrx_word' id='word_1_53' title='bbox 59 995 242 1033; x_wconf 89' lang='lat' dir='ltr'>annos</span> <span class='ocrx_word' id='word_1_54' title='bbox 297 981 591 1049; x_wconf 67' lang='lat' dir='ltr'>paeniteat.</span> <span class='ocrx_word' id='word_1_55' title='bbox 649 979 707 1033; x_wconf 88' lang='lat' dir='ltr'>Si</span> <span class='ocrx_word' id='word_1_56' title='bbox 790 980 1083 1033; x_wconf 82' lang='lat' dir='ltr'>recesserit</span> <span class='ocrx_word' id='word_1_57' title='bbox 1140 981 1209 1033; x_wconf 90' lang='lat' dir='ltr'>ab</span> <span class='ocrx_word' id='word_1_58' title='bbox 1258 981 1501 1033; x_wconf 82' lang='lat' dir='ltr'>Ecclesia</span> <span class='ocrx_word' id='word_1_59' title='bbox 1560 981 1755 1034; x_wconf 86' lang='lat' dir='ltr'>catho-</span> 
     </span>
    </p>
   </div>
   <div class='ocr_carea' id='block_1_10' title="bbox 56 1067 1757 1137">
    <p class='ocr_par' dir='ltr' id='par_1_10' title="bbox 56 1067 1757 1137">
     <span class='ocr_line' id='line_1_10' title="bbox 56 1067 1757 1137; baseline 0.001 -17"><span class='ocrx_word' id='word_1_60' title='bbox 56 1068 171 1120; x_wconf 89' lang='lat' dir='ltr'>lica</span> <span class='ocrx_word' id='word_1_61' title='bbox 254 1067 314 1120; x_wconf 92' lang='lat' dir='ltr'>in</span> <span class='ocrx_word' id='word_1_62' title='bbox 396 1068 897 1137; x_wconf 83' lang='lat' dir='ltr'>congregationem</span> <span class='ocrx_word' id='word_1_63' title='bbox 985 1067 1408 1133; x_wconf 67' lang='lat' dir='ltr'>haereticorum,</span> <span class='ocrx_word' id='word_1_64' title='bbox 1494 1074 1551 1122; x_wconf 89' lang='lat' dir='ltr'>et</span> <span class='ocrx_word' id='word_1_65' title='bbox 1617 1070 1757 1122; x_wconf 88' lang='lat' dir='ltr'>alios</span> 
     </span>
    </p>
   </div>
   <div class='ocr_carea' id='block_1_11' title="bbox 60 1156 1757 1228">
    <p class='ocr_par' dir='ltr' id='par_1_11' title="bbox 60 1156 1757 1228">
     <span class='ocr_line' id='line_1_11' title="bbox 60 1156 1757 1228; baseline -0.001 -18"><span class='ocrx_word' id='word_1_66' title='bbox 60 1158 432 1227; x_wconf 82' lang='lat' dir='ltr'>persuaserit,</span> <span class='ocrx_word' id='word_1_67' title='bbox 482 1163 679 1227; x_wconf 90' lang='lat' dir='ltr'>postea</span> <span class='ocrx_word' id='word_1_68' title='bbox 732 1156 1129 1227; x_wconf 74' lang='lat' dir='ltr'>pcenitentiam</span> <span class='ocrx_word' id='word_1_69' title='bbox 1178 1157 1379 1228; x_wconf 84' lang='lat' dir='ltr'>egerit,</span> <span class='ocrx_word' id='word_1_70' title='bbox 1426 1158 1519 1212; x_wconf 87' lang='lat' dir='ltr'>XII</span> <span class='ocrx_word' id='word_1_71' title='bbox 1577 1173 1757 1210; x_wconf 89' lang='lat' dir='ltr'>annos</span> 
     </span>
    </p>
   </div>
   <div class='ocr_carea' id='block_1_12' title="bbox 58 1245 1758 1316">
    <p class='ocr_par' dir='ltr' id='par_1_12' title="bbox 58 1245 1758 1316">
     <span class='ocr_line' id='line_1_12' title="bbox 58 1245 1758 1316; baseline 0 -17"><span class='ocrx_word' id='word_1_72' title='bbox 58 1247 339 1316; x_wconf 73' lang='lat' dir='ltr'>poeniteat</span> <span class='ocrx_word' id='word_1_73' title='bbox 362 1263 372 1299; x_wconf 91' lang='lat'>:</span> <span class='ocrx_word' id='word_1_74' title='bbox 399 1248 645 1316; x_wconf 87' lang='lat' dir='ltr'>quatuor</span> <span class='ocrx_word' id='word_1_75' title='bbox 667 1262 847 1297; x_wconf 91' lang='lat' dir='ltr'>annos</span> <span class='ocrx_word' id='word_1_76' title='bbox 865 1249 1022 1298; x_wconf 81' lang='lat' dir='ltr'>extra</span> <span class='ocrx_word' id='word_1_77' title='bbox 1048 1246 1374 1307; x_wconf 86' lang='lat' dir='ltr'>Ecclesiam,</span> <span class='ocrx_word' id='word_1_78' title='bbox 1406 1253 1461 1300; x_wconf 91' lang='lat' dir='ltr'>et</span> <span class='ocrx_word' id='word_1_79' title='bbox 1493 1261 1583 1299; x_wconf 89' lang='lat' dir='ltr'>sex</span> <span class='ocrx_word' id='word_1_80' title='bbox 1608 1245 1758 1299; x_wconf 92' lang='lat' dir='ltr'>inter</span> 
     </span>
    </p>
   </div>
   <div class='ocr_carea' id='block_1_13' title="bbox 55 1334 1756 1401">
    <p class='ocr_par' dir='ltr' id='par_1_13' title="bbox 55 1334 1756 1401">
     <span class='ocr_line' id='line_1_13' title="bbox 55 1334 1756 1401; baseline 0.001 -14"><span class='ocrx_word' id='word_1_81' title='bbox 55 1334 367 1401; x_wconf 86' lang='lat' dir='ltr'>auditores,</span> <span class='ocrx_word' id='word_1_82' title='bbox 424 1339 480 1387; x_wconf 94' lang='lat' dir='ltr'>et</span> <span class='ocrx_word' id='word_1_83' title='bbox 514 1334 627 1386; x_wconf 90' lang='lat' dir='ltr'>duo</span> <span class='ocrx_word' id='word_1_84' title='bbox 681 1334 868 1387; x_wconf 89' lang='lat' dir='ltr'>adhuc</span> <span class='ocrx_word' id='word_1_85' title='bbox 925 1340 1083 1386; x_wconf 84' lang='lat' dir='ltr'>extra</span> <span class='ocrx_word' id='word_1_86' title='bbox 1139 1334 1632 1388; x_wconf 86' lang='lat' dir='ltr'>communionem.</span> <span class='ocrx_word' id='word_1_87' title='bbox 1678 1335 1756 1388; x_wconf 92' lang='lat' dir='ltr'>De</span> 
     </span>
    </p>
   </div>
   <div class='ocr_carea' id='block_1_14' title="bbox 54 1421 1755 1487">
    <p class='ocr_par' dir='ltr' id='par_1_14' title="bbox 54 1421 1755 1487">
     <span class='ocr_line' id='line_1_14' title="bbox 54 1421 1755 1487; baseline -0.001 -10"><span class='ocrx_word' id='word_1_88' title='bbox 54 1423 144 1477; x_wconf 89' lang='lat' dir='ltr'>his</span> <span class='ocrx_word' id='word_1_89' title='bbox 170 1422 232 1477; x_wconf 86' lang='lat' dir='ltr'>in</span> <span class='ocrx_word' id='word_1_90' title='bbox 262 1439 479 1477; x_wconf 91' lang='lat' dir='ltr'>canone</span> <span class='ocrx_word' id='word_1_91' title='bbox 512 1422 740 1487; x_wconf 90' lang='lat' dir='ltr'>dicitur,</span> <span class='ocrx_word' id='word_1_92' title='bbox 772 1427 831 1474; x_wconf 94' lang='lat' dir='ltr'>ut</span> <span class='ocrx_word' id='word_1_93' title='bbox 861 1421 909 1473; x_wconf 89' lang='grc' dir='ltr'>Χ</span> <span class='ocrx_word' id='word_1_94' title='bbox 936 1438 1086 1475; x_wconf 88' lang='lat' dir='ltr'>anno</span> <span class='ocrx_word' id='word_1_95' title='bbox 1138 1423 1601 1475; x_wconf 87' lang='lat' dir='ltr'>communionem</span> <span class='ocrx_word' id='word_1_96' title='bbox 1634 1421 1755 1475; x_wconf 90' lang='lat' dir='ltr'>sine</span> 
     </span>
    </p>
   </div>
   <div class='ocr_carea' id='block_1_15' title="bbox 56 1510 1758 1580">
    <p class='ocr_par' dir='ltr' id='par_1_15' title="bbox 56 1510 1758 1580">
     <span class='ocr_line' id='line_1_15' title="bbox 56 1510 1758 1580; baseline -0.001 -15"><span class='ocrx_word' id='word_1_97' title='bbox 56 1511 349 1565; x_wconf 89' lang='lat' dir='ltr'>oblatione</span> <span class='ocrx_word' id='word_1_98' title='bbox 396 1510 690 1580; x_wconf 85' lang='lat' dir='ltr'>recipiant.</span> <span class='ocrx_word' id='word_1_99' title='bbox 748 1510 805 1564; x_wconf 90' lang='lat' dir='ltr'>Si</span> <span class='ocrx_word' id='word_1_100' title='bbox 863 1510 1165 1580; x_wconf 90' lang='lat' dir='ltr'>episcopus</span> <span class='ocrx_word' id='word_1_101' title='bbox 1213 1514 1310 1563; x_wconf 91' lang='lat' dir='ltr'>aut</span> <span class='ocrx_word' id='word_1_102' title='bbox 1365 1510 1539 1563; x_wconf 90' lang='lat' dir='ltr'>abbas</span> <span class='ocrx_word' id='word_1_103' title='bbox 1590 1510 1758 1580; x_wconf 85' lang='lat' dir='ltr'>jubet</span> 
     </span>
    </p>
   </div>
   <div class='ocr_carea' id='block_1_16' title="bbox 54 1598 1731 1669">
    <p class='ocr_par' dir='ltr' id='par_1_16' title="bbox 54 1598 1731 1669">
     <span class='ocr_line' id='line_1_16' title="bbox 54 1598 1731 1669; baseline -0.001 -16"><span class='ocrx_word' id='word_1_104' title='bbox 54 1599 341 1653; x_wconf 90' lang='lat' dir='ltr'>monacho</span> <span class='ocrx_word' id='word_1_105' title='bbox 374 1616 474 1652; x_wconf 91' lang='lat' dir='ltr'>suo</span> <span class='ocrx_word' id='word_1_106' title='bbox 508 1616 613 1669; x_wconf 90' lang='lat' dir='ltr'>pro</span> <span class='ocrx_word' id='word_1_107' title='bbox 652 1598 934 1652; x_wconf 72' lang='lat' dir='ltr'>limreticis</span> <span class='ocrx_word' id='word_1_108' title='bbox 977 1599 1220 1652; x_wconf 82' lang='lat' dir='ltr'>mortuis</span> <span class='ocrx_word' id='word_1_109' title='bbox 1268 1598 1459 1653; x_wconf 84' lang='lat' dir='ltr'>Missas</span> <span class='ocrx_word' id='word_1_110' title='bbox 1504 1604 1731 1652; x_wconf 86' lang='lat' dir='ltr'>cantare</span> 
     </span>
    </p>
   </div>
   <div class='ocr_carea' id='block_1_17' title="bbox 56 1686 1754 1756">
    <p class='ocr_par' dir='ltr' id='par_1_17' title="bbox 56 1686 1754 1756">
     <span class='ocr_line' id='line_1_17' title="bbox 56 1686 1754 1756; baseline -0.001 -15"><span class='ocrx_word' id='word_1_111' title='bbox 56 1705 174 1741; x_wconf 91' lang='lat' dir='ltr'>non</span> <span class='ocrx_word' id='word_1_112' title='bbox 206 1687 359 1752; x_wconf 90' lang='lat' dir='ltr'>licet,</span> <span class='ocrx_word' id='word_1_113' title='bbox 393 1692 447 1740; x_wconf 91' lang='lat' dir='ltr'>et</span> <span class='ocrx_word' id='word_1_114' title='bbox 476 1703 593 1740; x_wconf 92' lang='lat' dir='ltr'>non</span> <span class='ocrx_word' id='word_1_115' title='bbox 626 1686 852 1756; x_wconf 83' lang='lat' dir='ltr'>expedit</span> <span class='ocrx_word' id='word_1_116' title='bbox 882 1686 1112 1740; x_wconf 90' lang='lat' dir='ltr'>obedire</span> <span class='ocrx_word' id='word_1_117' title='bbox 1172 1686 1273 1740; x_wconf 89' lang='lat' dir='ltr'>eis.</span> <span class='ocrx_word' id='word_1_118' title='bbox 1324 1687 1381 1740; x_wconf 93' lang='lat' dir='ltr'>Si</span> <span class='ocrx_word' id='word_1_119' title='bbox 1425 1686 1754 1755; x_wconf 77' lang='lat' dir='ltr'>presbytero</span> 
     </span>
    </p>
   </div>
   <div class='ocr_carea' id='block_1_18' title="bbox 55 1774 1753 1843">
    <p class='ocr_par' dir='ltr' id='par_1_18' title="bbox 55 1774 1753 1843">
     <span class='ocr_line' id='line_1_18' title="bbox 55 1774 1753 1843; baseline 0 -16"><span class='ocrx_word' id='word_1_120' title='bbox 55 1774 385 1843; x_wconf 83' lang='lat' dir='ltr'>contigerit,</span> <span class='ocrx_word' id='word_1_121' title='bbox 429 1774 527 1827; x_wconf 92' lang='lat' dir='ltr'>ubi</span> <span class='ocrx_word' id='word_1_122' title='bbox 568 1775 793 1828; x_wconf 85' lang='lat' dir='ltr'>Missam</span> <span class='ocrx_word' id='word_1_123' title='bbox 822 1774 1153 1841; x_wconf 84' lang='lat' dir='ltr'>cantavcrit,</span> <span class='ocrx_word' id='word_1_124' title='bbox 1205 1782 1261 1827; x_wconf 94' lang='lat' dir='ltr'>et</span> <span class='ocrx_word' id='word_1_125' title='bbox 1291 1776 1440 1828; x_wconf 90' lang='lat' dir='ltr'>alius</span> <span class='ocrx_word' id='word_1_126' title='bbox 1485 1775 1753 1828; x_wconf 87' lang='lat' dir='ltr'>recitave-</span> 
     </span>
    </p>
   </div>
   <div class='ocr_carea' id='block_1_19' title="bbox 54 1863 1755 1929">
    <p class='ocr_par' dir='ltr' id='par_1_19' title="bbox 54 1863 1755 1929">
     <span class='ocr_line' id='line_1_19' title="bbox 54 1863 1755 1929; baseline 0.001 -13"><span class='ocrx_word' id='word_1_127' title='bbox 54 1864 130 1917; x_wconf 87' lang='lat' dir='ltr'>rit</span> <span class='ocrx_word' id='word_1_128' title='bbox 157 1863 393 1917; x_wconf 89' lang='lat' dir='ltr'>nomina</span> <span class='ocrx_word' id='word_1_129' title='bbox 424 1868 803 1929; x_wconf 90' lang='lat' dir='ltr'>mortuorum,</span> <span class='ocrx_word' id='word_1_130' title='bbox 841 1868 896 1916; x_wconf 92' lang='lat' dir='ltr'>et</span> <span class='ocrx_word' id='word_1_131' title='bbox 947 1864 1115 1916; x_wconf 87' lang='lat' dir='ltr'>simul</span> <span class='ocrx_word' id='word_1_132' title='bbox 1148 1864 1532 1916; x_wconf 82' lang='lat' dir='ltr'>nominaverit</span> <span class='ocrx_word' id='word_1_133' title='bbox 1564 1864 1755 1917; x_wconf 76' lang='lat' dir='ltr'>haere-</span> 
     </span>
    </p>
   </div>
   <div class='ocr_carea' id='block_1_20' title="bbox 52 1952 1753 2021">
    <p class='ocr_par' dir='ltr' id='par_1_20' title="bbox 52 1952 1753 2021">
     <span class='ocr_line' id='line_1_20' title="bbox 52 1952 1753 2021; baseline 0.001 -18"><span class='ocrx_word' id='word_1_134' title='bbox 52 1952 197 2006; x_wconf 79' lang='lat' dir='ltr'>ticos</span> <span class='ocrx_word' id='word_1_135' title='bbox 259 1968 389 2005; x_wconf 92' lang='lat' dir='ltr'>cum</span> <span class='ocrx_word' id='word_1_136' title='bbox 448 1952 761 2018; x_wconf 81' lang='lat' dir='ltr'>catholicis,</span> <span class='ocrx_word' id='word_1_137' title='bbox 828 1953 874 2005; x_wconf 90' lang='lat' dir='ltr'>si</span> <span class='ocrx_word' id='word_1_138' title='bbox 932 1957 1058 2020; x_wconf 85' lang='lat' dir='ltr'>post</span> <span class='ocrx_word' id='word_1_139' title='bbox 1112 1953 1334 2005; x_wconf 85' lang='lat' dir='ltr'>Missam</span> <span class='ocrx_word' id='word_1_140' title='bbox 1386 1952 1753 2021; x_wconf 87' lang='lat' dir='ltr'>intellexerit,</span> 
     </span>
    </p>
   </div>
   <div class='ocr_carea' id='block_1_21' title="bbox 51 2040 1751 2110">
    <p class='ocr_par' dir='ltr' id='par_1_21' title="bbox 51 2040 1751 2110">
     <span class='ocr_line' id='line_1_21' title="bbox 51 2040 1751 2110; baseline -0.001 -16"><span class='ocrx_word' id='word_1_141' title='bbox 51 2040 479 2095; x_wconf 88' lang='lat' dir='ltr'>hebdomadam</span> <span class='ocrx_word' id='word_1_142' title='bbox 511 2041 803 2110; x_wconf 64' lang='lat' dir='ltr'>paeniteat.</span> <span class='ocrx_word' id='word_1_143' title='bbox 848 2040 904 2094; x_wconf 90' lang='lat' dir='ltr'>Si</span> <span class='ocrx_word' id='word_1_144' title='bbox 926 2041 1258 2110; x_wconf 84' lang='lat' dir='ltr'>frequenter</span> <span class='ocrx_word' id='word_1_145' title='bbox 1287 2040 1501 2107; x_wconf 88' lang='lat' dir='ltr'>fecerit,</span> <span class='ocrx_word' id='word_1_146' title='bbox 1537 2056 1751 2093; x_wconf 87' lang='lat' dir='ltr'>annum</span> 
     </span>
    </p>
   </div>
   <div class='ocr_carea' id='block_1_22' title="bbox 52 2128 1751 2198">
    <p class='ocr_par' dir='ltr' id='par_1_22' title="bbox 52 2128 1751 2198">
     <span class='ocr_line' id='line_1_22' title="bbox 52 2128 1751 2198; baseline -0.001 -15"><span class='ocrx_word' id='word_1_147' title='bbox 52 2130 348 2198; x_wconf 89' lang='lat' dir='ltr'>integrum</span> <span class='ocrx_word' id='word_1_148' title='bbox 381 2129 670 2198; x_wconf 64' lang='lat' dir='ltr'>paeniteat.</span> <span class='ocrx_word' id='word_1_149' title='bbox 705 2128 760 2181; x_wconf 91' lang='lat' dir='ltr'>Si</span> <span class='ocrx_word' id='word_1_150' title='bbox 794 2128 923 2198; x_wconf 89' lang='lat' dir='ltr'>quis</span> <span class='ocrx_word' id='word_1_151' title='bbox 983 2134 1173 2181; x_wconf 81' lang='lat' dir='ltr'>autem</span> <span class='ocrx_word' id='word_1_152' title='bbox 1230 2145 1335 2198; x_wconf 91' lang='lat' dir='ltr'>pro</span> <span class='ocrx_word' id='word_1_153' title='bbox 1363 2133 1549 2181; x_wconf 88' lang='lat' dir='ltr'>morte</span> <span class='ocrx_word' id='word_1_154' title='bbox 1573 2129 1751 2181; x_wconf 61' lang='lat' dir='ltr'>haere-</span> 
     </span>
    </p>
   </div>
   <div class='ocr_carea' id='block_1_23' title="bbox 55 2217 1752 2287">
    <p class='ocr_par' dir='ltr' id='par_1_23' title="bbox 55 2217 1752 2287">
     <span class='ocr_line' id='line_1_23' title="bbox 55 2217 1752 2287; baseline -0.001 -17"><span class='ocrx_word' id='word_1_155' title='bbox 55 2219 155 2271; x_wconf 87' lang='lat' dir='ltr'>tici</span> <span class='ocrx_word' id='word_1_156' title='bbox 208 2218 436 2271; x_wconf 87' lang='lat' dir='ltr'>Missam</span> <span class='ocrx_word' id='word_1_157' title='bbox 487 2217 854 2283; x_wconf 83' lang='lat' dir='ltr'>ordinaverit,</span> <span class='ocrx_word' id='word_1_158' title='bbox 910 2221 964 2269; x_wconf 90' lang='lat' dir='ltr'>et</span> <span class='ocrx_word' id='word_1_159' title='bbox 1018 2234 1122 2287; x_wconf 91' lang='lat' dir='ltr'>pro</span> <span class='ocrx_word' id='word_1_160' title='bbox 1178 2217 1455 2286; x_wconf 81' lang='lat' dir='ltr'>religione</span> <span class='ocrx_word' id='word_1_161' title='bbox 1488 2234 1590 2270; x_wconf 90' lang='lat' dir='ltr'>sua</span> <span class='ocrx_word' id='word_1_162' title='bbox 1632 2218 1752 2286; x_wconf 85' lang='lat' dir='ltr'>ejus</span> 
     </span>
    </p>
   </div>
   <div class='ocr_carea' id='block_1_24' title="bbox 50 2306 1753 2377">
    <p class='ocr_par' dir='ltr' id='par_1_24' title="bbox 50 2306 1753 2377">
     <span class='ocr_line' id='line_1_24' title="bbox 50 2306 1753 2377; baseline -0.001 -17"><span class='ocrx_word' id='word_1_163' title='bbox 50 2307 329 2377; x_wconf 89' lang='lat' dir='ltr'>reliquias</span> <span class='ocrx_word' id='word_1_164' title='bbox 360 2306 439 2360; x_wconf 88' lang='lat' dir='ltr'>ibi</span> <span class='ocrx_word' id='word_1_165' title='bbox 470 2306 739 2371; x_wconf 91' lang='lat' dir='ltr'>tenuerit,</span> <span class='ocrx_word' id='word_1_166' title='bbox 792 2312 846 2359; x_wconf 88' lang='lat' dir='ltr'>et</span> <span class='ocrx_word' id='word_1_167' title='bbox 900 2306 1079 2359; x_wconf 86' lang='lat' dir='ltr'>nescit</span> <span class='ocrx_word' id='word_1_168' title='bbox 1127 2306 1509 2359; x_wconf 76' lang='lat' dir='ltr'>differentiam</span> <span class='ocrx_word' id='word_1_169' title='bbox 1551 2306 1753 2359; x_wconf 90' lang='lat' dir='ltr'>catho-</span> 
     </span>
    </p>
   </div>
   <div class='ocr_carea' id='block_1_25' title="bbox 49 2394 1753 2465">
    <p class='ocr_par' dir='ltr' id='par_1_25' title="bbox 49 2394 1753 2465">
     <span class='ocr_line' id='line_1_25' title="bbox 49 2394 1753 2465; baseline -0.001 -16"><span class='ocrx_word' id='word_1_170' title='bbox 49 2396 180 2449; x_wconf 68' lang='lat' dir='ltr'>lica:</span> <span class='ocrx_word' id='word_1_171' title='bbox 239 2394 393 2462; x_wconf 84' lang='lat' dir='ltr'>ﬁdei,</span> <span class='ocrx_word' id='word_1_172' title='bbox 454 2399 510 2449; x_wconf 91' lang='lat' dir='ltr'>et</span> <span class='ocrx_word' id='word_1_173' title='bbox 576 2400 770 2465; x_wconf 86' lang='lat' dir='ltr'>postea</span> <span class='ocrx_word' id='word_1_174' title='bbox 820 2394 1186 2459; x_wconf 82' lang='lat' dir='ltr'>intellexerit,</span> <span class='ocrx_word' id='word_1_175' title='bbox 1239 2394 1753 2464; x_wconf 75' lang='lat' dir='ltr'>pcenitentiamque</span> 
     </span>
    </p>
   </div>
   <div class='ocr_carea' id='block_1_26' title="bbox 48 2483 1751 2554">
    <p class='ocr_par' dir='ltr' id='par_1_26' title="bbox 48 2483 1751 2554">
     <span class='ocr_line' id='line_1_26' title="bbox 48 2483 1751 2554; baseline -0.001 -17"><span class='ocrx_word' id='word_1_176' title='bbox 48 2484 257 2553; x_wconf 85' lang='lat' dir='ltr'>egerit,</span> <span class='ocrx_word' id='word_1_177' title='bbox 296 2484 566 2554; x_wconf 88' lang='lat' dir='ltr'>reliquias</span> <span class='ocrx_word' id='word_1_178' title='bbox 601 2484 680 2537; x_wconf 91' lang='lat' dir='ltr'>ibi</span> <span class='ocrx_word' id='word_1_179' title='bbox 729 2484 897 2537; x_wconf 89' lang='lat' dir='ltr'>debet</span> <span class='ocrx_word' id='word_1_180' title='bbox 940 2483 1072 2551; x_wconf 88' lang='lat' dir='ltr'>igne</span> <span class='ocrx_word' id='word_1_181' title='bbox 1124 2499 1505 2549; x_wconf 89' lang='lat' dir='ltr'>concremare,</span> <span class='ocrx_word' id='word_1_182' title='bbox 1565 2489 1621 2536; x_wconf 90' lang='lat' dir='ltr'>et</span> <span class='ocrx_word' id='word_1_183' title='bbox 1652 2500 1751 2536; x_wconf 88' lang='lat' dir='ltr'>an-</span> 
     </span>
    </p>
   </div>
   <div class='ocr_carea' id='block_1_27' title="bbox 0 2571 1754 2642">
    <p class='ocr_par' dir='ltr' id='par_1_27' title="bbox 0 2571 1754 2642">
     <span class='ocr_line' id='line_1_27' title="bbox 0 2571 1754 2642; baseline -0.001 -16"><span class='ocrx_word' id='word_1_184' title='bbox 0 2580 11 2589; x_wconf 80' lang='lat'><strong><em>’</em></strong></span> <span class='ocrx_word' id='word_1_185' title='bbox 48 2590 196 2627; x_wconf 88' lang='lat' dir='ltr'>num</span> <span class='ocrx_word' id='word_1_186' title='bbox 238 2572 528 2642; x_wconf 68' lang='lat' dir='ltr'>poeniteat.</span> <span class='ocrx_word' id='word_1_187' title='bbox 572 2572 629 2625; x_wconf 90' lang='lat' dir='ltr'>Si</span> <span class='ocrx_word' id='word_1_188' title='bbox 669 2576 859 2625; x_wconf 91' lang='lat' dir='ltr'>autem</span> <span class='ocrx_word' id='word_1_189' title='bbox 917 2572 1022 2625; x_wconf 92' lang='lat' dir='ltr'>scit</span> <span class='ocrx_word' id='word_1_190' title='bbox 1068 2577 1122 2625; x_wconf 90' lang='lat' dir='ltr'>et</span> <span class='ocrx_word' id='word_1_191' title='bbox 1170 2572 1507 2641; x_wconf 84' lang='lat' dir='ltr'>neglexerit,</span> <span class='ocrx_word' id='word_1_192' title='bbox 1576 2571 1754 2642; x_wconf 68' lang='lat' dir='ltr'>paeni-</span> 
     </span>
    </p>
   </div>
   <div class='ocr_carea' id='block_1_28' title="bbox 46 2660 1754 2731">
    <p class='ocr_par' dir='ltr' id='par_1_28' title="bbox 46 2660 1754 2731">
     <span class='ocr_line' id='line_1_28' title="bbox 46 2660 1754 2731; baseline -0.001 -16"><span class='ocrx_word' id='word_1_193' title='bbox 46 2662 233 2715; x_wconf 86' lang='lat' dir='ltr'>tentia</span> <span class='ocrx_word' id='word_1_194' title='bbox 263 2677 367 2714; x_wconf 66' lang='lat' dir='ltr'>co~</span> <span class='ocrx_word' id='word_1_195' title='bbox 395 2666 605 2727; x_wconf 87' lang='lat' dir='ltr'>motus,</span> <span class='ocrx_word' id='word_1_196' title='bbox 638 2661 835 2714; x_wconf 90' lang='lat' dir='ltr'>decem</span> <span class='ocrx_word' id='word_1_197' title='bbox 867 2677 1048 2714; x_wconf 88' lang='lat' dir='ltr'>annos</span> <span class='ocrx_word' id='word_1_198' title='bbox 1106 2661 1397 2731; x_wconf 85' lang='lat' dir='ltr'>poeniteat.</span> <span class='ocrx_word' id='word_1_199' title='bbox 1453 2660 1509 2713; x_wconf 91' lang='lat' dir='ltr'>Si</span> <span class='ocrx_word' id='word_1_200' title='bbox 1569 2661 1697 2730; x_wconf 86' lang='lat' dir='ltr'>quis</span> <span class='ocrx_word' id='word_1_201' title='bbox 1721 2676 1754 2713; x_wconf 91' lang='lat' dir='ltr'>a</span> 
     </span>
    </p>
   </div>
   <div class='ocr_carea' id='block_1_29' title="bbox 46 2749 1756 2815">
    <p class='ocr_par' dir='ltr' id='par_1_29' title="bbox 46 2749 1756 2815">
     <span class='ocr_line' id='line_1_29' title="bbox 46 2749 1756 2815; baseline -0.001 -11"><span class='ocrx_word' id='word_1_202' title='bbox 46 2751 166 2804; x_wconf 78' lang='lat' dir='ltr'>[ide</span> <span class='ocrx_word' id='word_1_203' title='bbox 222 2749 499 2803; x_wconf 89' lang='lat' dir='ltr'>catholica</span> <span class='ocrx_word' id='word_1_204' title='bbox 554 2749 873 2802; x_wconf 88' lang='lat' dir='ltr'>discesserit</span> <span class='ocrx_word' id='word_1_205' title='bbox 949 2750 1071 2802; x_wconf 87' lang='lat' dir='ltr'>sine</span> <span class='ocrx_word' id='word_1_206' title='bbox 1129 2750 1243 2802; x_wconf 91' lang='lat' dir='ltr'>ulla</span> <span class='ocrx_word' id='word_1_207' title='bbox 1289 2749 1638 2815; x_wconf 88' lang='lat' dir='ltr'>necessitate,</span> <span class='ocrx_word' id='word_1_208' title='bbox 1699 2754 1756 2803; x_wconf 87' lang='lat' dir='ltr'>et</span> 
     </span>
    </p>
   </div>
   <div class='ocr_carea' id='block_1_30' title="bbox 49 2837 1754 2912">
    <p class='ocr_par' dir='ltr' id='par_1_30' title="bbox 49 2837 1754 2912">
     <span class='ocr_line' id='line_1_30' title="bbox 49 2837 1754 2912; baseline -0.001 -19"><span class='ocrx_word' id='word_1_209' title='bbox 49 2846 258 2912; x_wconf 89' lang='lat' dir='ltr'>postea</span> <span class='ocrx_word' id='word_1_210' title='bbox 310 2854 373 2891; x_wconf 90' lang='lat' dir='ltr'>ex</span> <span class='ocrx_word' id='word_1_211' title='bbox 422 2843 544 2891; x_wconf 76' lang='lat' dir='ltr'>toto</span> <span class='ocrx_word' id='word_1_212' title='bbox 592 2837 784 2891; x_wconf 89' lang='lat' dir='ltr'>animo</span> <span class='ocrx_word' id='word_1_213' title='bbox 835 2838 1228 2908; x_wconf 84' lang='lat' dir='ltr'>paenitentiam</span> <span class='ocrx_word' id='word_1_214' title='bbox 1286 2837 1586 2907; x_wconf 88' lang='lat' dir='ltr'>acceperit,</span> <span class='ocrx_word' id='word_1_215' title='bbox 1639 2842 1754 2891; x_wconf 91' lang='lat' dir='ltr'>tres</span> 
     </span>
    </p>
   </div>
   <div class='ocr_carea' id='block_1_31' title="bbox 50 2926 1749 2995">
    <p class='ocr_par' dir='ltr' id='par_1_31' title="bbox 50 2926 1749 2995">
     <span class='ocr_line' id='line_1_31' title="bbox 50 2926 1749 2995; baseline -0.001 -14"><span class='ocrx_word' id='word_1_216' title='bbox 50 2944 241 2981; x_wconf 91' lang='lat' dir='ltr'>annos</span> <span class='ocrx_word' id='word_1_217' title='bbox 267 2931 425 2980; x_wconf 85' lang='lat' dir='ltr'>extra</span> <span class='ocrx_word' id='word_1_218' title='bbox 456 2926 779 2991; x_wconf 87' lang='lat' dir='ltr'>Ecclesiam,</span> <span class='ocrx_word' id='word_1_219' title='bbox 810 2926 867 2979; x_wconf 91' lang='lat' dir='ltr'>id</span> <span class='ocrx_word' id='word_1_220' title='bbox 896 2931 998 2993; x_wconf 90' lang='lat' dir='ltr'>est,</span> <span class='ocrx_word' id='word_1_221' title='bbox 1042 2927 1191 2979; x_wconf 90' lang='lat' dir='ltr'>inter</span> <span class='ocrx_word' id='word_1_222' title='bbox 1220 2926 1518 2981; x_wconf 90' lang='lat' dir='ltr'>audientes</span> <span class='ocrx_word' id='word_1_223' title='bbox 1567 2926 1749 2995; x_wconf 89' lang='lat' dir='ltr'>juxta.</span> 
     </span>
    </p>
   </div>
   <div class='ocr_carea' id='block_1_32' title="bbox 52 3014 1754 3084">
    <p class='ocr_par' dir='ltr' id='par_1_32' title="bbox 52 3014 1754 3084">
     <span class='ocr_line' id='line_1_32' title="bbox 52 3014 1754 3084; baseline -0.002 -14"><span class='ocrx_word' id='word_1_224' title='bbox 52 3018 353 3071; x_wconf 65' lang='lat' dir='ltr'>Nicaznum</span> <span class='ocrx_word' id='word_1_225' title='bbox 385 3014 716 3083; x_wconf 90' lang='lat' dir='ltr'>concilium,</span> <span class='ocrx_word' id='word_1_226' title='bbox 750 3020 967 3084; x_wconf 90' lang='lat' dir='ltr'>septem</span> <span class='ocrx_word' id='word_1_227' title='bbox 1003 3032 1182 3068; x_wconf 90' lang='lat' dir='ltr'>annos</span> <span class='ocrx_word' id='word_1_228' title='bbox 1213 3015 1272 3067; x_wconf 92' lang='lat' dir='ltr'>in</span> <span class='ocrx_word' id='word_1_229' title='bbox 1316 3014 1575 3068; x_wconf 87' lang='lat' dir='ltr'>Ecclesiis</span> <span class='ocrx_word' id='word_1_230' title='bbox 1606 3014 1754 3068; x_wconf 91' lang='lat' dir='ltr'>inter</span> 
     </span>
    </p>
   </div>
   <div class='ocr_carea' id='block_1_33' title="bbox 1868 627 2184 680">
    <p class='ocr_par' dir='ltr' id='par_1_33' title="bbox 1868 627 2184 680">
     <span class='ocr_line' id='line_1_33' title="bbox 1868 627 2184 680; baseline 0 0"><span class='ocrx_word' id='word_1_231' title='bbox 1868 627 2184 680; x_wconf 90' lang='lat' dir='ltr'>hominum.</span> 
     </span>
    </p>
   </div>
   <div class='ocr_carea' id='block_1_34' title="bbox 2274 714 3145 769">
    <p class='ocr_par' dir='ltr' id='par_1_34' title="bbox 2274 714 3145 769">
     <span class='ocr_line' id='line_1_34' title="bbox 2274 714 3145 769; baseline 0.001 -2"><span class='ocrx_word' id='word_1_232' title='bbox 2274 714 2400 769; x_wconf 78' lang='lat' dir='ltr'>CAP.</span> <span class='ocrx_word' id='word_1_233' title='bbox 2433 714 2613 767; x_wconf 90' lang='lat' dir='ltr'><strong>CVIII.</strong></span> <span class='ocrx_word' id='word_1_234' title='bbox 2657 743 2725 752; x_wconf 89' lang='grc'>--</span> <span class='ocrx_word' id='word_1_235' title='bbox 2755 714 2837 767; x_wconf 91' lang='lat' dir='ltr'>De</span> <span class='ocrx_word' id='word_1_236' title='bbox 2857 714 3045 768; x_wconf 89' lang='lat' dir='ltr'>eadem</span> <span class='ocrx_word' id='word_1_237' title='bbox 3070 730 3145 768; x_wconf 90' lang='lat' dir='ltr'>re.</span> 
     </span>
    </p>
   </div>
   <div class='ocr_carea' id='block_1_35' title="bbox 1937 802 3562 874">
    <p class='ocr_par' dir='ltr' id='par_1_35' title="bbox 1937 802 3562 874">
     <span class='ocr_line' id='line_1_35' title="bbox 1937 802 3562 874; baseline 0.001 -18"><span class='ocrx_word' id='word_1_238' title='bbox 1937 803 2044 872; x_wconf 75' lang='lat' dir='ltr'>(Ea:</span> <span class='ocrx_word' id='word_1_239' title='bbox 2074 803 2236 856; x_wconf 88' lang='lat' dir='ltr'>dictis</span> <span class='ocrx_word' id='word_1_240' title='bbox 2268 802 2552 872; x_wconf 82' lang='lat' dir='ltr'>ejusdem.)</span> <span class='ocrx_word' id='word_1_241' title='bbox 2590 802 2711 855; x_wconf 89' lang='lat' dir='ltr'>Non</span> <span class='ocrx_word' id='word_1_242' title='bbox 2742 818 2942 855; x_wconf 93' lang='lat' dir='ltr'>omnes</span> <span class='ocrx_word' id='word_1_243' title='bbox 2974 804 3141 856; x_wconf 66' lang='lat' dir='ltr'>malm</span> <span class='ocrx_word' id='word_1_244' title='bbox 3182 804 3562 874; x_wconf 87' lang='lat' dir='ltr'>cogitationes</span> 
     </span>
    </p>
   </div>
   <div class='ocr_carea' id='block_1_36' title="bbox 1866 891 3561 960">
    <p class='ocr_par' dir='ltr' id='par_1_36' title="bbox 1866 891 3561 960">
     <span class='ocr_line' id='line_1_36' title="bbox 1866 891 3561 960; baseline 0.002 -17"><span class='ocrx_word' id='word_1_245' title='bbox 1866 900 2073 944; x_wconf 59' lang='lat' dir='ltr'>nostra</span> <span class='ocrx_word' id='word_1_246' title='bbox 2133 907 2360 960; x_wconf 90' lang='lat' dir='ltr'>semper</span> <span class='ocrx_word' id='word_1_247' title='bbox 2409 891 2625 945; x_wconf 90' lang='lat' dir='ltr'>diaboli</span> <span class='ocrx_word' id='word_1_248' title='bbox 2696 891 2971 944; x_wconf 89' lang='lat' dir='ltr'>instinctu</span> <span class='ocrx_word' id='word_1_249' title='bbox 3031 891 3393 946; x_wconf 85' lang='lat' dir='ltr'>excitantur:</span> <span class='ocrx_word' id='word_1_250' title='bbox 3463 894 3561 947; x_wconf 90' lang='lat' dir='ltr'>sed</span> 
     </span>
    </p>
   </div>
   <div class='ocr_carea' id='block_1_37' title="bbox 1866 978 3558 1051">
    <p class='ocr_par' dir='ltr' id='par_1_37' title="bbox 1866 978 3558 1051">
     <span class='ocr_line' id='line_1_37' title="bbox 1866 978 3558 1051; baseline 0.002 -19"><span class='ocrx_word' id='word_1_251' title='bbox 1866 980 2168 1049; x_wconf 90' lang='lat' dir='ltr'>aliquoties</span> <span class='ocrx_word' id='word_1_252' title='bbox 2200 996 2263 1032; x_wconf 83' lang='lat' dir='ltr'>ex</span> <span class='ocrx_word' id='word_1_253' title='bbox 2296 980 2477 1032; x_wconf 90' lang='lat' dir='ltr'>nostri</span> <span class='ocrx_word' id='word_1_254' title='bbox 2513 978 2734 1032; x_wconf 88' lang='lat' dir='ltr'>arbitrii</span> <span class='ocrx_word' id='word_1_255' title='bbox 2793 984 2951 1032; x_wconf 89' lang='lat' dir='ltr'>metu</span> <span class='ocrx_word' id='word_1_256' title='bbox 3001 986 3325 1051; x_wconf 89' lang='lat' dir='ltr'>emergunt.</span> <span class='ocrx_word' id='word_1_257' title='bbox 3388 982 3558 1035; x_wconf 80' lang='lat' dir='ltr'>Bonae</span> 
     </span>
    </p>
   </div>
   <div class='ocr_carea' id='block_1_38' title="bbox 1864 1067 3101 1138">
    <p class='ocr_par' dir='ltr' id='par_1_38' title="bbox 1864 1067 3101 1138">
     <span class='ocr_line' id='line_1_38' title="bbox 1864 1067 3101 1138; baseline 0.002 -19"><span class='ocrx_word' id='word_1_258' title='bbox 1864 1073 2058 1121; x_wconf 89' lang='lat' dir='ltr'>autem</span> <span class='ocrx_word' id='word_1_259' title='bbox 2090 1067 2460 1138; x_wconf 85' lang='lat' dir='ltr'>cogitationes</span> <span class='ocrx_word' id='word_1_260' title='bbox 2490 1083 2717 1137; x_wconf 90' lang='lat' dir='ltr'>semper</span> <span class='ocrx_word' id='word_1_261' title='bbox 2745 1084 2778 1121; x_wconf 90' lang='lat' dir='ltr'>a</span> <span class='ocrx_word' id='word_1_262' title='bbox 2810 1068 2920 1120; x_wconf 94' lang='lat' dir='ltr'>Deo</span> <span class='ocrx_word' id='word_1_263' title='bbox 2949 1072 3101 1121; x_wconf 91' lang='lat' dir='ltr'>sunt.</span> 
     </span>
    </p>
   </div>
   <div class='ocr_carea' id='block_1_39' title="bbox 1866 1173 3558 1297">
    <p class='ocr_par' dir='ltr' id='par_1_39' title="bbox 1866 1173 3558 1297">
     <span class='ocr_line' id='line_1_39' title="bbox 1866 1173 3558 1297; baseline 0.001 -69"><span class='ocrx_word' id='word_1_264' title='bbox 1866 1175 1992 1228; x_wconf 76' lang='lat' dir='ltr'>CAP.</span> <span class='ocrx_word' id='word_1_265' title='bbox 2037 1174 2165 1229; x_wconf 92' lang='lat' dir='ltr'><strong>CIX.</strong></span> <span class='ocrx_word' id='word_1_266' title='bbox 2191 1202 2261 1213; x_wconf 95' lang='lat'><strong>—</strong></span> <span class='ocrx_word' id='word_1_267' title='bbox 2298 1176 2373 1227; x_wconf 89' lang='lat' dir='ltr'>De</span> <span class='ocrx_word' id='word_1_268' title='bbox 2397 1174 2507 1227; x_wconf 83' lang='lat' dir='ltr'>illis</span> <span class='ocrx_word' id='word_1_269' title='bbox 2539 1173 2798 1297; x_wconf 54' lang='lat' dir='ltr'>quitali‘os</span> <span class='ocrx_word' id='word_1_270' title='bbox 2838 1175 2898 1226; x_wconf 89' lang='lat' dir='ltr'>in</span> <span class='ocrx_word' id='word_1_271' title='bbox 2927 1174 3088 1242; x_wconf 86' lang='lat' dir='ltr'>culpa</span> <span class='ocrx_word' id='word_1_272' title='bbox 3125 1188 3227 1228; x_wconf 87' lang='lat' dir='ltr'>sua</span> <span class='ocrx_word' id='word_1_273' title='bbox 3272 1174 3558 1240; x_wconf 78' lang='lat' dir='ltr'>defendere</span> 
     </span>
     <span class='ocr_line' id='line_1_40' title="bbox 2570 1259 2843 1297; baseline 0 -1"><span class='ocrx_word' id='word_1_274' title='bbox 2570 1259 2629 1296; x_wconf 77' lang='lat' dir='ltr'>ni</span> <span class='ocrx_word' id='word_1_275' title='bbox 2658 1259 2730 1297; x_wconf 90' lang='lat' dir='ltr'>un</span> <span class='ocrx_word' id='word_1_276' title='bbox 2758 1260 2843 1297; x_wconf 91' lang='lat' dir='ltr'>ur.</span> 
     </span>
    </p>
   </div>
   <div class='ocr_carea' id='block_1_40' title="bbox 2570 1259 2843 1297">
    <p class='ocr_par' dir='ltr' id='par_1_40' title="bbox 2570 1259 2843 1297">
     <span class='ocr_line' id='line_1_41' title="bbox 2570 1259 2843 1297; baseline 0.004 -2"><span class='ocrx_word' id='word_1_277' title='bbox 2570 1259 2843 1297; x_wconf 72' lang='lat' dir='ltr'>nituntur.</span> 
     </span>
    </p>
   </div>
   <div class='ocr_carea' id='block_1_41' title="bbox 1936 1331 3559 1403">
    <p class='ocr_par' dir='ltr' id='par_1_41' title="bbox 1936 1331 3559 1403">
     <span class='ocr_line' id='line_1_42' title="bbox 1936 1331 3559 1403; baseline 0.001 -16"><span class='ocrx_word' id='word_1_278' title='bbox 1936 1333 2052 1403; x_wconf 80' lang='lat' dir='ltr'>(Ea:</span> <span class='ocrx_word' id='word_1_279' title='bbox 2083 1333 2243 1387; x_wconf 86' lang='lat' dir='ltr'>dictis</span> <span class='ocrx_word' id='word_1_280' title='bbox 2274 1333 2560 1402; x_wconf 86' lang='lat' dir='ltr'>ejusdem.)</span> <span class='ocrx_word' id='word_1_281' title='bbox 2594 1333 2739 1385; x_wconf 82' lang='lat' dir='ltr'>Reos</span> <span class='ocrx_word' id='word_1_282' title='bbox 2796 1331 3089 1403; x_wconf 87' lang='lat' dir='ltr'>sanguinis</span> <span class='ocrx_word' id='word_1_283' title='bbox 3128 1348 3245 1386; x_wconf 94' lang='lat' dir='ltr'>non</span> <span class='ocrx_word' id='word_1_284' title='bbox 3287 1332 3559 1389; x_wconf 84' lang='lat' dir='ltr'>defendat</span> 
     </span>
    </p>
   </div>
   <div class='ocr_carea' id='block_1_42' title="bbox 1862 1420 3340 1491">
    <p class='ocr_par' dir='ltr' id='par_1_42' title="bbox 1862 1420 3340 1491">
     <span class='ocr_line' id='line_1_43' title="bbox 1862 1420 3340 1491; baseline -0.001 -16"><span class='ocrx_word' id='word_1_285' title='bbox 1862 1422 2110 1476; x_wconf 87' lang='lat' dir='ltr'>Ecclesia</span> <span class='ocrx_word' id='word_1_286' title='bbox 2142 1438 2154 1475; x_wconf 89' lang='lat'>:</span> <span class='ocrx_word' id='word_1_287' title='bbox 2186 1438 2256 1474; x_wconf 89' lang='lat' dir='ltr'>ne</span> <span class='ocrx_word' id='word_1_288' title='bbox 2286 1420 2563 1475; x_wconf 82' lang='lat' dir='ltr'>effusione</span> <span class='ocrx_word' id='word_1_289' title='bbox 2594 1420 2889 1490; x_wconf 89' lang='lat' dir='ltr'>sanguinis</span> <span class='ocrx_word' id='word_1_290' title='bbox 2920 1421 3202 1491; x_wconf 86' lang='lat' dir='ltr'>particeps</span> <span class='ocrx_word' id='word_1_291' title='bbox 3222 1420 3340 1474; x_wconf 83' lang='lat' dir='ltr'>ﬁat.</span> 
     </span>
    </p>
   </div>
   <div class='ocr_carea' id='block_1_43' title="bbox 2319 1509 3109 1563">
    <p class='ocr_par' dir='ltr' id='par_1_43' title="bbox 2319 1509 3109 1563">
     <span class='ocr_line' id='line_1_44' title="bbox 2319 1509 3109 1563; baseline 0 0"><span class='ocrx_word' id='word_1_292' title='bbox 2319 1511 2445 1563; x_wconf 84' lang='lat' dir='ltr'>CAP.</span> <span class='ocrx_word' id='word_1_293' title='bbox 2481 1510 2581 1563; x_wconf 88' lang='lat' dir='ltr'>CX.</span> <span class='ocrx_word' id='word_1_294' title='bbox 2617 1540 2683 1548; x_wconf 94' lang='lat'>——</span> <span class='ocrx_word' id='word_1_295' title='bbox 2713 1512 2787 1563; x_wconf 91' lang='lat' dir='ltr'>De</span> <span class='ocrx_word' id='word_1_296' title='bbox 2817 1509 3001 1563; x_wconf 86' lang='lat' dir='ltr'>eadem</span> <span class='ocrx_word' id='word_1_297' title='bbox 3032 1526 3109 1563; x_wconf 90' lang='lat' dir='ltr'>re.</span> 
     </span>
    </p>
   </div>
   <div class='ocr_carea' id='block_1_44' title="bbox 1935 1596 3557 1668">
    <p class='ocr_par' dir='ltr' id='par_1_44' title="bbox 1935 1596 3557 1668">
     <span class='ocr_line' id='line_1_45' title="bbox 1935 1596 3557 1668; baseline -0.001 -15"><span class='ocrx_word' id='word_1_298' title='bbox 1935 1599 2042 1667; x_wconf 78' lang='lat' dir='ltr'>(Ea:</span> <span class='ocrx_word' id='word_1_299' title='bbox 2076 1598 2218 1653; x_wconf 86' lang='lat' dir='ltr'>decr.</span> <span class='ocrx_word' id='word_1_300' title='bbox 2271 1599 2493 1653; x_wconf 90' lang='lat' dir='ltr'>Eusebii</span> <span class='ocrx_word' id='word_1_301' title='bbox 2518 1613 2698 1667; x_wconf 64' lang='lat' dir='ltr'>papae,</span> <span class='ocrx_word' id='word_1_302' title='bbox 2756 1600 2931 1666; x_wconf 87' lang='lat' dir='ltr'>capite</span> <span class='ocrx_word' id='word_1_303' title='bbox 2974 1597 3081 1667; x_wconf 76' lang='grc'>15.)</span> <span class='ocrx_word' id='word_1_304' title='bbox 3115 1598 3184 1651; x_wconf 92' lang='lat' dir='ltr'>Ut</span> <span class='ocrx_word' id='word_1_305' title='bbox 3236 1596 3333 1668; x_wconf 89' lang='lat' dir='ltr'>qui</span> <span class='ocrx_word' id='word_1_306' title='bbox 3380 1598 3557 1651; x_wconf 90' lang='lat' dir='ltr'>alium</span> 
     </span>
    </p>
   </div>
   <div class='ocr_carea' id='block_1_45' title="bbox 1862 1686 3555 1756">
    <p class='ocr_par' dir='ltr' id='par_1_45' title="bbox 1862 1686 3555 1756">
     <span class='ocr_line' id='line_1_46' title="bbox 1862 1686 3555 1756; baseline 0 -16"><span class='ocrx_word' id='word_1_307' title='bbox 1862 1687 1918 1740; x_wconf 91' lang='lat' dir='ltr'>in</span> <span class='ocrx_word' id='word_1_308' title='bbox 1944 1689 2113 1756; x_wconf 89' lang='lat' dir='ltr'>culpa</span> <span class='ocrx_word' id='word_1_309' title='bbox 2141 1703 2243 1740; x_wconf 91' lang='lat' dir='ltr'>sua</span> <span class='ocrx_word' id='word_1_310' title='bbox 2268 1686 2593 1754; x_wconf 90' lang='lat' dir='ltr'>detendere,</span> <span class='ocrx_word' id='word_1_311' title='bbox 2628 1687 2716 1739; x_wconf 85' lang='lat' dir='ltr'>vel</span> <span class='ocrx_word' id='word_1_312' title='bbox 2747 1702 3015 1740; x_wconf 86' lang='lat' dir='ltr'>excusare</span> <span class='ocrx_word' id='word_1_313' title='bbox 3054 1687 3277 1752; x_wconf 84' lang='lat' dir='ltr'>nititur,</span> <span class='ocrx_word' id='word_1_314' title='bbox 3330 1702 3555 1740; x_wconf 82' lang='lat' dir='ltr'>excom-</span> 
     </span>
    </p>
   </div>
   <div class='ocr_carea' id='block_1_46' title="bbox 1864 1777 2206 1829">
    <p class='ocr_par' dir='ltr' id='par_1_46' title="bbox 1864 1777 2206 1829">
     <span class='ocr_line' id='line_1_47' title="bbox 1864 1777 2206 1829; baseline 0.003 -1"><span class='ocrx_word' id='word_1_315' title='bbox 1864 1777 2206 1829; x_wconf 90' lang='lat' dir='ltr'>municetur.</span> 
     </span>
    </p>
   </div>
   <div class='ocr_carea' id='block_1_47' title="bbox 1864 1882 3557 2005">
    <p class='ocr_par' dir='ltr' id='par_1_47' title="bbox 1864 1882 3557 2005">
     <span class='ocr_line' id='line_1_48' title="bbox 1864 1882 3557 2005; baseline 0 -69"><span class='ocrx_word' id='word_1_316' title='bbox 1864 1883 1991 1936; x_wconf 81' lang='lat' dir='ltr'>CAP.</span> <span class='ocrx_word' id='word_1_317' title='bbox 2024 1882 2150 1937; x_wconf 89' lang='lat' dir='ltr'><strong>CXI.</strong></span> <span class='ocrx_word' id='word_1_318' title='bbox 2187 1911 2259 1923; x_wconf 94' lang='lat'><em>—</em></span> <span class='ocrx_word' id='word_1_319' title='bbox 2317 1884 2385 1937; x_wconf 88' lang='lat' dir='ltr'>Ut</span> <span class='ocrx_word' id='word_1_320' title='bbox 2433 1882 2755 2005; x_wconf 58' lang='lat' dir='ltr'>paenitednttia</span> <span class='ocrx_word' id='word_1_321' title='bbox 2809 1882 3117 1950; x_wconf 87' lang='lat' dir='ltr'>conjugatis</span> <span class='ocrx_word' id='word_1_322' title='bbox 3174 1898 3241 1936; x_wconf 81' lang='lat' dir='ltr'>ea:</span> <span class='ocrx_word' id='word_1_323' title='bbox 3299 1898 3557 1937; x_wconf 87' lang='lat' dir='ltr'>consensu</span> 
     </span>
     <span class='ocr_line' id='line_1_49' title="bbox 2656 1968 2794 2005; baseline -0.007 0"><span class='ocrx_word' id='word_1_324' title='bbox 2656 1969 2682 2005; x_wconf 91' lang='lat' dir='ltr'>e</span> <span class='ocrx_word' id='word_1_325' title='bbox 2708 1968 2794 2005; x_wconf 90' lang='lat' dir='ltr'>ur.</span> 
     </span>
    </p>
   </div>
   <div class='ocr_carea' id='block_1_48' title="bbox 2656 1968 2794 2006">
    <p class='ocr_par' dir='ltr' id='par_1_48' title="bbox 2656 1968 2794 2006">
     <span class='ocr_line' id='line_1_50' title="bbox 2656 1968 2794 2006; baseline -0.007 -1"><span class='ocrx_word' id='word_1_326' title='bbox 2656 1968 2794 2006; x_wconf 79' lang='lat' dir='ltr'>etur.</span> 
     </span>
    </p>
   </div>
   <div class='ocr_carea' id='block_1_49' title="bbox 1933 2041 3556 2111">
    <p class='ocr_par' dir='ltr' id='par_1_49' title="bbox 1933 2041 3556 2111">
     <span class='ocr_line' id='line_1_51' title="bbox 1933 2041 3556 2111; baseline -0.001 -15"><span class='ocrx_word' id='word_1_327' title='bbox 1933 2042 2040 2111; x_wconf 83' lang='lat' dir='ltr'>(Ea:</span> <span class='ocrx_word' id='word_1_328' title='bbox 2097 2041 2320 2095; x_wconf 90' lang='lat' dir='ltr'>concilio</span> <span class='ocrx_word' id='word_1_329' title='bbox 2380 2042 2687 2102; x_wconf 62' lang='lat' dir='ltr'>Arelatem,</span> <span class='ocrx_word' id='word_1_330' title='bbox 2737 2043 2914 2109; x_wconf 80' lang='lat' dir='ltr'>capite</span> <span class='ocrx_word' id='word_1_331' title='bbox 2970 2042 3046 2111; x_wconf 87' lang='lat'>6.)</span> <span class='ocrx_word' id='word_1_332' title='bbox 3106 2041 3176 2094; x_wconf 91' lang='lat' dir='ltr'>Ut</span> <span class='ocrx_word' id='word_1_333' title='bbox 3220 2041 3556 2111; x_wconf 88' lang='lat' dir='ltr'>poenitentia</span> 
     </span>
    </p>
   </div>
   <div class='ocr_carea' id='block_1_50' title="bbox 1860 2128 3552 2200">
    <p class='ocr_par' dir='ltr' id='par_1_50' title="bbox 1860 2128 3552 2200">
     <span class='ocr_line' id='line_1_52' title="bbox 1860 2128 3552 2200; baseline 0.001 -18"><span class='ocrx_word' id='word_1_334' title='bbox 1860 2129 2180 2200; x_wconf 86' lang='lat' dir='ltr'>conjugatis</span> <span class='ocrx_word' id='word_1_335' title='bbox 2206 2146 2271 2183; x_wconf 82' lang='lat' dir='ltr'>ex</span> <span class='ocrx_word' id='word_1_336' title='bbox 2295 2145 2577 2183; x_wconf 90' lang='lat' dir='ltr'>consensu</span> <span class='ocrx_word' id='word_1_337' title='bbox 2607 2129 2907 2183; x_wconf 89' lang='lat' dir='ltr'>amborum</span> <span class='ocrx_word' id='word_1_338' title='bbox 2940 2129 3125 2183; x_wconf 90' lang='lat' dir='ltr'>detur.</span> <span class='ocrx_word' id='word_1_339' title='bbox 3151 2128 3552 2183; x_wconf 69' lang='lat' dir='ltr'>Paenitentiam</span> 
     </span>
    </p>
   </div>
   <div class='ocr_carea' id='block_1_51' title="bbox 1859 2218 3187 2288">
    <p class='ocr_par' dir='ltr' id='par_1_51' title="bbox 1859 2218 3187 2288">
     <span class='ocr_line' id='line_1_53' title="bbox 1859 2218 3187 2288; baseline 0.002 -18"><span class='ocrx_word' id='word_1_340' title='bbox 1859 2218 2201 2288; x_wconf 89' lang='lat' dir='ltr'>conjugatis,</span> <span class='ocrx_word' id='word_1_341' title='bbox 2232 2234 2351 2272; x_wconf 92' lang='lat' dir='ltr'>non</span> <span class='ocrx_word' id='word_1_342' title='bbox 2377 2218 2487 2271; x_wconf 92' lang='lat' dir='ltr'>nisi</span> <span class='ocrx_word' id='word_1_343' title='bbox 2515 2234 2581 2273; x_wconf 87' lang='lat' dir='ltr'>ex</span> <span class='ocrx_word' id='word_1_344' title='bbox 2612 2235 2888 2272; x_wconf 90' lang='lat' dir='ltr'>consensu</span> <span class='ocrx_word' id='word_1_345' title='bbox 2921 2218 3187 2273; x_wconf 91' lang='lat' dir='ltr'>dandam.</span> 
     </span>
    </p>
   </div>
   <div class='ocr_carea' id='block_1_52' title="bbox 1860 2324 3560 2449">
    <p class='ocr_par' dir='ltr' id='par_1_52' title="bbox 1860 2324 3560 2449">
     <span class='ocr_line' id='line_1_54' title="bbox 1860 2324 3560 2449; baseline -0.001 -70"><span class='ocrx_word' id='word_1_346' title='bbox 1860 2326 1989 2379; x_wconf 80' lang='lat' dir='ltr'><strong>CAP.</strong></span> <span class='ocrx_word' id='word_1_347' title='bbox 2025 2326 2177 2380; x_wconf 84' lang='lat' dir='ltr'><strong>CXII.</strong></span> <span class='ocrx_word' id='word_1_348' title='bbox 2208 2355 2278 2366; x_wconf 96' lang='lat'>—</span> <span class='ocrx_word' id='word_1_349' title='bbox 2337 2325 2473 2390; x_wconf 85' lang='lat' dir='ltr'>Quot</span> <span class='ocrx_word' id='word_1_350' title='bbox 2516 2325 2692 2449; x_wconf 47' lang='lat' dir='ltr'>magis</span> <span class='ocrx_word' id='word_1_351' title='bbox 2739 2326 2934 2449; x_wconf 57' lang='lat' dir='ltr'>aqimae</span> <span class='ocrx_word' id='word_1_352' title='bbox 2992 2324 3370 2391; x_wconf 82' lang='lat' dir='ltr'>defunctorum</span> <span class='ocrx_word' id='word_1_353' title='bbox 3422 2325 3560 2378; x_wconf 83' lang='lat' dir='ltr'>solvi</span> 
     </span>
     <span class='ocr_line' id='line_1_55' title="bbox 2627 2411 2833 2449; baseline -0.005 0"><span class='ocrx_word' id='word_1_354' title='bbox 2627 2412 2651 2449; x_wconf 91' lang='lat' dir='ltr'>e</span> <span class='ocrx_word' id='word_1_355' title='bbox 2690 2411 2789 2449; x_wconf 89' lang='lat' dir='ltr'>ean</span> <span class='ocrx_word' id='word_1_356' title='bbox 2820 2435 2833 2449; x_wconf 94' lang='lat'><strong>.</strong></span> 
     </span>
    </p>
   </div>
   <div class='ocr_carea' id='block_1_53' title="bbox 2627 2411 2833 2449">
    <p class='ocr_par' dir='ltr' id='par_1_53' title="bbox 2627 2411 2833 2449">
     <span class='ocr_line' id='line_1_56' title="bbox 2627 2411 2833 2449; baseline 0 0"><span class='ocrx_word' id='word_1_357' title='bbox 2627 2411 2833 2449; x_wconf 77' lang='grc' dir='ltr'>θοεαηῑ.</span> 
     </span>
    </p>
   </div>
   <div class='ocr_carea' id='block_1_54' title="bbox 1932 2483 3557 2554">
    <p class='ocr_par' dir='ltr' id='par_1_54' title="bbox 1932 2483 3557 2554">
     <span class='ocr_line' id='line_1_57' title="bbox 1932 2483 3557 2554; baseline -0.002 -15"><span class='ocrx_word' id='word_1_358' title='bbox 1932 2488 2031 2549; x_wconf 77' lang='lat' dir='ltr'>(Ea;</span> <span class='ocrx_word' id='word_1_359' title='bbox 2061 2486 2221 2538; x_wconf 89' lang='lat' dir='ltr'>dictis</span> <span class='ocrx_word' id='word_1_360' title='bbox 2253 2486 2547 2552; x_wconf 87' lang='lat' dir='ltr'>Origenis.)</span> <span class='ocrx_word' id='word_1_361' title='bbox 2601 2484 2824 2537; x_wconf 57' lang='lat' dir='ltr'>Animas</span> <span class='ocrx_word' id='word_1_362' title='bbox 2864 2483 3264 2537; x_wconf 87' lang='lat' dir='ltr'>defunctorum</span> <span class='ocrx_word' id='word_1_363' title='bbox 3310 2487 3557 2554; x_wconf 91' lang='lat' dir='ltr'>quatuor</span> 
     </span>
    </p>
   </div>
   <div class='ocr_carea' id='block_1_55' title="bbox 1858 2571 3559 2638">
    <p class='ocr_par' dir='ltr' id='par_1_55' title="bbox 1858 2571 3559 2638">
     <span class='ocr_line' id='line_1_58' title="bbox 1858 2571 3559 2638; baseline -0.001 -12"><span class='ocrx_word' id='word_1_364' title='bbox 1858 2573 2043 2626; x_wconf 90' lang='lat' dir='ltr'>modis</span> <span class='ocrx_word' id='word_1_365' title='bbox 2075 2574 2397 2638; x_wconf 88' lang='lat' dir='ltr'>solvuntur,</span> <span class='ocrx_word' id='word_1_366' title='bbox 2440 2576 2539 2625; x_wconf 89' lang='lat' dir='ltr'>aut</span> <span class='ocrx_word' id='word_1_367' title='bbox 2578 2571 2968 2625; x_wconf 89' lang='lat' dir='ltr'>oblationibus</span> <span class='ocrx_word' id='word_1_368' title='bbox 3020 2572 3403 2638; x_wconf 88' lang='lat' dir='ltr'>sacerdotum,</span> <span class='ocrx_word' id='word_1_369' title='bbox 3459 2576 3559 2625; x_wconf 90' lang='lat' dir='ltr'>aut</span> 
     </span>
    </p>
   </div>
   <div class='ocr_carea' id='block_1_56' title="bbox 1859 2660 3557 2730">
    <p class='ocr_par' dir='ltr' id='par_1_56' title="bbox 1859 2660 3557 2730">
     <span class='ocr_line' id='line_1_59' title="bbox 1859 2660 3557 2730; baseline 0 -17"><span class='ocrx_word' id='word_1_370' title='bbox 1859 2661 2123 2729; x_wconf 88' lang='lat' dir='ltr'>precibus</span> <span class='ocrx_word' id='word_1_371' title='bbox 2155 2666 2505 2725; x_wconf 90' lang='lat' dir='ltr'>sanctorum,</span> <span class='ocrx_word' id='word_1_372' title='bbox 2539 2665 2639 2713; x_wconf 91' lang='lat' dir='ltr'>aut</span> <span class='ocrx_word' id='word_1_373' title='bbox 2663 2661 2969 2713; x_wconf 87' lang='lat' dir='ltr'>charorum</span> <span class='ocrx_word' id='word_1_374' title='bbox 3012 2660 3404 2730; x_wconf 84' lang='lat' dir='ltr'>eleemosynis,</span> <span class='ocrx_word' id='word_1_375' title='bbox 3459 2664 3557 2713; x_wconf 89' lang='lat' dir='ltr'>aut</span> 
     </span>
    </p>
   </div>
   <div class='ocr_carea' id='block_1_57' title="bbox 1855 2749 2506 2819">
    <p class='ocr_par' dir='ltr' id='par_1_57' title="bbox 1855 2749 2506 2819">
     <span class='ocr_line' id='line_1_60' title="bbox 1855 2749 2506 2819; baseline -0.002 -17"><span class='ocrx_word' id='word_1_376' title='bbox 1855 2749 2075 2819; x_wconf 86' lang='lat' dir='ltr'>jejunio</span> <span class='ocrx_word' id='word_1_377' title='bbox 2106 2754 2506 2818; x_wconf 89' lang='lat' dir='ltr'>cognatorum.</span> 
     </span>
    </p>
   </div>
   <div class='ocr_carea' id='block_1_58' title="bbox 2128 2836 3296 2901">
    <p class='ocr_par' dir='ltr' id='par_1_58' title="bbox 2128 2836 3296 2901">
     <span class='ocr_line' id='line_1_61' title="bbox 2128 2836 3296 2901; baseline -0.003 -9"><span class='ocrx_word' id='word_1_378' title='bbox 2128 2839 2255 2892; x_wconf 72' lang='lat' dir='ltr'><strong>CAP.</strong></span> <span class='ocrx_word' id='word_1_379' title='bbox 2290 2838 2469 2891; x_wconf 89' lang='lat' dir='ltr'><strong>CXIII.</strong></span> <span class='ocrx_word' id='word_1_380' title='bbox 2502 2868 2570 2876; x_wconf 90' lang='lat'>——</span> <span class='ocrx_word' id='word_1_381' title='bbox 2600 2839 2675 2891; x_wconf 93' lang='lat' dir='ltr'>De</span> <span class='ocrx_word' id='word_1_382' title='bbox 2700 2836 3014 2891; x_wconf 75' lang='lat' dir='ltr'>nutriendis</span> <span class='ocrx_word' id='word_1_383' title='bbox 3041 2836 3296 2901; x_wconf 80' lang='lat' dir='ltr'>inﬁrmis.</span> 
     </span>
    </p>
   </div>
   <div class='ocr_carea' id='block_1_59' title="bbox 1933 2923 3555 2995">
    <p class='ocr_par' dir='ltr' id='par_1_59' title="bbox 1933 2923 3555 2995">
     <span class='ocr_line' id='line_1_62' title="bbox 1933 2923 3555 2995; baseline -0.001 -16"><span class='ocrx_word' id='word_1_384' title='bbox 1933 2926 2047 2995; x_wconf 82' lang='lat' dir='ltr'>(Ea</span> <span class='ocrx_word' id='word_1_385' title='bbox 2097 2926 2259 2980; x_wconf 86' lang='lat' dir='ltr'>dictis</span> <span class='ocrx_word' id='word_1_386' title='bbox 2301 2925 2564 2995; x_wconf 87' lang='lat' dir='ltr'>Hieron.)</span> <span class='ocrx_word' id='word_1_387' title='bbox 2614 2925 2842 2980; x_wconf 89' lang='lat' dir='ltr'>Nutrire</span> <span class='ocrx_word' id='word_1_388' title='bbox 2917 2925 3198 2993; x_wconf 86' lang='lat' dir='ltr'>inﬁrmos,</span> <span class='ocrx_word' id='word_1_389' title='bbox 3251 2929 3309 2978; x_wconf 90' lang='lat' dir='ltr'>et</span> <span class='ocrx_word' id='word_1_390' title='bbox 3363 2923 3555 2978; x_wconf 87' lang='lat' dir='ltr'>fovere</span> 
     </span>
    </p>
   </div>
   <div class='ocr_carea' id='block_1_60' title="bbox 1862 3019 3552 3087">
    <p class='ocr_par' dir='ltr' id='par_1_60' title="bbox 1862 3019 3552 3087">
     <span class='ocr_line' id='line_1_63' title="bbox 1862 3019 3552 3087; baseline -0.002 -12"><span class='ocrx_word' id='word_1_391' title='bbox 1862 3021 2150 3075; x_wconf 91' lang='lat' dir='ltr'>Christum</span> <span class='ocrx_word' id='word_1_392' title='bbox 2204 3020 2350 3074; x_wconf 92' lang='lat' dir='ltr'>nihil</span> <span class='ocrx_word' id='word_1_393' title='bbox 2399 3021 2656 3087; x_wconf 87' lang='lat' dir='ltr'>interest,</span> <span class='ocrx_word' id='word_1_394' title='bbox 2703 3020 3044 3075; x_wconf 90' lang='lat' dir='ltr'>nutriendus</span> <span class='ocrx_word' id='word_1_395' title='bbox 3088 3020 3245 3073; x_wconf 90' lang='lat' dir='ltr'>enim</span> <span class='ocrx_word' id='word_1_396' title='bbox 3275 3023 3359 3073; x_wconf 88' lang='lat' dir='ltr'>est</span> <span class='ocrx_word' id='word_1_397' title='bbox 3392 3019 3552 3073; x_wconf 78' lang='lat' dir='ltr'>infir-</span> 
     </span>
    </p>
   </div>
   <div class='ocr_carea' id='block_1_61' title="bbox 48 3104 3552 3180">
    <p class='ocr_par' dir='ltr' id='par_1_61' title="bbox 48 3104 3552 3180">
     <span class='ocr_line' id='line_1_64' title="bbox 48 3104 3552 3180; baseline -0 -19"><span class='ocrx_word' id='word_1_398' title='bbox 48 3106 422 3177; x_wconf 81' lang='lat' dir='ltr'>poeuitenteS,</span> <span class='ocrx_word' id='word_1_399' title='bbox 457 3110 511 3157; x_wconf 84' lang='lat' dir='ltr'>et</span> <span class='ocrx_word' id='word_1_400' title='bbox 550 3105 695 3157; x_wconf 86' lang='lat' dir='ltr'>duos</span> <span class='ocrx_word' id='word_1_401' title='bbox 737 3120 918 3157; x_wconf 85' lang='lat' dir='ltr'>annos</span> <span class='ocrx_word' id='word_1_402' title='bbox 963 3105 1147 3158; x_wconf 85' lang='lat' dir='ltr'>adhuc</span> <span class='ocrx_word' id='word_1_403' title='bbox 1196 3110 1350 3157; x_wconf 84' lang='lat' dir='ltr'>extra</span> <span class='ocrx_word' id='word_1_404' title='bbox 1393 3104 1750 3157; x_wconf 84' lang='lat' dir='ltr'>communio-</span> <span class='ocrx_word' id='word_1_405' title='bbox 1785 3122 1826 3177; x_wconf 73' lang='grc' dir='ltr'><strong>ρ</strong></span> <span class='ocrx_word' id='word_1_406' title='bbox 1862 3125 1990 3163; x_wconf 90' lang='lat' dir='ltr'>mus</span> <span class='ocrx_word' id='word_1_407' title='bbox 2024 3126 2037 3162; x_wconf 92' lang='lat'>:</span> <span class='ocrx_word' id='word_1_408' title='bbox 2089 3108 2225 3180; x_wconf 91' lang='lat' dir='ltr'>quia</span> <span class='ocrx_word' id='word_1_409' title='bbox 2274 3108 2532 3163; x_wconf 89' lang='lat' dir='ltr'>Christus</span> <span class='ocrx_word' id='word_1_410' title='bbox 2582 3108 2875 3162; x_wconf 85' lang='lat' dir='ltr'>inﬁrmum</span> <span class='ocrx_word' id='word_1_411' title='bbox 2899 3124 2957 3163; x_wconf 90' lang='lat' dir='ltr'>se</span> <span class='ocrx_word' id='word_1_412' title='bbox 3018 3124 3140 3162; x_wconf 88' lang='lat' dir='ltr'>esse</span> <span class='ocrx_word' id='word_1_413' title='bbox 3169 3107 3552 3179; x_wconf 87' lang='lat' dir='ltr'>proﬁtebitur.</span> 
     </span>
    </p>
   </div>
   <div class='ocr_carea' id='block_1_62' title="bbox 0 3180 515 3263">
    <p class='ocr_par' dir='ltr' id='par_1_62' title="bbox 0 3180 515 3263">
     <span class='ocr_line' id='line_1_65' title="bbox 0 3180 515 3263; baseline -0.006 -15"><span class='ocrx_word' id='word_1_414' title='bbox 0 3180 17 3187; x_wconf 59' lang='grc'><em>’</em></span> <span class='ocrx_word' id='word_1_415' title='bbox 51 3210 195 3248; x_wconf 90' lang='lat' dir='ltr'>nem</span> <span class='ocrx_word' id='word_1_416' title='bbox 226 3193 515 3263; x_wconf 86' lang='lat' dir='ltr'>poeniteat.</span> 
     </span>
    </p>
   </div>
   <div class='ocr_carea' id='block_1_63' title="bbox 4 3310 1753 3383">
    <p class='ocr_par' dir='ltr' id='par_1_63' title="bbox 4 3310 1753 3383">
     <span class='ocr_line' id='line_1_66' title="bbox 4 3310 1753 3383; baseline -0.002 -10"><span class='ocrx_word' id='word_1_417' title='bbox 4 3310 13 3317; x_wconf 75' lang='grc'><em>’</em></span> <span class='ocrx_word' id='word_1_418' title='bbox 54 3321 186 3373; x_wconf 81' lang='lat' dir='ltr'><strong>CAP.</strong></span> <span class='ocrx_word' id='word_1_419' title='bbox 250 3317 381 3371; x_wconf 92' lang='lat' dir='ltr'><strong>CVI.</strong></span> <span class='ocrx_word' id='word_1_420' title='bbox 416 3346 485 3354; x_wconf 96' lang='lat'>—</span> <span class='ocrx_word' id='word_1_421' title='bbox 532 3318 605 3368; x_wconf 92' lang='lat' dir='ltr'>De</span> <span class='ocrx_word' id='word_1_422' title='bbox 642 3316 754 3368; x_wconf 82' lang='lat' dir='ltr'>illis</span> <span class='ocrx_word' id='word_1_423' title='bbox 812 3319 908 3383; x_wconf 87' lang='lat' dir='ltr'>qui</span> <span class='ocrx_word' id='word_1_424' title='bbox 951 3316 1247 3381; x_wconf 87' lang='lat' dir='ltr'>comedunt,</span> <span class='ocrx_word' id='word_1_425' title='bbox 1300 3321 1395 3369; x_wconf 88' lang='lat' dir='ltr'>aut</span> <span class='ocrx_word' id='word_1_426' title='bbox 1452 3317 1640 3369; x_wconf 84' lang='lat' dir='ltr'>bibunt</span> <span class='ocrx_word' id='word_1_427' title='bbox 1686 3316 1753 3369; x_wconf 92' lang='lat' dir='ltr'>ab</span> 
     </span>
    </p>
   </div>
   <div class='ocr_carea' id='block_1_64' title="bbox 221 3386 1579 3453">
    <p class='ocr_par' dir='ltr' id='par_1_64' title="bbox 221 3386 1579 3453">
     <span class='ocr_line' id='line_1_67' title="bbox 221 3386 1579 3453; baseline -0.001 -13"><span class='ocrx_word' id='word_1_428' title='bbox 221 3387 522 3442; x_wconf 80' lang='lat' dir='ltr'>immundis</span> <span class='ocrx_word' id='word_1_429' title='bbox 554 3386 883 3439; x_wconf 80' lang='lat' dir='ltr'>animalibus</span> <span class='ocrx_word' id='word_1_430' title='bbox 907 3392 1127 3453; x_wconf 89' lang='lat' dir='ltr'>tactum,</span> <span class='ocrx_word' id='word_1_431' title='bbox 1161 3389 1242 3439; x_wconf 78' lang='lat' dir='ltr'>vel</span> <span class='ocrx_word' id='word_1_432' title='bbox 1272 3389 1579 3440; x_wconf 88' lang='lat' dir='ltr'>intinctum.</span> 
     </span>
    </p>
   </div>
   <div class='ocr_carea' id='block_1_65' title="bbox 134 3491 1757 3563">
    <p class='ocr_par' dir='ltr' id='par_1_65' title="bbox 134 3491 1757 3563">
     <span class='ocr_line' id='line_1_68' title="bbox 134 3491 1757 3563; baseline -0.002 -14"><span class='ocrx_word' id='word_1_433' title='bbox 134 3495 248 3563; x_wconf 82' lang='lat' dir='ltr'>(Ea:</span> <span class='ocrx_word' id='word_1_434' title='bbox 290 3494 655 3547; x_wconf 76' lang='lat' dir='ltr'>Puenitentiali</span> <span class='ocrx_word' id='word_1_435' title='bbox 681 3491 962 3561; x_wconf 83' lang='lat' dir='ltr'>Romano.)</span> <span class='ocrx_word' id='word_1_436' title='bbox 1007 3491 1116 3555; x_wconf 87' lang='lat' dir='ltr'>Qui</span> <span class='ocrx_word' id='word_1_437' title='bbox 1162 3492 1431 3559; x_wconf 91' lang='lat' dir='ltr'>comedit,</span> <span class='ocrx_word' id='word_1_438' title='bbox 1492 3494 1577 3546; x_wconf 91' lang='lat' dir='ltr'>vel</span> <span class='ocrx_word' id='word_1_439' title='bbox 1609 3492 1757 3546; x_wconf 92' lang='lat' dir='ltr'>bibit</span> 
     </span>
    </p>
   </div>
   <div class='ocr_carea' id='block_1_66' title="bbox 58 3579 1750 3647">
    <p class='ocr_par' dir='ltr' id='par_1_66' title="bbox 58 3579 1750 3647">
     <span class='ocr_line' id='line_1_69' title="bbox 58 3579 1750 3647; baseline -0.004 -9"><span class='ocrx_word' id='word_1_440' title='bbox 58 3584 371 3639; x_wconf 89' lang='lat' dir='ltr'>intinctum</span> <span class='ocrx_word' id='word_1_441' title='bbox 398 3598 431 3635; x_wconf 90' lang='lat' dir='ltr'>a</span> <span class='ocrx_word' id='word_1_442' title='bbox 460 3580 731 3635; x_wconf 85' lang='lat' dir='ltr'>familiari</span> <span class='ocrx_word' id='word_1_443' title='bbox 756 3580 956 3647; x_wconf 90' lang='lat' dir='ltr'>bestia,</span> <span class='ocrx_word' id='word_1_444' title='bbox 990 3579 1045 3633; x_wconf 92' lang='lat' dir='ltr'>id</span> <span class='ocrx_word' id='word_1_445' title='bbox 1091 3586 1194 3645; x_wconf 91' lang='lat' dir='ltr'>est,</span> <span class='ocrx_word' id='word_1_446' title='bbox 1231 3596 1385 3645; x_wconf 91' lang='lat' dir='ltr'>cane,</span> <span class='ocrx_word' id='word_1_447' title='bbox 1448 3581 1536 3634; x_wconf 79' lang='lat' dir='ltr'>vel</span> <span class='ocrx_word' id='word_1_448' title='bbox 1581 3586 1750 3644; x_wconf 89' lang='lat' dir='ltr'>catto,</span> 
     </span>
    </p>
   </div>
   <div class='ocr_carea' id='block_1_67' title="bbox 58 3668 1755 3741">
    <p class='ocr_par' dir='ltr' id='par_1_67' title="bbox 58 3668 1755 3741">
     <span class='ocr_line' id='line_1_70' title="bbox 58 3668 1755 3741; baseline -0.004 -14"><span class='ocrx_word' id='word_1_449' title='bbox 58 3678 117 3727; x_wconf 84' lang='lat' dir='ltr'>et</span> <span class='ocrx_word' id='word_1_450' title='bbox 150 3673 275 3738; x_wconf 88' lang='lat' dir='ltr'>scit,</span> <span class='ocrx_word' id='word_1_451' title='bbox 316 3673 355 3726; x_wconf 95' lang='lat' dir='ltr'>C</span> <span class='ocrx_word' id='word_1_452' title='bbox 402 3672 652 3741; x_wconf 88' lang='lat' dir='ltr'>psalmos</span> <span class='ocrx_word' id='word_1_453' title='bbox 691 3675 898 3735; x_wconf 89' lang='lat' dir='ltr'>cantet,</span> <span class='ocrx_word' id='word_1_454' title='bbox 950 3686 996 3722; x_wconf 75' lang='grc' dir='ltr'>δι</span> <span class='ocrx_word' id='word_1_455' title='bbox 1046 3668 1253 3734; x_wconf 90' lang='lat' dir='ltr'>nescit,</span> <span class='ocrx_word' id='word_1_456' title='bbox 1301 3669 1440 3722; x_wconf 92' lang='lat' dir='ltr'>duos</span> <span class='ocrx_word' id='word_1_457' title='bbox 1494 3669 1615 3722; x_wconf 90' lang='lat' dir='ltr'>dies</span> <span class='ocrx_word' id='word_1_458' title='bbox 1662 3669 1755 3738; x_wconf 87' lang='lat' dir='ltr'>je—</span> 
     </span>
    </p>
   </div>
   <div class='ocr_carea' id='block_1_68' title="bbox 50 3757 1752 3833">
    <p class='ocr_par' dir='ltr' id='par_1_68' title="bbox 50 3757 1752 3833">
     <span class='ocr_line' id='line_1_71' title="bbox 50 3757 1752 3833; baseline -0.004 -17"><span class='ocrx_word' id='word_1_459' title='bbox 50 3766 246 3833; x_wconf 89' lang='lat' dir='ltr'>junet,</span> <span class='ocrx_word' id='word_1_460' title='bbox 296 3762 383 3814; x_wconf 90' lang='lat' dir='ltr'>vel</span> <span class='ocrx_word' id='word_1_461' title='bbox 434 3761 480 3813; x_wconf 91' lang='lat' dir='ltr'>si</span> <span class='ocrx_word' id='word_1_462' title='bbox 530 3759 815 3813; x_wconf 88' lang='lat' dir='ltr'>redimere</span> <span class='ocrx_word' id='word_1_463' title='bbox 862 3757 1127 3823; x_wconf 87' lang='lat' dir='ltr'>voluerit,</span> <span class='ocrx_word' id='word_1_464' title='bbox 1160 3758 1198 3810; x_wconf 89' lang='lat' dir='ltr'><strong>L</strong></span> <span class='ocrx_word' id='word_1_465' title='bbox 1252 3759 1497 3826; x_wconf 87' lang='lat' dir='ltr'>psalmos</span> <span class='ocrx_word' id='word_1_466' title='bbox 1548 3763 1752 3810; x_wconf 89' lang='lat' dir='ltr'>cantet.</span> 
     </span>
    </p>
   </div>
   <div class='ocr_carea' id='block_1_69' title="bbox 54 3847 1760 3919">
    <p class='ocr_par' dir='ltr' id='par_1_69' title="bbox 54 3847 1760 3919">
     <span class='ocr_line' id='line_1_72' title="bbox 54 3847 1760 3919; baseline -0.004 -14"><span class='ocrx_word' id='word_1_467' title='bbox 54 3852 170 3916; x_wconf 87' lang='lat' dir='ltr'>Qui</span> <span class='ocrx_word' id='word_1_468' title='bbox 202 3850 425 3904; x_wconf 88' lang='lat' dir='ltr'>dederit</span> <span class='ocrx_word' id='word_1_469' title='bbox 455 3848 625 3903; x_wconf 88' lang='lat' dir='ltr'>alicui</span> <span class='ocrx_word' id='word_1_470' title='bbox 654 3849 937 3919; x_wconf 87' lang='lat' dir='ltr'>liquorem</span> <span class='ocrx_word' id='word_1_471' title='bbox 970 3848 1029 3900; x_wconf 91' lang='lat' dir='ltr'>in</span> <span class='ocrx_word' id='word_1_472' title='bbox 1060 3864 1173 3917; x_wconf 93' lang='lat' dir='ltr'>quo</span> <span class='ocrx_word' id='word_1_473' title='bbox 1202 3863 1349 3912; x_wconf 88' lang='lat' dir='ltr'>mus,</span> <span class='ocrx_word' id='word_1_474' title='bbox 1382 3847 1468 3899; x_wconf 88' lang='lat' dir='ltr'>vel</span> <span class='ocrx_word' id='word_1_475' title='bbox 1516 3847 1760 3899; x_wconf 90' lang='lat' dir='ltr'>mustela</span> 
     </span>
    </p>
   </div>
   <div class='ocr_carea' id='block_1_70' title="bbox 55 3935 1759 4006">
    <p class='ocr_par' dir='ltr' id='par_1_70' title="bbox 55 3935 1759 4006">
     <span class='ocr_line' id='line_1_73' title="bbox 55 3935 1759 4006; baseline -0.005 -12"><span class='ocrx_word' id='word_1_476' title='bbox 55 3946 295 3995; x_wconf 86' lang='lat' dir='ltr'>mortua</span> <span class='ocrx_word' id='word_1_477' title='bbox 337 3939 568 3991; x_wconf 90' lang='lat' dir='ltr'>inventa</span> <span class='ocrx_word' id='word_1_478' title='bbox 600 3944 755 4006; x_wconf 89' lang='lat' dir='ltr'>sunt,</span> <span class='ocrx_word' id='word_1_479' title='bbox 789 3937 835 3989; x_wconf 93' lang='lat' dir='ltr'>si</span> <span class='ocrx_word' id='word_1_480' title='bbox 864 3936 1041 3990; x_wconf 88' lang='lat' dir='ltr'>laicus</span> <span class='ocrx_word' id='word_1_481' title='bbox 1072 3940 1175 4000; x_wconf 90' lang='lat' dir='ltr'>est,</span> <span class='ocrx_word' id='word_1_482' title='bbox 1229 3941 1444 4005; x_wconf 90' lang='lat' dir='ltr'>septem</span> <span class='ocrx_word' id='word_1_483' title='bbox 1470 3935 1589 3988; x_wconf 91' lang='lat' dir='ltr'>dies</span> <span class='ocrx_word' id='word_1_484' title='bbox 1638 3950 1759 4004; x_wconf 77' lang='lat' dir='ltr'>po:-</span> 
     </span>
    </p>
   </div>
   <div class='ocr_carea' id='block_1_71' title="bbox 58 4024 1755 4091">
    <p class='ocr_par' dir='ltr' id='par_1_71' title="bbox 58 4024 1755 4091">
     <span class='ocr_line' id='line_1_74' title="bbox 58 4024 1755 4091; baseline -0.004 -10"><span class='ocrx_word' id='word_1_485' title='bbox 58 4028 261 4081; x_wconf 89' lang='lat' dir='ltr'>niteat.</span> <span class='ocrx_word' id='word_1_486' title='bbox 296 4026 350 4079; x_wconf 93' lang='lat' dir='ltr'>Si</span> <span class='ocrx_word' id='word_1_487' title='bbox 384 4026 443 4079; x_wconf 91' lang='lat' dir='ltr'>in</span> <span class='ocrx_word' id='word_1_488' title='bbox 472 4026 746 4080; x_wconf 73' lang='lat' dir='ltr'>cmnobiis</span> <span class='ocrx_word' id='word_1_489' title='bbox 790 4024 1113 4091; x_wconf 78' lang='lat' dir='ltr'>contigerit,</span> <span class='ocrx_word' id='word_1_490' title='bbox 1167 4025 1293 4078; x_wconf 85' lang='lat' dir='ltr'>CCC</span> <span class='ocrx_word' id='word_1_491' title='bbox 1340 4024 1590 4077; x_wconf 86' lang='lat' dir='ltr'>Psalmos</span> <span class='ocrx_word' id='word_1_492' title='bbox 1620 4039 1755 4075; x_wconf 85' lang='lat' dir='ltr'>can-</span> 
     </span>
    </p>
   </div>
   <div class='ocr_carea' id='block_1_72' title="bbox 57 4111 1754 4183">
    <p class='ocr_par' dir='ltr' id='par_1_72' title="bbox 57 4111 1754 4183">
     <span class='ocr_line' id='line_1_75' title="bbox 57 4111 1754 4183; baseline -0.005 -13"><span class='ocrx_word' id='word_1_493' title='bbox 57 4122 164 4170; x_wconf 90' lang='lat' dir='ltr'>tet.</span> <span class='ocrx_word' id='word_1_494' title='bbox 217 4114 325 4178; x_wconf 88' lang='lat' dir='ltr'>Qui</span> <span class='ocrx_word' id='word_1_495' title='bbox 369 4119 564 4183; x_wconf 90' lang='lat' dir='ltr'>postea</span> <span class='ocrx_word' id='word_1_496' title='bbox 607 4114 825 4167; x_wconf 89' lang='lat' dir='ltr'>noverit</span> <span class='ocrx_word' id='word_1_497' title='bbox 859 4115 1009 4183; x_wconf 89' lang='lat' dir='ltr'>quod</span> <span class='ocrx_word' id='word_1_498' title='bbox 1034 4114 1225 4166; x_wconf 90' lang='lat' dir='ltr'>‘talem</span> <span class='ocrx_word' id='word_1_499' title='bbox 1271 4117 1473 4182; x_wconf 87' lang='lat' dir='ltr'>potum</span> <span class='ocrx_word' id='word_1_500' title='bbox 1525 4111 1754 4177; x_wconf 91' lang='lat' dir='ltr'>biberit,</span> 
     </span>
    </p>
   </div>
   <div class='ocr_carea' id='block_1_73' title="bbox 60 4199 1761 4274">
    <p class='ocr_par' dir='ltr' id='par_1_73' title="bbox 60 4199 1761 4274">
     <span class='ocr_line' id='line_1_76' title="bbox 60 4199 1761 4274; baseline -0.004 -15"><span class='ocrx_word' id='word_1_501' title='bbox 60 4206 146 4259; x_wconf 88' lang='lat' dir='ltr'><strong>CL</strong></span> <span class='ocrx_word' id='word_1_502' title='bbox 178 4205 431 4274; x_wconf 91' lang='lat' dir='ltr'>psalmos</span> <span class='ocrx_word' id='word_1_503' title='bbox 479 4207 684 4255; x_wconf 88' lang='lat' dir='ltr'>cantet.</span> <span class='ocrx_word' id='word_1_504' title='bbox 727 4202 783 4256; x_wconf 90' lang='lat' dir='ltr'>Si</span> <span class='ocrx_word' id='word_1_505' title='bbox 841 4203 970 4272; x_wconf 91' lang='lat' dir='ltr'>quis</span> <span class='ocrx_word' id='word_1_506' title='bbox 1024 4202 1392 4255; x_wconf 90' lang='lat' dir='ltr'>semicoctum</span> <span class='ocrx_word' id='word_1_507' title='bbox 1445 4199 1761 4254; x_wconf 88' lang='lat' dir='ltr'>comederit</span> 
     </span>
    </p>
   </div>
   <div class='ocr_carea' id='block_1_74' title="bbox 59 4290 1755 4359">
    <p class='ocr_par' dir='ltr' id='par_1_74' title="bbox 59 4290 1755 4359">
     <span class='ocr_line' id='line_1_77' title="bbox 59 4290 1755 4359; baseline -0.003 -14"><span class='ocrx_word' id='word_1_508' title='bbox 59 4292 296 4358; x_wconf 85' lang='lat' dir='ltr'>inscius,</span> <span class='ocrx_word' id='word_1_509' title='bbox 332 4298 443 4344; x_wconf 85' lang='lat' dir='ltr'>tres</span> <span class='ocrx_word' id='word_1_510' title='bbox 497 4290 616 4343; x_wconf 90' lang='lat' dir='ltr'>dies</span> <span class='ocrx_word' id='word_1_511' title='bbox 672 4290 964 4359; x_wconf 67' lang='lat' dir='ltr'>paeniteat,</span> <span class='ocrx_word' id='word_1_512' title='bbox 1010 4292 1098 4343; x_wconf 90' lang='lat' dir='ltr'>vel</span> <span class='ocrx_word' id='word_1_513' title='bbox 1151 4290 1493 4343; x_wconf 84' lang='lat' dir='ltr'>Psalterium</span> <span class='ocrx_word' id='word_1_514' title='bbox 1549 4293 1755 4342; x_wconf 90' lang='lat' dir='ltr'>cantet.</span> 
     </span>
    </p>
   </div>
   <div class='ocr_carea' id='block_1_75' title="bbox 1862 3214 3555 3282">
    <p class='ocr_par' dir='ltr' id='par_1_75' title="bbox 1862 3214 3555 3282">
     <span class='ocr_line' id='line_1_78' title="bbox 1862 3214 3555 3282; baseline -0.002 -12"><span class='ocrx_word' id='word_1_515' title='bbox 1862 3216 1987 3271; x_wconf 81' lang='lat' dir='ltr'>CAP.</span> <span class='ocrx_word' id='word_1_516' title='bbox 2024 3214 2195 3270; x_wconf 85' lang='lat' dir='ltr'><strong>CXIV.</strong></span> <span class='ocrx_word' id='word_1_517' title='bbox 2225 3246 2292 3253; x_wconf 96' lang='lat'>—</span> <span class='ocrx_word' id='word_1_518' title='bbox 2328 3214 2482 3279; x_wconf 87' lang='lat' dir='ltr'>Quod</span> <span class='ocrx_word' id='word_1_519' title='bbox 2510 3230 2616 3267; x_wconf 91' lang='lat' dir='ltr'>non</span> <span class='ocrx_word' id='word_1_520' title='bbox 2643 3219 2865 3269; x_wconf 87' lang='lat' dir='ltr'>noceant</span> <span class='ocrx_word' id='word_1_521' title='bbox 2902 3215 3202 3282; x_wconf 68' lang='lat' dir='ltr'>praeterita,</span> <span class='ocrx_word' id='word_1_522' title='bbox 3228 3216 3279 3268; x_wconf 97' lang='lat' dir='ltr'>si</span> <span class='ocrx_word' id='word_1_523' title='bbox 3302 3229 3409 3267; x_wconf 88' lang='lat' dir='ltr'>non</span> <span class='ocrx_word' id='word_1_524' title='bbox 3436 3215 3555 3282; x_wconf 88' lang='lat' dir='ltr'>pla-</span> 
     </span>
    </p>
   </div>
   <div class='ocr_carea' id='block_1_76' title="bbox 2461 3287 2949 3353">
    <p class='ocr_par' dir='ltr' id='par_1_76' title="bbox 2461 3287 2949 3353">
     <span class='ocr_line' id='line_1_79' title="bbox 2461 3287 2949 3353; baseline 0 -15"><span class='ocrx_word' id='word_1_525' title='bbox 2461 3290 2615 3338; x_wconf 87' lang='lat' dir='ltr'>ceant</span> <span class='ocrx_word' id='word_1_526' title='bbox 2638 3287 2949 3353; x_wconf 59' lang='lat' dir='ltr'>prasentia.</span> 
     </span>
    </p>
   </div>
   <div class='ocr_carea' id='block_1_77' title="bbox 1932 3389 3555 3461">
    <p class='ocr_par' dir='ltr' id='par_1_77' title="bbox 1932 3389 3555 3461">
     <span class='ocr_line' id='line_1_80' title="bbox 1932 3389 3555 3461; baseline -0.002 -15"><span class='ocrx_word' id='word_1_527' title='bbox 1932 3394 2041 3459; x_wconf 72' lang='lat' dir='ltr'>(Em</span> <span class='ocrx_word' id='word_1_528' title='bbox 2070 3392 2230 3445; x_wconf 84' lang='lat' dir='ltr'>dictis</span> <span class='ocrx_word' id='word_1_529' title='bbox 2262 3390 2520 3461; x_wconf 86' lang='lat' dir='ltr'>August.)</span> <span class='ocrx_word' id='word_1_530' title='bbox 2552 3392 2676 3444; x_wconf 91' lang='lat' dir='ltr'>Non</span> <span class='ocrx_word' id='word_1_531' title='bbox 2721 3396 2930 3445; x_wconf 90' lang='lat' dir='ltr'>nocent</span> <span class='ocrx_word' id='word_1_532' title='bbox 2982 3390 3133 3444; x_wconf 90' lang='lat' dir='ltr'>mala</span> <span class='ocrx_word' id='word_1_533' title='bbox 3161 3389 3472 3461; x_wconf 71' lang='lat' dir='ltr'>praeterita,</span> <span class='ocrx_word' id='word_1_534' title='bbox 3506 3390 3555 3442; x_wconf 90' lang='lat' dir='ltr'>si</span> 
     </span>
    </p>
   </div>
   <div class='ocr_carea' id='block_1_78' title="bbox 1862 3478 3556 3550">
    <p class='ocr_par' dir='ltr' id='par_1_78' title="bbox 1862 3478 3556 3550">
     <span class='ocr_line' id='line_1_81' title="bbox 1862 3478 3556 3550; baseline -0.002 -15"><span class='ocrx_word' id='word_1_535' title='bbox 1862 3498 1977 3535; x_wconf 92' lang='lat' dir='ltr'>non</span> <span class='ocrx_word' id='word_1_536' title='bbox 2005 3480 2267 3550; x_wconf 89' lang='lat' dir='ltr'>placeant</span> <span class='ocrx_word' id='word_1_537' title='bbox 2296 3478 2622 3549; x_wconf 79' lang='lat' dir='ltr'>praesentia,</span> <span class='ocrx_word' id='word_1_538' title='bbox 2654 3478 2942 3549; x_wconf 73' lang='lat' dir='ltr'>prtecipue</span> <span class='ocrx_word' id='word_1_539' title='bbox 2973 3479 3021 3533; x_wconf 88' lang='lat' dir='ltr'>si</span> <span class='ocrx_word' id='word_1_540' title='bbox 3068 3479 3264 3532; x_wconf 89' lang='lat' dir='ltr'>multis</span> <span class='ocrx_word' id='word_1_541' title='bbox 3312 3479 3556 3532; x_wconf 86' lang='lat' dir='ltr'>eleemo-</span> 
     </span>
    </p>
   </div>
   <div class='ocr_carea' id='block_1_79' title="bbox 1864 3568 2433 3640">
    <p class='ocr_par' dir='ltr' id='par_1_79' title="bbox 1864 3568 2433 3640">
     <span class='ocr_line' id='line_1_82' title="bbox 1864 3568 2433 3640; baseline -0.004 -18"><span class='ocrx_word' id='word_1_542' title='bbox 1864 3568 2018 3640; x_wconf 84' lang='lat' dir='ltr'>synis</span> <span class='ocrx_word' id='word_1_543' title='bbox 2048 3568 2162 3621; x_wconf 90' lang='lat' dir='ltr'>sint</span> <span class='ocrx_word' id='word_1_544' title='bbox 2191 3568 2433 3638; x_wconf 89' lang='lat' dir='ltr'>expiata.</span> 
     </span>
    </p>
   </div>
   <div class='ocr_carea' id='block_1_80' title="bbox 1866 3673 3552 3742">
    <p class='ocr_par' dir='ltr' id='par_1_80' title="bbox 1866 3673 3552 3742">
     <span class='ocr_line' id='line_1_83' title="bbox 1866 3673 3552 3742; baseline -0.002 -13"><span class='ocrx_word' id='word_1_545' title='bbox 1866 3676 1991 3729; x_wconf 79' lang='lat' dir='ltr'><strong>CAP.</strong></span> <span class='ocrx_word' id='word_1_546' title='bbox 2027 3675 2176 3730; x_wconf 89' lang='lat' dir='ltr'><strong>CXV.</strong></span> <span class='ocrx_word' id='word_1_547' title='bbox 2224 3705 2293 3712; x_wconf 95' lang='lat'><strong>—</strong></span> <span class='ocrx_word' id='word_1_548' title='bbox 2337 3676 2410 3727; x_wconf 89' lang='lat' dir='ltr'>De</span> <span class='ocrx_word' id='word_1_549' title='bbox 2452 3673 2565 3726; x_wconf 82' lang='lat' dir='ltr'>illis</span> <span class='ocrx_word' id='word_1_550' title='bbox 2604 3674 2700 3741; x_wconf 87' lang='lat' dir='ltr'>qui</span> <span class='ocrx_word' id='word_1_551' title='bbox 2743 3673 2977 3742; x_wconf 83' lang='lat' dir='ltr'>hospites</span> <span class='ocrx_word' id='word_1_552' title='bbox 3016 3675 3251 3741; x_wconf 86' lang='lat' dir='ltr'>recipere</span> <span class='ocrx_word' id='word_1_553' title='bbox 3303 3673 3552 3741; x_wconf 73' lang='lat' dir='ltr'>negleme—</span> 
     </span>
    </p>
   </div>
   <div class='ocr_carea' id='block_1_81' title="bbox 2642 3746 2776 3798">
    <p class='ocr_par' dir='ltr' id='par_1_81' title="bbox 2642 3746 2776 3798">
     <span class='ocr_line' id='line_1_84' title="bbox 2642 3746 2776 3798; baseline 0.015 -2"><span class='ocrx_word' id='word_1_554' title='bbox 2642 3746 2776 3798; x_wconf 84' lang='lat' dir='ltr'>rint.</span> 
     </span>
    </p>
   </div>
   <div class='ocr_carea' id='block_1_82' title="bbox 1935 3831 3552 3903">
    <p class='ocr_par' dir='ltr' id='par_1_82' title="bbox 1935 3831 3552 3903">
     <span class='ocr_line' id='line_1_85' title="bbox 1935 3831 3552 3903; baseline -0.001 -16"><span class='ocrx_word' id='word_1_555' title='bbox 1935 3833 2043 3903; x_wconf 82' lang='lat' dir='ltr'>(Ea:</span> <span class='ocrx_word' id='word_1_556' title='bbox 2106 3833 2475 3887; x_wconf 72' lang='lat' dir='ltr'>Paenitentiali</span> <span class='ocrx_word' id='word_1_557' title='bbox 2543 3831 2834 3902; x_wconf 87' lang='lat' dir='ltr'>Romano)</span> <span class='ocrx_word' id='word_1_558' title='bbox 2878 3832 3213 3903; x_wconf 88' lang='lat' dir='ltr'>Quicunque</span> <span class='ocrx_word' id='word_1_559' title='bbox 3298 3832 3552 3903; x_wconf 89' lang='lat' dir='ltr'>hospites</span> 
     </span>
    </p>
   </div>
   <div class='ocr_carea' id='block_1_83' title="bbox 1866 3920 3554 3992">
    <p class='ocr_par' dir='ltr' id='par_1_83' title="bbox 1866 3920 3554 3992">
     <span class='ocr_line' id='line_1_86' title="bbox 1866 3920 3554 3992; baseline 0.001 -18"><span class='ocrx_word' id='word_1_560' title='bbox 1866 3939 1982 3975; x_wconf 92' lang='lat' dir='ltr'>non</span> <span class='ocrx_word' id='word_1_561' title='bbox 2014 3920 2215 3991; x_wconf 89' lang='lat' dir='ltr'>recipit</span> <span class='ocrx_word' id='word_1_562' title='bbox 2245 3921 2303 3975; x_wconf 89' lang='lat' dir='ltr'>in</span> <span class='ocrx_word' id='word_1_563' title='bbox 2333 3921 2505 3975; x_wconf 90' lang='lat' dir='ltr'>domo</span> <span class='ocrx_word' id='word_1_564' title='bbox 2556 3938 2677 3985; x_wconf 90' lang='lat' dir='ltr'>sua,</span> <span class='ocrx_word' id='word_1_565' title='bbox 2731 3920 2877 3974; x_wconf 91' lang='lat' dir='ltr'>sicut</span> <span class='ocrx_word' id='word_1_566' title='bbox 2932 3920 3208 3974; x_wconf 89' lang='lat' dir='ltr'>Dominus</span> <span class='ocrx_word' id='word_1_567' title='bbox 3266 3922 3554 3992; x_wconf 69' lang='lat' dir='ltr'>praecepit,</span> 
     </span>
    </p>
   </div>
   <div class='ocr_carea' id='block_1_84' title="bbox 1866 4007 3558 4080">
    <p class='ocr_par' dir='ltr' id='par_1_84' title="bbox 1866 4007 3558 4080">
     <span class='ocr_line' id='line_1_87' title="bbox 1866 4007 3558 4080; baseline 0 -17"><span class='ocrx_word' id='word_1_568' title='bbox 1866 4014 1922 4063; x_wconf 90' lang='lat' dir='ltr'>et</span> <span class='ocrx_word' id='word_1_569' title='bbox 1976 4014 2212 4079; x_wconf 91' lang='lat' dir='ltr'>propter</span> <span class='ocrx_word' id='word_1_570' title='bbox 2260 4009 2367 4063; x_wconf 92' lang='lat' dir='ltr'>hoc</span> <span class='ocrx_word' id='word_1_571' title='bbox 2439 4025 2617 4080; x_wconf 87' lang='lat' dir='ltr'>regna</span> <span class='ocrx_word' id='word_1_572' title='bbox 2672 4010 2945 4062; x_wconf 64' lang='lat' dir='ltr'>caelorum</span> <span class='ocrx_word' id='word_1_573' title='bbox 3001 4007 3286 4078; x_wconf 84' lang='lat' dir='ltr'>promisit,</span> <span class='ocrx_word' id='word_1_574' title='bbox 3343 4014 3558 4079; x_wconf 88' lang='lat' dir='ltr'>quanto</span> 
     </span>
    </p>
   </div>
   <div class='ocr_carea' id='block_1_85' title="bbox 1868 4095 3558 4167">
    <p class='ocr_par' dir='ltr' id='par_1_85' title="bbox 1868 4095 3558 4167">
     <span class='ocr_line' id='line_1_88' title="bbox 1868 4095 3558 4167; baseline 0.001 -18"><span class='ocrx_word' id='word_1_575' title='bbox 1868 4102 2125 4165; x_wconf 88' lang='lat' dir='ltr'>tempore</span> <span class='ocrx_word' id='word_1_576' title='bbox 2178 4095 2499 4167; x_wconf 89' lang='lat' dir='ltr'>hospitibus</span> <span class='ocrx_word' id='word_1_577' title='bbox 2574 4096 2987 4150; x_wconf 88' lang='lat' dir='ltr'>humanitatem</span> <span class='ocrx_word' id='word_1_578' title='bbox 3044 4096 3443 4167; x_wconf 87' lang='lat' dir='ltr'>denegaverat,</span> <span class='ocrx_word' id='word_1_579' title='bbox 3501 4101 3558 4151; x_wconf 91' lang='lat' dir='ltr'>et</span> 
     </span>
    </p>
   </div>
   <div class='ocr_carea' id='block_1_86' title="bbox 1867 4184 3559 4255">
    <p class='ocr_par' dir='ltr' id='par_1_86' title="bbox 1867 4184 3559 4255">
     <span class='ocr_line' id='line_1_89' title="bbox 1867 4184 3559 4255; baseline 0.001 -18"><span class='ocrx_word' id='word_1_580' title='bbox 1867 4184 2138 4237; x_wconf 88' lang='lat' dir='ltr'>mandata</span> <span class='ocrx_word' id='word_1_581' title='bbox 2167 4184 2490 4254; x_wconf 87' lang='lat' dir='ltr'>evangelica</span> <span class='ocrx_word' id='word_1_582' title='bbox 2538 4185 2699 4255; x_wconf 86' lang='lat' dir='ltr'>juxta</span> <span class='ocrx_word' id='word_1_583' title='bbox 2749 4184 3184 4254; x_wconf 89' lang='lat' dir='ltr'>possibilitatem</span> <span class='ocrx_word' id='word_1_584' title='bbox 3232 4200 3394 4238; x_wconf 88' lang='lat' dir='ltr'>suam</span> <span class='ocrx_word' id='word_1_585' title='bbox 3441 4201 3559 4238; x_wconf 92' lang='lat' dir='ltr'>non</span> 
     </span>
    </p>
   </div>
   <div class='ocr_carea' id='block_1_87' title="bbox 1868 4272 3559 4343">
    <p class='ocr_par' dir='ltr' id='par_1_87' title="bbox 1868 4272 3559 4343">
     <span class='ocr_line' id='line_1_90' title="bbox 1868 4272 3559 4343; baseline -0.001 -15"><span class='ocrx_word' id='word_1_586' title='bbox 1868 4273 2302 4343; x_wconf 89' lang='lat' dir='ltr'>adimpleverat,</span> <span class='ocrx_word' id='word_1_587' title='bbox 2358 4289 2464 4326; x_wconf 92' lang='lat' dir='ltr'>nec</span> <span class='ocrx_word' id='word_1_588' title='bbox 2512 4274 2684 4343; x_wconf 89' lang='lat' dir='ltr'>pedes</span> <span class='ocrx_word' id='word_1_589' title='bbox 2714 4273 2956 4339; x_wconf 88' lang='lat' dir='ltr'>lavabat,</span> <span class='ocrx_word' id='word_1_590' title='bbox 3003 4288 3107 4326; x_wconf 90' lang='lat' dir='ltr'>nec</span> <span class='ocrx_word' id='word_1_591' title='bbox 3136 4272 3559 4343; x_wconf 79' lang='lat' dir='ltr'>eleemosynam</span> 
     </span>
    </p>
   </div>
   <div class='ocr_carea' id='block_1_88' title="bbox 61 4360 1757 4452">
    <p class='ocr_par' dir='ltr' id='par_1_88' title="bbox 61 4378 1757 4449">
     <span class='ocr_line' id='line_1_91' title="bbox 61 4378 1757 4449; baseline -0.002 -15"><span class='ocrx_word' id='word_1_592' title='bbox 61 4381 260 4435; x_wconf 88' lang='lat' dir='ltr'>Sciens</span> <span class='ocrx_word' id='word_1_593' title='bbox 316 4385 527 4445; x_wconf 91' lang='lat' dir='ltr'>autem,</span> <span class='ocrx_word' id='word_1_594' title='bbox 581 4385 796 4447; x_wconf 90' lang='lat' dir='ltr'>septem</span> <span class='ocrx_word' id='word_1_595' title='bbox 863 4379 983 4431; x_wconf 89' lang='lat' dir='ltr'>dies</span> <span class='ocrx_word' id='word_1_596' title='bbox 1032 4379 1322 4449; x_wconf 65' lang='lat' dir='ltr'>paeniteat.</span> <span class='ocrx_word' id='word_1_597' title='bbox 1383 4380 1490 4431; x_wconf 87' lang='lat' dir='ltr'>Pro</span> <span class='ocrx_word' id='word_1_598' title='bbox 1538 4378 1757 4431; x_wconf 92' lang='lat' dir='ltr'>modico</span> 
     </span>
    </p>
   </div>
   <div class='ocr_carea' id='block_1_89' title="bbox 1937 4360 3558 4452">
    <p class='ocr_par' dir='ltr' id='par_1_89' title="bbox 1937 4361 3558 4432">
     <span class='ocr_line' id='line_1_92' title="bbox 1937 4361 3558 4432; baseline 0.002 -21"><span class='ocrx_word' id='word_1_599' title='bbox 1937 4364 2099 4424; x_wconf 80' lang='lat' dir='ltr'>:erat,</span> <span class='ocrx_word' id='word_1_600' title='bbox 2136 4363 2297 4412; x_wconf 89' lang='lat' dir='ltr'>tanto</span> <span class='ocrx_word' id='word_1_601' title='bbox 2326 4364 2583 4430; x_wconf 89' lang='lat' dir='ltr'>tempore</span> <span class='ocrx_word' id='word_1_602' title='bbox 2614 4361 2861 4431; x_wconf 91' lang='lat' dir='ltr'>pleniter</span> <span class='ocrx_word' id='word_1_603' title='bbox 2891 4361 2950 4414; x_wconf 91' lang='lat' dir='ltr'>in</span> <span class='ocrx_word' id='word_1_604' title='bbox 3003 4377 3147 4431; x_wconf 89' lang='lat' dir='ltr'>pane</span> <span class='ocrx_word' id='word_1_605' title='bbox 3201 4365 3257 4415; x_wconf 92' lang='lat' dir='ltr'>et</span> <span class='ocrx_word' id='word_1_606' title='bbox 3286 4377 3453 4432; x_wconf 90' lang='lat' dir='ltr'>aqua,</span> <span class='ocrx_word' id='word_1_607' title='bbox 3509 4361 3558 4414; x_wconf 90' lang='lat' dir='ltr'>si</span> 
     </span>
    </p>
   </div>
   <div class='ocr_carea' id='block_1_90' title="bbox 39 4465 1760 4536">
    <p class='ocr_par' dir='ltr' id='par_1_90' title="bbox 39 4465 1760 4536">
     <span class='ocr_line' id='line_1_93' title="bbox 39 4465 1760 4536; baseline -0.001 -14"><span class='ocrx_word' id='word_1_608' title='bbox 39 4469 240 4533; x_wconf 65' lang='lat' dir='ltr'>,furto,</span> <span class='ocrx_word' id='word_1_609' title='bbox 262 4468 348 4522; x_wconf 90' lang='lat' dir='ltr'>XX</span> <span class='ocrx_word' id='word_1_610' title='bbox 374 4467 493 4521; x_wconf 92' lang='lat' dir='ltr'>dies</span> <span class='ocrx_word' id='word_1_611' title='bbox 532 4466 829 4536; x_wconf 84' lang='lat' dir='ltr'>pceniteat,</span> <span class='ocrx_word' id='word_1_612' title='bbox 879 4465 979 4535; x_wconf 90' lang='lat' dir='ltr'>qui</span> <span class='ocrx_word' id='word_1_613' title='bbox 1010 4472 1091 4519; x_wconf 90' lang='lat' dir='ltr'>est</span> <span class='ocrx_word' id='word_1_614' title='bbox 1118 4467 1211 4518; x_wconf 84' lang='lat' dir='ltr'>XX</span> <span class='ocrx_word' id='word_1_615' title='bbox 1253 4482 1557 4529; x_wconf 85' lang='lat' dir='ltr'>annorum,</span> <span class='ocrx_word' id='word_1_616' title='bbox 1616 4483 1760 4536; x_wconf 89' lang='lat' dir='ltr'>puer</span> 
     </span>
    </p>
   </div>
   <div class='ocr_carea' id='block_1_91' title="bbox 64 4555 1760 4630">
    <p class='ocr_par' dir='ltr' id='par_1_91' title="bbox 64 4555 1760 4630">
     <span class='ocr_line' id='line_1_94' title="bbox 64 4555 1760 4630; baseline -0.002 -18"><span class='ocrx_word' id='word_1_617' title='bbox 64 4560 166 4630; x_wconf 91' lang='lat' dir='ltr'>qui</span> <span class='ocrx_word' id='word_1_618' title='bbox 191 4565 277 4612; x_wconf 87' lang='lat' dir='ltr'>est</span> <span class='ocrx_word' id='word_1_619' title='bbox 307 4558 352 4610; x_wconf 90' lang='grc' dir='ltr'>Χ</span> <span class='ocrx_word' id='word_1_620' title='bbox 384 4572 670 4610; x_wconf 88' lang='lat' dir='ltr'>annorum</span> <span class='ocrx_word' id='word_1_621' title='bbox 705 4555 922 4624; x_wconf 87' lang='lat' dir='ltr'>aliquid</span> <span class='ocrx_word' id='word_1_622' title='bbox 954 4555 1091 4607; x_wconf 89' lang='lat' dir='ltr'>furti</span> <span class='ocrx_word' id='word_1_623' title='bbox 1123 4556 1355 4623; x_wconf 90' lang='lat' dir='ltr'>faciens,</span> <span class='ocrx_word' id='word_1_624' title='bbox 1390 4563 1607 4626; x_wconf 90' lang='lat' dir='ltr'>septem</span> <span class='ocrx_word' id='word_1_625' title='bbox 1639 4556 1760 4610; x_wconf 89' lang='lat' dir='ltr'>dies</span> 
     </span>
    </p>
   </div>
   <div class='ocr_carea' id='block_1_92' title="bbox 44 4644 1761 4719">
    <p class='ocr_par' dir='ltr' id='par_1_92' title="bbox 44 4644 1761 4719">
     <span class='ocr_line' id='line_1_95' title="bbox 44 4644 1761 4719; baseline -0.002 -17"><span class='ocrx_word' id='word_1_626' title='bbox 44 4647 363 4719; x_wconf 83' lang='lat' dir='ltr'>poeniteat.</span> <span class='ocrx_word' id='word_1_627' title='bbox 432 4646 489 4699; x_wconf 89' lang='lat' dir='ltr'>Si</span> <span class='ocrx_word' id='word_1_628' title='bbox 533 4645 662 4716; x_wconf 90' lang='lat' dir='ltr'>quis</span> <span class='ocrx_word' id='word_1_629' title='bbox 712 4644 942 4697; x_wconf 84' lang='lat' dir='ltr'>tinxerit</span> <span class='ocrx_word' id='word_1_630' title='bbox 986 4660 1224 4696; x_wconf 87' lang='lat' dir='ltr'>manum</span> <span class='ocrx_word' id='word_1_631' title='bbox 1282 4644 1342 4697; x_wconf 92' lang='lat' dir='ltr'>in</span> <span class='ocrx_word' id='word_1_632' title='bbox 1402 4646 1597 4716; x_wconf 91' lang='lat' dir='ltr'>aliquo</span> <span class='ocrx_word' id='word_1_633' title='bbox 1637 4645 1761 4699; x_wconf 89' lang='lat' dir='ltr'>cibo</span> 
     </span>
    </p>
   </div>
   <div class='ocr_carea' id='block_1_93' title="bbox 67 4732 1758 4808">
    <p class='ocr_par' dir='ltr' id='par_1_93' title="bbox 67 4732 1758 4808">
     <span class='ocr_line' id='line_1_96' title="bbox 67 4732 1758 4808; baseline -0.002 -18"><span class='ocrx_word' id='word_1_634' title='bbox 67 4736 309 4808; x_wconf 91' lang='lat' dir='ltr'>liquido,</span> <span class='ocrx_word' id='word_1_635' title='bbox 343 4740 398 4789; x_wconf 92' lang='lat' dir='ltr'>et</span> <span class='ocrx_word' id='word_1_636' title='bbox 428 4751 541 4788; x_wconf 92' lang='lat' dir='ltr'>non</span> <span class='ocrx_word' id='word_1_637' title='bbox 572 4734 774 4788; x_wconf 89' lang='lat' dir='ltr'>idonea</span> <span class='ocrx_word' id='word_1_638' title='bbox 799 4749 993 4796; x_wconf 90' lang='lat' dir='ltr'>manu,</span> <span class='ocrx_word' id='word_1_639' title='bbox 1031 4732 1070 4783; x_wconf 89' lang='lat' dir='ltr'>C</span> <span class='ocrx_word' id='word_1_640' title='bbox 1098 4732 1362 4802; x_wconf 89' lang='lat' dir='ltr'>palmatis</span> <span class='ocrx_word' id='word_1_641' title='bbox 1399 4734 1758 4787; x_wconf 90' lang='lat' dir='ltr'>emendetur.</span> 
     </span>
    </p>
   </div>
   <div class='ocr_carea' id='block_1_94' title="bbox 68 4820 1758 4892">
    <p class='ocr_par' dir='ltr' id='par_1_94' title="bbox 68 4820 1758 4892">
     <span class='ocr_line' id='line_1_97' title="bbox 68 4820 1758 4892; baseline -0.002 -13"><span class='ocrx_word' id='word_1_642' title='bbox 68 4826 123 4879; x_wconf 91' lang='lat' dir='ltr'>Si</span> <span class='ocrx_word' id='word_1_643' title='bbox 149 4828 211 4879; x_wconf 90' lang='lat' dir='ltr'>in</span> <span class='ocrx_word' id='word_1_644' title='bbox 245 4825 448 4889; x_wconf 84' lang='lat' dir='ltr'>farina,</span> <span class='ocrx_word' id='word_1_645' title='bbox 481 4827 581 4876; x_wconf 91' lang='lat' dir='ltr'>aut</span> <span class='ocrx_word' id='word_1_646' title='bbox 618 4822 675 4875; x_wconf 90' lang='lat' dir='ltr'>in</span> <span class='ocrx_word' id='word_1_647' title='bbox 728 4822 919 4891; x_wconf 91' lang='lat' dir='ltr'>aliquo</span> <span class='ocrx_word' id='word_1_648' title='bbox 968 4821 1095 4874; x_wconf 91' lang='lat' dir='ltr'>cibo</span> <span class='ocrx_word' id='word_1_649' title='bbox 1142 4820 1307 4885; x_wconf 90' lang='lat' dir='ltr'>sicco,</span> <span class='ocrx_word' id='word_1_650' title='bbox 1349 4821 1534 4874; x_wconf 89' lang='lat' dir='ltr'>autin</span> <span class='ocrx_word' id='word_1_651' title='bbox 1583 4822 1758 4892; x_wconf 84' lang='lat' dir='ltr'>pulte,</span> 
     </span>
    </p>
   </div>
   <div class='ocr_carea' id='block_1_95' title="bbox 72 4909 1763 4981">
    <p class='ocr_par' dir='ltr' id='par_1_95' title="bbox 72 4909 1763 4981">
     <span class='ocr_line' id='line_1_98' title="bbox 72 4909 1763 4981; baseline -0.003 -15"><span class='ocrx_word' id='word_1_652' title='bbox 72 4921 166 4970; x_wconf 88' lang='lat' dir='ltr'>aut</span> <span class='ocrx_word' id='word_1_653' title='bbox 196 4915 259 4967; x_wconf 92' lang='lat' dir='ltr'>in</span> <span class='ocrx_word' id='word_1_654' title='bbox 289 4914 431 4966; x_wconf 88' lang='lat' dir='ltr'>lacte</span> <span class='ocrx_word' id='word_1_655' title='bbox 460 4913 759 4981; x_wconf 88' lang='lat' dir='ltr'>coagulato</span> <span class='ocrx_word' id='word_1_656' title='bbox 810 4926 957 4976; x_wconf 88' lang='lat' dir='ltr'>mus,</span> <span class='ocrx_word' id='word_1_657' title='bbox 986 4910 1071 4963; x_wconf 91' lang='lat' dir='ltr'>vel</span> <span class='ocrx_word' id='word_1_658' title='bbox 1127 4910 1367 4962; x_wconf 90' lang='lat' dir='ltr'>mustela</span> <span class='ocrx_word' id='word_1_659' title='bbox 1415 4913 1642 4962; x_wconf 89' lang='lat' dir='ltr'>mortua</span> <span class='ocrx_word' id='word_1_660' title='bbox 1687 4909 1763 4961; x_wconf 89' lang='lat' dir='ltr'>in-</span> 
     </span>
    </p>
   </div>
   <div class='ocr_carea' id='block_1_96' title="bbox 72 4997 1759 5071">
    <p class='ocr_par' dir='ltr' id='par_1_96' title="bbox 72 4997 1759 5071">
     <span class='ocr_line' id='line_1_99' title="bbox 72 4997 1759 5071; baseline -0.001 -20"><span class='ocrx_word' id='word_1_661' title='bbox 72 5002 399 5068; x_wconf 84' lang='lat' dir='ltr'>veniuntur,</span> <span class='ocrx_word' id='word_1_662' title='bbox 429 5000 576 5071; x_wconf 90' lang='lat' dir='ltr'>quod</span> <span class='ocrx_word' id='word_1_663' title='bbox 607 5000 665 5052; x_wconf 92' lang='lat' dir='ltr'>in</span> <span class='ocrx_word' id='word_1_664' title='bbox 692 4999 927 5052; x_wconf 90' lang='lat' dir='ltr'>circuitu</span> <span class='ocrx_word' id='word_1_665' title='bbox 983 4999 1104 5069; x_wconf 87' lang='lat' dir='ltr'>ejus</span> <span class='ocrx_word' id='word_1_666' title='bbox 1152 5001 1235 5050; x_wconf 90' lang='lat' dir='ltr'>est</span> <span class='ocrx_word' id='word_1_667' title='bbox 1263 5002 1470 5059; x_wconf 86' lang='lat' dir='ltr'>totum,</span> <span class='ocrx_word' id='word_1_668' title='bbox 1497 4997 1759 5067; x_wconf 86' lang='lat' dir='ltr'>projicie-</span> 
     </span>
    </p>
   </div>
   <div class='ocr_carea' id='block_1_97' title="bbox 64 5086 1431 5159">
    <p class='ocr_par' dir='ltr' id='par_1_97' title="bbox 64 5086 1431 5159">
     <span class='ocr_line' id='line_1_100' title="bbox 64 5086 1431 5159; baseline -0.001 -17"><span class='ocrx_word' id='word_1_669' title='bbox 64 5094 161 5143; x_wconf 87' lang='lat' dir='ltr'>tur</span> <span class='ocrx_word' id='word_1_670' title='bbox 186 5091 360 5156; x_wconf 86' lang='lat' dir='ltr'>foras,</span> <span class='ocrx_word' id='word_1_671' title='bbox 393 5090 545 5159; x_wconf 85' lang='lat' dir='ltr'>quod</span> <span class='ocrx_word' id='word_1_672' title='bbox 578 5088 865 5158; x_wconf 90' lang='lat' dir='ltr'>reliquum</span> <span class='ocrx_word' id='word_1_673' title='bbox 899 5092 1002 5154; x_wconf 93' lang='lat' dir='ltr'>est,</span> <span class='ocrx_word' id='word_1_674' title='bbox 1037 5086 1431 5140; x_wconf 89' lang='lat' dir='ltr'>manducetur.</span> 
     </span>
    </p>
   </div>
   <div class='ocr_carea' id='block_1_98' title="bbox 76 5209 1764 5278">
    <p class='ocr_par' dir='ltr' id='par_1_98' title="bbox 76 5209 1764 5278">
     <span class='ocr_line' id='line_1_101' title="bbox 76 5209 1764 5278; baseline -0.004 -10"><span class='ocrx_word' id='word_1_675' title='bbox 76 5214 199 5268; x_wconf 77' lang='lat' dir='ltr'>CAP.</span> <span class='ocrx_word' id='word_1_676' title='bbox 237 5214 391 5268; x_wconf 90' lang='lat' dir='ltr'><strong>CVII.</strong></span> <span class='ocrx_word' id='word_1_677' title='bbox 436 5212 586 5278; x_wconf 88' lang='lat' dir='ltr'>Quod</span> <span class='ocrx_word' id='word_1_678' title='bbox 636 5210 885 5265; x_wconf 88' lang='lat' dir='ltr'>diabolus</span> <span class='ocrx_word' id='word_1_679' title='bbox 935 5213 1176 5263; x_wconf 82' lang='lat' dir='ltr'>internas</span> <span class='ocrx_word' id='word_1_680' title='bbox 1229 5211 1578 5276; x_wconf 85' lang='lat' dir='ltr'>cogitationes</span> <span class='ocrx_word' id='word_1_681' title='bbox 1635 5209 1764 5261; x_wconf 90' lang='lat' dir='ltr'>ani-</span> 
     </span>
    </p>
   </div>
   <div class='ocr_carea' id='block_1_99' title="bbox 196 5281 1639 5350">
    <p class='ocr_par' dir='ltr' id='par_1_99' title="bbox 196 5281 1639 5350">
     <span class='ocr_line' id='line_1_102' title="bbox 196 5281 1639 5350; baseline -0.003 -11"><span class='ocrx_word' id='word_1_682' title='bbox 196 5301 295 5340; x_wconf 69' lang='lat' dir='ltr'>mae</span> <span class='ocrx_word' id='word_1_683' title='bbox 324 5300 427 5337; x_wconf 87' lang='lat' dir='ltr'>non</span> <span class='ocrx_word' id='word_1_684' title='bbox 458 5283 660 5349; x_wconf 84' lang='lat' dir='ltr'>videat,</span> <span class='ocrx_word' id='word_1_685' title='bbox 693 5282 787 5336; x_wconf 88' lang='lat' dir='ltr'>sed</span> <span class='ocrx_word' id='word_1_686' title='bbox 820 5297 886 5335; x_wconf 70' lang='lat' dir='ltr'>ea:</span> <span class='ocrx_word' id='word_1_687' title='bbox 916 5287 1062 5335; x_wconf 88' lang='lat' dir='ltr'>motu</span> <span class='ocrx_word' id='word_1_688' title='bbox 1091 5283 1328 5350; x_wconf 87' lang='lat' dir='ltr'>corporis</span> <span class='ocrx_word' id='word_1_689' title='bbox 1355 5281 1639 5348; x_wconf 83' lang='lat' dir='ltr'>intelligat.</span> 
     </span>
    </p>
   </div>
   <div class='ocr_carea' id='block_1_100' title="bbox 58 5404 1767 5479">
    <p class='ocr_par' dir='ltr' id='par_1_100' title="bbox 58 5404 1767 5479">
     <span class='ocr_line' id='line_1_103' title="bbox 58 5404 1767 5479; baseline -0.005 -13"><span class='ocrx_word' id='word_1_690' title='bbox 58 5426 59 5435; x_wconf 78' lang='lat'>‘</span> <span class='ocrx_word' id='word_1_691' title='bbox 148 5415 256 5479; x_wconf 75' lang='lat' dir='ltr'>(Em</span> <span class='ocrx_word' id='word_1_692' title='bbox 276 5410 436 5464; x_wconf 90' lang='lat' dir='ltr'>dictis</span> <span class='ocrx_word' id='word_1_693' title='bbox 466 5407 733 5477; x_wconf 79' lang='lat' dir='ltr'>August.)</span> <span class='ocrx_word' id='word_1_694' title='bbox 769 5409 1025 5460; x_wconf 89' lang='lat' dir='ltr'>Internas</span> <span class='ocrx_word' id='word_1_695' title='bbox 1038 5407 1245 5460; x_wconf 64' lang='lat' dir='ltr'>animae</span> <span class='ocrx_word' id='word_1_696' title='bbox 1258 5406 1633 5476; x_wconf 89' lang='lat' dir='ltr'>cogitationes</span> <span class='ocrx_word' id='word_1_697' title='bbox 1653 5404 1767 5459; x_wconf 87' lang='lat' dir='ltr'>dia-</span> 
     </span>
    </p>
   </div>
   <div class='ocr_carea' id='block_1_101' title="bbox 84 5495 1766 5563">
    <p class='ocr_par' dir='ltr' id='par_1_101' title="bbox 84 5495 1766 5563">
     <span class='ocr_line' id='line_1_104' title="bbox 84 5495 1766 5563; baseline -0.001 -13"><span class='ocrx_word' id='word_1_698' title='bbox 84 5498 272 5553; x_wconf 90' lang='lat' dir='ltr'>bolum</span> <span class='ocrx_word' id='word_1_699' title='bbox 322 5515 437 5552; x_wconf 91' lang='lat' dir='ltr'>non</span> <span class='ocrx_word' id='word_1_700' title='bbox 497 5498 689 5551; x_wconf 86' lang='lat' dir='ltr'>videre</span> <span class='ocrx_word' id='word_1_701' title='bbox 755 5496 1135 5549; x_wconf 91' lang='lat' dir='ltr'>certissimum</span> <span class='ocrx_word' id='word_1_702' title='bbox 1190 5501 1292 5563; x_wconf 88' lang='lat' dir='ltr'>est,</span> <span class='ocrx_word' id='word_1_703' title='bbox 1359 5495 1598 5549; x_wconf 90' lang='lat' dir='ltr'>motivas</span> <span class='ocrx_word' id='word_1_704' title='bbox 1645 5510 1766 5548; x_wconf 92' lang='lat' dir='ltr'>cor-</span> 
     </span>
    </p>
   </div>
   <div class='ocr_carea' id='block_1_102' title="bbox 84 5584 1767 5655">
    <p class='ocr_par' dir='ltr' id='par_1_102' title="bbox 84 5584 1767 5655">
     <span class='ocr_line' id='line_1_105' title="bbox 84 5584 1767 5655; baseline -0.001 -16"><span class='ocrx_word' id='word_1_705' title='bbox 84 5588 230 5654; x_wconf 88' lang='lat' dir='ltr'>poris</span> <span class='ocrx_word' id='word_1_706' title='bbox 258 5588 327 5641; x_wconf 89' lang='lat' dir='ltr'>ab</span> <span class='ocrx_word' id='word_1_707' title='bbox 359 5587 455 5640; x_wconf 91' lang='lat' dir='ltr'>illo</span> <span class='ocrx_word' id='word_1_708' title='bbox 485 5592 541 5640; x_wconf 89' lang='lat' dir='ltr'>et</span> <span class='ocrx_word' id='word_1_709' title='bbox 569 5586 994 5640; x_wconf 79' lang='lat' dir='ltr'>aﬁ&#39;ectationnrn</span> <span class='ocrx_word' id='word_1_710' title='bbox 1044 5585 1271 5639; x_wconf 90' lang='lat' dir='ltr'>indiciis</span> <span class='ocrx_word' id='word_1_711' title='bbox 1325 5584 1515 5654; x_wconf 87' lang='lat' dir='ltr'>colligi</span> <span class='ocrx_word' id='word_1_712' title='bbox 1546 5584 1767 5655; x_wconf 84' lang='lat' dir='ltr'>experi-</span> 
     </span>
    </p>
   </div>
   <div class='ocr_carea' id='block_1_103' title="bbox 70 5672 1770 5731">
    <p class='ocr_par' dir='ltr' id='par_1_103' title="bbox 70 5672 1770 5731">
     <span class='ocr_line' id='line_1_106' title="bbox 70 5672 1770 5731; baseline -0.001 -2"><span class='ocrx_word' id='word_1_713' title='bbox 70 5682 273 5731; x_wconf 80' lang='lat' dir='ltr'>mento</span> <span class='ocrx_word' id='word_1_714' title='bbox 293 5674 595 5731; x_wconf 88' lang='lat' dir='ltr'>didicimus</span> <span class='ocrx_word' id='word_1_715' title='bbox 627 5692 640 5728; x_wconf 71' lang='grc' dir='ltr'>ε</span> <span class='ocrx_word' id='word_1_716' title='bbox 668 5680 1084 5729; x_wconf 87' lang='lat' dir='ltr'>secretaautem</span> <span class='ocrx_word' id='word_1_717' title='bbox 1107 5672 1293 5727; x_wconf 89' lang='lat' dir='ltr'>cordis</span> <span class='ocrx_word' id='word_1_718' title='bbox 1317 5674 1468 5727; x_wconf 91' lang='lat' dir='ltr'>solus</span> <span class='ocrx_word' id='word_1_719' title='bbox 1490 5674 1585 5726; x_wconf 92' lang='lat' dir='ltr'>ille</span> <span class='ocrx_word' id='word_1_720' title='bbox 1612 5673 1770 5727; x_wconf 83' lang='lat' dir='ltr'>novit</span> 
     </span>
    </p>
   </div>
   <div class='ocr_carea' id='block_1_104' title="bbox 1869 4446 2630 4516">
    <p class='ocr_par' dir='ltr' id='par_1_104' title="bbox 1869 4446 2630 4516">
     <span class='ocr_line' id='line_1_107' title="bbox 1869 4446 2630 4516; baseline 0 -15"><span class='ocrx_word' id='word_1_721' title='bbox 1869 4464 1987 4501; x_wconf 91' lang='lat' dir='ltr'>non</span> <span class='ocrx_word' id='word_1_722' title='bbox 2018 4446 2302 4515; x_wconf 88' lang='lat' dir='ltr'>emendet,</span> <span class='ocrx_word' id='word_1_723' title='bbox 2336 4449 2630 4516; x_wconf 65' lang='lat' dir='ltr'>paeniteat.</span> 
     </span>
    </p>
   </div>
   <div class='ocr_carea' id='block_1_105' title="bbox 1870 4552 3556 4623">
    <p class='ocr_par' dir='ltr' id='par_1_105' title="bbox 1870 4552 3556 4623">
     <span class='ocr_line' id='line_1_108' title="bbox 1870 4552 3556 4623; baseline -0.002 -16"><span class='ocrx_word' id='word_1_724' title='bbox 1870 4552 1998 4607; x_wconf 81' lang='lat' dir='ltr'>CAP.</span> <span class='ocrx_word' id='word_1_725' title='bbox 2037 4552 2208 4607; x_wconf 91' lang='lat' dir='ltr'><strong>CXVI.</strong></span> <span class='ocrx_word' id='word_1_726' title='bbox 2265 4554 2331 4607; x_wconf 90' lang='lat' dir='ltr'>Ut</span> <span class='ocrx_word' id='word_1_727' title='bbox 2388 4554 2570 4606; x_wconf 86' lang='lat' dir='ltr'>clerici</span> <span class='ocrx_word' id='word_1_728' title='bbox 2615 4557 2890 4623; x_wconf 86' lang='lat' dir='ltr'>superﬂua</span> <span class='ocrx_word' id='word_1_729' title='bbox 2926 4553 3267 4623; x_wconf 80' lang='lat' dir='ltr'>pauperibus</span> <span class='ocrx_word' id='word_1_730' title='bbox 3321 4554 3556 4619; x_wconf 86' lang='lat' dir='ltr'>erogent.</span> 
     </span>
    </p>
   </div>
   <div class='ocr_carea' id='block_1_106' title="bbox 1943 4636 3564 4731">
    <p class='ocr_par' dir='ltr' id='par_1_106' title="bbox 1943 4636 3564 4731">
     <span class='ocr_line' id='line_1_109' title="bbox 1943 4636 3564 4731; baseline -0.001 -18"><span class='ocrx_word' id='word_1_731' title='bbox 1943 4659 2049 4729; x_wconf 68' lang='lat' dir='ltr'>(Ex</span> <span class='ocrx_word' id='word_1_732' title='bbox 2079 4659 2307 4729; x_wconf 89' lang='lat' dir='ltr'>eodem.)</span> <span class='ocrx_word' id='word_1_733' title='bbox 2345 4636 2594 4713; x_wconf 85' lang='lat' dir='ltr'>Clericus</span> <span class='ocrx_word' id='word_1_734' title='bbox 2638 4661 2856 4714; x_wconf 90' lang='lat' dir='ltr'>habens</span> <span class='ocrx_word' id='word_1_735' title='bbox 2914 4660 3225 4731; x_wconf 89' lang='lat' dir='ltr'>superﬂua,</span> <span class='ocrx_word' id='word_1_736' title='bbox 3274 4659 3449 4713; x_wconf 91' lang='lat' dir='ltr'>donet</span> <span class='ocrx_word' id='word_1_737' title='bbox 3495 4674 3564 4712; x_wconf 89' lang='lat' dir='ltr'>ea</span> 
     </span>
    </p>
   </div>
   <div class='ocr_carea' id='block_1_107' title="bbox 1871 4748 3560 4819">
    <p class='ocr_par' dir='ltr' id='par_1_107' title="bbox 1871 4748 3560 4819">
     <span class='ocr_line' id='line_1_110' title="bbox 1871 4748 3560 4819; baseline 0 -18"><span class='ocrx_word' id='word_1_738' title='bbox 1871 4748 2241 4818; x_wconf 90' lang='lat' dir='ltr'>pauperibus.</span> <span class='ocrx_word' id='word_1_739' title='bbox 2276 4748 2375 4801; x_wconf 90' lang='lat' dir='ltr'>Sin</span> <span class='ocrx_word' id='word_1_740' title='bbox 2410 4754 2625 4814; x_wconf 90' lang='lat' dir='ltr'>autem,</span> <span class='ocrx_word' id='word_1_741' title='bbox 2657 4754 2788 4818; x_wconf 90' lang='lat' dir='ltr'>post</span> <span class='ocrx_word' id='word_1_742' title='bbox 2830 4750 3104 4819; x_wconf 86' lang='lat' dir='ltr'>poeniteat</span> <span class='ocrx_word' id='word_1_743' title='bbox 3146 4754 3405 4819; x_wconf 91' lang='lat' dir='ltr'>tempore</span> <span class='ocrx_word' id='word_1_744' title='bbox 3445 4763 3560 4819; x_wconf 93' lang='lat' dir='ltr'>quo</span> 
     </span>
    </p>
   </div>
   <div class='ocr_carea' id='block_1_108' title="bbox 1871 4837 3559 4907">
    <p class='ocr_par' dir='ltr' id='par_1_108' title="bbox 1871 4837 3559 4907">
     <span class='ocr_line' id='line_1_111' title="bbox 1871 4837 3559 4907; baseline 0.001 -19"><span class='ocrx_word' id='word_1_745' title='bbox 1871 4837 2042 4901; x_wconf 83' lang='lat' dir='ltr'>vivat,</span> <span class='ocrx_word' id='word_1_746' title='bbox 2084 4837 2144 4891; x_wconf 90' lang='lat' dir='ltr'>in</span> <span class='ocrx_word' id='word_1_747' title='bbox 2183 4837 2546 4904; x_wconf 91' lang='lat' dir='ltr'>contritione,</span> <span class='ocrx_word' id='word_1_748' title='bbox 2580 4838 2640 4890; x_wconf 90' lang='lat' dir='ltr'>in</span> <span class='ocrx_word' id='word_1_749' title='bbox 2691 4838 3031 4907; x_wconf 63' lang='lat' dir='ltr'>paenitentia</span> <span class='ocrx_word' id='word_1_750' title='bbox 3083 4840 3337 4891; x_wconf 91' lang='lat' dir='ltr'>remotus</span> <span class='ocrx_word' id='word_1_751' title='bbox 3387 4837 3559 4890; x_wconf 86' lang='lat' dir='ltr'>vivat.</span> 
     </span>
    </p>
   </div>
   <div class='ocr_carea' id='block_1_109' title="bbox 1871 4944 3565 5012">
    <p class='ocr_par' dir='ltr' id='par_1_109' title="bbox 1871 4944 3565 5012">
     <span class='ocr_line' id='line_1_112' title="bbox 1871 4944 3565 5012; baseline -0.002 -12"><span class='ocrx_word' id='word_1_752' title='bbox 1871 4944 1997 5001; x_wconf 79' lang='lat' dir='ltr'>CAP.</span> <span class='ocrx_word' id='word_1_753' title='bbox 2033 4944 2233 4998; x_wconf 88' lang='lat' dir='ltr'><strong>CXVII.</strong></span> <span class='ocrx_word' id='word_1_754' title='bbox 2255 4972 2321 4984; x_wconf 90' lang='lat'>--</span> <span class='ocrx_word' id='word_1_755' title='bbox 2361 4946 2432 4997; x_wconf 90' lang='lat' dir='ltr'>De</span> <span class='ocrx_word' id='word_1_756' title='bbox 2459 4944 2553 4997; x_wconf 89' lang='lat' dir='ltr'>illo</span> <span class='ocrx_word' id='word_1_757' title='bbox 2587 4944 2682 5010; x_wconf 88' lang='lat' dir='ltr'>qui</span> <span class='ocrx_word' id='word_1_758' title='bbox 2726 4944 2892 4996; x_wconf 86' lang='lat' dir='ltr'>alicui</span> <span class='ocrx_word' id='word_1_759' title='bbox 2918 4945 3093 5008; x_wconf 80' lang='lat' dir='ltr'>fratri</span> <span class='ocrx_word' id='word_1_760' title='bbox 3117 4957 3277 4998; x_wconf 80' lang='lat' dir='ltr'>suum</span> <span class='ocrx_word' id='word_1_761' title='bbox 3328 4945 3565 5012; x_wconf 87' lang='lat' dir='ltr'>imputat</span> 
     </span>
    </p>
   </div>
   <div class='ocr_carea' id='block_1_110' title="bbox 2042 5016 3373 5083">
    <p class='ocr_par' dir='ltr' id='par_1_110' title="bbox 2042 5016 3373 5083">
     <span class='ocr_line' id='line_1_113' title="bbox 2042 5016 3373 5083; baseline -0.002 -15"><span class='ocrx_word' id='word_1_762' title='bbox 2042 5022 2339 5083; x_wconf 87' lang='lat' dir='ltr'>peccatum,</span> <span class='ocrx_word' id='word_1_763' title='bbox 2374 5016 2486 5068; x_wconf 83' lang='lat' dir='ltr'>nisi</span> <span class='ocrx_word' id='word_1_764' title='bbox 2508 5017 2668 5083; x_wconf 86' lang='lat' dir='ltr'>prius</span> <span class='ocrx_word' id='word_1_765' title='bbox 2706 5028 2943 5067; x_wconf 89' lang='lat' dir='ltr'>seorsum</span> <span class='ocrx_word' id='word_1_766' title='bbox 2963 5030 3081 5067; x_wconf 89' lang='lat' dir='ltr'>eum</span> <span class='ocrx_word' id='word_1_767' title='bbox 3110 5017 3373 5081; x_wconf 86' lang='lat' dir='ltr'>arguerit.</span> 
     </span>
    </p>
   </div>
   <div class='ocr_carea' id='block_1_111' title="bbox 1945 5102 3564 5175">
    <p class='ocr_par' dir='ltr' id='par_1_111' title="bbox 1945 5102 3564 5175">
     <span class='ocr_line' id='line_1_114' title="bbox 1945 5102 3564 5175; baseline -0.002 -16"><span class='ocrx_word' id='word_1_768' title='bbox 1945 5105 2053 5175; x_wconf 80' lang='lat' dir='ltr'>(Ea:</span> <span class='ocrx_word' id='word_1_769' title='bbox 2081 5105 2300 5172; x_wconf 87' lang='lat' dir='ltr'>eodem.)</span> <span class='ocrx_word' id='word_1_770' title='bbox 2334 5104 2441 5168; x_wconf 75' lang='lat' dir='ltr'>Qui</span> <span class='ocrx_word' id='word_1_771' title='bbox 2470 5107 2766 5174; x_wconf 91' lang='lat' dir='ltr'>peccatum</span> <span class='ocrx_word' id='word_1_772' title='bbox 2797 5102 3137 5171; x_wconf 89' lang='lat' dir='ltr'>imputando</span> <span class='ocrx_word' id='word_1_773' title='bbox 3177 5102 3338 5156; x_wconf 86' lang='lat' dir='ltr'>fratri</span> <span class='ocrx_word' id='word_1_774' title='bbox 3378 5102 3564 5173; x_wconf 89' lang='lat' dir='ltr'>impo-</span> 
     </span>
    </p>
   </div>
   <div class='ocr_carea' id='block_1_112' title="bbox 1873 5190 3564 5263">
    <p class='ocr_par' dir='ltr' id='par_1_112' title="bbox 1873 5190 3564 5263">
     <span class='ocr_line' id='line_1_115' title="bbox 1873 5190 3564 5263; baseline -0.002 -18"><span class='ocrx_word' id='word_1_775' title='bbox 1873 5192 1973 5255; x_wconf 90' lang='lat' dir='ltr'>nit,</span> <span class='ocrx_word' id='word_1_776' title='bbox 2013 5192 2350 5263; x_wconf 87' lang='lat' dir='ltr'>priusquam</span> <span class='ocrx_word' id='word_1_777' title='bbox 2384 5207 2644 5246; x_wconf 88' lang='lat' dir='ltr'>seorsum</span> <span class='ocrx_word' id='word_1_778' title='bbox 2674 5195 2878 5261; x_wconf 89' lang='lat' dir='ltr'>arguat</span> <span class='ocrx_word' id='word_1_779' title='bbox 2899 5204 3052 5257; x_wconf 91' lang='lat' dir='ltr'>eum,</span> <span class='ocrx_word' id='word_1_780' title='bbox 3086 5190 3435 5245; x_wconf 86' lang='lat' dir='ltr'>satisfaciens</span> <span class='ocrx_word' id='word_1_781' title='bbox 3491 5190 3564 5257; x_wconf 93' lang='lat' dir='ltr'>ei,</span> 
     </span>
    </p>
   </div>
   <div class='ocr_carea' id='block_1_113' title="bbox 1874 5280 2459 5351">
    <p class='ocr_par' dir='ltr' id='par_1_113' title="bbox 1874 5280 2459 5351">
     <span class='ocr_line' id='line_1_116' title="bbox 1874 5280 2459 5351; baseline 0 -16"><span class='ocrx_word' id='word_1_782' title='bbox 1874 5286 1989 5335; x_wconf 90' lang='lat' dir='ltr'>tres</span> <span class='ocrx_word' id='word_1_783' title='bbox 2018 5280 2139 5335; x_wconf 88' lang='lat' dir='ltr'>dies</span> <span class='ocrx_word' id='word_1_784' title='bbox 2167 5280 2459 5351; x_wconf 85' lang='lat' dir='ltr'>poeniteat.</span> 
     </span>
    </p>
   </div>
   <div class='ocr_carea' id='block_1_114' title="bbox 1876 5384 3565 5453">
    <p class='ocr_par' dir='ltr' id='par_1_114' title="bbox 1876 5384 3565 5453">
     <span class='ocr_line' id='line_1_117' title="bbox 1876 5384 3565 5453; baseline -0.002 -11"><span class='ocrx_word' id='word_1_785' title='bbox 1876 5386 2006 5442; x_wconf 76' lang='lat' dir='ltr'>CAP.</span> <span class='ocrx_word' id='word_1_786' title='bbox 2039 5386 2266 5440; x_wconf 91' lang='lat' dir='ltr'><strong>CXVIII.</strong></span> <span class='ocrx_word' id='word_1_787' title='bbox 2314 5386 2397 5439; x_wconf 90' lang='lat' dir='ltr'>De</span> <span class='ocrx_word' id='word_1_788' title='bbox 2443 5385 2557 5440; x_wconf 88' lang='lat' dir='ltr'>illis</span> <span class='ocrx_word' id='word_1_789' title='bbox 2608 5388 2703 5453; x_wconf 67' lang='lat' dir='ltr'>qui</span> <span class='ocrx_word' id='word_1_790' title='bbox 2741 5385 2840 5439; x_wconf 89' lang='lat' dir='ltr'>diu</span> <span class='ocrx_word' id='word_1_791' title='bbox 2893 5384 3117 5437; x_wconf 87' lang='lat' dir='ltr'>reticent</span> <span class='ocrx_word' id='word_1_792' title='bbox 3172 5388 3395 5452; x_wconf 88' lang='lat' dir='ltr'>peccata</span> <span class='ocrx_word' id='word_1_793' title='bbox 3445 5400 3565 5439; x_wconf 90' lang='lat' dir='ltr'>sua.</span> 
     </span>
    </p>
   </div>
   <div class='ocr_carea' id='block_1_115' title="bbox 1950 5489 3567 5563">
    <p class='ocr_par' dir='ltr' id='par_1_115' title="bbox 1950 5489 3567 5563">
     <span class='ocr_line' id='line_1_118' title="bbox 1950 5489 3567 5563; baseline -0.002 -15"><span class='ocrx_word' id='word_1_794' title='bbox 1950 5492 2057 5563; x_wconf 72' lang='lat' dir='ltr'>(Ea:</span> <span class='ocrx_word' id='word_1_795' title='bbox 2086 5493 2452 5549; x_wconf 72' lang='lat' dir='ltr'>Pwnitentiali</span> <span class='ocrx_word' id='word_1_796' title='bbox 2480 5491 2636 5547; x_wconf 74' lang='lat' dir='ltr'>Beda:</span> <span class='ocrx_word' id='word_1_797' title='bbox 2686 5490 3033 5561; x_wconf 82' lang='lat' dir='ltr'>presbyteri.)</span> <span class='ocrx_word' id='word_1_798' title='bbox 3085 5489 3388 5545; x_wconf 87' lang='lat' dir='ltr'>Sciendum</span> <span class='ocrx_word' id='word_1_799' title='bbox 3432 5507 3567 5545; x_wconf 86' lang='lat' dir='ltr'>vero</span> 
     </span>
    </p>
   </div>
   <div class='ocr_carea' id='block_1_116' title="bbox 1880 5579 3571 5654">
    <p class='ocr_par' dir='ltr' id='par_1_116' title="bbox 1880 5579 3571 5654">
     <span class='ocr_line' id='line_1_119' title="bbox 1880 5579 3571 5654; baseline -0.002 -17"><span class='ocrx_word' id='word_1_800' title='bbox 1880 5589 1983 5650; x_wconf 89' lang='lat' dir='ltr'>est,</span> <span class='ocrx_word' id='word_1_801' title='bbox 2017 5588 2229 5654; x_wconf 91' lang='lat' dir='ltr'>quanto</span> <span class='ocrx_word' id='word_1_802' title='bbox 2262 5582 2390 5652; x_wconf 88' lang='lat' dir='ltr'>quis</span> <span class='ocrx_word' id='word_1_803' title='bbox 2420 5588 2678 5651; x_wconf 81' lang='lat' dir='ltr'>tempore</span> <span class='ocrx_word' id='word_1_804' title='bbox 2710 5586 2964 5635; x_wconf 87' lang='lat' dir='ltr'>moratur</span> <span class='ocrx_word' id='word_1_805' title='bbox 2991 5580 3051 5633; x_wconf 93' lang='lat' dir='ltr'>in</span> <span class='ocrx_word' id='word_1_806' title='bbox 3093 5579 3358 5650; x_wconf 79' lang='lat' dir='ltr'>peccatis,</span> <span class='ocrx_word' id='word_1_807' title='bbox 3413 5583 3571 5633; x_wconf 90' lang='lat' dir='ltr'>tanto</span> 
     </span>
    </p>
   </div>
   <div class='ocr_carea' id='block_1_117' title="bbox 1881 5670 2719 5742">
    <p class='ocr_par' dir='ltr' id='par_1_117' title="bbox 1881 5670 2719 5742">
     <span class='ocr_line' id='line_1_120' title="bbox 1881 5670 2719 5742; baseline -0.004 -17"><span class='ocrx_word' id='word_1_808' title='bbox 1881 5673 1931 5725; x_wconf 90' lang='lat' dir='ltr'>ei</span> <span class='ocrx_word' id='word_1_809' title='bbox 1957 5672 2218 5742; x_wconf 87' lang='lat' dir='ltr'>augenda</span> <span class='ocrx_word' id='word_1_810' title='bbox 2249 5674 2333 5725; x_wconf 87' lang='lat' dir='ltr'>est</span> <span class='ocrx_word' id='word_1_811' title='bbox 2362 5670 2719 5740; x_wconf 68' lang='lat' dir='ltr'>paenitentia.</span> 
     </span>
    </p>
   </div>
  </div>
