3950 6304
484 328 615 380 1007

1551 323 1963 381 BURCHARDI
2003 324 2536 382 WORMACIENSIS
2575 323 2904 380 EPISCOPI.
3864 326 3945 376 tOt

482 451 610 505 CAP.
661 449 832 504 CXIX.
864 477 934 489 —
986 451 1056 503 De
1110 449 1222 502 illis
1268 448 1366 517 qui
1420 449 1659 516 aliquem
1709 450 1770 501 in
1810 450 1898 502 ira
1948 464 2171 518 percus-
2201 452 2241 503 A
2286 447 2439 518 ipsos
2471 447 2807 517 decipimus,
2839 452 2893 499 et
2942 445 3151 500 veritas
3194 445 3255 500 in
3295 445 3463 500 nobis
3509 462 3625 500 non
3676 453 3767 501 est
3805 464 3819 501 :
3868 453 3946 500 sat

1242 521 1428 572 serint.

555 610 676 677 (E1:
702 610 923 662 concilio
945 609 1289 674 Rothomag.,
1315 609 1494 675 capite
1524 608 1604 673 9.)
1636 606 1692 660 Si
1717 607 1845 678 quis
1872 606 2050 661 alium
2081 623 2183 676 per

484 698 631 752 iram
662 697 1031 766 percusserit,
1078 703 1135 750 et
1183 696 1521 765 sanguinem
1575 696 1861 762 eﬁ'uderit,
1919 697 1966 750 si
2004 697 2183 750 laicus

488 791 594 851 est,
654 787 737 839 XX
791 785 912 839 dies
961 785 1273 854 pmniteat:
1326 784 1584 852 clericus,
1646 785 1791 838 XXX.
1848 785 1936 838 Illi
1992 789 2184 838 autem

491 873 590 944 qui
623 874 866 944 gradum
893 873 1123 935 habent,
1160 871 1408 942 amplius
1451 872 1587 942 pelli
1632 873 1860 939 debent,
1911 873 2186 927 diaconus

491 979 584 1016 sex
644 978 888 1028 menses,
960 962 1258 1031 presbyter
1332 977 1513 1014 unum
1574 977 1812 1028 annum,
1883 962 2186 1032 episcopus

497 1051 640 1103 duos
668 1065 848 1102 annos
879 1054 936 1102 et
965 1065 1057 1102 sex
1087 1065 1331 1102 menses.

494 1157 620 1209 CAP.
659 1156 802 1210 CXX.
835 1185 903 1194 —
935 1157 1012 1208 De
1038 1156 1151 1208 illis
1183 1157 1280 1223 qui
1309 1154 1384 1208 ad
1411 1155 1728 1220 feriendum
1757 1155 2028 1210 hominem
2065 1172 2188 1210 sur-

561 1232 824 1293 remerint,
888 1227 1120 1279 volentes
1185 1241 1303 1279 eum
1365 1227 1616 1290 occidere,
1680 1227 1774 1280 sed
1834 1243 1940 1282 non
2003 1234 2190 1296 potue-

565 1303 714 1350 runt.

565 1384 676 1453 (ΕΔ
715 1385 1080 1438 Pamitentiali
1111 1383 1392 1452 Romano.)
1444 1383 1552 1448 Qui
1603 1383 1672 1437 ad
1725 1383 2045 1439 feriendum
2096 1386 2194 1439 ho-

495 1473 712 1527 minem
745 1472 1075 1535 surrexerit,
1109 1472 1306 1525 volens
1337 1487 1466 1524 eum
1508 1472 1784 1540 occidere,
1821 1478 1939 1526 tres
1979 1473 2189 1527 hebdo-

498 1563 695 1616 madas
742 1562 1034 1630 pmniteat.
1092 1560 1147 1614 Si
1219 1561 1456 1612 clericus
1509 1561 1699 1623 fuerit,
1763 1577 1860 1615 sex
1915 1579 2188 1616 menses:

498 1649 650 1720 quod
710 1649 813 1700 etsi
842 1648 1247 1713 vulneraverit,
1277 1648 1360 1700 XL
1384 1648 1520 1701 dies.
1557 1648 1612 1702 Si
1636 1649 1874 1702 clericus
1898 1649 2190 1718 clericum,

2294 536 2541 590 ostendit
2569 551 2701 588 eum
2733 536 2831 604 qui
2879 535 3091 588 dixerit
3139 551 3197 588 se
3246 551 3362 588 non
3394 534 3604 589 habere
3661 541 3946 606 peccatur

2291 639 2405 676 non
2435 638 2632 675 Verum
2671 621 2850 691 loqui,
2881 622 2979 674 sed
3013 621 3241 674 falsum.

2294 712 2420 765 CAP.
2457 711 2670 764 CXXVI.
2705 738 2778 750 —
2809 713 2879 762 De
2903 711 3015 763 illis
3047 712 3144 778 qui
3177 709 3367 762 dicunt
3393 713 3606 763 sanctos
3667 712 3721 763 in
3751 713 3943 763 oratio

2369 784 2670 846 Dominica,
2714 781 2944 833 Dimitte
2983 783 3136 834 nobis
3174 781 3358 834 debita
3396 787 3602 845 nostra,
3647 797 3754 834 non
3807 796 3923 851 pro

2365 852 2458 906 sed
2480 867 2582 921 pro
2613 852 2743 904 aliis
2766 852 2960 904 dicere.

2369 941 2489 1010 (Em
2520 941 2718 1003 eodem,
2760 945 2934 1008 capite
2961 941 3077 1006 7i.)
3107 941 3244 992 Item
3295 939 3509 1009 placuit
3551 945 3614 993 ut
3662 939 3946 1010 quicunq'

2297 1029 2504 1083 dixerit
2533 1030 2591 1080 in
2624 1029 2879 1082 oratione
2936 1027 3250 1093 Dominica,
3306 1028 3432 1081 ideo
3485 1027 3673 1081 dicere
3724 1035 3946 1082 sancto:

2302 1117 2533 1171 Dimitte
2563 1117 2726 1169 nobis
2760 1117 2950 1170 debita
2983 1123 3196 1180 nostra,
3232 1121 3296 1169 ut
3341 1133 3446 1186 pro
3479 1115 3679 1187 seipsis
3725 1118 3838 1170 hoc
3893 1133 3946 1168 n4

2298 1205 2487 1258 dicant
2521 1221 2533 1258 :
2567 1205 2699 1274 quia
2735 1221 2846 1258 non
2884 1210 2969 1257 est
2999 1204 3079 1257 eis
3105 1206 3418 1259 necessaria
3466 1205 3572 1258 ista
3629 1206 3857 1276 petitio,
3915 1222 3939 1256 s

2299 1309 2405 1364 pro
2438 1293 2561 1346 aliis
2585 1294 2682 1364 qui
2713 1299 2844 1346 sunt
2874 1294 2932 1346 in
2965 1309 3065 1346 suo
3099 1295 3308 1364 populo
3358 1299 3706 1363 peccatores,
3761 1300 3822 1348 et
3878 1294 3936 1348 id

2299 1398 2418 1436 non
2449 1382 2633 1436 dicere
2667 1398 3139 1452 unumquemque
3181 1387 3526 1450 sanctorum,
3569 1383 3810 1437 Dimitte
3873 1399 3946 1452 pe

2301 1475 2426 1524 cata
2455 1486 2600 1537 mea,
2635 1471 2732 1524 sed
2793 1471 3022 1524 Dimitte
3067 1471 3230 1524 nobis
3277 1469 3469 1524 debita
3513 1477 3728 1537 nostra,
3786 1476 3851 1523 ut
3905 1471 3945 1523 h

2303 1575 2407 1628 pro
2435 1560 2559 1612 aliis
2582 1560 2792 1628 potius,
2825 1576 2996 1629 quam
3039 1575 3142 1629 pro
3193 1575 3249 1611 se
3299 1559 3488 1628 justus
3536 1566 3731 1628 petere
3783 1560 3932 1612 intel

2305 1654 2493 1718 gatur,
2555 1649 2877 1711 anathema,
2923 1649 3015 1701 sit.
3079 1649 3318 1702 Sanctus
3361 1649 3515 1701 enim
3547 1654 3603 1702 ct
3641 1650 3839 1718 justus
3895 1665 3946 1700 ei

501 1753 714 1792 annum
748 1742 952 1802 totum,
987 1737 1083 1789 scd
1120 1742 1177 1789 et
1231 1735 1536 1806 pecuniam
1566 1752 1669 1806 pro
1722 1737 1889 1790 modo
1946 1738 2198 1791 vulneris
2231 1732 2267 1784 Β
2309 1737 2596 1807 apostolus
2651 1737 2914 1803 Iacobus,
2965 1753 3093 1790 cum
3165 1737 3434 1791 dicebat:
3485 1737 3547 1790 In
3595 1736 3791 1790 multis
3852 1737 3946 1790 eni

503 1827 594 1880 cui
620 1825 846 1888 inflixit,
879 1825 1112 1878 tribuat.

502 1915 629 1970 CAP.
665 1914 832 1968 CXXI.
859 1941 932 1954 —
958 1916 1033 1967 De
1059 1914 1170 1967 illis
1201 1915 1298 1980 qui
1321 1915 1637 1967 relicuerint
1679 1920 1954 1982 peccatum
1999 1917 2198 1980 fratris

1046 1984 1190 2053 quod
1218 1991 1295 2036 est
1324 1985 1398 2036 ad
1426 1991 1666 2038 mortem.

574 2073 685 2141 (Em
732 2073 1096 2126 Panitentiali
1150 2071 1374 2140 Theod.)
1425 2071 1532 2134 Qui
1584 2072 1878 2125 reticuerit
1930 2073 2197 2126 delictum

505 2161 697 2214 fratris
729 2159 878 2229 quod
909 2164 992 2212 est
1018 2175 1198 2229 usque
1227 2159 1296 2212 ad
1328 2166 1594 2226 mortem,
1653 2176 1838 2231 neque
1901 2177 2032 2214 eum
2078 2177 2193 2214 cor-

504 2248 764 2318 ripuerit,
795 2248 956 2317 juxta
984 2249 1242 2316 regulam
1276 2249 1687 2318 evangelicum,
1719 2249 1906 2318 primo
1937 2249 2086 2303 inter
2118 2266 2197 2315 se,

504 2342 559 2389 et
587 2337 774 2406 ipsum
805 2337 1008 2395 solum.
1043 2335 1248 2388 deinde
1282 2336 1434 2388 inter
1461 2337 1625 2403 alios,
1658 2338 1867 2391 deinde
1919 2339 1985 2392 ad
2020 2338 2200 2391 Eccle-

505 2425 648 2478 siam
680 2425 908 2494 culpam
941 2425 1214 2489 referens,
1259 2424 1303 2476 si
1349 2440 1577 2479 necesse
1627 2425 1820 2490 fuerit,
1880 2432 1936 2478 et
1985 2431 2198 2496 quanto

503 2518 761 2584 tempore
782 2512 911 2578 fuit,
940 2518 1095 2565 tanto
1126 2514 1419 2582 poeniteat.

503 2603 630 2656 CAP.
692 2601 887 2655 CXXII.
949 2601 1099 2666 Quod
1155 2617 1260 2654 non
1330 2602 1488 2654 liceat
1542 2601 1788 2665 diacono,
1849 2603 2019 2656 alicui
2067 2602 2198 2656 dare

1153 2674 1555 2740 paenitentiam.

574 2760 680 2830 (Ea:
710 2760 1074 2814 Poenitentiali
1101 2759 1382 2829 Romano.)
1427 2761 1550 2813 Non
1601 2761 1732 2814 licet
1755 2761 1993 2814 diacono
2026 2763 2196 2815 alicui

502 2847 636 2900 dare
683 2847 1126 2916 paenitentiam:
1200 2849 1296 2901 sed
1357 2849 1679 2919 episcopus,
1746 2856 1846 2903 aut
1901 2850 2198 2921 presbyter

503 2935 636 2988 dare
671 2935 857 2988 debet.

505 3039 632 3092 CAP.
657 3041 876 3094 CXXIII.
911 3071 977 3078 —
1003 3043 1069 3094 Ut
1085 3043 1401 3108 pamitentia
1429 3057 1548 3110 qua
1569 3041 1747 3097 dilata
1765 3049 1862 3108 est,
1886 3059 2001 3097 cum
2026 3046 2197 3112 petita

1071 3115 1240 3176 fuerit
1262 3127 1365 3166 non
1385 3118 1627 3179 negetur.

577 3198 684 3268 (Ea:
713 3199 855 3253 decr.
886 3200 1074 3253 Leonis
1101 3215 1278 3268 papae,
1314 3203 1490 3269 capite
1510 3203 1577 3254 22
1606 3201 1622 3271 )
1655 3201 2044 3256 Dissimulatio
2078 3204 2198 3257 hinc

503 3293 691 3357 potest
719 3304 833 3340 non
865 3288 934 3341 de
964 3294 1296 3359 contemptu
1327 3306 1446 3342 esse
1479 3290 1738 3356 remedii,
1771 3291 1868 3343 sed
1927 3291 1996 3344 de
2042 3295 2198 3347 metu

501 3375 730 3444 gravius
789 3376 1180 3446 delinquendi,
1239 3379 1386 3430 unde
1453 3379 1790 3448 paenitentia
1846 3395 1976 3449 qua:
2024 3381 2198 3434 dilata

503 3470 604 3532 est,
652 3480 781 3518 cum
847 3465 1154 3519 studiosius
1205 3469 1385 3536 petita
1435 3467 1607 3520 fuerit
1653 3483 1768 3521 non
1821 3473 2081 3538 negetur,
2133 3474 2198 3522 ut

503 3554 912 3623 quoquomodo
945 3553 1013 3608 ad
1064 3554 1438 3624 indulgentiae
1470 3555 1813 3610 medicinam
1861 3558 2055 3611 anima
2085 3559 2199 3612 vul-

502 3649 702 3696 nerata
733 3641 1048 3710 perveniat.

503 3732 631 3785 CAP.
667 3729 880 3784 CXXIV.
910 3759 978 3768 —
1009 3731 1088 3784 De
1113 3731 1225 3783 illis
1255 3733 1352 3798 qui
1383 3731 1688 3799 despiciunt
1713 3747 1796 3787 eos
1827 3737 1924 3802 qui
1963 3733 2198 3802 ﬁdeliter

1107 3816 1315 3868 agapas
1345 3803 1592 3868 fecerint.

573 3889 694 3958 (Ea:
722 3889 944 3943 concilio
980 3889 1282 3956 Gangren.,
1313 3892 1489 3958 capite
1523 3890 1629 3959 tt.)
1665 3890 1716 3944 Si
1775 3891 1904 3961 quis
1952 3891 2196 3962 despicit

500 3994 598 4031 eos
631 3978 730 4048 qui
763 3977 1011 4031 fideliter
1039 3992 1268 4046 agapas,
1307 3977 1364 4031 id
1391 3984 1493 4043 est,
1545 3978 1801 4031 convivia
1844 3979 2195 4049 pauperibus

499 4066 791 4130 exhibent,
825 4070 880 4118 et
909 4071 1142 4134 propter
1172 4066 1450 4118 honorem
1486 4067 1581 4118 Dei
1612 4071 1926 4119 convocant
1967 4065 2189 4134 fratres,

501 4161 559 4208 et
589 4155 840 4208 noluerit
867 4153 1296 4208 communicare
1333 4155 1729 4227 hujuscemodi
1779 4154 2189 4222 vacationibus,

496 4243 917 4313 parvipendens
948 4242 1097 4312 quod
1132 4243 1374 4312 geritur,
1407 4244 1711 4296 anathema
1741 4244 1831 4297 sit.

498 4331 624 4387 CAP.
655 4330 851 4386 CXXV.
874 4359 946 4371 —
963 4333 1038 4384 De
1059 4332 1168 4384 illis
1190 4335 1285 4398 qui
1305 4332 1491 4386 dicunt
1511 4347 1566 4386 se
1594 4349 1699 4386 non
1729 4333 1924 4386 habere
1943 4339 2184 4402 peccata.

565 4423 676 4487 (Ea:
706 4421 925 4473 concilio
955 4422 1241 4485 Africano,
1305 4422 1480 4487 capite
1507 4424 1616 4488 70.)
1668 4421 1808 4474 Item
1859 4423 2092 4490 placuit,
2123 4429 2188 4476 ut

495 4510 645 4580 quod
676 4509 757 4560 ait
815 4513 1041 4561 sanctus
1100 4508 1389 4578 apostolus
1434 4510 1727 4563 Joannes:
1775 4510 1833 4564 Si
1871 4510 2186 4564 dixerimus

494 4599 629 4668 quia
677 4603 975 4667 peccatum
1023 4612 1140 4649 non
1179 4596 1477 4663 habemus,
1539 4597 1798 4667 nosipsos
1844 4599 2180 4669 decipimus,

495 4691 551 4740 et
577 4685 783 4738 veritas
811 4684 869 4736 in
903 4684 1066 4737 nobis
1097 4700 1208 4737 non
1240 4690 1342 4740 est.
1376 4685 1643 4755 Quisquis
1671 4686 1749 4739 sic
1788 4688 2180 4758 accipiendum

491 4773 798 4844 putaverit,
832 4778 896 4826 ut
926 4771 1074 4826 dicat
1131 4778 1365 4843 propter
1407 4774 1792 4829 humilitatem
1847 4792 1966 4830 non
2011 4793 2182 4847 Opor-

490 4865 609 4915 tere
652 4861 761 4913 dici
799 4877 902 4913 nos
953 4877 1070 4913 non
1111 4860 1320 4914 habere
1379 4868 1694 4932 peccatum,
1728 4880 1844 4917 non
1878 4864 2012 4935 quia
2051 4882 2180 4920 vere

488 4949 568 5002 ita
617 4953 720 5012 est,
772 4949 1076 5000 anathema
1107 4947 1199 5002 sit.
1249 4949 1516 5019 Sequitur
1581 4951 1754 5019 enim,
1807 4957 1865 5004 et
1918 4953 2183 5024 adjungit

489 5038 783 5108 apostolus
818 5053 830 5089 :
864 5036 920 5090 Si
952 5043 1143 5088 autem
1176 5037 1419 5090 confessi
1475 5037 1754 5092 fuerimus
1805 5046 2032 5110 peccata
2075 5059 2177 5096 no-

489 5133 622 5194 stra,
667 5125 851 5179 ﬁdelis
895 5129 979 5177 est
1032 5129 1088 5177 et
1130 5125 1339 5194 justus,
1381 5127 1480 5196 qui
1538 5128 1794 5182 remittat
1839 5130 2002 5183 nobis
2046 5146 2178 5200 pec-

486 5221 629 5282 cata,
663 5220 719 5268 et
751 5213 986 5267 mundet
1015 5229 1120 5266 nos
1175 5213 1246 5266 ab
1303 5215 1461 5267 omni
1509 5215 1831 5286 iniquitate.
1883 5216 1983 5271 Ubi
2045 5219 2178 5274 satis

486 5309 744 5374 apparet,
781 5303 886 5356 hoc
921 5319 1033 5356 non
1066 5307 1292 5356 tantum
1339 5303 1652 5371 humiliter,
1687 5305 1783 5358 sed
1817 5304 1989 5360 etiam
2018 5323 2173 5361 vera-

485 5393 627 5446 citer
659 5392 814 5446 dici:
860 5396 1084 5462 poterat
1116 5393 1270 5444 enim
1316 5399 1497 5461 apost.
1547 5393 1734 5448 dicere
1777 5410 1790 5448 :
1843 5393 1901 5448 Si
1963 5396 2173 5451 dixeri-

485 5497 632 5547 mus,
687 5497 804 5534 non
855 5480 1126 5533 habemus
1179 5487 1493 5550 peccatum,
1527 5482 1785 5552 nosipsos
1833 5484 2173 5554 extollimus,

485 5575 540 5622 ct
568 5571 863 5624 humilitas
903 5569 962 5622 in
1011 5570 1180 5623 nobis
1213 5585 1330 5624 non
1381 5576 1484 5625 est.
1537 5572 1643 5625 Sed
1699 5588 1830 5626 cum
1878 5573 1992 5628 ait:
2031 5575 2172 5627 Nos-

2308 1824 2650 1878 offendimus
2681 1841 2899 1878 omnes.
2931 1825 3068 1878 Nam
3105 1842 3282 1896 quare
3323 1825 3579 1879 additum
3615 1830 3699 1878 est
3755 1841 3939 1878 omne

2307 1913 2416 1966 nisi
2445 1918 2506 1966 ut
2534 1913 2640 1966 ista
2692 1914 2973 1966 sententia
3019 1914 3385 1968 conveniret?
3426 1915 3487 1967 Et
3524 1914 3583 1967 in
3633 1914 3862 1967 Psalmo
3919 1931 3946 1966 υ

2306 2001 2553 2071 legitur:
2593 2003 2670 2055 Ne
2704 2003 2883 2056 intres
2932 2003 2988 2054 in
3035 2002 3316 2072 judicium
3360 2019 3489 2056 cum
3524 2019 3685 2055 servo
3713 2007 3836 2067 tuo,
3875 2019 3945 2072 qi;

2306 2106 2424 2144 non
2464 2091 2872 2160 justificabitur
2929 2090 2988 2144 in
3055 2097 3356 2160 conspectu
3407 2095 3507 2143 tuo
3553 2091 3740 2144 omnis
3789 2091 3946 2144 vivet

2308 2181 2371 2234 Et
2422 2179 2482 2232 in
2540 2181 2795 2233 oratione
2840 2179 3242 2249 sapientissimi
3300 2179 3660 2234 Salomonis:
3743 2179 3876 2232 Non
3934 2197 3946 2230 4

2305 2268 2479 2322 homo
2512 2268 2610 2339 qui
2641 2285 2752 2322 non
2788 2268 3054 2338 peccavit.
3099 2268 3165 2320 Et
3214 2267 3274 2320 in
3331 2268 3480 2321 libro
3514 2268 3691 2321 sancti
3726 2268 3839 2322 Job
3903 2283 3917 2321 :

2307 2372 2478 2410 manu
2501 2356 2688 2410 omnis
2716 2357 2967 2410 hominis
3009 2357 3258 2425 signum,
3314 2362 3375 2409 ut
3424 2357 3563 2409 sciat
3605 2357 3793 2410 omnis
3832 2357 3946 2410 hor

2304 2445 2697 2498 infirmitatem
2756 2461 2938 2498 suam.
2992 2445 3148 2499 Unde
3199 2445 3368 2498 etiam
3422 2445 3616 2498 Daniel
3659 2451 3904 2498 sanctus

2297 2533 2507 2603 justus,
2541 2549 2672 2587 cum
2721 2534 2781 2586 in
2833 2533 3090 2586 oratione
3136 2534 3440 2603 pluraliter
3481 2534 3742 2587 diceret:
3796 2536 3945 2587 Pecc

2305 2622 2511 2689 vimus,
2544 2622 2907 2692 iniquitatem
2950 2621 3208 2690 fecimus,
3245 2628 3377 2686 etc.,
3415 2638 3543 2692 qua:
3597 2622 3676 2675 ibi
3725 2623 3946 2674 veracit

2307 2715 2363 2763 et
2409 2711 2709 2764 humiliter
2753 2712 3075 2774 confitetur,
3131 2727 3203 2764 ne
3258 2717 3578 2781 putaretur,
3622 2711 3943 2781 quemadm

2307 2799 2441 2854 dum
2501 2799 2732 2870 quidam
2785 2801 3058 2866 sentiunt,
3117 2800 3222 2853 hoc
3279 2817 3391 2853 non
3445 2800 3514 2853 de
3575 2800 3712 2863 suis,
3777 2799 3881 2852 sed

2306 2889 2505 2958 populi
2557 2888 2644 2941 sui
2694 2889 2888 2959 potius
2952 2889 3165 2942 dixisse
3239 2889 3502 2958 peccatis,
3556 2894 3756 2958 postea
3808 2887 3945 2941 dixi'

2307 2978 2446 3032 Cum
2481 2993 2721 3041 orarem,
2762 2983 2820 3030 et
2857 2977 3160 3030 confiterer
3209 2983 3439 3046 peccata
3485 2993 3627 3043 mea,
3675 2980 3730 3030 et
3769 2992 3946 3046 pecca

2308 3064 2508 3134 populi
2536 3065 2646 3117 mei
2679 3065 2922 3118 Domino
2966 3064 3078 3117 Deo
3111 3081 3257 3118 meo.
3295 3064 3487 3117 Noluit
3533 3064 3716 3117 dicere
3769 3079 3946 3133 pecca

2309 3161 2524 3217 nostra,
2557 3152 2652 3206 sed
2681 3154 2880 3222 populi
2912 3153 3001 3205 sui
3031 3152 3175 3206 dixit
3204 3158 3254 3206 et
3284 3168 3386 3205 sua
3414 3169 3426 3206 :
3455 3153 3727 3223 quoniam
3778 3152 3944 3206 fatur

2308 3242 2445 3296 istos
2473 3241 2572 3312 qui
2599 3247 2714 3294 tam
2757 3242 2904 3296 male
2935 3241 3343 3312 intelligerent,
3394 3247 3670 3312 tanquam
3719 3243 3944 3312 prophe

2307 3330 2588 3400 praevidit.

2307 3419 2435 3474 CAP.
2461 3419 2701 3474 CXXVII.
2733 3447 2794 3459 -—
2818 3421 2890 3473 De
2918 3419 3027 3473 illis
3051 3421 3147 3488 qui
3173 3421 3433 3488 episcopis
3455 3422 3566 3473 suis
3594 3420 3732 3474 clam
3749 3435 3857 3474 sua
3880 3436 3939 3475 co

2506 3493 2728 3558 fitentur
2743 3497 2988 3560 peccata,
3023 3497 3074 3543 et
3099 3497 3284 3558 postea
3303 3506 3500 3557 negare
3520 3493 3810 3544 voluerint.

2381 3579 2495 3645 (Ea:
2525 3578 2723 3644 eodem,
2760 3575 2936 3646 capite
2957 3577 3071 3647 '77.)
3116 3578 3254 3631 Item
3288 3578 3520 3647 placuit,
3581 3584 3645 3631 ut
3691 3577 3739 3631 si
3769 3595 3932 3650 quan

2306 3666 2614 3737 episcopus
2658 3665 2794 3719 dicit
2826 3667 3074 3736 aliquem
3128 3665 3235 3718 sibi
3289 3666 3392 3718 soli
3443 3666 3739 3735 proprium
3779 3669 3932 3722 crim

2309 3754 2482 3808 fuisse
2511 3754 2853 3820 confessum,
2887 3760 3058 3824 atque
3121 3754 3216 3807 ille
3263 3759 3460 3823 postea
3486 3761 3675 3825 negat,
3709 3760 3766 3808 et
3812 3773 3934 3827 pce!

2308 3847 2427 3897 tere
2459 3842 2723 3907 noluerit,
2756 3858 2872 3895 non
2903 3849 3069 3910 putet
3091 3842 3159 3896 ad
3193 3843 3466 3912 injuriam
3500 3859 3661 3896 suam
3694 3845 3932 3917 episcop

2309 3930 2622 4000 pertinere,
2648 3931 2798 3999 quod
2843 3931 2924 3983 illi
2957 3931 3058 3983 soli
3091 3947 3206 3984 non
3247 3931 3519 3997 creditur,
3561 3937 3619 3984 et
3651 3949 3692 3984 s1
3724 3949 3928 4004 scrupi

2306 4018 2555 4087 propria!
2579 4018 2940 4071 conscientiae
2961 4035 3019 4071 se
3051 4019 3187 4072 dicit
3235 4020 3467 4089 neganti
3499 4019 3649 4073 nolle
3677 4037 3930 4078 commm

2306 4121 2455 4164 care,
2507 4111 2721 4158 secrete
2789 4110 2983 4158 tamen
3044 4105 3344 4160 interdicat
3399 4107 3452 4160 ei
3503 4107 3928 4165 communione;

2307 4194 2487 4248 donec
2516 4194 2894 4264 obtemperet.

2218 4288 2260 4342 D
2302 4283 2427 4338 CAP.
2463 4283 2730 4338 CXXVIII.
2763 4313 2830 4323 ——
2857 4285 2929 4337 De
2955 4285 3066 4336 illis
3098 4284 3479 4352 paenitentibus
3507 4287 3604 4353 qui
3631 4288 3832 4339 attente
3862 4288 3926 4354 leg

2775 4358 3105 4423 poenitentiae
3124 4363 3512 4424 exsequuntur.

2369 4443 2477 4513 (Ea:
2515 4445 2734 4498 concilio
2773 4443 3056 4511 Carthag.,
3103 4447 3280 4513 capite
3327 4445 3441 4515 79.)
3495 4444 3841 4498 Paenitentes
3905 4465 3922 4501 (

2296 4537 2511 4586 attente
2559 4533 2714 4602 leges
2763 4533 3118 4602 paenitentiae
3178 4545 3592 4603 exsequuntur,
3646 4533 3691 4586 si
3748 4550 3887 4589 casu

2293 4621 2519 4686 itinere,
2553 4623 2638 4674 vel
2669 4621 2726 4674 in
2759 4621 2902 4674 mari
2941 4622 3154 4675 mortui
3199 4623 3431 4688 fuerint,
3488 4622 3587 4675 ubi
3637 4623 3716 4676 eis
3774 4625 3920 4679 subv

2290 4709 2406 4762 niri
2436 4726 2550 4762 non
2585 4711 2787 4779 potuit.
2827 4710 3102 4764 memoria
3149 4726 3370 4777 eorum,
3405 4718 3461 4764 et
3511 4711 3888 4779 orationibus,

2292 4797 2676 4852 oblationibus
2706 4799 3163 4852 commendetur.

2290 4885 2416 4941 CAP.
2470 4887 2689 4942 CXXIX.
2748 4915 2818 4928 —
2875 4891 2946 4941 De
2994 4889 3105 4941 illis
3150 4890 3247 4955 qui
3292 4903 3350 4941 se
3403 4890 3662 4956 afﬂigunt
3717 4888 3782 4942 de
3844 4892 3907 4944 ob

2978 4959 3284 5012 charorum.

2363 5046 2483 5114 (Ea:
2530 5048 2689 5115 epist.
2741 5047 3002 5100 Anastas.
3044 5049 3274 5116 Ipapaz,
3332 5048 3540 5115 Nejano
3591 5048 3830 5102 nobiliss.
3872 5066 3911 5103 υ

2286 5133 2512 5199 directa,
2547 5137 2855 5203 capitati.)
2894 5135 3002 5187 Nos
3045 5142 3238 5188 autem
3291 5136 3389 5206 qui
3422 5135 3704 5203 novimus,
3746 5138 3844 5208 qui
3882 5139 3910 5193 il

2287 5221 2574 5275 credimus
2610 5228 2666 5276 et
2695 5222 2984 5287 docemus,
3019 5223 3347 5277 contristari
3382 5223 3622 5277 nimium
3655 5223 3720 5278 de
3757 5225 3902 5280 obeu

2285 5311 2437 5364 tibus
2489 5328 2602 5364 non
2660 5311 2950 5374 debemus,
3008 5327 3076 5364 ne
3145 5313 3293 5382 quod
3353 5314 3505 5382 apud
3567 5315 3705 5366 alios
3756 5315 3904 5383 pieta

2284 5404 2442 5452 tenet
2473 5399 2744 5469 speciem,
2778 5399 2887 5452 hoc
2946 5401 3125 5469 magis
3168 5401 3331 5454 nobis
3386 5401 3445 5454 in
3494 5401 3661 5471 culpa
3706 5402 3790 5456 sit.
3836 5406 3906 5458 Na

2285 5487 2622 5541 diffidentiae
2649 5488 3076 5557 quodammodo
3106 5505 3286 5559 genus
3325 5497 3408 5543 est
3436 5495 3637 5544 contra
3663 5491 3783 5557 hoc,
3817 5508 3904 5562 qu.

2285 5577 2526 5647 quisque
2556 5577 2898 5647 praedicator
2926 5579 3134 5649 quierit
3153 5578 3436 5648 justitiam
3487 5595 3701 5637 amans.
3749 5580 3902 5636 dicen

3894 5698 3900 5731 l
