3950 6304
43 338 166 390 1009

854 331 1327 387 DECRETORUM
1368 332 1556 396 LIBRI
1594 332 1699 386 XX.
1741 360 1813 370 —
1851 330 2059 385 LIBER
2098 328 2401 384 DECIMUS
2441 327 2686 384 NONUS.

3406 327 3539 380 IOIO

39 459 313 529 Apostolo
345 474 358 513 :
396 458 674 513 Nolumus
704 459 893 509 autem
937 471 1033 507 vos
1076 454 1364 521 ignorare,
1396 454 1618 518 fratres,
1651 453 1719 507 de
1749 452 1794 503 A
1840 452 1969 507 CAP.
2005 451 2271 507 CXXXVI.
2335 453 2408 505 De
2461 451 2574 504 illis
2743 464 2927 529 aream
2951 449 3200 518 proximi
3238 451 3329 502 sui
3356 450 3537 502 incen-

38 548 451 601 dormientibus
492 552 555 599 ut
600 561 717 599 non
761 542 1232 607 constristemini,
1266 542 1412 595 sicut
1442 549 1498 594 et
1543 539 1731 595 caeteri

38 638 135 708 qui
166 653 328 708 spem
360 653 477 689 non
506 635 737 689 habent.
782 634 893 686 Hac
924 632 1139 701 itaque,
1175 631 1346 684 frater
1376 629 1730 693 charissime,

6 728 263 787 ,‘ratione
310 730 614 797 prospecta
674 723 1020 777 studendum
1075 721 1239 772 nobis
1298 722 1402 785 est,
1463 723 1526 771 ut
1586 718 1732 770 sicut

5 816 306 885 ,diximus,
350 830 464 868 non
508 813 577 866 de
630 811 873 866 mortuis
937 809 1284 878 affligamur,
1336 807 1432 860 sed
1465 806 1731 861 affectum

6 904 356 958 tviventibus
386 901 807 971 impendamus,
858 898 1066 969 quibus
1108 903 1165 950 et
1193 896 1375 966 pietas
1416 897 1487 948 ad
1521 893 1731 947 utilita-

34 1000 168 1053 tem.
204 998 262 1045 et
282 992 349 1045 sit
381 992 449 1045 ad
481 992 729 1044 fructum
769 987 1021 1042 dilectio.
1084 986 1286 1039 Desine
1340 983 1536 1052 igitur,
1594 981 1732 1035 cha-

35 1082 283 1147 rissime,
341 1094 669 1144 maerorem,
732 1082 787 1130 et
835 1091 1059 1129 assume
1115 1074 1429 1143 spiritalem
1484 1071 1731 1124 fructum

33 1170 272 1237 laetitiae,
326 1170 392 1223 ad
448 1168 750 1221 utilitatem
809 1169 1015 1217 sanctae
1076 1162 1175 1215 Dei
1207 1160 1490 1222 Ecclesiae,
1541 1174 1729 1211 servo-

6 1275 283 1337 lrumque
316 1257 438 1327 ejus
496 1256 836 1326 profectum,
882 1258 937 1305 et
965 1252 1094 1304 vitae
1152 1250 1321 1317 hujus
1371 1262 1729 1317 quaecunque

6 1352 169 1402 .sunt
226 1347 426 1417 spatia,
489 1343 719 1398 aeternis
800 1340 1124 1409 divinisque
1187 1338 1388 1391 ofﬁciis
1443 1337 1729 1388 illustrare

10 1436 344 1501 contende,
380 1439 440 1488 ut
492 1433 590 1503 qui
629 1431 917 1500 insignem
958 1434 1011 1481 te
1045 1426 1332 1497 praestitit,
1383 1425 1584 1478 reddat
1621 1423 1730 1476 sibi

38 1540 141 1593 per
161 1522 369 1576 saecula
399 1520 721 1574 clariorem.

38 1632 164 1685 CAP.
199 1630 387 1684 CXXX.
428 1657 499 1668 —
530 1631 604 1682 De
622 1627 735 1680 illis
770 1627 866 1692 qui
889 1624 1135 1692 sibiipsis
1161 1621 1465 1674 voluntarie
1507 1622 1729 1672 mortem

750 1697 1019 1761 inferunt.

105 1791 219 1857 (Ea:
243 1789 465 1843 concilio
492 1788 783 1853 Braggar.,
817 1785 993 1851 capite
1038 1780 1141 1850 I0.)
1187 1778 1406 1834 Placuit
1447 1782 1511 1831 ut
1538 1775 1598 1831 hi
1629 1774 1730 1846 qui

6 1873 285 1943 bsibiipsis
314 1870 657 1935 voluntarie,
713 1873 813 1921 aut
853 1883 954 1936 per
992 1866 1231 1924 ferrum,
1291 1867 1388 1916 aut
1418 1877 1520 1931 per
1554 1875 1729 1915 vene-

31 1978 193 2024 num,
230 1968 327 2014 aut
358 1975 461 2030 per
491 1955 894 2027 prtecipitium,
926 1958 1155 2023 autper
1201 1950 1594 2020 suspendium,
1640 1949 1728 2000 vel

6 2049 291 2120 équolibet
318 2048 487 2100 modo
532 2046 786 2098 inferunt
836 2046 1106 2107 mortem,
1149 2040 1300 2093 nulla
1356 2054 1461 2107 pro
1521 2036 1633 2089 illis
1668 2037 1729 2089 in

29 2138 324 2192 oblatione
352 2132 820 2189 commemoratio
851 2130 969 2197 ﬁat,
1006 2144 1193 2199 neque
1229 2143 1358 2180 cum
1384 2124 1627 2181 Psalmis
1658 2125 1727 2177 ad

29 2226 386 2294 sepulturam
422 2239 623 2276 eorum
655 2221 929 2275 cadavera
958 2218 1335 2273 deducantur.
1372 2213 1531 2268 Multi
1571 2212 1727 2267 enim

31 2314 142 2367 sibi
177 2314 287 2366 hoc
338 2328 437 2381 per
494 2308 880 2381 ignorantiam
941 2308 1315 2376 usurparunt.
1376 2301 1650 2358 Similiter
1675 2306 1731 2353 et

32 2404 98 2456 de
160 2402 251 2455 his
308 2399 523 2472 placuit
580 2397 724 2465 ﬁeri,
767 2395 867 2467 qui
920 2411 1023 2465 pro
1088 2393 1204 2447 suis
1266 2391 1575 2446 sceleribus
1622 2406 1726 2459 pu-

6 2492 295 2551 .niuntur.
538 2514 541 2519 ~

420 2577 545 2630 CAP.
586 2574 807 2629 CXXXI.
848 2602 916 2613 —
950 2573 1029 2625 De
1058 2570 1242 2624 eadem
1270 2585 1347 2622 re.

106 2670 217 2737 (Ea:
259 2666 523 2725 concilia.
586 2663 883 2727 Cabillon,
952 2656 1222 2727 capite5.)
1278 2654 1615 2724 Quicunque
1674 2670 1730 2707 se

32 2755 274 2827 propria
334 2755 644 2814 voluntate,
709 2756 809 2804 aut
876 2749 935 2802 in
984 2764 1193 2819 aquam
1258 2744 1579 2815 jactaverit,
1637 2746 1736 2796 aut

33 2846 251 2899 collum
288 2841 563 2913 Iigaverit,
598 2845 697 2893 aut
743 2839 813 2893 de
876 2837 1077 2890 arbore
1126 2832 1588 2904 praecipitaverit,
1636 2835 1735 2884 aut

32 2936 187 2989 ferro
232 2930 579 3001 percusserit
633 2934 729 2981 aut
785 2926 1021 2980 cuilibet
1072 2922 1391 2977 voluntarie
1448 2937 1508 2975 se
1562 2919 1732 2973 morti

32 3020 341 3080 tradilerit,
374 3018 533 3071 istius
556 3015 769 3069 oblatio
803 3030 917 3068 non
949 3011 1279 3083 recipiatur.

6 3148 7 3155 η
34 3130 170 3183 CAP.
204 3125 443 3180 CXXXII.
459 3155 526 3162 —
541 3125 618 3177 De
630 3122 742 3175 illis
755 3122 853 3188 qui
865 3135 981 3173 cum
1001 3117 1311 3187 inﬁdelibus
1325 3115 1503 3170 cibum
1530 3128 1735 3167 sumere

658 3191 1124 3260 presumpserint.

112 3286 226 3357 (Ea:
255 3284 476 3337 concilio
524 3278 849 3347 Elibertan.)
883 3277 941 3331 Si
996 3292 1131 3330 vero
1190 3273 1317 3345 quis
1379 3270 1616 3325 clericus
1648 3271 1735 3322 vel

37 3373 229 3428 ﬁdelis
260 3387 388 3424 cum
419 3367 628 3424 ludatis
655 3366 846 3419 cibum
887 3363 1215 3433 sumpserit,
1274 3361 1487 3432 placuit
1532 3374 1666 3412 eum
1704 3375 1737 3409 a

38 3461 451 3519 communione
484 3455 773 3520 abstineri,
806 3459 870 3507 ut
898 3454 1100 3507 debeat
1138 3451 1451 3505 emendari.

42 3566 434 3626 CAP.CXXXIII
446 3594 529 3617 .—
542 3566 615 3619 De
635 3564 746 3617 illis
766 3564 861 3631 qui
871 3562 1204 3629 apostatant,
1219 3561 1268 3611 et
1284 3556 1357 3609 ad
1370 3555 1738 3610 idololatriam

684 3649 740 3688 se
766 3634 1097 3687 convertunt.

118 3729 229 3799 (Ea:
261 3724 483 3795 eodem.)
514 3724 815 3794 Adjectum
867 3724 951 3774 est
1004 3717 1175 3771 etiam
1235 3714 1515 3785 quosdam
1573 3710 1738 3767 Chri-

42 3818 265 3872 stianos
298 3815 365 3869 ad
406 3812 794 3885 apostastiam,
846 3809 998 3879 quod
1028 3806 1139 3861 dici
1189 3804 1347 3857 nefas
1388 3809 1491 3868 est,
1552 3807 1740 3855 trans-

44 3912 274 3970 euntes,
303 3908 358 3957 et
386 3903 668 3956 idolorum
700 3900 876 3965 cultu,
909 3913 972 3950 ac
1018 3892 1427 3948 sacriﬁciorum
1458 3889 1736 3943 contami-

6 4034 9 4043 ν
46 3993 286 4049 natione
308 3991 655 4061 profanatos,
673 4003 817 4058 quos
844 3983 1098 4040 aChristi
1122 3997 1358 4051 corpore
1390 3984 1446 4033 et
1465 3977 1742 4046 sanguine

46 4101 165 4157 quo
202 4083 422 4137 dudum
465 4078 743 4147 redempti
800 4076 1029 4129 fuerant
1074 4070 1443 4137 renascendo,
1473 4068 1743 4138 jubemus

50 4153 308 4228 abscindi
341 4186 355 4223 :
390 4175 447 4221 et
477 4168 523 4220 si
553 4165 947 4236 resipiscentes
990 4164 1137 4215 forte
1190 4156 1497 4228 aliquando
1530 4153 1746 4209 fuerint

50 4263 121 4316 ad
182 4261 437 4313 lamenta
490 4254 769 4319 conversi,
820 4253 908 4306 his
954 4249 1212 4320 quandiu
1279 4247 1475 4298 vivunt
1525 4242 1744 4313 agenda

2588 522 2790 573 derint.

1913 611 2031 681 (Ea:
2081 610 2452 664 Paenitentiali
2506 608 2788 677 Romano.)
2848 607 2905 662 Si
2963 606 3092 677 quis
3145 607 3382 661 domum
3445 608 3536 660 vel

1845 713 2034 749 aream
2089 696 2479 765 cujuscunque
2566 693 2883 746 voluntarie
2959 693 3093 762 igne
3172 693 3533 759 cremaverit,

1842 785 2064 837 sublata
2095 785 2179 836 vel
2202 784 2430 836 incensa
2474 781 2671 835 omnia
2700 782 2981 847 restituat,
3033 786 3089 834 et
3142 781 3325 834 tribus
3371 781 3535 834 annis

1840 872 2236 942 paenitentiam
2271 876 2420 941 agat.

1843 961 1968 1016 CAP.
2005 960 2288 1014 CXXXVII.
2322 990 2389 999 ——
2427 961 2506 1012 De
2538 959 2651 1012 illis
2676 960 2772 1025 qui
2801 957 3087 1011 libidinose
3117 957 3537 1011 obtrectaverint

2334 1031 2571 1099 puellam
2610 1036 2705 1082 aut
2736 1031 3032 1081 mulierem.

1912 1122 2020 1186 (Ea:
2047 1118 2269 1186 eodem.)
2300 1118 2356 1173 Si
2384 1118 2512 1188 quis
2570 1116 2968 1170 obtrectaverit
3007 1116 3214 1185 puella;
3248 1119 3347 1169 aut
3401 1131 3534 1167 mu-

1840 1207 1995 1258 lieris
2026 1213 2242 1276 pectus,
2300 1207 2383 1258 vel
2432 1206 2851 1271 turpitudinem
2914 1220 3152 1257 earum:
3194 1203 3239 1255 si
3296 1204 3533 1256 clericus

1841 1298 1943 1359 est,
2005 1296 2262 1365 quinque
2321 1295 2485 1348 dies:
2530 1294 2577 1346 si
2636 1293 2829 1351 laicus,
2891 1296 3003 1344 tres
3056 1292 3175 1344 dies
3232 1291 3524 1361 paeniteat.

1840 1383 2142 1435 Monachus
2174 1383 2258 1435 vel
2292 1381 2571 1445 sacerdos,
2604 1398 2635 1434 a
2666 1380 2985 1433 ministerio
3022 1379 3213 1431 divino
3249 1378 3529 1447 suspensi,

1841 1469 1887 1523 si
1917 1469 2131 1539 aliquid
2165 1471 2275 1522 tale
2301 1470 2560 1533 fecerint,
2606 1469 2807 1539 viginti
2838 1469 2956 1521 dies
3002 1466 3335 1536 pmniteant.
3382 1465 3527 1519 Scri-

1838 1564 2002 1629 ptum
2034 1566 2119 1613 est
2150 1559 2349 1612 enim:
2400 1560 2594 1629 Neque
2645 1558 2947 1627 tetigeritis
2996 1572 3182 1628 neque
3239 1556 3522 1609 obtrecta-

1838 1647 2032 1700 veritis
2060 1647 2480 1715 turpitudinem
2511 1647 2874 1700 feminarum.

1763 1744 1800 1797 Β
1840 1736 1967 1792 CAP.
2002 1736 2317 1791 CXXXVIII.
2349 1765 2417 1774 —
2450 1740 2522 1789 De
2558 1736 2671 1789 illis
2721 1737 2817 1802 qui
2848 1735 3033 1788 balneo
3065 1750 3184 1788 cum
3213 1731 3528 1786 mulieribus

2510 1821 2564 1859 se
2596 1807 2849 1859 laverint.

1910 1895 2023 1964 (Ea:
2052 1895 2417 1948 Pcrnitentiali
2471 1892 2695 1961 Theod.)
2754 1892 2811 1947 Si
2869 1892 2994 1963 quis
3052 1890 3111 1943 in
3168 1890 3370 1943 balneo
3400 1906 3529 1944 cum

1836 1982 2175 2036 mulieribus
2206 1998 2264 2034 se
2296 1983 2479 2034 lavare
2534 1979 2983 2049 prwsumpserit,
3033 1983 3150 2032 tres
3194 1978 3314 2030 dies
3344 1976 3528 2046 pmni-

1838 2076 1971 2138 teat,
2005 2076 2061 2123 et
2087 2071 2325 2124 ulterius
2347 2086 2461 2123 non
2496 2073 2824 2138 prasumat.

1837 2160 1967 2213 CAP.
2001 2159 2257 2214 CXXXIX.
2322 2189 2387 2197 —
2428 2161 2501 2211 De
2552 2158 3027 2281 (administratione
3078 2155 3442 2221 :cenodochiw,
3481 2160 3531 2208 et

2603 2244 2798 2281 ecimze.

2603 2244 2798 2282 eczmze.

1909 2318 2018 2388 (Ea:
2047 2316 2270 2388 eodem.)
2321 2316 2378 2371 Si
2409 2316 2537 2386 quis
2566 2314 2953 2369 xenodochias
2982 2328 3303 2383 pauperum
3353 2312 3536 2366 admi-

1838 2407 2062 2471 nistrat,
2118 2406 2205 2459 vel
2270 2405 2518 2459 decimas
2576 2403 2780 2473 populi
2826 2398 3165 2471 susceperit,
3216 2400 3351 2454 etsi
3404 2399 3532 2470 quis

1838 2495 2042 2549 exinde
2074 2495 2161 2547 vel
2189 2495 2306 2547 suis
2338 2493 2705 2546 szecularibus
2736 2492 2907 2543 lucris
2940 2490 3271 2543 sectandum
3318 2488 3535 2558 aliquid

1838 2582 2203 2648 subtraxerit,
2264 2581 2426 2652 quasi
2486 2596 2678 2633 rerum
2729 2579 3048 2631 alienarum
3086 2577 3359 2629 invasor:
3404 2590 3534 2627 reus

1840 2673 2114 2727 damnum
2145 2671 2420 2723 restituat.
2458 2674 2515 2722 et
2560 2669 2664 2720 sub
2695 2666 2969 2720 canonico
3017 2663 3237 2733 judicio
3269 2662 3536 2717 reforme-

1839 2765 1955 2826 tur,
1987 2764 2041 2812 et
2073 2764 2206 2829 agat
2229 2756 2629 2828 pcenitentiam
2665 2755 2847 2808 tribus
2896 2754 3080 2806 annis.
3133 2752 3420 2821 Scriptum
3452 2755 3535 2803 est

1841 2848 1994 2902 enim
2034 2864 2046 2900 :
2081 2848 2274 2901 Talem
2330 2845 2784 2915 dispensatorem
2839 2841 3115 2895 Dominus
3174 2839 3401 2910 quaerit,
3434 2838 3535 2909 qui

1842 2936 1949 2990 sibi
1979 2937 2046 2988 de
2071 2935 2186 2989 suis
2205 2934 2349 2988 nihil
2378 2935 2636 3001 usurpet.

1847 3025 1973 3079 CAP.
2008 3024 2153 3078 CXL.
2206 3053 2274 3061 —-
2317 3024 2383 3077 Ut
2438 3023 2655 3087 feminae
2713 3023 3066 3073 menstruales
3120 3032 3225 3070 non
3282 3015 3532 3083 offerant.

1916 3113 2035 3183 (Ea:
2064 3113 2285 3166 concilio
2317 3113 2579 3176 Mogunt,
2613 3110 2789 3177 capite
2821 3106 2895 3175 6.)
2942 3106 3201 3161 Mulieres
3244 3108 3537 3157 menstruo

1846 3207 2103 3270 tempore
2168 3217 2284 3253 non
2387 3199 2649 3262 offerant,
2715 3212 2818 3249 nec
2893 3192 3374 3259 sanctimoniales,
3435 3207 3538 3243 nec

1846 3290 2025 3343 laicze.
2087 3288 2143 3342 Si
2199 3285 2685 3357 praesumpserint,
2738 3288 2852 3337 tres
2906 3280 3295 3335 hebdomadas
3354 3278 3535 3348 poeni-

1846 3381 2020 3431 teant.

1847 3466 1975 3520 CAP.
2020 3463 2189 3518 CXLI.
2230 3491 2300 3502 —
2332 3465 2401 3516 De
2430 3460 2545 3515 illis
2577 3461 2797 3525 feminis
2821 3473 2937 3526 quae
2968 3462 3092 3510 ante
3122 3454 3380 3526 mundum
3403 3467 3537 3526 san-

1917 3537 2134 3660 gduitnem
2197 3534 2501 3587 Ecclesium
2544 3534 2779 3597 intrant,
2829 3524 2886 3582 et
2938 3544 3056 3596 qua:
3125 3525 3409 3595 nupserint
3456 3524 3537 3576 his

1959 3622 2003 3659 te
2041 3620 2125 3660 us.
3370 3635 3379 3644 .

1920 3696 2038 3766 (Ea:
2087 3692 2452 3747 Pasnitentiali
2504 3689 2728 3751 Theod.)
2778 3687 2978 3741 Mulier
3031 3701 3160 3757 quas
3217 3684 3394 3737 intrat
3445 3683 3540 3735 Ec-

1848 3784 2075 3839 clesiam
2109 3788 2239 3836 ante
2284 3779 2566 3833 mundum
2624 3776 2964 3848 sanguinem
3015 3780 3142 3845 post
3196 3778 3447 3843 partum,
3493 3770 3541 3823 si

1852 3873 2165 3928 masculum
2200 3873 2452 3938 generat,
2496 3867 2702 3921 XXXIII
2752 3866 2889 3930 dies,
2949 3864 2994 3917 si
3051 3863 3348 3918 fceminam
3410 3860 3536 3914 LVI.

1850 3963 1907 4019 Si
1929 3978 2043 4032 qua
2074 3964 2262 4014 autem
2306 3956 2737 4028 praesumpserit
2763 3960 2893 4007 ante
2934 3958 3159 4023 tempus
3189 3948 3543 4021 praeﬁnitum

1854 4050 2157 4105 Ecclesium
2204 4048 2443 4114 intrare,
2492 4050 2577 4099 tot
2605 4042 2725 4097 dies
2756 4044 2815 4096 iu
2882 4058 3031 4111 pane
3080 4045 3136 4093 et
3191 4055 3342 4109 aqua
3371 4036 3545 4108 poeni-

1852 4144 1988 4206 teat,
2020 4144 2161 4209 quot
2188 4136 2431 4191 Ecclesia
2460 4149 2653 4187 carere
2700 4132 2991 4185 debuerat.
3024 4128 3131 4192 Qui
3176 4130 3367 4180 autem
3413 4140 3545 4177 con-

1854 4225 2117 4281 cubuerit
2148 4241 2277 4279 cum
2310 4240 2377 4277 ea
2430 4222 2517 4276 bis
2569 4220 2788 4285 diebus,
2840 4218 3036 4272 decem
3097 4214 3217 4269 dies
3271 4212 3547 4284 paeniteat

50 4300 121 4316 ου.
182 4300 437 4313 unum..-
492 4300 769 4319 πωπω,
820 4300 905 4306 _-_
959 4300 1169 4320 rm,"
1560 4300 1591 4313 ν

49 4347 394 4421 poenitentia
423 4350 507 4399 est
541 4361 553 4399 :
588 4349 643 4397 et
668 4345 726 4396 in
768 4342 971 4395 ultimo
1002 4339 1117 4393 ﬁne
1174 4353 1276 4390 suo
1328 4330 1742 4387 reconciliatio-
1775 4300 1818 4354 D
1859 4316 1915 4421 in“
1940 4318 2373 4421 Pagiff‘aqua-

6 4482 11 4499 ,
54 4439 144 4494 nis
185 4436 369 4508 gratia
398 4433 713 4497 tribuenda,
743 4432 963 4484 dicente
997 4427 1237 4481 Domino
1272 4441 1285 4478 :
1325 4423 1464 4478 Nolo
1504 4426 1747 4474 mortem

54 4524 394 4597 peccatoris,
428 4522 527 4575 sed
566 4526 629 4575 ut
658 4522 1020 4573 convertatur
1051 4520 1106 4569 et
1136 4515 1303 4566 vivat.

432 4612 560 4667 CAP.
595 4609 852 4665 CXXXIV.
881 4637 947 4645 —
980 4606 1058 4659 De
1086 4603 1268 4657 eadem
1292 4617 1368 4654 re.

134 4707 245 4777 (Em
266 4700 493 4770 eodem.)
532 4701 606 4753 De
635 4698 723 4752 his
775 4696 874 4766 qui
930 4698 1273 4763 apostatant,
1334 4694 1390 4741 et
1414 4703 1545 4740 raro
1592 4700 1650 4738 se
1681 4683 1751 4737 ad

62 4773 371 4851 Ecclesium
426 4792 861 4859 repraesentant,
918 4799 1023 4837 nec
1070 4780 1301 4851 quidem
1356 4773 1754 4846 paenitentiam

64 4900 233 4954 agere
276 4884 564 4951 quaerunt,
600 4884 656 4930 et
713 4881 906 4945 postea
936 4872 993 4925 in
1046 4869 1378 4923 inﬁrmitate
1412 4863 1627 4932 arrepti
1654 4878 1754 4932 pe-

63 4977 195 5027 tunt
246 4967 736 5028 communionem,
770 4962 983 5034 placuit
1038 4976 1153 5013 non
1186 4956 1431 5010 dandam
1487 4954 1567 5006 eis
1596 4966 1759 5004 com-

65 5061 424 5122 munionem,
468 5055 576 5108 nisi
618 5052 995 5107 revelaverint
1044 5063 1243 5103 eorum
1292 5050 1506 5098 rectam
1563 5041 1758 5105 ﬁdem,

69 5156 123 5203 et
151 5148 378 5219 egerint
408 5145 622 5198 fructus
653 5143 857 5210 dignos
887 5136 1261 5210 poenitentiae.

69 5262 195 5316 CAP.
230 5256 459 5311 CXXXV.
486 5284 551 5293 —-
582 5256 655 5308 De
683 5252 794 5305 illis
837 5251 933 5317 qui
954 5248 1260 5301 christiana
1288 5242 1567 5310 mancipia
1595 5236 1766 5306 capti-

776 5322 1045 5375 vaverint.

143 5421 252 5484 (Ea:
296 5413 667 5469 Pasnitentiali
706 5407 927 5479 Theod.)
967 5407 1023 5461 Si
1068 5405 1428 5475 quiscunque
1473 5399 1766 5455 hominem

76 5507 334 5578 quolibet
387 5503 621 5573 ingenio
675 5496 1045 5571 captivaverit
1072 5499 1173 5548 aut
1222 5490 1626 5557 transmiserit,
1655 5493 1768 5542 tres

81 5610 260 5648 annos
274 5590 560 5663 pcenitcat.

1859 4356 1987 4458 CAI’.
2021 4356 2219 4456 CXLII.
2244 4356 2313 4439 1—
2357 4356 2508 4465 ῥαοά
2539 4396 2788 4451 monachi
2811 4356 3147 4448 secularibus
3176 4389 3549 4459 paenitentiam

2418 4469 2548 4522 dare
2566 4468 2567 4471 “
2587 4482 2694 4522 ηοη
2746 4466 2989 4519 debeant.

1932 4562 2050 4631 (Em
2081 4561 2304 4614 concilio
2325 4560 2591 4626 Mogunt.,
2616 4558 2791 4625 capite
2811 4553 2886 4622 2.)
2927 4550 3113 4608 Liberi
3145 4548 3258 4602 sint
3289 4544 3551 4600 monachi

1861 4651 1931 4705 ad
1961 4649 2206 4704 dandam
2239 4646 2636 4718 poenitentiam
2670 4642 3054 4697 saecularibus.

1863 4741 1990 4795 CAP.
2016 4738 2240 4793 CXLIII.
2258 4766 2322 4775 —
2348 4737 2413 4790 Ut
2424 4738 2569 4803 paeni
2574 4738 2737 4787 tentes
2751 4738 2873 4785 ante
2888 4733 3165 4800 peractam
3180 4725 3554 4795 paenitentiam

2431 4822 2537 4859 non
2560 4806 2987 4858 reconcilientur.

1938 4901 2046 4965 (Ea:
2067 4896 2266 4964 eodem,
2294 4897 2470 4964 capite
2496 4894 2612 4961 23.)
2644 4894 2768 4947 Non
2800 4888 3242 4945 reconcilientur
3280 4883 3560 4955 poeniten-

1867 4991 1950 5039 tes
1982 4985 2027 5038 si
2059 4984 2361 5038 necessitas
2412 4998 2523 5035 non
2582 4979 2855 5049 coegerit,
2917 4978 3027 5031 nisi
3086 4981 3214 5046 post
3270 4976 3558 5043 peractam

1867 5072 2290 5145 paenitentiam.

1873 5164 2000 5219 CAP.
2035 5161 2255 5216 CXLIV.
2293 5190 2350 5199 —
2385 5162 2456 5213 De
2502 5159 2614 5211 illis
2674 5158 2770 5225 qui
2798 5154 2871 5208 ad
2909 5154 3290 5225 confessionem
3320 5148 3562 5212 veniunt,

1942 5247 2147 5287 necesse
2198 5237 2274 5285 est
2323 5235 2384 5283 ut
2429 5223 2779 5297 primum‘de
2817 5228 2983 5280 livore
3035 5223 3280 5288 invidias,
3335 5225 3384 5273 et
3430 5232 3563 5270 ava-

1942 5306 2099 5368 ritia,
2121 5305 2537 5369 interrogentur.

1948 5393 2066 5463 (Em
2097 5390 2459 5446 Pcenitentiali
2513 5386 2738 5455 Theod.)
2772 5385 2916 5439 Sane
2948 5382 3086 5453 quia
3138 5380 3207 5434 de
3264 5379 3438 5432 livore
3487 5375 3569 5428 in-

1878 5481 2066 5546 vidiae,
2099 5484 2156 5533 et
2179 5480 2248 5533 de
2271 5478 2377 5544 ira,
2400 5490 2624 5531 necnon
2669 5478 2724 5527 et
2761 5473 2830 5527 de
2878 5469 3135 5533 avaritia,
3185 5472 3249 5521 ut
3307 5463 3570 5534 superius

1886 5570 2172 5640 digestum
2201 5572 2304 5633 est,
2332 5566 2599 5620 oriuntur
2631 5561 2959 5627 homicidia,
3003 5562 3171 5621 recte,
3207 5559 3271 5609 ut
3319 5552 3572 5608 arbitror
