3950 6314
341 255 466 307 1011

1419 250 1828 306 ΒΟΒΟΗΑΒΙΠ
1869 248 2399 306 WORMACIENSIS
2441 245 2776 303 EPISCOPI.

3699 249 3843 300 1012

336 375 661 430 censuimus
695 375 766 430 de
812 373 936 444 ipso
965 373 1103 428 vi’tio
1156 373 1410 444 primum
1468 373 1712 445 qualiter
1751 372 2018 427 sacerdo—
2046 374 2092 426 Α
2130 371 2290 437 ﬁant,
2325 371 2470 424 sicut
2502 370 2564 423 in
2596 368 2805 424 divinis
2836 369 3062 440 legibus
3101 370 3374 426 censitum
3405 375 3508 436 est,
3555 375 3613 424 et
3643 370 3704 424 in
3744 387 3849 424 cu-

337 466 439 519 tali
464 463 683 534 judicio
716 463 984 517 canonice
1018 463 1248 531 penitus
1276 463 1348 515 sit
1394 462 1792 532 corrigendum
1842 466 2029 515 osten-

338 553 516 608 dere:
579 569 644 606 ac
698 552 906 606 deinde
961 551 1276 604 secundum
1333 551 1594 604 ordinem
1647 551 1916 604 vitiorum
1957 550 2034 603 ita

342 641 664 696 remedium
720 640 1126 710 subsequatur,
1203 655 1317 708 quo
1369 637 1592 691 facilius
1649 638 2032 708 undecunque

339 729 627 799 paenitens
659 728 896 798 purgari
923 728 1192 791 voluerit,
1224 727 1345 779 sine
1376 725 1652 780 dilatione
1694 726 1754 780 in
1792 726 2034 796 singulis

340 817 606 888 capitulis
638 817 981 871 inveniatur.

343 925 470 978 CAP.
505 923 696 979 CXLV.
726 951 800 963 —
827 925 901 976 De
926 923 1040 975 illis
1063 924 1160 990 qui
1197 923 1301 975 sati
1324 923 1428 975 Deo
1456 926 1678 990 peccata
1723 937 1825 976 sua
1867 925 2033 991 conﬁ-

870 993 1032 1045 tenda
1062 1007 1172 1046 esse
1203 995 1509 1061 afﬁrmant.

415 1083 523 1152 (Ea:
574 1081 797 1146 eodem.)
853 1081 1096 1144 Quidam
1169 1081 1283 1134 Deo
1344 1081 1707 1137 solummodo
1773 1082 2036 1136 conﬁteri

344 1170 552 1224 debere
625 1170 820 1224 dicunt
871 1173 1120 1239 peccata,
1168 1174 1232 1222 ut
1297 1170 1517 1224 Graeci:
1579 1171 1816 1240 quidam
1899 1187 2034 1224 vero

342 1257 730 1311 sacerdotibus
795 1255 1120 1309 conﬁtenda
1205 1271 1334 1310 esse
1390 1263 1746 1328 percensent,
1820 1263 1878 1312 ut
1918 1262 2035 1311 tota

342 1351 538 1400 sancta
588 1344 852 1400 Ecclesia.
917 1344 1078 1408 Quod
1120 1348 1432 1416 utrumque
1485 1362 1597 1398 non
1653 1347 1776 1398 sine
1824 1362 2033 1416 magno

339 1433 528 1488 fructu
586 1434 739 1487 intra
792 1437 1041 1485 sanctam
1093 1432 1156 1486 ﬁt
1214 1433 1532 1501 Ecclesism,
1586 1434 1684 1487 lita
1737 1435 2031 1500 duntaxat,

343 1528 405 1576 ut
470 1533 528 1576 et
592 1523 708 1576 Deo
775 1521 875 1592 qui
932 1521 1207 1574 remissor
1280 1526 1364 1575 est
1428 1527 1792 1591 peccatorum
1866 1522 2037 1576 conﬁ-

341 1615 571 1665 teamur
632 1614 865 1680 peccata
918 1614 1135 1677 nostra,
1229 1614 1286 1662 et
1329 1610 1440 1664 hoc
1483 1610 1867 1681 perfectorum
1929 1614 2029 1674 est,
2067 1651 2107 1704 Β

344 1704 567 1752 etcum
633 1697 811 1752 David
871 1698 1180 1752 dicamus:
1246 1697 1522 1751 Delictum
1581 1714 1775 1751 meum
1842 1697 2038 1767 cogni-

346 1791 468 1841 tum
500 1786 603 1839 tibi
661 1786 789 1852 feci,
827 1791 883 1839 et
937 1785 1275 1855 injustitiam
1329 1802 1516 1839 meam
1575 1803 1686 1839 non
1741 1785 2032 1840 abscondi.

348 1875 495 1941 Dixi,
527 1874 863 1941 conﬁtebor,
915 1873 1212 1927 adversum
1265 1890 1355 1929 me
1389 1874 1696 1945 injustitias
1745 1891 1901 1929 meas
1931 1875 2034 1929 do-

345 1964 527 2031 mino,
578 1967 716 2016 ettu
753 1961 1037 2015 remisisti
1083 1959 1438 2032 impietatem
1498 1962 1714 2032 peccati
1761 1962 1896 2017 mei.
1929 1963 2038 2017 Sed

344 2053 540 2104 tamen
597 2049 842 2120 apostoli
894 2048 1180 2104 institutio
1239 2049 1406 2102 nobis
1453 2050 1747 2120 sequenda
1807 2055 1910 2111 est,
1972 2053 2038 2103 ut

345 2138 726 2192 conﬁteamur
777 2139 1115 2192 alterutrum
1147 2144 1380 2208 peccata
1435 2144 1649 2205 nostra,
1705 2143 1758 2192 et
1807 2155 2037 2192 oremus

346 2243 450 2298 pro
482 2226 723 2280 invicem
755 2232 820 2280 ut
856 2228 1158 2281 salvemur.
1202 2227 1490 2280 Confessio
1535 2227 1729 2298 itaque
1767 2243 1894 2298 quae
1924 2228 2037 2280 Deo

349 2315 454 2370 soli
478 2315 560 2380 ﬁt,
587 2317 742 2386 quod
767 2316 1056 2385 justorum
1092 2321 1195 2382 est,
1241 2321 1474 2386 peccata
1511 2321 1721 2387 purgat
1749 2333 1764 2370 :
1809 2332 1876 2370 ea
1907 2331 2038 2370 vero

348 2420 478 2474 quas
535 2404 814 2458 sacerdoti
871 2404 954 2469 ﬁt,
1006 2405 1171 2458 docet
1235 2406 1480 2475 qualiter
1542 2405 1663 2475 ipsa
1719 2409 2040 2475 purgentur

346 2497 596 2563 peccata.
633 2494 783 2546 Deus
815 2509 1064 2564 namque
1097 2493 1293 2547 salutis
1323 2499 1380 2547 et
1425 2493 1680 2547 sanitatis
1725 2499 1941 2554 auctor,
1985 2498 2040 2547 et

349 2580 607 2650 largitor,
639 2581 982 2650 plerumque
1003 2581 1148 2634 hanc
1177 2582 1395 2651 praebet
1423 2597 1540 2634 suae
1573 2580 1846 2650 potentiae
1890 2581 2036 2635 invi-

348 2667 502 2722 sibili
534 2667 1047 2735 administratione,
1075 2673 1414 2739 plerumque
1442 2670 1798 2723 medicorum
1837 2685 2039 2740 cpera-

348 2754 522 2809 tione.

349 2842 477 2897 CAp.
505 2843 718 2897 CXLVI.
749 2872 822 2915 τ-
849 2847 923 2898 De
964 2846 1076 2898 illis
1108 2850 1204 2915 qui
1255 2847 1529 2914 accipiunt
1569 2847 1958 2913 posnilentiam,
1991 2852 2042 2900 et

414 2915 542 2982 plus
616 2913 934 2988 desiderant
995 2913 1249 2986 temporis
1323 2919 1603 2970 constituti
1661 2918 2035 2985 expiationem,
2071 2935 2110 2988 ο

421 3000 586 3053 quam
601 2987 812 3054 peccati
838 2989 1224 3040 remissionem.

423 3072 534 3140 (Ea:
592 3075 956 3127 Pamitentiali
1007 3075 1164 3129 Bedaz
1209 3074 1557 3144 presbyteri.)
1615 3076 1790 3136 Multi,
1885 3077 2039 3146 quod

351 3176 464 3213 non
486 3159 609 3214 sine
646 3162 840 3216 dolore
893 3161 1200 3216 dicendum
1233 3167 1336 3227 est,
1395 3163 1454 3216 in
1513 3163 1869 3232 paenitentia,
1924 3179 2041 3217 non

351 3253 467 3300 tam
499 3249 717 3318 peccati
747 3248 1168 3315 remissionem,
1214 3265 1386 3319 quam
1434 3250 1708 3320 temporis
1752 3251 2042 3305 constituti

351 3340 652 3406 expectant
707 3336 1118 3407 expiationem,
1159 3342 1214 3392 et
1265 3338 1310 3391 si
1365 3339 1624 3392 carnium
1657 3345 1711 3392 et
1739 3339 1855 3392 vini
1908 3357 2042 3393 usus

351 3424 432 3477 eis
456 3425 789 3478 interdictus
820 3430 925 3492 est,
980 3431 1201 3480 mutata
1234 3443 1350 3480 non
1411 3429 1719 3495 voluntate,
1751 3429 1846 3481 sed
1891 3429 2039 3498 ejus-

351 3513 481 3566 dem
515 3513 628 3567 cibi
667 3518 767 3567 aut
821 3520 992 3582 potus
1046 3515 1434 3586 perceptione,
1481 3516 1540 3569 in
1571 3520 1792 3569 tantum
1824 3517 2041 3570 deliciis

351 3601 467 3654 suis
498 3602 820 3671 indulgent,
851 3608 913 3656 ut
943 3603 1266 3658 deliciosius
1298 3605 1388 3658 his
1418 3605 1751 3666 interdictis,
1797 3606 2040 3660 aliorum

349 3689 606 3744 ciborum
637 3691 722 3743 vel
751 3691 1050 3760 potionum
1083 3693 1342 3763 appetitu
1375 3693 1564 3747 vivere
1603 3700 2036 3764 cognoscantur.

351 3777 634 3848 Spiritalis
683 3784 876 3832 autem
931 3781 1302 3846 abstinentia,
1332 3797 1461 3850 quae
1519 3781 1576 3834 in
1628 3783 2041 3852 paenitentibus

348 3866 711 3936 potissimum
754 3867 947 3936 vigere
1003 3867 1193 3933 debet,
1226 3867 1602 3936 quorumdam
1664 3869 1925 3924 ciborum
1979 3887 2042 3925 ac

348 3955 649 4024 potionum
682 3955 1077 4025 perceptiones
1121 3960 1178 4009 et
1205 3955 1548 4010 desiderium
1597 3956 1795 4027 fugere
1851 3959 2037 4013 debet.

351 4044 450 4097 Ille
470 4044 726 4114 inquam,
768 4045 863 4098 ille
898 4043 1080 4114 magis
1126 4044 1494 4114 parcimonias
1539 4046 1751 4099 servire
1797 4062 2039 4100 censen-

349 4133 457 4186 dus
487 4138 590 4195 est,
625 4132 725 4202 qui
750 4132 857 4186 sibi
886 4149 1003 4185 non
1031 4133 1217 4187 solum
1249 4135 1628 4204 quarumdam
1669 4151 1860 4188 rerum
1902 4150 2037 4205 per-

347 4219 657 4290 ceptiones,
691 4220 788 4274 sed
842 4220 1244 4275 delectationes
1286 4222 1543 4292 corporis
1573 4223 1802 4292 penitus
1859 4222 2040 4275 inter-
2069 4215 2112 4268 D

350 4307 509 4362 dicit.

351 4396 477 4450 CAP.
511 4396 755 4451 CXLVII.
789 4426 857 4436 —
880 4398 1035 4461 Quod
1054 4399 1344 4453 secundum
1356 4415 1617 4453 canonum
1639 4404 1688 4452 et
1701 4398 2042 4467 paenitentia-

632 4469 763 4520 lium
791 4472 999 4522 statuta
1032 4472 1368 4538 paenitentiae
1399 4471 1594 4524 danda
1623 4472 1752 4523 sint.

421 4555 540 4625 (Ea:
569 4557 756 4610 concil.
811 4558 1076 4626 Mogunt.,
1108 4574 1228 4628 cap.
1264 4559 1374 4626 20.)
1416 4559 1558 4612 Cum
1610 4558 1788 4628 igitur
1846 4556 2040 4610 omnia

349 4643 582 4698 consilia
621 4661 906 4699 canonum
955 4663 1084 4717 quae
1133 4647 1508 4718 recipiuntur,
1556 4646 1668 4699 sint
1699 4665 1728 4698 a
1775 4646 2038 4700 sacerdo-

348 4733 500 4786 tibus
523 4733 760 4803 legenda
790 4740 847 4788 et
866 4735 1262 4805 intelligenda,
1295 4740 1350 4788 et
1379 4751 1482 4805 per
1515 4752 1581 4788 ea
1611 4735 1683 4788 sit
1736 4735 1816 4788 eis
1849 4735 2038 4788 viven-

349 4820 487 4874 dum
519 4827 576 4874 et
598 4824 1049 4892 praedicandum,
1079 4825 1461 4878 necessarium
1519 4823 1804 4890 duximus,
1856 4829 1919 4878 ut
1973 4841 2037 4878 ea

349 4926 478 4981 qum
508 4911 575 4964 ad
605 4911 772 4965 ﬁdem
806 4915 1114 4982 pertinent,
1149 4918 1207 4966 et
1228 4913 1325 4965 ubi
1357 4913 1424 4966 de
1467 4913 1815 4982 extirpandis
1864 4912 2034 4979 vitiis,

348 5002 406 5052 et
433 5000 757 5069 plantandis
788 5001 1095 5055 virtutibus
1123 5000 1408 5066 scribitur,
1439 5001 1547 5054 hoc
1596 5002 1666 5054 ab
1715 5002 1796 5054 eis
1840 5002 2036 5055 crebro

347 5088 590 5157 legatur,
620 5094 675 5142 et
700 5089 846 5144 bene
893 5089 1273 5159 intelligatur,
1331 5093 1387 5142 et
1438 5090 1500 5143 in
1550 5091 1766 5161 populo
1825 5091 2032 5161 praedi-

346 5181 526 5230 cetur.

345 5265 474 5338 CA9.
518 5267 786 5322 CXLVIII.
821 5297 888 5306 ——
925 5267 990 5320 Ut
1014 5267 1199 5338 nullus,
1235 5267 1471 5336 injustas
1500 5236 1800 5336 mensuras,
1830 5275 1880 5323 et
1907 5286 2036 5338 pon-

416 5337 550 5391 dera
602 5341 831 5406 injusta,
889 5343 939 5390 et
996 5353 1030 5389 α
1065 5336 1283 5405 {civibus
1332 5354 1439 5391 non
1502 5340 1832 5406 collaudata,
1898 5336 2037 5394 lucri

417 5423 583 5462 causa
610 5410 745 5462 dare
771 5413 1084 5476 praesumat.

416 5498 528 5563 (Ea:
557 5497 757 5560 eodem,
788 5503 909 5565 cap.
932 5499 990 5550 2t
1011 5499 1041 5564 .)
1074 5499 1140 5550 Ut
1179 5513 1460 5552 mensurae
1491 5505 1547 5553 et
1590 5500 1850 5569 pondera
1881 5501 2036 5570 justa

2139 460 2376 530 pitulari
2408 459 2694 514 dominico
2716 460 3063 524 continetur,
3099 464 3152 512 et
3176 458 3285 512 iste
3309 475 3470 512 sacer
3514 465 3842 512 conventus

2141 549 2360 602 statuit.
2393 548 2484 602 Sic
2515 548 2782 601 omnibus
2811 547 2978 602 nobis
3035 547 3335 602 observare
3383 548 3590 617 placet.
3659 549 3733 601 Ut
3797 547 3847 600 si

2143 637 2271 706 quis
2293 637 2474 707 justas
2506 651 2824 701 mensuras,
2865 641 2924 689 et
2961 636 3118 706 justa
3170 636 3424 706 pondera
3481 636 3624 689 lucri
3667 652 3849 690 causa

2142 731 2366 778 mutare
2400 724 2852 795 praesumpserit,
2885 725 2944 778 in
2995 741 3144 794 pane
3196 729 3251 777 et
3278 740 3425 794 aqua
3479 723 3682 795 viginti
3716 725 3848 778 dies

2141 813 2432 884 poeniteat.

2143 903 2272 956 CAP.
2309 901 2522 956 CXLIX.
2560 931 2628 939 —
2660 904 2733 955 De
2784 905 2956 955 matre
2999 917 3118 970 quae
3165 902 3429 970 infantem
3466 917 3624 955 suum
3673 903 3854 970 juxta

2212 975 2390 1038 ignem
2413 978 2690 1040 posuerat,
2719 977 2768 1026 et
2789 987 2888 1026 sua
2917 974 3250 1040 negligentia
3278 978 3518 1026 mortuus
3548 977 3646 1026 est.

2212 1061 2321 1130 (Em
2346 1061 2532 1114 concil.
2575 1061 2840 1126 Triburi.,
2899 1063 2988 1114 cui
3045 1063 3301 1127 interfuit
3343 1077 3444 1115 rea:
3497 1061 3850 1130 Arnolphus,

2140 1165 2260 1218 cap.
2299 1149 2406 1218 14.)
2452 1150 2625 1203 Mater
2682 1150 2727 1202 si
2773 1151 2937 1219 juxta
2981 1150 3170 1203 focum
3227 1149 3507 1203 infantem
3553 1149 3848 1218 posuerit,

2141 1241 2197 1290 et
2223 1237 2369 1290 alius
2401 1237 2574 1290 homo
2605 1254 2814 1307 aquam
2845 1237 2905 1291 in
2935 1239 3241 1292 caldariam
3274 1239 3511 1304 miserit,
3569 1242 3623 1290 et
3678 1238 3850 1291 ebul-

2142 1324 2241 1378 lita
2294 1342 2440 1396 aqua
2495 1325 2684 1379 infans
2740 1327 3076 1396 superfusus
3147 1333 3410 1380 mortuus
3471 1327 3664 1392 fuerit,
3732 1343 3847 1396 pro

2139 1414 2492 1484 negligentia
2548 1419 2729 1468 mater
2785 1415 3080 1484 poeniteat,
3155 1421 3211 1469 et
3262 1415 3360 1468 ille
3421 1416 3597 1469 homo
3670 1431 3844 1468 secu-

2144 1518 2241 1555 rus
2279 1503 2370 1555 sit.

2148 1589 2276 1644 CAP.
2331 1590 2433 1643 CL.
2485 1620 2554 1629 —
2612 1593 2686 1644 De
2741 1590 3010 1644 ordinatis
3058 1593 3109 1644 si
3163 1596 3289 1645 ante
3364 1592 3448 1644 vel
3501 1594 3624 1658 post
3690 1590 3854 1644 ordi-

2217 1665 2487 1744 nationem
2508 1664 2566 1714 in
2625 1662 3004 1715 criminalibus
3053 1664 3292 1730 peccatis
3349 1661 3680 1730 deprehendi
3717 1664 3853 1728 fue-

2215 1738 2594 1867 concilio
2636 1801 2965 1869 Hilerdensi,
3001 1819 3120 1872 cap.
3174 1803 3285 1872 10.)
3333 1803 3410 1856 De
3455 1803 3543 1856 his
3590 1818 3729 1871 ergo
3762 1802 3854 1854 vi-

2147 1907 2273 1944 sum
2305 1896 2392 1943 est
2427 1890 2589 1943 nobis
2627 1891 2906 1944 conscribi
2956 1891 3055 1960 qui
3099 1907 3286 1944 sacros
3335 1891 3561 1945 ordines
3602 1892 3848 1958 habent,

2146 1985 2202 2032 et
2231 1983 2361 2031 ante
2418 1979 2504 2032 vel
2555 1983 2679 2048 post
2723 1979 3142 2033 ordinationem
3192 1979 3610 2032 contaminatos
3646 1981 3702 2032 in
3753 1995 3850 2032 ca-

2147 2067 2417 2137 pitalibus
2463 2067 2801 2120 criminibus
2835 2083 2893 2119 se
2950 2083 3071 2120 esse
3131 2067 3495 2136 proﬁtentur,
3543 2069 3603 2121 in
3628 2067 3848 2138 quibus

2148 2161 2213 2209 ut
2242 2154 2386 2208 mihi
2412 2155 2637 2208 videtur
2679 2155 2801 2209 haec
2830 2155 3102 2209 distantia
3131 2171 3252 2208 esse
3295 2155 3482 2221 debet,
3527 2159 3591 2208 ut
3635 2153 3696 2208 hi
3738 2154 3849 2224 qui

2146 2243 2493 2314 deprehensi
2550 2244 2634 2297 vel
2695 2244 2846 2313 capti
2904 2243 3116 2296 fuerint
3173 2244 3398 2314 publice
3447 2243 3509 2296 in
3556 2243 3844 2312 perjurio,

2146 2332 2319 2397 furto,
2347 2337 2519 2403 atque
2562 2332 2961 2399 fornicatione,
3012 2341 3069 2386 et
3100 2331 3322 2386 caeteris
3368 2331 3696 2401 hujusmodi
3738 2331 3852 2384 cri-

2147 2421 2420 2486 minibus,
2481 2421 2793 2475 secundum
2852 2437 3142 2474 sacrorum
3193 2437 3476 2474 canonum
3523 2421 3850 2474 institutae.

2149 2509 2330 2580 gradu
2355 2508 2591 2579 proprio
2622 2509 2987 2578 deponantur
3014 2534 3024 2563 :
3059 2509 3197 2580 quia
3245 2508 3573 2564 scandalum
3613 2513 3698 2561 est
3731 2525 3843 2578 po-

2154 2598 2286 2669 pulo
2322 2598 2442 2663 Dei,
2505 2599 2646 2651 tales
2694 2614 2965 2668 personas
3021 2614 3195 2667 super
3239 2614 3297 2651 se
3353 2597 3566 2667 positas
3602 2597 3844 2663 habere,

2150 2702 2292 2758 quas
2341 2687 2492 2740 ultra
2552 2687 2787 2740 modum
2847 2686 3071 2740 vitiosas
3140 2690 3361 2739 constat
3408 2701 3550 2739 esse.
3625 2686 3852 2756 Nempe

2150 2775 2285 2829 inde
2342 2775 2724 2829 detrahuntur
2778 2775 3042 2828 homines
3111 2791 3146 2828 a
3198 2773 3474 2827 sacriﬁcio
3524 2773 3644 2836 Dei,
3698 2774 3854 2827 sicut

2151 2863 2441 2933 quondam
2473 2862 2608 2916 ﬁliis
2648 2862 2772 2917 Heli
2818 2862 3185 2932 peccantibus
3217 2862 3413 2916 fecisse
3464 2862 3754 2932 leguntur,
3791 2867 3854 2915 et

2148 2951 2385 3004 rebelles
2460 2951 2596 3004 hinc
2667 2955 2837 3019 atque
2912 2950 3182 3004 contrarii
3263 2951 3585 3015 existentes,
3642 2966 3848 3003 eorum

2145 3040 2334 3109 pravis
2365 3039 2611 3109 exempli
2661 3039 2921 3109 quotidie
2979 3040 3204 3109 pejores
3250 3039 3443 3092 ﬁunt:
3499 3039 3598 3109 qui
3646 3043 3848 3092 autem

2149 3129 2218 3182 de
2249 3127 2537 3198 praedictis
2560 3127 2693 3180 viris
2747 3143 2848 3197 per
2897 3128 3176 3180 occultam
3225 3127 3640 3181 confessionem
3691 3129 3848 3180 mala

2148 3233 2182 3270 a
2239 3233 2296 3268 se
2355 3216 2624 3269 absconse
2671 3215 2976 3268 commissa
3031 3233 3221 3269 coram
3281 3217 3460 3269 oculis
3510 3217 3630 3283 Dei,
3689 3233 3843 3286 prae-

2149 3310 2308 3358 sente
2357 3304 2530 3356 etiam
2577 3304 2888 3370 sacerdote,
2949 3303 3048 3374 qui
3080 3303 3160 3356 eis
3217 3303 3537 3358 indicturus
3592 3310 3676 3358 est
3730 3322 3848 3375 pm-

2151 3393 2470 3460 nitentiam,
2505 3392 2872 3463 conﬁtentur,
2926 3398 2983 3447 et
3023 3394 3357 3464 semetipsos
3408 3393 3656 3463 graviter
3699 3394 3845 3447 deli-

2149 3482 2338 3552 quisse
2369 3486 2657 3545 accusant,
2691 3481 2736 3534 si
2785 3481 3063 3535 veraciter
3116 3482 3514 3551 paenituerint,
3547 3486 3602 3535 et
3646 3499 3704 3536 se
3738 3499 3849 3552 per

2141 3570 2386 3641 jejunia,
2455 3573 2513 3624 et
2579 3570 2956 3624 eleemosinas
3024 3571 3364 3641 vigiliasque
3426 3577 3594 3641 atque
3652 3588 3846 3625 sacras

2151 3659 2438 3713 orationes
2497 3676 2628 3712 cum
2682 3659 2950 3729 lacrymis
3033 3676 3281 3730 purgare
3333 3661 3695 3726 certaverint,
3752 3661 3846 3714 his

2148 3749 2320 3802 etiam
2353 3748 2536 3819 gradu
2563 3753 2780 3801 servato
2828 3764 2956 3818 spes
2987 3748 3167 3803 veniae
3215 3749 3285 3803 de
3315 3748 3706 3802 misericordia
3744 3750 3846 3803 Dei

2148 3836 2535 3908 promittenda
2603 3841 2706 3904 est,
2767 3836 2867 3908 qui
2913 3853 3114 3890 omnes
3170 3838 3435 3891 homines
3490 3838 3610 3890 vult
3657 3838 3845 3891 salvos

2149 3925 2296 3990 ﬁeri,
2325 3928 2382 3977 et
2437 3924 2508 3978 ad
2567 3924 2923 3996 agnitionem
2990 3926 3245 3981 veritatis
3284 3926 3581 3996 pervenire
3608 3943 3620 3979 :
3651 3942 3839 3996 neque

2149 4014 2266 4066 vult
2331 4015 2575 4065 mortem
2648 4014 2980 4083 peccatoris,
3066 4015 3164 4069 sed
3225 4021 3285 4068 ut
3340 4020 3717 4081 convertatur,
3787 4021 3848 4068 et

2149 4100 2317 4153 vivat.

2151 4172 2277 4227 CAP.
2317 4170 2445 4224 CLI.
2477 4200 2546 4210 —
2575 4174 2647 4226 De
2674 4174 2812 4227 viris
2847 4173 3138 4239 ordinatis,
3195 4191 3423 4244 quorum
3463 4176 3668 4229 occulta
3717 4191 3842 4243 pec-

2223 4313 2334 4382 (Ew
2363 4314 2549 4367 concil.
2585 4249 2970 4384 Toletanjali:
3167 4316 3444 4370 ordinatis
3473 4333 3719 4387 quorum
3752 4334 3840 4369 oc-

2149 4401 2299 4454 culta
2331 4406 2565 4470 peccata
2593 4407 2744 4469 sunt,
2777 4419 2882 4456 nec
2912 4404 3212 4458 manifeste
3233 4405 3303 4459 ab
3323 4405 3516 4475 aliquo
3535 4405 3838 4476 arguipos-

2148 4493 2299 4555 sunt,
2334 4495 2392 4542 et
2421 4489 2725 4544 salubriter
2739 4492 3065 4563 compuncti
3087 4510 3193 4563 pro
3216 4495 3462 4564 peccatis
3483 4495 3598 4547 suis
3627 4495 3836 4548 confes-

2149 4577 2367 4630 sionem
2385 4578 2652 4649 episcopo
2682 4579 2796 4634 sive
2827 4581 3159 4651 presbytero
3216 4583 3431 4636 occulte
3479 4583 3715 4648 faciunt,
3749 4584 3840 4638 bo-

2149 4682 2288 4720 num
2315 4667 2454 4720 mihi
2484 4668 2728 4734 videtur,
2750 4675 2815 4722 ut
2831 4671 3146 4724 secundum
3174 4670 3228 4725 id
3245 4673 3398 4742 quod
3420 4672 3527 4726 sibi
3547 4672 3838 4726 decretum

2147 4755 2323 4808 fuerit
2383 4755 2453 4808 ab
2511 4757 2803 4828 episcopo,
2853 4759 2970 4812 sive
3027 4760 3385 4830 presbytero,
3441 4761 3836 4830 paenitentiam

2147 4848 2342 4915 agant,
2374 4859 2492 4897 non
2524 4845 2765 4915 trepide,
2808 4863 2911 4900 nec
2965 4849 3144 4916 tarde,
3194 4849 3289 4902 sed
3342 4850 3624 4903 ferventer
3659 4855 3712 4903 et
3757 4867 3834 4903 so-

2147 4934 2317 4999 licite,
2344 4949 2408 4987 ac
2429 4933 2508 4987 sic
2537 4951 2595 4988 se
2627 4935 2852 4990 veniam
2894 4942 3259 5006 peccatorum
3309 4954 3343 4991 a
3385 4937 3616 4992 domino
3647 4955 3834 5009 perce-

2147 5026 2364 5092 pturos,
2398 5027 2454 5076 et
2485 5023 2726 5093 gradum
2759 5041 2818 5078 se
2849 5031 3172 5080 retenturos
3202 5027 3513 5081 conﬁdant.

2147 5112 2275 5165 CAP.
2307 5111 2461 5165 CLII.
2491 5143 2559 5150 —
2615 5115 2687 5166 De
2725 5115 2823 5167 illa
2851 5117 3058 5180 femina
3088 5131 3207 5184 quae
3248 5121 3647 5169 menstruosum
3675 5132 3827 5170 suum

2215 5186 2553 5248 sanguinem,
2611 5188 2660 5236 et
2715 5199 2890 5238 semen
2943 5189 3055 5239 viri
3091 5187 3203 5252 sui,
3260 5193 3310 5240 et
3361 5192 3552 5240 testam
3603 5189 3828 5241 hominis

2216 5253 2580 5377 gentibusserit,
2617 5257 2668 5307 et
2727 5257 2832 5308 haec
2883 5260 3064 5310 omnia
3097 5261 3213 5312 viro
3265 5274 3361 5312 suo
3413 5258 3487 5311 ad
3532 5260 3825 5327 potandum

2259 5343 2302 5377 et
2326 5327 2447 5378 erit.

2259 5341 2447 5377 ϐίῖθηῑ.

2218 5413 2328 5475 (Em
2360 5413 2556 5480 eodem,
2586 5415 2761 5482 capite
2789 5415 2892 5482 l7.)
2927 5417 3002 5468 De
3053 5417 3137 5469 his
3171 5418 3342 5471 etiam
3395 5434 3568 5488 super
3623 5419 3822 5488 quibus

2146 5503 2527 5572 interrogasti,
2558 5505 2662 5557 hoc
2689 5509 2790 5570 est,
2822 5505 2890 5558 de
2922 5507 3017 5559 illa
3039 5507 3273 5572 femina,
3301 5524 3431 5577 quae
3469 5513 3818 5560 menstruum
