  <div class='ocr_page' id='page_1' title='image "/cluster/home/n/w/nwhite01/storage/ocr_20150623/140/umn.31951002477433x/558.png"; bbox 0 0 3950 6318; ppageno 0'>
   <div class='ocr_carea' id='block_1_1' title="bbox 79 289 206 340">
    <p class='ocr_par' dir='ltr' id='par_1_1' title="bbox 79 289 206 340">
     <span class='ocr_line' id='line_1_1' title="bbox 79 289 206 340; baseline 0.016 -2"><span class='ocrx_word' id='word_1_1' title='bbox 79 289 206 340; x_wconf 86' lang='grc'>1013</span> 
     </span>
    </p>
   </div>
   <div class='ocr_carea' id='block_1_2' title="bbox 997 290 2624 352">
    <p class='ocr_par' dir='ltr' id='par_1_2' title="bbox 997 290 2624 352">
     <span class='ocr_line' id='line_1_2' title="bbox 997 290 2624 352; baseline 0.003 -10"><span class='ocrx_word' id='word_1_2' title='bbox 997 290 1472 346; x_wconf 85' lang='lat' dir='ltr'><strong>DECRETORUM</strong></span> <span class='ocrx_word' id='word_1_3' title='bbox 1516 293 1700 348; x_wconf 91' lang='lat' dir='ltr'><strong>LIBRI</strong></span> <span class='ocrx_word' id='word_1_4' title='bbox 1737 295 1844 349; x_wconf 86' lang='lat' dir='ltr'><strong>XX.</strong></span> <span class='ocrx_word' id='word_1_5' title='bbox 1876 326 1944 336; x_wconf 87' lang='lat'><strong>--</strong></span> <span class='ocrx_word' id='word_1_6' title='bbox 1989 298 2199 352; x_wconf 86' lang='lat' dir='ltr'><strong>LIBER</strong></span> <span class='ocrx_word' id='word_1_7' title='bbox 2239 297 2624 352; x_wconf 83' lang='lat' dir='ltr'><strong>VICESIMUS.</strong></span> 
     </span>
    </p>
   </div>
   <div class='ocr_carea' id='block_1_3' title="bbox 3430 302 3568 354">
    <p class='ocr_par' dir='ltr' id='par_1_3' title="bbox 3430 302 3568 354">
     <span class='ocr_line' id='line_1_3' title="bbox 3430 302 3568 354; baseline -0.007 0"><span class='ocrx_word' id='word_1_8' title='bbox 3430 302 3568 354; x_wconf 75' lang='grc'>1014</span> 
     </span>
    </p>
   </div>
   <div class='ocr_carea' id='block_1_4' title="bbox 71 410 3567 492">
    <p class='ocr_par' dir='ltr' id='par_1_4' title="bbox 71 410 3567 492">
     <span class='ocr_line' id='line_1_4' title="bbox 71 410 3567 492; baseline 0.004 -29"><span class='ocrx_word' id='word_1_9' title='bbox 71 426 232 464; x_wconf 91' lang='lat' dir='ltr'><strong>suum</strong></span> <span class='ocrx_word' id='word_1_10' title='bbox 270 410 611 481; x_wconf 86' lang='lat' dir='ltr'><strong>sanguinem</strong></span> <span class='ocrx_word' id='word_1_11' title='bbox 645 410 960 465; x_wconf 83' lang='lat' dir='ltr'><strong>immiscuit</strong></span> <span class='ocrx_word' id='word_1_12' title='bbox 991 412 1118 466; x_wconf 90' lang='lat' dir='ltr'><strong>cibo</strong></span> <span class='ocrx_word' id='word_1_13' title='bbox 1172 414 1258 466; x_wconf 89' lang='lat' dir='ltr'><strong>ve]</strong></span> <span class='ocrx_word' id='word_1_14' title='bbox 1287 419 1470 484; x_wconf 77' lang='lat' dir='ltr'><strong>potui,</strong></span> <span class='ocrx_word' id='word_1_15' title='bbox 1499 418 1556 468; x_wconf 91' lang='lat' dir='ltr'><strong>et</strong></span> <span class='ocrx_word' id='word_1_16' title='bbox 1605 416 1762 470; x_wconf 86' lang='lat' dir='ltr'><strong>dedit</strong></span> <span class='ocrx_word' id='word_1_17' title='bbox 1795 421 1839 473; x_wconf 84' lang='grc' dir='ltr'><strong>Α</strong></span> <span class='ocrx_word' id='word_1_18' title='bbox 1877 435 2058 474; x_wconf 89' lang='lat' dir='ltr'><strong>annos</strong></span> <span class='ocrx_word' id='word_1_19' title='bbox 2091 421 2382 492; x_wconf 89' lang='lat' dir='ltr'><strong>poeniteat,</strong></span> <span class='ocrx_word' id='word_1_20' title='bbox 2416 426 2473 476; x_wconf 90' lang='lat' dir='ltr'><strong>et</strong></span> <span class='ocrx_word' id='word_1_21' title='bbox 2513 438 2809 492; x_wconf 83' lang='lat' dir='ltr'><strong>nunquam</strong></span> <span class='ocrx_word' id='word_1_22' title='bbox 2844 427 3042 490; x_wconf 92' lang='lat' dir='ltr'><strong>mutet,</strong></span> <span class='ocrx_word' id='word_1_23' title='bbox 3075 424 3186 478; x_wconf 88' lang='lat' dir='ltr'><strong>nisi</strong></span> <span class='ocrx_word' id='word_1_24' title='bbox 3234 425 3324 478; x_wconf 89' lang='lat' dir='ltr'><strong>die</strong></span> <span class='ocrx_word' id='word_1_25' title='bbox 3376 424 3567 478; x_wconf 92' lang='lat' dir='ltr'><strong>domi—</strong></span> 
     </span>
    </p>
   </div>
   <div class='ocr_carea' id='block_1_5' title="bbox 70 498 1765 572">
    <p class='ocr_par' dir='ltr' id='par_1_5' title="bbox 70 498 1765 572">
     <span class='ocr_line' id='line_1_5' title="bbox 70 498 1765 572; baseline 0.005 -23"><span class='ocrx_word' id='word_1_26' title='bbox 70 498 186 552; x_wconf 87' lang='lat' dir='ltr'><strong>viro</strong></span> <span class='ocrx_word' id='word_1_27' title='bbox 214 515 316 552; x_wconf 89' lang='lat' dir='ltr'><strong>suo</strong></span> <span class='ocrx_word' id='word_1_28' title='bbox 349 504 410 552; x_wconf 92' lang='lat' dir='ltr'><strong>ut</strong></span> <span class='ocrx_word' id='word_1_29' title='bbox 448 500 792 567; x_wconf 82' lang='lat' dir='ltr'><strong>eomederet,</strong></span> <span class='ocrx_word' id='word_1_30' title='bbox 829 505 883 553; x_wconf 93' lang='lat' dir='ltr'><strong>et</strong></span> <span class='ocrx_word' id='word_1_31' title='bbox 903 501 970 553; x_wconf 94' lang='lat' dir='ltr'><strong>de</strong></span> <span class='ocrx_word' id='word_1_32' title='bbox 1001 502 1095 554; x_wconf 86' lang='lat' dir='ltr'><strong>illa</strong></span> <span class='ocrx_word' id='word_1_33' title='bbox 1129 518 1258 572; x_wconf 69' lang='lat' dir='ltr'><strong>quin</strong></span> <span class='ocrx_word' id='word_1_34' title='bbox 1312 519 1508 555; x_wconf 88' lang='lat' dir='ltr'><strong>semen</strong></span> <span class='ocrx_word' id='word_1_35' title='bbox 1541 504 1644 556; x_wconf 91' lang='lat' dir='ltr'><strong>viri</strong></span> <span class='ocrx_word' id='word_1_36' title='bbox 1677 506 1765 558; x_wconf 93' lang='lat' dir='ltr'><strong>sui</strong></span> 
     </span>
    </p>
   </div>
   <div class='ocr_carea' id='block_1_6' title="bbox 71 587 1767 659">
    <p class='ocr_par' dir='ltr' id='par_1_6' title="bbox 71 587 1767 659">
     <span class='ocr_line' id='line_1_6' title="bbox 71 587 1767 659; baseline 0.004 -20"><span class='ocrx_word' id='word_1_37' title='bbox 71 587 126 640; x_wconf 90' lang='lat' dir='ltr'><strong>in</strong></span> <span class='ocrx_word' id='word_1_38' title='bbox 157 594 296 656; x_wconf 92' lang='lat' dir='ltr'><strong>potu</strong></span> <span class='ocrx_word' id='word_1_39' title='bbox 329 587 494 652; x_wconf 89' lang='lat' dir='ltr'><strong>bibit,</strong></span> <span class='ocrx_word' id='word_1_40' title='bbox 525 593 580 640; x_wconf 87' lang='lat' dir='ltr'><strong>et</strong></span> <span class='ocrx_word' id='word_1_41' title='bbox 608 588 677 641; x_wconf 91' lang='lat' dir='ltr'><strong>de</strong></span> <span class='ocrx_word' id='word_1_42' title='bbox 703 605 770 641; x_wconf 88' lang='lat' dir='ltr'><strong>ea</strong></span> <span class='ocrx_word' id='word_1_43' title='bbox 800 604 928 659; x_wconf 57' lang='lat' dir='ltr'><strong>quas</strong></span> <span class='ocrx_word' id='word_1_44' title='bbox 947 592 1148 642; x_wconf 87' lang='lat' dir='ltr'><strong>testam</strong></span> <span class='ocrx_word' id='word_1_45' title='bbox 1173 590 1419 643; x_wconf 81' lang='lat' dir='ltr'><strong>hominis</strong></span> <span class='ocrx_word' id='word_1_46' title='bbox 1452 592 1767 646; x_wconf 82' lang='lat' dir='ltr'><strong>combussit</strong></span> 
     </span>
    </p>
   </div>
   <div class='ocr_carea' id='block_1_7' title="bbox 70 675 1766 751">
    <p class='ocr_par' dir='ltr' id='par_1_7' title="bbox 70 675 1766 751">
     <span class='ocr_line' id='line_1_7' title="bbox 70 675 1766 751; baseline 0.004 -23"><span class='ocrx_word' id='word_1_47' title='bbox 70 675 210 742; x_wconf 84' lang='lat' dir='ltr'><strong>igni,</strong></span> <span class='ocrx_word' id='word_1_48' title='bbox 246 682 303 730; x_wconf 89' lang='lat' dir='ltr'><strong>et</strong></span> <span class='ocrx_word' id='word_1_49' title='bbox 331 677 453 728; x_wconf 91' lang='lat' dir='ltr'><strong>viro</strong></span> <span class='ocrx_word' id='word_1_50' title='bbox 487 692 588 728; x_wconf 91' lang='lat' dir='ltr'><strong>suo</strong></span> <span class='ocrx_word' id='word_1_51' title='bbox 620 676 775 729; x_wconf 89' lang='lat' dir='ltr'><strong>dedit</strong></span> <span class='ocrx_word' id='word_1_52' title='bbox 801 694 906 747; x_wconf 92' lang='lat' dir='ltr'><strong>pro</strong></span> <span class='ocrx_word' id='word_1_53' title='bbox 945 678 1279 732; x_wconf 89' lang='lat' dir='ltr'><strong>inﬁrmitate</strong></span> <span class='ocrx_word' id='word_1_54' title='bbox 1311 679 1555 744; x_wconf 88' lang='lat' dir='ltr'><strong>vitanda,</strong></span> <span class='ocrx_word' id='word_1_55' title='bbox 1609 681 1766 751; x_wconf 86' lang='lat' dir='ltr'>quali</span> 
     </span>
    </p>
   </div>
   <div class='ocr_carea' id='block_1_8' title="bbox 17 751 1764 834">
    <p class='ocr_par' dir='ltr' id='par_1_8' title="bbox 17 751 1764 834">
     <span class='ocr_line' id='line_1_8' title="bbox 17 751 1764 834; baseline 0.003 -17"><span class='ocrx_word' id='word_1_56' title='bbox 17 751 24 776; x_wconf 53' lang='grc'>⁸</span> <span class='ocrx_word' id='word_1_57' title='bbox 67 764 406 834; x_wconf 62' lang='lat' dir='ltr'><strong>paenitentia</strong></span> <span class='ocrx_word' id='word_1_58' title='bbox 439 765 552 818; x_wconf 83' lang='lat' dir='ltr'><strong>sint</strong></span> <span class='ocrx_word' id='word_1_59' title='bbox 582 765 914 834; x_wconf 68' lang='lat' dir='ltr'><strong>plectendaa,</strong></span> <span class='ocrx_word' id='word_1_60' title='bbox 951 773 1012 819; x_wconf 88' lang='lat' dir='ltr'><strong>ut</strong></span> <span class='ocrx_word' id='word_1_61' title='bbox 1039 767 1204 820; x_wconf 88' lang='lat' dir='ltr'><strong>nobis</strong></span> <span class='ocrx_word' id='word_1_62' title='bbox 1237 767 1484 832; x_wconf 82' lang='lat' dir='ltr'><strong>videtur,</strong></span> <span class='ocrx_word' id='word_1_63' title='bbox 1506 769 1604 822; x_wconf 89' lang='lat' dir='ltr'><strong>tali</strong></span> <span class='ocrx_word' id='word_1_64' title='bbox 1638 786 1764 823; x_wconf 91' lang='lat' dir='ltr'><strong>sen-</strong></span> 
     </span>
    </p>
   </div>
   <div class='ocr_carea' id='block_1_9' title="bbox 17 852 1766 927">
    <p class='ocr_par' dir='ltr' id='par_1_9' title="bbox 17 852 1766 927">
     <span class='ocr_line' id='line_1_9' title="bbox 17 852 1766 927; baseline 0.003 -23"><span class='ocrx_word' id='word_1_65' title='bbox 17 882 24 897; x_wconf 83' lang='grc' dir='ltr'>ι</span> <span class='ocrx_word' id='word_1_66' title='bbox 68 852 243 905; x_wconf 81' lang='lat' dir='ltr'><strong>tentia</strong></span> <span class='ocrx_word' id='word_1_67' title='bbox 275 857 408 905; x_wconf 89' lang='lat' dir='ltr'><strong>sunt</strong></span> <span class='ocrx_word' id='word_1_68' title='bbox 436 852 727 918; x_wconf 64' lang='lat' dir='ltr'><strong>feriendaa,</strong></span> <span class='ocrx_word' id='word_1_69' title='bbox 759 853 904 906; x_wconf 88' lang='lat' dir='ltr'><strong>sicut</strong></span> <span class='ocrx_word' id='word_1_70' title='bbox 934 854 1088 924; x_wconf 83' lang='lat' dir='ltr'><strong>magi</strong></span> <span class='ocrx_word' id='word_1_71' title='bbox 1119 862 1175 908; x_wconf 87' lang='lat' dir='ltr'><strong>et</strong></span> <span class='ocrx_word' id='word_1_72' title='bbox 1207 855 1366 908; x_wconf 83' lang='lat' dir='ltr'><strong>arioli</strong></span> <span class='ocrx_word' id='word_1_73' title='bbox 1400 873 1411 910; x_wconf 94' lang='lat'>:</span> <span class='ocrx_word' id='word_1_74' title='bbox 1465 857 1600 927; x_wconf 85' lang='lat' dir='ltr'><strong>quia</strong></span> <span class='ocrx_word' id='word_1_75' title='bbox 1643 874 1766 910; x_wconf 84' lang='lat' dir='ltr'><strong>ma-</strong></span> 
     </span>
    </p>
   </div>
   <div class='ocr_carea' id='block_1_10' title="bbox 71 941 1766 1016">
    <p class='ocr_par' dir='ltr' id='par_1_10' title="bbox 71 941 1766 1016">
     <span class='ocr_line' id='line_1_10' title="bbox 71 941 1766 1016; baseline 0.003 -23"><span class='ocrx_word' id='word_1_76' title='bbox 71 941 251 1010; x_wconf 88' lang='lat' dir='ltr'><strong>gicam</strong></span> <span class='ocrx_word' id='word_1_77' title='bbox 287 946 467 994; x_wconf 82' lang='lat' dir='ltr'><strong>artem</strong></span> <span class='ocrx_word' id='word_1_78' title='bbox 497 947 814 995; x_wconf 80' lang='lat' dir='ltr'><strong>exercuisse</strong></span> <span class='ocrx_word' id='word_1_79' title='bbox 856 949 1185 997; x_wconf 89' lang='lat' dir='ltr'><strong>noscuntur.</strong></span> <span class='ocrx_word' id='word_1_80' title='bbox 1241 946 1382 998; x_wconf 86' lang='lat' dir='ltr'><strong>Nam</strong></span> <span class='ocrx_word' id='word_1_81' title='bbox 1432 945 1502 998; x_wconf 91' lang='lat' dir='ltr'><strong>de</strong></span> <span class='ocrx_word' id='word_1_82' title='bbox 1534 945 1622 998; x_wconf 90' lang='lat' dir='ltr'><strong>his</strong></span> <span class='ocrx_word' id='word_1_83' title='bbox 1667 946 1766 1016; x_wconf 91' lang='lat' dir='ltr'><strong>qui</strong></span> 
     </span>
    </p>
   </div>
   <div class='ocr_carea' id='block_1_11' title="bbox 71 1030 1767 1103">
    <p class='ocr_par' dir='ltr' id='par_1_11' title="bbox 71 1030 1767 1103">
     <span class='ocr_line' id='line_1_11' title="bbox 71 1030 1767 1103; baseline 0.002 -20"><span class='ocrx_word' id='word_1_84' title='bbox 71 1031 352 1100; x_wconf 83' lang='lat' dir='ltr'><strong>magicam</strong></span> <span class='ocrx_word' id='word_1_85' title='bbox 384 1035 564 1083; x_wconf 88' lang='lat' dir='ltr'><strong>artem</strong></span> <span class='ocrx_word' id='word_1_86' title='bbox 605 1030 922 1084; x_wconf 79' lang='lat' dir='ltr'><strong>exercuisse</strong></span> <span class='ocrx_word' id='word_1_87' title='bbox 955 1037 1288 1101; x_wconf 91' lang='lat' dir='ltr'><strong>noscuntur,</strong></span> <span class='ocrx_word' id='word_1_88' title='bbox 1312 1038 1368 1086; x_wconf 91' lang='lat' dir='ltr'><strong>et</strong></span> <span class='ocrx_word' id='word_1_89' title='bbox 1396 1032 1496 1103; x_wconf 91' lang='lat' dir='ltr'><strong>qui</strong></span> <span class='ocrx_word' id='word_1_90' title='bbox 1527 1033 1767 1102; x_wconf 83' lang='lat' dir='ltr'><strong>auguria</strong></span> 
     </span>
    </p>
   </div>
   <div class='ocr_carea' id='block_1_12' title="bbox 71 1117 1765 1186">
    <p class='ocr_par' dir='ltr' id='par_1_12' title="bbox 71 1117 1765 1186">
     <span class='ocr_line' id='line_1_12' title="bbox 71 1117 1765 1186; baseline 0.002 -15"><span class='ocrx_word' id='word_1_91' title='bbox 71 1117 392 1183; x_wconf 88' lang='lat' dir='ltr'><strong>attendunt,</strong></span> <span class='ocrx_word' id='word_1_92' title='bbox 434 1123 491 1172; x_wconf 90' lang='lat' dir='ltr'><strong>et</strong></span> <span class='ocrx_word' id='word_1_93' title='bbox 547 1117 925 1172; x_wconf 81' lang='lat' dir='ltr'><strong>divinationes</strong></span> <span class='ocrx_word' id='word_1_94' title='bbox 967 1120 1290 1186; x_wconf 82' lang='lat' dir='ltr'><strong>observant,</strong></span> <span class='ocrx_word' id='word_1_95' title='bbox 1341 1121 1624 1175; x_wconf 87' lang='lat' dir='ltr'><strong>Theodori</strong></span> <span class='ocrx_word' id='word_1_96' title='bbox 1671 1131 1765 1175; x_wconf 87' lang='lat' dir='ltr'><strong>ar-</strong></span> 
     </span>
    </p>
   </div>
   <div class='ocr_carea' id='block_1_13' title="bbox 70 1206 1764 1276">
    <p class='ocr_par' dir='ltr' id='par_1_13' title="bbox 70 1206 1764 1276">
     <span class='ocr_line' id='line_1_13' title="bbox 70 1206 1764 1276; baseline 0.002 -18"><span class='ocrx_word' id='word_1_97' title='bbox 70 1206 420 1275; x_wconf 87' lang='lat' dir='ltr'><strong>chiepiscopi</strong></span> <span class='ocrx_word' id='word_1_98' title='bbox 480 1207 666 1274; x_wconf 85' lang='lat' dir='ltr'><strong>gentis</strong></span> <span class='ocrx_word' id='word_1_99' title='bbox 721 1208 1038 1276; x_wconf 82' lang='lat' dir='ltr'><strong>Anglorum</strong></span> <span class='ocrx_word' id='word_1_100' title='bbox 1100 1209 1536 1262; x_wconf 85' lang='lat' dir='ltr'><strong>constitutiones</strong></span> <span class='ocrx_word' id='word_1_101' title='bbox 1599 1211 1764 1263; x_wconf 88' lang='lat' dir='ltr'><strong>habe-</strong></span> 
     </span>
    </p>
   </div>
   <div class='ocr_carea' id='block_1_14' title="bbox 69 1293 1767 1365">
    <p class='ocr_par' dir='ltr' id='par_1_14' title="bbox 69 1293 1767 1365">
     <span class='ocr_line' id='line_1_14' title="bbox 69 1293 1767 1365; baseline 0.002 -18"><span class='ocrx_word' id='word_1_102' title='bbox 69 1310 214 1361; x_wconf 88' lang='lat' dir='ltr'><strong>mus,</strong></span> <span class='ocrx_word' id='word_1_103' title='bbox 258 1293 318 1347; x_wconf 92' lang='lat' dir='ltr'><strong>in</strong></span> <span class='ocrx_word' id='word_1_104' title='bbox 344 1294 553 1364; x_wconf 90' lang='lat' dir='ltr'><strong>quibus</strong></span> <span class='ocrx_word' id='word_1_105' title='bbox 585 1295 856 1365; x_wconf 90' lang='lat' dir='ltr'><strong>scriptum</strong></span> <span class='ocrx_word' id='word_1_106' title='bbox 889 1301 972 1348; x_wconf 91' lang='lat' dir='ltr'><strong>est</strong></span> <span class='ocrx_word' id='word_1_107' title='bbox 1004 1313 1015 1348; x_wconf 91' lang='lat'>:</span> <span class='ocrx_word' id='word_1_108' title='bbox 1049 1296 1155 1359; x_wconf 89' lang='lat' dir='ltr'><strong>Qui</strong></span> <span class='ocrx_word' id='word_1_109' title='bbox 1177 1296 1439 1350; x_wconf 88' lang='lat' dir='ltr'><strong>immolat</strong></span> <span class='ocrx_word' id='word_1_110' title='bbox 1463 1297 1767 1351; x_wconf 63' lang='lat' dir='ltr'><strong>daemoniis</strong></span> 
     </span>
    </p>
   </div>
   <div class='ocr_carea' id='block_1_15' title="bbox 69 1384 1764 1457">
    <p class='ocr_par' dir='ltr' id='par_1_15' title="bbox 69 1384 1764 1457">
     <span class='ocr_line' id='line_1_15' title="bbox 69 1384 1764 1457; baseline 0.002 -21"><span class='ocrx_word' id='word_1_111' title='bbox 69 1384 126 1437; x_wconf 90' lang='lat' dir='ltr'><strong>in</strong></span> <span class='ocrx_word' id='word_1_112' title='bbox 159 1384 433 1450; x_wconf 88' lang='lat' dir='ltr'><strong>minimis,</strong></span> <span class='ocrx_word' id='word_1_113' title='bbox 469 1401 580 1437; x_wconf 91' lang='lat' dir='ltr'><strong>uno</strong></span> <span class='ocrx_word' id='word_1_114' title='bbox 612 1402 764 1438; x_wconf 90' lang='lat' dir='ltr'><strong>anno</strong></span> <span class='ocrx_word' id='word_1_115' title='bbox 795 1385 1091 1456; x_wconf 88' lang='lat' dir='ltr'><strong>poeniteat,</strong></span> <span class='ocrx_word' id='word_1_116' title='bbox 1126 1387 1223 1456; x_wconf 88' lang='lat' dir='ltr'><strong>qui</strong></span> <span class='ocrx_word' id='word_1_117' title='bbox 1254 1403 1388 1440; x_wconf 89' lang='lat' dir='ltr'><strong>vero</strong></span> <span class='ocrx_word' id='word_1_118' title='bbox 1418 1387 1476 1440; x_wconf 91' lang='lat' dir='ltr'><strong>in</strong></span> <span class='ocrx_word' id='word_1_119' title='bbox 1519 1387 1764 1457; x_wconf 85' lang='lat' dir='ltr'><strong>magnis,</strong></span> 
     </span>
    </p>
   </div>
   <div class='ocr_carea' id='block_1_16' title="bbox 72 1475 799 1546">
    <p class='ocr_par' dir='ltr' id='par_1_16' title="bbox 72 1475 799 1546">
     <span class='ocr_line' id='line_1_16' title="bbox 72 1475 799 1546; baseline 0.001 -19"><span class='ocrx_word' id='word_1_120' title='bbox 72 1475 263 1527; x_wconf 90' lang='lat' dir='ltr'><strong>decem</strong></span> <span class='ocrx_word' id='word_1_121' title='bbox 291 1490 472 1528; x_wconf 88' lang='lat' dir='ltr'><strong>annos</strong></span> <span class='ocrx_word' id='word_1_122' title='bbox 503 1477 799 1546; x_wconf 76' lang='lat' dir='ltr'><strong>poeniteat.</strong></span> 
     </span>
    </p>
   </div>
   <div class='ocr_carea' id='block_1_17' title="bbox 73 1562 1766 1632">
    <p class='ocr_par' dir='ltr' id='par_1_17' title="bbox 73 1562 1766 1632">
     <span class='ocr_line' id='line_1_17' title="bbox 73 1562 1766 1632; baseline 0 -16"><span class='ocrx_word' id='word_1_123' title='bbox 73 1562 195 1616; x_wconf 85' lang='lat' dir='ltr'><strong>CAP.</strong></span> <span class='ocrx_word' id='word_1_124' title='bbox 235 1563 414 1616; x_wconf 89' lang='lat' dir='ltr'><strong>CLIII.</strong></span> <span class='ocrx_word' id='word_1_125' title='bbox 444 1595 508 1602; x_wconf 98' lang='lat'><strong>—</strong></span> <span class='ocrx_word' id='word_1_126' title='bbox 546 1566 610 1617; x_wconf 92' lang='lat' dir='ltr'><strong>Ut</strong></span> <span class='ocrx_word' id='word_1_127' title='bbox 636 1564 818 1615; x_wconf 87' lang='lat' dir='ltr'><strong>nullus</strong></span> <span class='ocrx_word' id='word_1_128' title='bbox 874 1564 1018 1615; x_wconf 87' lang='lat' dir='ltr'><strong>alius</strong></span> <span class='ocrx_word' id='word_1_129' title='bbox 1062 1568 1356 1630; x_wconf 64' lang='lat' dir='ltr'><strong>prmsumat</strong></span> <span class='ocrx_word' id='word_1_130' title='bbox 1393 1566 1766 1632; x_wconf 77' lang='lat' dir='ltr'><strong>pmnitentiam</strong></span> 
     </span>
    </p>
   </div>
   <div class='ocr_carea' id='block_1_18' title="bbox 136 1633 1768 1772">
    <p class='ocr_par' dir='ltr' id='par_1_18' title="bbox 136 1633 1768 1772">
     <span class='ocr_line' id='line_1_18' title="bbox 139 1633 1768 1758; baseline 0.002 -73"><span class='ocrx_word' id='word_1_131' title='bbox 139 1633 297 1756; x_wconf 50' lang='lat' dir='ltr'><strong>daret,&gt;</strong></span> <span class='ocrx_word' id='word_1_132' title='bbox 340 1635 434 1758; x_wconf 65' lang='lat' dir='ltr'><strong>tvel</strong></span> <span class='ocrx_word' id='word_1_133' title='bbox 490 1637 873 1701; x_wconf 76' lang='lat' dir='ltr'><strong>confessionem</strong></span> <span class='ocrx_word' id='word_1_134' title='bbox 929 1634 1140 1700; x_wconf 77' lang='lat' dir='ltr'><strong>audire,</strong></span> <span class='ocrx_word' id='word_1_135' title='bbox 1191 1637 1300 1687; x_wconf 89' lang='lat' dir='ltr'><strong>nisi</strong></span> <span class='ocrx_word' id='word_1_136' title='bbox 1350 1637 1632 1703; x_wconf 73' lang='lat' dir='ltr'><strong>episcopus</strong></span> <span class='ocrx_word' id='word_1_137' title='bbox 1671 1639 1768 1688; x_wconf 82' lang='lat' dir='ltr'><strong>aut</strong></span> 
     </span>
     <span class='ocr_line' id='line_1_19' title="bbox 136 1719 437 1772; baseline 0.007 -16"><span class='ocrx_word' id='word_1_138' title='bbox 136 1719 260 1772; x_wconf 82' lang='lat' dir='ltr'><strong>pres</strong></span> <span class='ocrx_word' id='word_1_139' title='bbox 299 1721 334 1770; x_wconf 71' lang='grc' dir='ltr'><strong><em>ῃ</em></strong></span> <span class='ocrx_word' id='word_1_140' title='bbox 361 1721 437 1758; x_wconf 84' lang='lat' dir='ltr'><strong>er.</strong></span> 
     </span>
    </p>
   </div>
   <div class='ocr_carea' id='block_1_19' title="bbox 141 1791 1766 1862">
    <p class='ocr_par' dir='ltr' id='par_1_19' title="bbox 141 1791 1766 1862">
     <span class='ocr_line' id='line_1_20' title="bbox 141 1791 1766 1862; baseline 0 -16"><span class='ocrx_word' id='word_1_141' title='bbox 141 1795 251 1857; x_wconf 78' lang='lat' dir='ltr'><strong>(Ea:</strong></span> <span class='ocrx_word' id='word_1_142' title='bbox 279 1795 646 1847; x_wconf 83' lang='lat' dir='ltr'><strong>Pamitentiali</strong></span> <span class='ocrx_word' id='word_1_143' title='bbox 693 1791 974 1862; x_wconf 88' lang='lat' dir='ltr'><strong>Romano.)</strong></span> <span class='ocrx_word' id='word_1_144' title='bbox 1020 1791 1176 1846; x_wconf 90' lang='lat' dir='ltr'><strong>Sicut</strong></span> <span class='ocrx_word' id='word_1_145' title='bbox 1225 1792 1379 1845; x_wconf 91' lang='lat' dir='ltr'><strong>enim</strong></span> <span class='ocrx_word' id='word_1_146' title='bbox 1424 1792 1766 1846; x_wconf 91' lang='lat' dir='ltr'><strong>sacriﬁcium</strong></span> 
     </span>
    </p>
   </div>
   <div class='ocr_carea' id='block_1_20' title="bbox 75 1880 1766 1951">
    <p class='ocr_par' dir='ltr' id='par_1_20' title="bbox 75 1880 1766 1951">
     <span class='ocr_line' id='line_1_21' title="bbox 75 1880 1766 1951; baseline -0.001 -18"><span class='ocrx_word' id='word_1_147' title='bbox 75 1880 277 1934; x_wconf 79' lang='lat' dir='ltr'><strong>offerre</strong></span> <span class='ocrx_word' id='word_1_148' title='bbox 305 1897 421 1933; x_wconf 93' lang='lat' dir='ltr'><strong>non</strong></span> <span class='ocrx_word' id='word_1_149' title='bbox 454 1881 663 1934; x_wconf 89' lang='lat' dir='ltr'><strong>debent</strong></span> <span class='ocrx_word' id='word_1_150' title='bbox 693 1881 804 1933; x_wconf 88' lang='lat' dir='ltr'><strong>nisi</strong></span> <span class='ocrx_word' id='word_1_151' title='bbox 825 1880 1076 1949; x_wconf 79' lang='lat' dir='ltr'><strong>episcopi</strong></span> <span class='ocrx_word' id='word_1_152' title='bbox 1109 1887 1162 1932; x_wconf 90' lang='lat' dir='ltr'><strong>et</strong></span> <span class='ocrx_word' id='word_1_153' title='bbox 1193 1880 1528 1951; x_wconf 75' lang='lat' dir='ltr'><strong>presbyteri,</strong></span> <span class='ocrx_word' id='word_1_154' title='bbox 1557 1881 1766 1950; x_wconf 90' lang='lat' dir='ltr'><strong>quibus</strong></span> 
     </span>
    </p>
   </div>
   <div class='ocr_carea' id='block_1_21' title="bbox 75 1970 1765 2040">
    <p class='ocr_par' dir='ltr' id='par_1_21' title="bbox 75 1970 1765 2040">
     <span class='ocr_line' id='line_1_22' title="bbox 75 1970 1765 2040; baseline -0.001 -17"><span class='ocrx_word' id='word_1_155' title='bbox 75 1971 256 2023; x_wconf 86' lang='lat' dir='ltr'><strong>claves</strong></span> <span class='ocrx_word' id='word_1_156' title='bbox 306 1970 470 2040; x_wconf 87' lang='lat' dir='ltr'><strong>regni</strong></span> <span class='ocrx_word' id='word_1_157' title='bbox 504 1971 746 2024; x_wconf 90' lang='lat' dir='ltr'><strong>coelestis</strong></span> <span class='ocrx_word' id='word_1_158' title='bbox 792 1970 1017 2023; x_wconf 65' lang='lat' dir='ltr'><strong>traditae</strong></span> <span class='ocrx_word' id='word_1_159' title='bbox 1042 1975 1174 2022; x_wconf 91' lang='lat' dir='ltr'><strong>sunt</strong></span> <span class='ocrx_word' id='word_1_160' title='bbox 1206 1985 1218 2022; x_wconf 90' lang='lat'>:</span> <span class='ocrx_word' id='word_1_161' title='bbox 1246 1970 1326 2023; x_wconf 91' lang='lat' dir='ltr'><strong>sic</strong></span> <span class='ocrx_word' id='word_1_162' title='bbox 1358 1985 1461 2023; x_wconf 89' lang='lat' dir='ltr'><strong>nec</strong></span> <span class='ocrx_word' id='word_1_163' title='bbox 1483 1971 1765 2040; x_wconf 87' lang='lat' dir='ltr'><strong>poeniten-</strong></span> 
     </span>
    </p>
   </div>
   <div class='ocr_carea' id='block_1_22' title="bbox 75 2057 1158 2128">
    <p class='ocr_par' dir='ltr' id='par_1_22' title="bbox 75 2057 1158 2128">
     <span class='ocr_line' id='line_1_23' title="bbox 75 2057 1158 2128; baseline -0.002 -17"><span class='ocrx_word' id='word_1_164' title='bbox 75 2057 217 2112; x_wconf 89' lang='lat' dir='ltr'><strong>tium</strong></span> <span class='ocrx_word' id='word_1_165' title='bbox 243 2059 461 2128; x_wconf 90' lang='lat' dir='ltr'><strong>judicia</strong></span> <span class='ocrx_word' id='word_1_166' title='bbox 492 2059 588 2111; x_wconf 91' lang='lat' dir='ltr'><strong>alii</strong></span> <span class='ocrx_word' id='word_1_167' title='bbox 621 2073 895 2127; x_wconf 89' lang='lat' dir='ltr'><strong>usurpare</strong></span> <span class='ocrx_word' id='word_1_168' title='bbox 930 2058 1158 2110; x_wconf 88' lang='lat' dir='ltr'><strong>debent.</strong></span> 
     </span>
    </p>
   </div>
   <div class='ocr_carea' id='block_1_23' title="bbox 471 2146 1349 2201">
    <p class='ocr_par' dir='ltr' id='par_1_23' title="bbox 471 2146 1349 2201">
     <span class='ocr_line' id='line_1_24' title="bbox 471 2146 1349 2201; baseline -0.003 0"><span class='ocrx_word' id='word_1_169' title='bbox 471 2148 601 2201; x_wconf 89' lang='lat' dir='ltr'><strong>CAP.</strong></span> <span class='ocrx_word' id='word_1_170' title='bbox 641 2148 814 2200; x_wconf 86' lang='lat' dir='ltr'><strong>CLIV.</strong></span> <span class='ocrx_word' id='word_1_171' title='bbox 849 2175 916 2186; x_wconf 91' lang='lat'><strong>—</strong></span> <span class='ocrx_word' id='word_1_172' title='bbox 949 2147 1030 2199; x_wconf 86' lang='lat' dir='ltr'><strong>De</strong></span> <span class='ocrx_word' id='word_1_173' title='bbox 1061 2146 1246 2199; x_wconf 89' lang='lat' dir='ltr'><strong>eadem</strong></span> <span class='ocrx_word' id='word_1_174' title='bbox 1275 2161 1349 2198; x_wconf 81' lang='lat' dir='ltr'><strong>re.</strong></span> 
     </span>
    </p>
   </div>
   <div class='ocr_carea' id='block_1_24' title="bbox 142 2233 1764 2305">
    <p class='ocr_par' dir='ltr' id='par_1_24' title="bbox 142 2233 1764 2305">
     <span class='ocr_line' id='line_1_25' title="bbox 142 2233 1764 2305; baseline -0.001 -17"><span class='ocrx_word' id='word_1_175' title='bbox 142 2234 252 2304; x_wconf 78' lang='lat' dir='ltr'><strong>(Ea:</strong></span> <span class='ocrx_word' id='word_1_176' title='bbox 284 2234 506 2304; x_wconf 84' lang='lat' dir='ltr'><strong>eodem.)</strong></span> <span class='ocrx_word' id='word_1_177' title='bbox 533 2235 585 2288; x_wconf 94' lang='lat' dir='ltr'><strong>Si</strong></span> <span class='ocrx_word' id='word_1_178' title='bbox 606 2237 797 2287; x_wconf 86' lang='lat' dir='ltr'><strong>autem</strong></span> <span class='ocrx_word' id='word_1_179' title='bbox 829 2234 1131 2286; x_wconf 85' lang='lat' dir='ltr'><strong>necessitas</strong></span> <span class='ocrx_word' id='word_1_180' title='bbox 1152 2233 1427 2300; x_wconf 80' lang='lat' dir='ltr'><strong>evenerit,</strong></span> <span class='ocrx_word' id='word_1_181' title='bbox 1445 2237 1500 2286; x_wconf 91' lang='lat' dir='ltr'><strong>et</strong></span> <span class='ocrx_word' id='word_1_182' title='bbox 1528 2233 1764 2305; x_wconf 85' lang='lat' dir='ltr'><strong>presby-</strong></span> 
     </span>
    </p>
   </div>
   <div class='ocr_carea' id='block_1_25' title="bbox 73 2321 1763 2392">
    <p class='ocr_par' dir='ltr' id='par_1_25' title="bbox 73 2321 1763 2392">
     <span class='ocr_line' id='line_1_26' title="bbox 73 2321 1763 2392; baseline 0 -17"><span class='ocrx_word' id='word_1_183' title='bbox 73 2327 156 2375; x_wconf 85' lang='lat' dir='ltr'><strong>ter</strong></span> <span class='ocrx_word' id='word_1_184' title='bbox 187 2339 299 2376; x_wconf 77' lang='lat' dir='ltr'><strong>non</strong></span> <span class='ocrx_word' id='word_1_185' title='bbox 331 2323 503 2376; x_wconf 88' lang='lat' dir='ltr'><strong>fuerit</strong></span> <span class='ocrx_word' id='word_1_186' title='bbox 528 2339 799 2392; x_wconf 73' lang='lat' dir='ltr'><strong>praesens,</strong></span> <span class='ocrx_word' id='word_1_187' title='bbox 843 2323 1117 2376; x_wconf 88' lang='lat' dir='ltr'><strong>diaconus</strong></span> <span class='ocrx_word' id='word_1_188' title='bbox 1165 2321 1438 2391; x_wconf 88' lang='lat' dir='ltr'><strong>suscipiat</strong></span> <span class='ocrx_word' id='word_1_189' title='bbox 1482 2323 1763 2391; x_wconf 63' lang='lat' dir='ltr'><strong>paeniten-</strong></span> 
     </span>
    </p>
   </div>
   <div class='ocr_carea' id='block_1_26' title="bbox 75 2411 1091 2465">
    <p class='ocr_par' dir='ltr' id='par_1_26' title="bbox 75 2411 1091 2465">
     <span class='ocr_line' id='line_1_27' title="bbox 75 2411 1091 2465; baseline -0.002 -1"><span class='ocrx_word' id='word_1_190' title='bbox 75 2417 188 2465; x_wconf 89' lang='lat' dir='ltr'><strong>tem</strong></span> <span class='ocrx_word' id='word_1_191' title='bbox 219 2412 288 2465; x_wconf 90' lang='lat' dir='ltr'><strong>ad</strong></span> <span class='ocrx_word' id='word_1_192' title='bbox 320 2416 569 2464; x_wconf 89' lang='lat' dir='ltr'><strong>sanctam</strong></span> <span class='ocrx_word' id='word_1_193' title='bbox 602 2411 1091 2464; x_wconf 83' lang='lat' dir='ltr'><strong>communionem.</strong></span> 
     </span>
    </p>
   </div>
   <div class='ocr_carea' id='block_1_27' title="bbox 73 2499 1766 2566">
    <p class='ocr_par' dir='ltr' id='par_1_27' title="bbox 73 2499 1766 2566">
     <span class='ocr_line' id='line_1_28' title="bbox 73 2499 1766 2566; baseline -0.001 -12"><span class='ocrx_word' id='word_1_194' title='bbox 73 2501 196 2554; x_wconf 85' lang='lat' dir='ltr'><strong>CAP.</strong></span> <span class='ocrx_word' id='word_1_195' title='bbox 233 2500 380 2554; x_wconf 88' lang='lat' dir='ltr'><strong>CLV.</strong></span> <span class='ocrx_word' id='word_1_196' title='bbox 420 2528 493 2540; x_wconf 95' lang='lat'><strong>—</strong></span> <span class='ocrx_word' id='word_1_197' title='bbox 541 2501 622 2552; x_wconf 89' lang='lat' dir='ltr'><strong>De</strong></span> <span class='ocrx_word' id='word_1_198' title='bbox 667 2499 992 2565; x_wconf 66' lang='lat' dir='ltr'><strong>temporibus</strong></span> <span class='ocrx_word' id='word_1_199' title='bbox 1023 2499 1218 2566; x_wconf 78' lang='lat' dir='ltr'><strong>quibus</strong></span> <span class='ocrx_word' id='word_1_200' title='bbox 1272 2514 1328 2552; x_wconf 89' lang='lat' dir='ltr'><strong>se</strong></span> <span class='ocrx_word' id='word_1_201' title='bbox 1366 2500 1633 2552; x_wconf 83' lang='lat' dir='ltr'><strong>continere</strong></span> <span class='ocrx_word' id='word_1_202' title='bbox 1679 2499 1766 2553; x_wconf 87' lang='lat' dir='ltr'><strong>de-</strong></span> 
     </span>
    </p>
   </div>
   <div class='ocr_carea' id='block_1_28' title="bbox 478 2570 1353 2638">
    <p class='ocr_par' dir='ltr' id='par_1_28' title="bbox 478 2570 1353 2638">
     <span class='ocr_line' id='line_1_29' title="bbox 478 2570 1353 2638; baseline -0.001 -15"><span class='ocrx_word' id='word_1_203' title='bbox 478 2571 636 2623; x_wconf 82' lang='lat' dir='ltr'><strong>beant</strong></span> <span class='ocrx_word' id='word_1_204' title='bbox 665 2571 946 2638; x_wconf 86' lang='lat' dir='ltr'><strong>conjugati</strong></span> <span class='ocrx_word' id='word_1_205' title='bbox 972 2570 1039 2622; x_wconf 89' lang='lat' dir='ltr'><strong>ab</strong></span> <span class='ocrx_word' id='word_1_206' title='bbox 1069 2570 1353 2623; x_wconf 71' lang='lat' dir='ltr'><strong>umoribus.</strong></span> 
     </span>
    </p>
   </div>
   <div class='ocr_carea' id='block_1_29' title="bbox 136 2657 1767 2728">
    <p class='ocr_par' dir='ltr' id='par_1_29' title="bbox 136 2657 1767 2728">
     <span class='ocr_line' id='line_1_30' title="bbox 136 2657 1767 2728; baseline -0.001 -16"><span class='ocrx_word' id='word_1_207' title='bbox 136 2659 259 2728; x_wconf 72' lang='lat' dir='ltr'><strong>(Ea:</strong></span> <span class='ocrx_word' id='word_1_208' title='bbox 313 2660 532 2713; x_wconf 87' lang='lat' dir='ltr'><strong>concilio</strong></span> <span class='ocrx_word' id='word_1_209' title='bbox 589 2657 887 2727; x_wconf 85' lang='lat' dir='ltr'><strong>Eliberta.)</strong></span> <span class='ocrx_word' id='word_1_210' title='bbox 958 2659 1019 2711; x_wconf 90' lang='lat' dir='ltr'><strong>In</strong></span> <span class='ocrx_word' id='word_1_211' title='bbox 1079 2657 1260 2711; x_wconf 89' lang='lat' dir='ltr'><strong>tribus</strong></span> <span class='ocrx_word' id='word_1_212' title='bbox 1309 2657 1767 2728; x_wconf 86' lang='lat' dir='ltr'><strong>quadragesimis</strong></span> 
     </span>
    </p>
   </div>
   <div class='ocr_carea' id='block_1_30' title="bbox 70 2747 1766 2817">
    <p class='ocr_par' dir='ltr' id='par_1_30' title="bbox 70 2747 1766 2817">
     <span class='ocr_line' id='line_1_31' title="bbox 70 2747 1766 2817; baseline -0.001 -16"><span class='ocrx_word' id='word_1_213' title='bbox 70 2748 226 2813; x_wconf 91' lang='lat' dir='ltr'><strong>anni,</strong></span> <span class='ocrx_word' id='word_1_214' title='bbox 261 2748 408 2800; x_wconf 90' lang='lat' dir='ltr'><strong>etin</strong></span> <span class='ocrx_word' id='word_1_215' title='bbox 437 2748 528 2801; x_wconf 90' lang='lat' dir='ltr'><strong>die</strong></span> <span class='ocrx_word' id='word_1_216' title='bbox 583 2747 896 2812; x_wconf 90' lang='lat' dir='ltr'><strong>dominico,</strong></span> <span class='ocrx_word' id='word_1_217' title='bbox 939 2751 996 2802; x_wconf 85' lang='lat' dir='ltr'><strong>et</strong></span> <span class='ocrx_word' id='word_1_218' title='bbox 1045 2747 1106 2800; x_wconf 90' lang='lat' dir='ltr'><strong>in</strong></span> <span class='ocrx_word' id='word_1_219' title='bbox 1155 2752 1363 2817; x_wconf 90' lang='lat' dir='ltr'><strong>quarta</strong></span> <span class='ocrx_word' id='word_1_220' title='bbox 1409 2747 1571 2815; x_wconf 90' lang='lat' dir='ltr'><strong>feria,</strong></span> <span class='ocrx_word' id='word_1_221' title='bbox 1623 2747 1766 2800; x_wconf 89' lang='lat' dir='ltr'><strong>etin</strong></span> 
     </span>
    </p>
   </div>
   <div class='ocr_carea' id='block_1_31' title="bbox 68 2834 1766 2906">
    <p class='ocr_par' dir='ltr' id='par_1_31' title="bbox 68 2834 1766 2906">
     <span class='ocr_line' id='line_1_32' title="bbox 68 2834 1766 2906; baseline -0.002 -17"><span class='ocrx_word' id='word_1_222' title='bbox 68 2842 223 2890; x_wconf 81' lang='lat' dir='ltr'><strong>sexta</strong></span> <span class='ocrx_word' id='word_1_223' title='bbox 256 2836 416 2903; x_wconf 90' lang='lat' dir='ltr'><strong>feria,</strong></span> <span class='ocrx_word' id='word_1_224' title='bbox 451 2837 780 2906; x_wconf 85' lang='lat' dir='ltr'><strong>conjugales</strong></span> <span class='ocrx_word' id='word_1_225' title='bbox 810 2836 1102 2888; x_wconf 91' lang='lat' dir='ltr'><strong>continere</strong></span> <span class='ocrx_word' id='word_1_226' title='bbox 1133 2852 1191 2888; x_wconf 89' lang='lat' dir='ltr'><strong>se</strong></span> <span class='ocrx_word' id='word_1_227' title='bbox 1220 2835 1446 2902; x_wconf 91' lang='lat' dir='ltr'><strong>debent,</strong></span> <span class='ocrx_word' id='word_1_228' title='bbox 1500 2851 1604 2889; x_wconf 91' lang='lat' dir='ltr'><strong>nec</strong></span> <span class='ocrx_word' id='word_1_229' title='bbox 1653 2834 1766 2889; x_wconf 89' lang='lat' dir='ltr'><strong>illis</strong></span> 
     </span>
    </p>
   </div>
   <div class='ocr_carea' id='block_1_32' title="bbox 67 2922 1760 2994">
    <p class='ocr_par' dir='ltr' id='par_1_32' title="bbox 67 2922 1760 2994">
     <span class='ocr_line' id='line_1_33' title="bbox 67 2922 1760 2994; baseline -0.002 -16"><span class='ocrx_word' id='word_1_230' title='bbox 67 2925 272 2978; x_wconf 86' lang='lat' dir='ltr'><strong>diebus</strong></span> <span class='ocrx_word' id='word_1_231' title='bbox 302 2925 582 2993; x_wconf 87' lang='lat' dir='ltr'><strong>copulari,</strong></span> <span class='ocrx_word' id='word_1_232' title='bbox 615 2923 868 2994; x_wconf 91' lang='lat' dir='ltr'><strong>quandiu</strong></span> <span class='ocrx_word' id='word_1_233' title='bbox 903 2929 1136 2993; x_wconf 87' lang='lat' dir='ltr'><strong>gravata</strong></span> <span class='ocrx_word' id='word_1_234' title='bbox 1166 2923 1338 2976; x_wconf 90' lang='lat' dir='ltr'><strong>fuerit</strong></span> <span class='ocrx_word' id='word_1_235' title='bbox 1367 2939 1531 2989; x_wconf 84' lang='lat' dir='ltr'><strong>uxor,</strong></span> <span class='ocrx_word' id='word_1_236' title='bbox 1572 2922 1630 2976; x_wconf 90' lang='lat' dir='ltr'><strong>id</strong></span> <span class='ocrx_word' id='word_1_237' title='bbox 1657 2926 1760 2988; x_wconf 92' lang='lat' dir='ltr'><strong>est,</strong></span> 
     </span>
    </p>
   </div>
   <div class='ocr_carea' id='block_1_33' title="bbox 1874 509 3565 582">
    <p class='ocr_par' dir='ltr' id='par_1_33' title="bbox 1874 509 3565 582">
     <span class='ocr_line' id='line_1_34' title="bbox 1874 509 3565 582; baseline 0.002 -20"><span class='ocrx_word' id='word_1_238' title='bbox 1874 509 2018 562; x_wconf 91' lang='lat' dir='ltr'><strong>nica.</strong></span> <span class='ocrx_word' id='word_1_239' title='bbox 2059 509 2258 564; x_wconf 89' lang='lat' dir='ltr'><strong>Mulier</strong></span> <span class='ocrx_word' id='word_1_240' title='bbox 2278 515 2468 563; x_wconf 89' lang='lat' dir='ltr'><strong>autem</strong></span> <span class='ocrx_word' id='word_1_241' title='bbox 2493 512 2842 580; x_wconf 89' lang='lat' dir='ltr'><strong>paupercula</strong></span> <span class='ocrx_word' id='word_1_242' title='bbox 2877 512 2921 563; x_wconf 92' lang='lat' dir='ltr'><strong>si</strong></span> <span class='ocrx_word' id='word_1_243' title='bbox 2952 512 3148 565; x_wconf 84' lang='lat' dir='ltr'><strong>fecerit</strong></span> <span class='ocrx_word' id='word_1_244' title='bbox 3185 529 3288 582; x_wconf 92' lang='lat' dir='ltr'><strong>pro</strong></span> <span class='ocrx_word' id='word_1_245' title='bbox 3321 513 3565 566; x_wconf 82' lang='lat' dir='ltr'><strong>difficul-</strong></span> 
     </span>
    </p>
   </div>
   <div class='ocr_carea' id='block_1_34' title="bbox 1874 586 3150 669">
    <p class='ocr_par' dir='ltr' id='par_1_34' title="bbox 1874 586 3150 669">
     <span class='ocr_line' id='line_1_35' title="bbox 1874 586 3150 669; baseline 0.002 -19"><span class='ocrx_word' id='word_1_246' title='bbox 1874 602 1987 651; x_wconf 87' lang='lat' dir='ltr'><strong>tate</strong></span> <span class='ocrx_word' id='word_1_247' title='bbox 2017 598 2328 661; x_wconf 87' lang='lat' dir='ltr'><strong>nutriendi,</strong></span> <span class='ocrx_word' id='word_1_248' title='bbox 2363 605 2581 668; x_wconf 84' lang='lat' dir='ltr'><strong>septem</strong></span> <span class='ocrx_word' id='word_1_249' title='bbox 2613 616 2792 652; x_wconf 89' lang='lat' dir='ltr'><strong>annos</strong></span> <span class='ocrx_word' id='word_1_250' title='bbox 2824 601 3114 669; x_wconf 76' lang='lat' dir='ltr'><strong>poeniteat.</strong></span> <span class='ocrx_word' id='word_1_251' title='bbox 3146 586 3150 588; x_wconf 45' lang='grc'><em>’</em></span> 
     </span>
    </p>
   </div>
   <div class='ocr_carea' id='block_1_35' title="bbox 1876 687 3569 758">
    <p class='ocr_par' dir='ltr' id='par_1_35' title="bbox 1876 687 3569 758">
     <span class='ocr_line' id='line_1_36' title="bbox 1876 687 3569 758; baseline 0.002 -18"><span class='ocrx_word' id='word_1_252' title='bbox 1876 687 2002 740; x_wconf 83' lang='lat' dir='ltr'><strong>CAP.</strong></span> <span class='ocrx_word' id='word_1_253' title='bbox 2037 687 2241 742; x_wconf 88' lang='lat' dir='ltr'><strong>CLVII.</strong></span> <span class='ocrx_word' id='word_1_254' title='bbox 2267 717 2338 728; x_wconf 91' lang='lat'><strong>-—</strong></span> <span class='ocrx_word' id='word_1_255' title='bbox 2372 691 2438 742; x_wconf 88' lang='lat' dir='ltr'><strong>De</strong></span> <span class='ocrx_word' id='word_1_256' title='bbox 2465 689 2577 742; x_wconf 86' lang='lat' dir='ltr'><strong>illis</strong></span> <span class='ocrx_word' id='word_1_257' title='bbox 2609 690 2704 758; x_wconf 87' lang='lat' dir='ltr'><strong>qui</strong></span> <span class='ocrx_word' id='word_1_258' title='bbox 2743 691 2802 741; x_wconf 86' lang='lat' dir='ltr'><strong>in</strong></span> <span class='ocrx_word' id='word_1_259' title='bbox 2832 689 3095 741; x_wconf 83' lang='lat' dir='ltr'><strong>dominico</strong></span> <span class='ocrx_word' id='word_1_260' title='bbox 3145 688 3232 741; x_wconf 89' lang='lat' dir='ltr'><strong>die</strong></span> <span class='ocrx_word' id='word_1_261' title='bbox 3286 693 3569 758; x_wconf 80' lang='lat' dir='ltr'><strong>nupserint</strong></span> 
     </span>
    </p>
   </div>
   <div class='ocr_carea' id='block_1_36' title="bbox 1946 776 3565 847">
    <p class='ocr_par' dir='ltr' id='par_1_36' title="bbox 1946 776 3565 847">
     <span class='ocr_line' id='line_1_37' title="bbox 1946 776 3565 847; baseline -0.001 -15"><span class='ocrx_word' id='word_1_262' title='bbox 1946 777 2054 847; x_wconf 72' lang='lat' dir='ltr'><strong>(Ea:</strong></span> <span class='ocrx_word' id='word_1_263' title='bbox 2081 778 2303 831; x_wconf 85' lang='lat' dir='ltr'><strong>concilio</strong></span> <span class='ocrx_word' id='word_1_264' title='bbox 2334 778 2695 844; x_wconf 80' lang='lat' dir='ltr'><strong>Triburiensi,</strong></span> <span class='ocrx_word' id='word_1_265' title='bbox 2725 781 2900 846; x_wconf 80' lang='lat' dir='ltr'><strong>capite</strong></span> <span class='ocrx_word' id='word_1_266' title='bbox 2938 776 3051 845; x_wconf 81' lang='lat' dir='ltr'><strong>5t.)</strong></span> <span class='ocrx_word' id='word_1_267' title='bbox 3085 776 3143 831; x_wconf 90' lang='lat' dir='ltr'><strong>Si</strong></span> <span class='ocrx_word' id='word_1_268' title='bbox 3183 777 3311 847; x_wconf 90' lang='lat' dir='ltr'><strong>quis</strong></span> <span class='ocrx_word' id='word_1_269' title='bbox 3355 794 3565 847; x_wconf 90' lang='lat' dir='ltr'><strong>nupse-</strong></span> 
     </span>
    </p>
   </div>
   <div class='ocr_carea' id='block_1_37' title="bbox 1875 865 3570 936">
    <p class='ocr_par' dir='ltr' id='par_1_37' title="bbox 1875 865 3570 936">
     <span class='ocr_line' id='line_1_38' title="bbox 1875 865 3570 936; baseline 0.001 -18"><span class='ocrx_word' id='word_1_270' title='bbox 1875 867 1950 920; x_wconf 90' lang='lat' dir='ltr'><strong>rit</strong></span> <span class='ocrx_word' id='word_1_271' title='bbox 1977 867 2070 920; x_wconf 92' lang='lat' dir='ltr'><strong>die</strong></span> <span class='ocrx_word' id='word_1_272' title='bbox 2092 866 2402 932; x_wconf 89' lang='lat' dir='ltr'><strong>dominico,</strong></span> <span class='ocrx_word' id='word_1_273' title='bbox 2434 871 2588 936; x_wconf 89' lang='lat' dir='ltr'><strong>petat</strong></span> <span class='ocrx_word' id='word_1_274' title='bbox 2621 883 2651 919; x_wconf 89' lang='lat' dir='ltr'><strong>a</strong></span> <span class='ocrx_word' id='word_1_275' title='bbox 2683 868 2795 919; x_wconf 89' lang='lat' dir='ltr'><strong>Deo</strong></span> <span class='ocrx_word' id='word_1_276' title='bbox 2835 865 3283 935; x_wconf 89' lang='lat' dir='ltr'><strong>indulgentiam,</strong></span> <span class='ocrx_word' id='word_1_277' title='bbox 3328 871 3382 920; x_wconf 88' lang='lat' dir='ltr'><strong>et</strong></span> <span class='ocrx_word' id='word_1_278' title='bbox 3439 882 3570 936; x_wconf 90' lang='lat' dir='ltr'><strong>qua-</strong></span> 
     </span>
    </p>
   </div>
   <div class='ocr_carea' id='block_1_38' title="bbox 1874 953 2480 1025">
    <p class='ocr_par' dir='ltr' id='par_1_38' title="bbox 1874 953 2480 1025">
     <span class='ocr_line' id='line_1_39' title="bbox 1874 953 2480 1025; baseline -0.002 -18"><span class='ocrx_word' id='word_1_279' title='bbox 1874 958 2008 1015; x_wconf 82' lang='lat' dir='ltr'><strong>tuor</strong></span> <span class='ocrx_word' id='word_1_280' title='bbox 2037 953 2160 1008; x_wconf 90' lang='lat' dir='ltr'><strong>dies</strong></span> <span class='ocrx_word' id='word_1_281' title='bbox 2189 953 2480 1025; x_wconf 66' lang='lat' dir='ltr'><strong>paeniteat.</strong></span> 
     </span>
    </p>
   </div>
   <div class='ocr_carea' id='block_1_39' title="bbox 2051 1079 3388 1148">
    <p class='ocr_par' dir='ltr' id='par_1_39' title="bbox 2051 1079 3388 1148">
     <span class='ocr_line' id='line_1_40' title="bbox 2051 1079 3388 1148; baseline 0.001 -15"><span class='ocrx_word' id='word_1_282' title='bbox 2051 1080 2180 1133; x_wconf 87' lang='lat' dir='ltr'><strong>CAP.</strong></span> <span class='ocrx_word' id='word_1_283' title='bbox 2213 1079 2440 1133; x_wconf 85' lang='lat' dir='ltr'><strong>CLVIII.</strong></span> <span class='ocrx_word' id='word_1_284' title='bbox 2467 1109 2537 1118; x_wconf 89' lang='lat'><strong>—</strong></span> <span class='ocrx_word' id='word_1_285' title='bbox 2557 1081 2629 1133; x_wconf 86' lang='lat' dir='ltr'><strong>De</strong></span> <span class='ocrx_word' id='word_1_286' title='bbox 2650 1080 2762 1133; x_wconf 83' lang='lat' dir='ltr'><strong>illis</strong></span> <span class='ocrx_word' id='word_1_287' title='bbox 2784 1081 2880 1148; x_wconf 89' lang='lat' dir='ltr'><strong>qui</strong></span> <span class='ocrx_word' id='word_1_288' title='bbox 2905 1080 3149 1145; x_wconf 83' lang='lat' dir='ltr'><strong>confessa</strong></span> <span class='ocrx_word' id='word_1_289' title='bbox 3169 1082 3388 1134; x_wconf 81' lang='lat' dir='ltr'><strong>iterant.</strong></span> 
     </span>
    </p>
   </div>
   <div class='ocr_carea' id='block_1_40' title="bbox 1947 1186 3567 1256">
    <p class='ocr_par' dir='ltr' id='par_1_40' title="bbox 1947 1186 3567 1256">
     <span class='ocr_line' id='line_1_41' title="bbox 1947 1186 3567 1256; baseline -0.001 -14"><span class='ocrx_word' id='word_1_290' title='bbox 1947 1190 2054 1253; x_wconf 73' lang='lat' dir='ltr'><strong>(Ea:</strong></span> <span class='ocrx_word' id='word_1_291' title='bbox 2102 1187 2321 1241; x_wconf 85' lang='lat' dir='ltr'><strong>concilio</strong></span> <span class='ocrx_word' id='word_1_292' title='bbox 2381 1187 2570 1252; x_wconf 87' lang='lat' dir='ltr'><strong>Tolet.)</strong></span> <span class='ocrx_word' id='word_1_293' title='bbox 2613 1187 2688 1239; x_wconf 84' lang='lat' dir='ltr'><strong>Ea</strong></span> <span class='ocrx_word' id='word_1_294' title='bbox 2733 1202 2861 1256; x_wconf 66' lang='lat' dir='ltr'><strong>quas</strong></span> <span class='ocrx_word' id='word_1_295' title='bbox 2896 1186 3185 1256; x_wconf 75' lang='lat' dir='ltr'><strong>frequenti</strong></span> <span class='ocrx_word' id='word_1_296' title='bbox 3231 1186 3567 1256; x_wconf 60' lang='lat' dir='ltr'><strong>praevarica-</strong></span> 
     </span>
    </p>
   </div>
   <div class='ocr_carea' id='block_1_41' title="bbox 1876 1273 3566 1343">
    <p class='ocr_par' dir='ltr' id='par_1_41' title="bbox 1876 1273 3566 1343">
     <span class='ocr_line' id='line_1_42' title="bbox 1876 1273 3566 1343; baseline 0 -15"><span class='ocrx_word' id='word_1_297' title='bbox 1876 1276 2032 1329; x_wconf 90' lang='lat' dir='ltr'><strong>tione</strong></span> <span class='ocrx_word' id='word_1_298' title='bbox 2099 1275 2400 1339; x_wconf 86' lang='lat' dir='ltr'><strong>iterantur,</strong></span> <span class='ocrx_word' id='word_1_299' title='bbox 2463 1273 2753 1343; x_wconf 88' lang='lat' dir='ltr'><strong>frequenti</strong></span> <span class='ocrx_word' id='word_1_300' title='bbox 2835 1278 2892 1327; x_wconf 88' lang='lat' dir='ltr'><strong>et</strong></span> <span class='ocrx_word' id='word_1_301' title='bbox 2965 1275 3247 1327; x_wconf 88' lang='lat' dir='ltr'><strong>sententia</strong></span> <span class='ocrx_word' id='word_1_302' title='bbox 3293 1275 3566 1328; x_wconf 90' lang='lat' dir='ltr'><strong>condem-</strong></span> 
     </span>
    </p>
   </div>
   <div class='ocr_carea' id='block_1_42' title="bbox 1877 1369 2104 1418">
    <p class='ocr_par' dir='ltr' id='par_1_42' title="bbox 1877 1369 2104 1418">
     <span class='ocr_line' id='line_1_43' title="bbox 1877 1369 2104 1418; baseline -0.004 0"><span class='ocrx_word' id='word_1_303' title='bbox 1877 1369 2104 1418; x_wconf 91' lang='lat' dir='ltr'><strong>nantur.</strong></span> 
     </span>
    </p>
   </div>
   <div class='ocr_carea' id='block_1_43' title="bbox 1877 1487 3567 1554">
    <p class='ocr_par' dir='ltr' id='par_1_43' title="bbox 1877 1487 3567 1554">
     <span class='ocr_line' id='line_1_44' title="bbox 1877 1487 3567 1554; baseline -0.002 -11"><span class='ocrx_word' id='word_1_304' title='bbox 1877 1491 2003 1543; x_wconf 90' lang='lat' dir='ltr'><strong>CAP.</strong></span> <span class='ocrx_word' id='word_1_305' title='bbox 2067 1487 2236 1542; x_wconf 85' lang='lat' dir='ltr'><strong>CLIX.</strong></span> <span class='ocrx_word' id='word_1_306' title='bbox 2287 1516 2356 1528; x_wconf 94' lang='lat'><strong>—</strong></span> <span class='ocrx_word' id='word_1_307' title='bbox 2409 1488 2486 1540; x_wconf 88' lang='lat' dir='ltr'><strong>De</strong></span> <span class='ocrx_word' id='word_1_308' title='bbox 2520 1489 2838 1554; x_wconf 66' lang='lat' dir='ltr'><strong>poenitentia</strong></span> <span class='ocrx_word' id='word_1_309' title='bbox 2891 1487 3150 1553; x_wconf 80' lang='lat' dir='ltr'><strong>ﬁdelium,</strong></span> <span class='ocrx_word' id='word_1_310' title='bbox 3202 1492 3258 1540; x_wconf 90' lang='lat' dir='ltr'><strong>ut</strong></span> <span class='ocrx_word' id='word_1_311' title='bbox 3308 1489 3567 1553; x_wconf 83' lang='lat' dir='ltr'><strong>confessio</strong></span> 
     </span>
    </p>
   </div>
   <div class='ocr_carea' id='block_1_44' title="bbox 2158 1558 3280 1626">
    <p class='ocr_par' dir='ltr' id='par_1_44' title="bbox 2158 1558 3280 1626">
     <span class='ocr_line' id='line_1_45' title="bbox 2158 1558 3280 1626; baseline 0 -15"><span class='ocrx_word' id='word_1_312' title='bbox 2158 1574 2338 1612; x_wconf 86' lang='lat' dir='ltr'><strong>eorum</strong></span> <span class='ocrx_word' id='word_1_313' title='bbox 2358 1573 2462 1611; x_wconf 88' lang='lat' dir='ltr'><strong>non</strong></span> <span class='ocrx_word' id='word_1_314' title='bbox 2491 1558 2702 1625; x_wconf 79' lang='lat' dir='ltr'><strong>publice</strong></span> <span class='ocrx_word' id='word_1_315' title='bbox 2727 1561 2844 1625; x_wconf 83' lang='lat' dir='ltr'><strong>ﬁat,</strong></span> <span class='ocrx_word' id='word_1_316' title='bbox 2878 1559 2971 1611; x_wconf 82' lang='lat' dir='ltr'><strong>sed</strong></span> <span class='ocrx_word' id='word_1_317' title='bbox 2999 1561 3280 1626; x_wconf 80' lang='lat' dir='ltr'><strong>privatim.</strong></span> 
     </span>
    </p>
   </div>
   <div class='ocr_carea' id='block_1_45' title="bbox 1946 1663 3570 1737">
    <p class='ocr_par' dir='ltr' id='par_1_45' title="bbox 1946 1663 3570 1737">
     <span class='ocr_line' id='line_1_46' title="bbox 1946 1663 3570 1737; baseline -0.002 -17"><span class='ocrx_word' id='word_1_318' title='bbox 1946 1665 2054 1737; x_wconf 71' lang='lat' dir='ltr'><strong>(Er</strong></span> <span class='ocrx_word' id='word_1_319' title='bbox 2078 1667 2237 1733; x_wconf 80' lang='lat' dir='ltr'><strong>epist.</strong></span> <span class='ocrx_word' id='word_1_320' title='bbox 2263 1665 2454 1716; x_wconf 86' lang='lat' dir='ltr'><strong>Leonis</strong></span> <span class='ocrx_word' id='word_1_321' title='bbox 2482 1679 2662 1732; x_wconf 64' lang='lat' dir='ltr'><strong>papae,</strong></span> <span class='ocrx_word' id='word_1_322' title='bbox 2688 1665 2863 1732; x_wconf 79' lang='lat' dir='ltr'><strong>capite</strong></span> <span class='ocrx_word' id='word_1_323' title='bbox 2883 1663 2958 1728; x_wconf 90' lang='grc'>2.)</span> <span class='ocrx_word' id='word_1_324' title='bbox 2984 1664 3144 1716; x_wconf 88' lang='lat' dir='ltr'><strong>Illam</strong></span> <span class='ocrx_word' id='word_1_325' title='bbox 3177 1664 3346 1716; x_wconf 85' lang='lat' dir='ltr'><strong>etiam</strong></span> <span class='ocrx_word' id='word_1_326' title='bbox 3371 1668 3570 1717; x_wconf 91' lang='lat' dir='ltr'><strong>contra</strong></span> 
     </span>
    </p>
   </div>
   <div class='ocr_carea' id='block_1_46' title="bbox 1875 1752 3570 1824">
    <p class='ocr_par' dir='ltr' id='par_1_46' title="bbox 1875 1752 3570 1824">
     <span class='ocr_line' id='line_1_47' title="bbox 1875 1752 3570 1824; baseline -0.002 -16"><span class='ocrx_word' id='word_1_327' title='bbox 1875 1753 2248 1824; x_wconf 88' lang='lat' dir='ltr'><strong>apostolicam</strong></span> <span class='ocrx_word' id='word_1_328' title='bbox 2278 1753 2542 1822; x_wconf 85' lang='lat' dir='ltr'><strong>regulam</strong></span> <span class='ocrx_word' id='word_1_329' title='bbox 2594 1752 3106 1821; x_wconf 76' lang='lat' dir='ltr'><strong>praesumptionem</strong></span> <span class='ocrx_word' id='word_1_330' title='bbox 3155 1767 3327 1822; x_wconf 87' lang='lat' dir='ltr'><strong>quam</strong></span> <span class='ocrx_word' id='word_1_331' title='bbox 3384 1767 3570 1820; x_wconf 84' lang='lat' dir='ltr'><strong>nuper</strong></span> 
     </span>
    </p>
   </div>
   <div class='ocr_carea' id='block_1_47' title="bbox 1874 1839 3565 1913">
    <p class='ocr_par' dir='ltr' id='par_1_47' title="bbox 1874 1839 3565 1913">
     <span class='ocr_line' id='line_1_48' title="bbox 1874 1839 3565 1913; baseline -0.002 -17"><span class='ocrx_word' id='word_1_332' title='bbox 1874 1842 2082 1913; x_wconf 84' lang='lat' dir='ltr'><strong>agnovi</strong></span> <span class='ocrx_word' id='word_1_333' title='bbox 2121 1858 2152 1894; x_wconf 89' lang='lat' dir='ltr'><strong>a</strong></span> <span class='ocrx_word' id='word_1_334' title='bbox 2211 1841 2552 1909; x_wconf 75' lang='lat' dir='ltr'><strong>quibusdam</strong></span> <span class='ocrx_word' id='word_1_335' title='bbox 2612 1840 2810 1894; x_wconf 87' lang='lat' dir='ltr'><strong>illicita</strong></span> <span class='ocrx_word' id='word_1_336' title='bbox 2841 1839 3209 1910; x_wconf 89' lang='lat' dir='ltr'><strong>usurpatione</strong></span> <span class='ocrx_word' id='word_1_337' title='bbox 3263 1840 3565 1905; x_wconf 88' lang='lat' dir='ltr'><strong>committi,</strong></span> 
     </span>
    </p>
   </div>
   <div class='ocr_carea' id='block_1_48' title="bbox 1874 1929 3570 2007">
    <p class='ocr_par' dir='ltr' id='par_1_48' title="bbox 1874 1929 3570 2007">
     <span class='ocr_line' id='line_1_49' title="bbox 1874 1929 3570 2007; baseline -0.002 -22"><span class='ocrx_word' id='word_1_338' title='bbox 1874 1930 2350 2007; x_wconf 83' lang='lat' dir='ltr'><strong>modisomnibus</strong></span> <span class='ocrx_word' id='word_1_339' title='bbox 2380 1929 2661 1982; x_wconf 91' lang='lat' dir='ltr'><strong>constituo</strong></span> <span class='ocrx_word' id='word_1_340' title='bbox 2711 1929 3050 1995; x_wconf 84' lang='lat' dir='ltr'><strong>submoveri,</strong></span> <span class='ocrx_word' id='word_1_341' title='bbox 3111 1929 3180 1982; x_wconf 89' lang='lat' dir='ltr'><strong>de</strong></span> <span class='ocrx_word' id='word_1_342' title='bbox 3231 1929 3570 1996; x_wconf 88' lang='lat' dir='ltr'><strong>poenitentia</strong></span> 
     </span>
    </p>
   </div>
   <div class='ocr_carea' id='block_1_49' title="bbox 1875 2017 3568 2090">
    <p class='ocr_par' dir='ltr' id='par_1_49' title="bbox 1875 2017 3568 2090">
     <span class='ocr_line' id='line_1_50' title="bbox 1875 2017 3568 2090; baseline -0.002 -17"><span class='ocrx_word' id='word_1_343' title='bbox 1875 2021 2106 2085; x_wconf 90' lang='lat' dir='ltr'><strong>scilicet,</strong></span> <span class='ocrx_word' id='word_1_344' title='bbox 2131 2035 2260 2090; x_wconf 63' lang='lat' dir='ltr'><strong>qua:</strong></span> <span class='ocrx_word' id='word_1_345' title='bbox 2309 2036 2340 2069; x_wconf 90' lang='lat' dir='ltr'><strong>a</strong></span> <span class='ocrx_word' id='word_1_346' title='bbox 2380 2018 2642 2071; x_wconf 89' lang='lat' dir='ltr'><strong>ﬁdelibus</strong></span> <span class='ocrx_word' id='word_1_347' title='bbox 2681 2019 3005 2086; x_wconf 87' lang='lat' dir='ltr'><strong>postulatur</strong></span> <span class='ocrx_word' id='word_1_348' title='bbox 3037 2035 3049 2071; x_wconf 92' lang='lat'><strong>:</strong></span> <span class='ocrx_word' id='word_1_349' title='bbox 3103 2034 3174 2070; x_wconf 91' lang='lat' dir='ltr'><strong>ne</strong></span> <span class='ocrx_word' id='word_1_350' title='bbox 3206 2017 3276 2070; x_wconf 86' lang='lat' dir='ltr'><strong>de</strong></span> <span class='ocrx_word' id='word_1_351' title='bbox 3309 2017 3568 2087; x_wconf 86' lang='lat' dir='ltr'><strong>singulo-</strong></span> 
     </span>
    </p>
   </div>
   <div class='ocr_carea' id='block_1_50' title="bbox 1873 2106 3587 2179">
    <p class='ocr_par' dir='ltr' id='par_1_50' title="bbox 1873 2106 3587 2179">
     <span class='ocr_line' id='line_1_51' title="bbox 1873 2106 3587 2179; baseline -0.002 -17"><span class='ocrx_word' id='word_1_352' title='bbox 1873 2125 2013 2163; x_wconf 88' lang='lat' dir='ltr'><strong>rum</strong></span> <span class='ocrx_word' id='word_1_353' title='bbox 2064 2113 2425 2179; x_wconf 89' lang='lat' dir='ltr'><strong>peccatorum</strong></span> <span class='ocrx_word' id='word_1_354' title='bbox 2478 2123 2706 2177; x_wconf 86' lang='lat' dir='ltr'><strong>genere,</strong></span> <span class='ocrx_word' id='word_1_355' title='bbox 2767 2106 2972 2159; x_wconf 90' lang='lat' dir='ltr'><strong>libellis</strong></span> <span class='ocrx_word' id='word_1_356' title='bbox 3032 2107 3236 2176; x_wconf 90' lang='lat' dir='ltr'><strong>scripta</strong></span> <span class='ocrx_word' id='word_1_357' title='bbox 3296 2106 3587 2176; x_wconf 11' lang='lat' dir='ltr'><strong>professio.</strong></span> 
     </span>
    </p>
   </div>
   <div class='ocr_carea' id='block_1_51' title="bbox 1872 2194 3568 2267">
    <p class='ocr_par' dir='ltr' id='par_1_51' title="bbox 1872 2194 3568 2267">
     <span class='ocr_line' id='line_1_52' title="bbox 1872 2194 3568 2267; baseline -0.001 -17"><span class='ocrx_word' id='word_1_358' title='bbox 1872 2197 2102 2267; x_wconf 89' lang='lat' dir='ltr'><strong>publice</strong></span> <span class='ocrx_word' id='word_1_359' title='bbox 2189 2197 2474 2249; x_wconf 79' lang='lat' dir='ltr'><strong>recitatur.</strong></span> <span class='ocrx_word' id='word_1_360' title='bbox 2559 2195 3048 2250; x_wconf 88' lang='lat' dir='ltr'><strong>Conscientiarum</strong></span> <span class='ocrx_word' id='word_1_361' title='bbox 3136 2194 3380 2248; x_wconf 85' lang='lat' dir='ltr'><strong>sufficiat</strong></span> <span class='ocrx_word' id='word_1_362' title='bbox 3436 2195 3568 2248; x_wconf 88' lang='lat' dir='ltr'><strong>solis</strong></span> 
     </span>
    </p>
   </div>
   <div class='ocr_carea' id='block_1_52' title="bbox 1875 2280 3570 2344">
    <p class='ocr_par' dir='ltr' id='par_1_52' title="bbox 1875 2280 3570 2344">
     <span class='ocr_line' id='line_1_53' title="bbox 1875 2280 3570 2344; baseline -0.002 -8"><span class='ocrx_word' id='word_1_363' title='bbox 1875 2282 2262 2337; x_wconf 89' lang='lat' dir='ltr'><strong>sacerdotibus</strong></span> <span class='ocrx_word' id='word_1_364' title='bbox 2318 2281 2554 2334; x_wconf 84' lang='lat' dir='ltr'><strong>indicari</strong></span> <span class='ocrx_word' id='word_1_365' title='bbox 2607 2280 2962 2334; x_wconf 87' lang='lat' dir='ltr'><strong>confessione</strong></span> <span class='ocrx_word' id='word_1_366' title='bbox 3013 2285 3242 2333; x_wconf 89' lang='lat' dir='ltr'><strong>secreta.</strong></span> <span class='ocrx_word' id='word_1_367' title='bbox 3300 2280 3570 2344; x_wconf 86' lang='lat' dir='ltr'><strong>Quamvis</strong></span> 
     </span>
    </p>
   </div>
   <div class='ocr_carea' id='block_1_53' title="bbox 1875 2369 3569 2442">
    <p class='ocr_par' dir='ltr' id='par_1_53' title="bbox 1875 2369 3569 2442">
     <span class='ocr_line' id='line_1_54' title="bbox 1875 2369 3569 2442; baseline -0.002 -17"><span class='ocrx_word' id='word_1_368' title='bbox 1875 2371 2030 2426; x_wconf 90' lang='lat' dir='ltr'><strong>enim</strong></span> <span class='ocrx_word' id='word_1_369' title='bbox 2061 2371 2356 2442; x_wconf 86' lang='lat' dir='ltr'><strong>plenitudo</strong></span> <span class='ocrx_word' id='word_1_370' title='bbox 2405 2369 2538 2423; x_wconf 89' lang='lat' dir='ltr'><strong>ﬁdei</strong></span> <span class='ocrx_word' id='word_1_371' title='bbox 2585 2370 2846 2423; x_wconf 87' lang='lat' dir='ltr'><strong>videatur</strong></span> <span class='ocrx_word' id='word_1_372' title='bbox 2885 2385 3006 2423; x_wconf 90' lang='lat' dir='ltr'><strong>esse</strong></span> <span class='ocrx_word' id='word_1_373' title='bbox 3061 2369 3381 2435; x_wconf 89' lang='lat' dir='ltr'><strong>laudabilis,</strong></span> <span class='ocrx_word' id='word_1_374' title='bbox 3440 2385 3569 2439; x_wconf 66' lang='lat' dir='ltr'><strong>qua:</strong></span> 
     </span>
    </p>
   </div>
   <div class='ocr_carea' id='block_1_54' title="bbox 1873 2458 3570 2532">
    <p class='ocr_par' dir='ltr' id='par_1_54' title="bbox 1873 2458 3570 2532">
     <span class='ocr_line' id='line_1_55' title="bbox 1873 2458 3570 2532; baseline -0.001 -19"><span class='ocrx_word' id='word_1_375' title='bbox 1873 2465 2111 2532; x_wconf 86' lang='lat' dir='ltr'><strong>propter</strong></span> <span class='ocrx_word' id='word_1_376' title='bbox 2143 2460 2239 2513; x_wconf 85' lang='lat' dir='ltr'><strong>Dei</strong></span> <span class='ocrx_word' id='word_1_377' title='bbox 2269 2461 2535 2512; x_wconf 88' lang='lat' dir='ltr'><strong>timorem</strong></span> <span class='ocrx_word' id='word_1_378' title='bbox 2584 2459 2736 2527; x_wconf 83' lang='lat' dir='ltr'><strong>apud</strong></span> <span class='ocrx_word' id='word_1_379' title='bbox 2774 2458 3038 2512; x_wconf 85' lang='lat' dir='ltr'><strong>homines</strong></span> <span class='ocrx_word' id='word_1_380' title='bbox 3090 2459 3422 2512; x_wconf 87' lang='lat' dir='ltr'><strong>erubescere</strong></span> <span class='ocrx_word' id='word_1_381' title='bbox 3454 2473 3570 2511; x_wconf 89' lang='lat' dir='ltr'><strong>non</strong></span> 
     </span>
    </p>
   </div>
   <div class='ocr_carea' id='block_1_55' title="bbox 1874 2547 3570 2617">
    <p class='ocr_par' dir='ltr' id='par_1_55' title="bbox 1874 2547 3570 2617">
     <span class='ocr_line' id='line_1_56' title="bbox 1874 2547 3570 2617; baseline -0.001 -17"><span class='ocrx_word' id='word_1_382' title='bbox 1874 2554 2138 2602; x_wconf 83' lang='lat' dir='ltr'><strong>vereatur</strong></span> <span class='ocrx_word' id='word_1_383' title='bbox 2172 2565 2185 2602; x_wconf 93' lang='lat'>:</span> <span class='ocrx_word' id='word_1_384' title='bbox 2222 2553 2415 2602; x_wconf 90' lang='lat' dir='ltr'><strong>tamen</strong></span> <span class='ocrx_word' id='word_1_385' title='bbox 2448 2547 2584 2617; x_wconf 87' lang='lat' dir='ltr'><strong>quia</strong></span> <span class='ocrx_word' id='word_1_386' title='bbox 2613 2564 2728 2600; x_wconf 90' lang='lat' dir='ltr'><strong>non</strong></span> <span class='ocrx_word' id='word_1_387' title='bbox 2759 2547 3020 2600; x_wconf 89' lang='lat' dir='ltr'><strong>omnium</strong></span> <span class='ocrx_word' id='word_1_388' title='bbox 3056 2547 3385 2615; x_wconf 90' lang='lat' dir='ltr'><strong>hujusmodi</strong></span> <span class='ocrx_word' id='word_1_389' title='bbox 3435 2552 3570 2599; x_wconf 90' lang='lat' dir='ltr'><strong>sunt</strong></span> 
     </span>
    </p>
   </div>
   <div class='ocr_carea' id='block_1_56' title="bbox 1875 2635 3567 2708">
    <p class='ocr_par' dir='ltr' id='par_1_56' title="bbox 1875 2635 3567 2708">
     <span class='ocr_line' id='line_1_57' title="bbox 1875 2635 3567 2708; baseline -0.001 -20"><span class='ocrx_word' id='word_1_390' title='bbox 1875 2642 2122 2708; x_wconf 88' lang='lat' dir='ltr'><strong>peccata,</strong></span> <span class='ocrx_word' id='word_1_391' title='bbox 2173 2642 2238 2689; x_wconf 90' lang='lat' dir='ltr'><strong>ut</strong></span> <span class='ocrx_word' id='word_1_392' title='bbox 2284 2654 2346 2690; x_wconf 91' lang='lat' dir='ltr'><strong>ea</strong></span> <span class='ocrx_word' id='word_1_393' title='bbox 2398 2636 2496 2706; x_wconf 91' lang='lat' dir='ltr'><strong>qui</strong></span> <span class='ocrx_word' id='word_1_394' title='bbox 2558 2635 2958 2706; x_wconf 91' lang='lat' dir='ltr'><strong>poenitentiam</strong></span> <span class='ocrx_word' id='word_1_395' title='bbox 3026 2639 3287 2705; x_wconf 88' lang='lat' dir='ltr'><strong>poscunt,</strong></span> <span class='ocrx_word' id='word_1_396' title='bbox 3335 2651 3453 2687; x_wconf 89' lang='lat' dir='ltr'><strong>non</strong></span> <span class='ocrx_word' id='word_1_397' title='bbox 3495 2635 3567 2687; x_wconf 93' lang='lat' dir='ltr'><strong>ti-</strong></span> 
     </span>
    </p>
   </div>
   <div class='ocr_carea' id='block_1_57' title="bbox 1875 2723 3564 2796">
    <p class='ocr_par' dir='ltr' id='par_1_57' title="bbox 1875 2723 3564 2796">
     <span class='ocr_line' id='line_1_58' title="bbox 1875 2723 3564 2796; baseline -0.003 -16"><span class='ocrx_word' id='word_1_398' title='bbox 1875 2732 2072 2780; x_wconf 87' lang='lat' dir='ltr'><strong>meant</strong></span> <span class='ocrx_word' id='word_1_399' title='bbox 2115 2725 2430 2796; x_wconf 85' lang='lat' dir='ltr'><strong>publicare,</strong></span> <span class='ocrx_word' id='word_1_400' title='bbox 2480 2729 2810 2777; x_wconf 84' lang='lat' dir='ltr'><strong>amoveatur</strong></span> <span class='ocrx_word' id='word_1_401' title='bbox 2870 2723 3266 2794; x_wconf 87' lang='lat' dir='ltr'><strong>improbabilis</strong></span> <span class='ocrx_word' id='word_1_402' title='bbox 3324 2739 3564 2776; x_wconf 90' lang='lat' dir='ltr'><strong>consue-</strong></span> 
     </span>
    </p>
   </div>
   <div class='ocr_carea' id='block_1_58' title="bbox 1874 2812 3564 2882">
    <p class='ocr_par' dir='ltr' id='par_1_58' title="bbox 1874 2812 3564 2882">
     <span class='ocr_line' id='line_1_59' title="bbox 1874 2812 3564 2882; baseline -0.003 -13"><span class='ocrx_word' id='word_1_403' title='bbox 1874 2816 2030 2881; x_wconf 89' lang='lat' dir='ltr'><strong>tudo,</strong></span> <span class='ocrx_word' id='word_1_404' title='bbox 2081 2831 2152 2868; x_wconf 92' lang='lat' dir='ltr'><strong>ne</strong></span> <span class='ocrx_word' id='word_1_405' title='bbox 2205 2814 2369 2867; x_wconf 91' lang='lat' dir='ltr'><strong>multi</strong></span> <span class='ocrx_word' id='word_1_406' title='bbox 2420 2831 2452 2866; x_wconf 91' lang='lat' dir='ltr'><strong>a</strong></span> <span class='ocrx_word' id='word_1_407' title='bbox 2510 2813 2860 2882; x_wconf 77' lang='lat' dir='ltr'><strong>poenitentiae</strong></span> <span class='ocrx_word' id='word_1_408' title='bbox 2915 2812 3184 2865; x_wconf 87' lang='lat' dir='ltr'><strong>remediis</strong></span> <span class='ocrx_word' id='word_1_409' title='bbox 3244 2817 3564 2876; x_wconf 89' lang='lat' dir='ltr'><strong>arceantur,</strong></span> 
     </span>
    </p>
   </div>
   <div class='ocr_carea' id='block_1_59' title="bbox 1876 2899 3568 2967">
    <p class='ocr_par' dir='ltr' id='par_1_59' title="bbox 1876 2899 3568 2967">
     <span class='ocr_line' id='line_1_60' title="bbox 1876 2899 3568 2967; baseline -0.004 -10"><span class='ocrx_word' id='word_1_410' title='bbox 1876 2905 2013 2958; x_wconf 91' lang='lat' dir='ltr'><strong>dum</strong></span> <span class='ocrx_word' id='word_1_411' title='bbox 2067 2909 2163 2957; x_wconf 89' lang='lat' dir='ltr'><strong>aut</strong></span> <span class='ocrx_word' id='word_1_412' title='bbox 2221 2903 2580 2967; x_wconf 87' lang='lat' dir='ltr'><strong>erubescunt,</strong></span> <span class='ocrx_word' id='word_1_413' title='bbox 2662 2905 2763 2954; x_wconf 90' lang='lat' dir='ltr'><strong>aut</strong></span> <span class='ocrx_word' id='word_1_414' title='bbox 2819 2905 3087 2954; x_wconf 88' lang='lat' dir='ltr'><strong>metuunt</strong></span> <span class='ocrx_word' id='word_1_415' title='bbox 3138 2900 3384 2954; x_wconf 91' lang='lat' dir='ltr'><strong>inimicis</strong></span> <span class='ocrx_word' id='word_1_416' title='bbox 3451 2899 3568 2952; x_wconf 92' lang='lat' dir='ltr'><strong>suis</strong></span> 
     </span>
    </p>
   </div>
   <div class='ocr_carea' id='block_1_60' title="bbox 66 2979 1861 3084">
    <p class='ocr_par' dir='ltr' id='par_1_60' title="bbox 66 2979 1839 3084">
     <span class='ocr_line' id='line_1_61' title="bbox 66 2979 1839 3084; baseline -0.001 -18"><span class='ocrx_word' id='word_1_417' title='bbox 66 3032 95 3066; x_wconf 89' lang='lat' dir='ltr'><strong>a</strong></span> <span class='ocrx_word' id='word_1_418' title='bbox 123 3030 240 3084; x_wconf 92' lang='lat' dir='ltr'><strong>quo</strong></span> <span class='ocrx_word' id='word_1_419' title='bbox 273 3013 366 3066; x_wconf 92' lang='lat' dir='ltr'><strong>die</strong></span> <span class='ocrx_word' id='word_1_420' title='bbox 409 3014 561 3067; x_wconf 88' lang='lat' dir='ltr'><strong>ﬁlius</strong></span> <span class='ocrx_word' id='word_1_421' title='bbox 608 3013 669 3066; x_wconf 91' lang='lat' dir='ltr'><strong>in</strong></span> <span class='ocrx_word' id='word_1_422' title='bbox 728 3018 890 3066; x_wconf 88' lang='lat' dir='ltr'><strong>utero</strong></span> <span class='ocrx_word' id='word_1_423' title='bbox 936 3017 1155 3066; x_wconf 90' lang='lat' dir='ltr'><strong>motum</strong></span> <span class='ocrx_word' id='word_1_424' title='bbox 1205 3012 1418 3078; x_wconf 87' lang='lat' dir='ltr'><strong>fecerit,</strong></span> <span class='ocrx_word' id='word_1_425' title='bbox 1464 3028 1643 3083; x_wconf 88' lang='lat' dir='ltr'><strong>usque</strong></span> <span class='ocrx_word' id='word_1_426' title='bbox 1692 3011 1764 3064; x_wconf 90' lang='lat' dir='ltr'><strong>ad</strong></span> <span class='ocrx_word' id='word_1_427' title='bbox 1799 2979 1839 3035; x_wconf 64' lang='grc' dir='ltr'>Ο</span> 
     </span>
    </p>
   </div>
   <div class='ocr_carea' id='block_1_61' title="bbox 1947 2979 3567 3084">
    <p class='ocr_par' dir='ltr' id='par_1_61' title="bbox 1947 2989 3567 3074">
     <span class='ocr_line' id='line_1_62' title="bbox 1947 2989 3567 3074; baseline -0.003 -28"><span class='ocrx_word' id='word_1_428' title='bbox 1947 2997 2020 3046; x_wconf 68' lang='lat' dir='ltr'><strong>ita</strong></span> <span class='ocrx_word' id='word_1_429' title='bbox 2073 2991 2367 3056; x_wconf 87' lang='lat' dir='ltr'><strong>reservari,</strong></span> <span class='ocrx_word' id='word_1_430' title='bbox 2401 2991 2606 3061; x_wconf 90' lang='lat' dir='ltr'><strong>quibus</strong></span> <span class='ocrx_word' id='word_1_431' title='bbox 2650 2989 2869 3074; x_wconf 84' lang='lat' dir='ltr'><strong>possint</strong></span> <span class='ocrx_word' id='word_1_432' title='bbox 2928 2990 3117 3058; x_wconf 83' lang='lat' dir='ltr'><strong>legum</strong></span> <span class='ocrx_word' id='word_1_433' title='bbox 3163 2989 3567 3042; x_wconf 86' lang='lat' dir='ltr'><strong>constitutione</strong></span> 
     </span>
    </p>
   </div>
   <div class='ocr_carea' id='block_1_62' title="bbox 64 3099 1762 3170">
    <p class='ocr_par' dir='ltr' id='par_1_62' title="bbox 64 3099 1762 3170">
     <span class='ocr_line' id='line_1_63' title="bbox 64 3099 1762 3170; baseline 0 -18"><span class='ocrx_word' id='word_1_434' title='bbox 64 3105 322 3170; x_wconf 89' lang='lat' dir='ltr'><strong>partum,</strong></span> <span class='ocrx_word' id='word_1_435' title='bbox 355 3110 577 3168; x_wconf 90' lang='lat' dir='ltr'><strong>apartu</strong></span> <span class='ocrx_word' id='word_1_436' title='bbox 638 3107 784 3170; x_wconf 91' lang='lat' dir='ltr'><strong>post,</strong></span> <span class='ocrx_word' id='word_1_437' title='bbox 831 3102 1042 3157; x_wconf 83' lang='lat' dir='ltr'><strong>XXXIII</strong></span> <span class='ocrx_word' id='word_1_438' title='bbox 1097 3100 1218 3156; x_wconf 87' lang='lat' dir='ltr'><strong>dies</strong></span> <span class='ocrx_word' id='word_1_439' title='bbox 1268 3100 1313 3153; x_wconf 89' lang='lat' dir='ltr'><strong>si</strong></span> <span class='ocrx_word' id='word_1_440' title='bbox 1361 3100 1513 3154; x_wconf 86' lang='lat' dir='ltr'><strong>ﬁlius</strong></span> <span class='ocrx_word' id='word_1_441' title='bbox 1559 3104 1663 3166; x_wconf 90' lang='lat' dir='ltr'><strong>est,</strong></span> <span class='ocrx_word' id='word_1_442' title='bbox 1715 3099 1762 3152; x_wconf 89' lang='lat' dir='ltr'><strong>si</strong></span> 
     </span>
    </p>
   </div>
   <div class='ocr_carea' id='block_1_63' title="bbox 67 3188 755 3257">
    <p class='ocr_par' dir='ltr' id='par_1_63' title="bbox 67 3188 755 3257">
     <span class='ocr_line' id='line_1_64' title="bbox 67 3188 755 3257; baseline 0.004 -17"><span class='ocrx_word' id='word_1_443' title='bbox 67 3193 262 3242; x_wconf 90' lang='lat' dir='ltr'><strong>autem</strong></span> <span class='ocrx_word' id='word_1_444' title='bbox 295 3188 432 3249; x_wconf 83' lang='lat' dir='ltr'><strong>ﬁlia,</strong></span> <span class='ocrx_word' id='word_1_445' title='bbox 469 3193 596 3257; x_wconf 92' lang='lat' dir='ltr'><strong>post</strong></span> <span class='ocrx_word' id='word_1_446' title='bbox 625 3190 755 3243; x_wconf 91' lang='lat' dir='ltr'><strong>LVI.</strong></span> 
     </span>
    </p>
   </div>
   <div class='ocr_carea' id='block_1_64' title="bbox 70 3277 1765 3401">
    <p class='ocr_par' dir='ltr' id='par_1_64' title="bbox 70 3277 1765 3401">
     <span class='ocr_line' id='line_1_65' title="bbox 70 3277 1765 3401; baseline -0.002 -70"><span class='ocrx_word' id='word_1_447' title='bbox 70 3279 196 3331; x_wconf 87' lang='lat' dir='ltr'><strong>CAP.</strong></span> <span class='ocrx_word' id='word_1_448' title='bbox 234 3277 415 3331; x_wconf 85' lang='lat' dir='ltr'><strong>CLVI.</strong></span> <span class='ocrx_word' id='word_1_449' title='bbox 467 3305 536 3315; x_wconf 85' lang='lat'><strong>--</strong></span> <span class='ocrx_word' id='word_1_450' title='bbox 591 3279 666 3331; x_wconf 88' lang='lat' dir='ltr'><strong>De</strong></span> <span class='ocrx_word' id='word_1_451' title='bbox 716 3279 930 3401; x_wconf 42' lang='lat' dir='ltr'><strong>feminini</strong></span> <span class='ocrx_word' id='word_1_452' title='bbox 974 3294 1093 3401; x_wconf 50' lang='lat' dir='ltr'><strong>oriae</strong></span> <span class='ocrx_word' id='word_1_453' title='bbox 1149 3282 1336 3346; x_wconf 87' lang='lat' dir='ltr'><strong>sponte</strong></span> <span class='ocrx_word' id='word_1_454' title='bbox 1375 3277 1550 3344; x_wconf 85' lang='lat' dir='ltr'><strong>ﬁlium</strong></span> <span class='ocrx_word' id='word_1_455' title='bbox 1607 3291 1765 3329; x_wconf 87' lang='lat' dir='ltr'><strong>suum</strong></span> 
     </span>
     <span class='ocr_line' id='line_1_66' title="bbox 781 3363 1054 3401; baseline -0.004 0"><span class='ocrx_word' id='word_1_456' title='bbox 781 3363 889 3401; x_wconf 69' lang='lat' dir='ltr'><strong>occa</strong></span> <span class='ocrx_word' id='word_1_457' title='bbox 931 3365 1009 3401; x_wconf 72' lang='lat' dir='ltr'><strong>ert</strong></span> <span class='ocrx_word' id='word_1_458' title='bbox 1043 3390 1054 3400; x_wconf 92' lang='lat'><strong>.</strong></span> 
     </span>
    </p>
   </div>
   <div class='ocr_carea' id='block_1_65' title="bbox 781 3363 1054 3402">
    <p class='ocr_par' dir='ltr' id='par_1_65' title="bbox 781 3363 1054 3402">
     <span class='ocr_line' id='line_1_67' title="bbox 781 3363 1054 3402; baseline -0.007 0"><span class='ocrx_word' id='word_1_459' title='bbox 781 3363 1054 3402; x_wconf 74' lang='lat' dir='ltr'><strong>OCClaeTtl.</strong></span> 
     </span>
    </p>
   </div>
   <div class='ocr_carea' id='block_1_66' title="bbox 138 3433 1764 3507">
    <p class='ocr_par' dir='ltr' id='par_1_66' title="bbox 138 3433 1764 3507">
     <span class='ocr_line' id='line_1_68' title="bbox 138 3433 1764 3507; baseline -0.001 -18"><span class='ocrx_word' id='word_1_460' title='bbox 138 3435 196 3490; x_wconf 91' lang='lat' dir='ltr'><strong>Si</strong></span> <span class='ocrx_word' id='word_1_461' title='bbox 226 3438 410 3488; x_wconf 86' lang='lat' dir='ltr'><strong>mater</strong></span> <span class='ocrx_word' id='word_1_462' title='bbox 436 3435 620 3490; x_wconf 90' lang='lat' dir='ltr'><strong>ﬁlium</strong></span> <span class='ocrx_word' id='word_1_463' title='bbox 649 3452 816 3490; x_wconf 89' lang='lat' dir='ltr'><strong>suum</strong></span> <span class='ocrx_word' id='word_1_464' title='bbox 846 3441 1046 3506; x_wconf 89' lang='lat' dir='ltr'><strong>sponte</strong></span> <span class='ocrx_word' id='word_1_465' title='bbox 1097 3435 1382 3502; x_wconf 91' lang='lat' dir='ltr'><strong>occiderit,</strong></span> <span class='ocrx_word' id='word_1_466' title='bbox 1438 3433 1764 3507; x_wconf 89' lang='lat' dir='ltr'><strong>quindecim</strong></span> 
     </span>
    </p>
   </div>
   <div class='ocr_carea' id='block_1_67' title="bbox 1376 3563 1772 3603">
    <p class='ocr_par' dir='ltr' id='par_1_67' title="bbox 1376 3563 1772 3603">
     <span class='ocr_line' id='line_1_69' title="bbox 1376 3563 1772 3603; baseline -0.008 0"><span class='ocrx_word' id='word_1_467' title='bbox 1376 3564 1550 3603; x_wconf 79' lang='lat' dir='ltr'><strong>PINIS</strong></span> <span class='ocrx_word' id='word_1_468' title='bbox 1595 3563 1772 3602; x_wconf 80' lang='lat' dir='ltr'><strong>LIBRI</strong></span> 
     </span>
    </p>
   </div>
   <div class='ocr_carea' id='block_1_68' title="bbox 1872 3063 3567 3150">
    <p class='ocr_par' dir='ltr' id='par_1_68' title="bbox 1872 3063 3567 3150">
     <span class='ocr_line' id='line_1_70' title="bbox 1872 3063 3567 3150; baseline -0.003 -17"><span class='ocrx_word' id='word_1_469' title='bbox 1872 3080 2124 3150; x_wconf 89' lang='lat' dir='ltr'><strong>percelli.</strong></span> <span class='ocrx_word' id='word_1_470' title='bbox 2180 3079 2398 3133; x_wconf 88' lang='lat' dir='ltr'><strong>Sufﬁcit</strong></span> <span class='ocrx_word' id='word_1_471' title='bbox 2451 3077 2603 3132; x_wconf 89' lang='lat' dir='ltr'><strong>enim</strong></span> <span class='ocrx_word' id='word_1_472' title='bbox 2655 3063 2752 3130; x_wconf 81' lang='lat' dir='ltr'><strong>illa</strong></span> <span class='ocrx_word' id='word_1_473' title='bbox 2809 3077 3087 3131; x_wconf 88' lang='lat' dir='ltr'><strong>confessio</strong></span> <span class='ocrx_word' id='word_1_474' title='bbox 3146 3093 3274 3147; x_wconf 66' lang='lat' dir='ltr'><strong>qua:</strong></span> <span class='ocrx_word' id='word_1_475' title='bbox 3314 3076 3567 3146; x_wconf 91' lang='lat' dir='ltr'><strong>primum</strong></span> 
     </span>
    </p>
   </div>
   <div class='ocr_carea' id='block_1_69' title="bbox 1875 3164 3567 3234">
    <p class='ocr_par' dir='ltr' id='par_1_69' title="bbox 1875 3164 3567 3234">
     <span class='ocr_line' id='line_1_71' title="bbox 1875 3164 3567 3234; baseline -0.004 -12"><span class='ocrx_word' id='word_1_476' title='bbox 1875 3168 2114 3223; x_wconf 91' lang='lat' dir='ltr'><strong>Domino</strong></span> <span class='ocrx_word' id='word_1_477' title='bbox 2146 3168 2346 3232; x_wconf 86' lang='lat' dir='ltr'><strong>fertur,</strong></span> <span class='ocrx_word' id='word_1_478' title='bbox 2383 3171 2518 3219; x_wconf 88' lang='lat' dir='ltr'><strong>tunc</strong></span> <span class='ocrx_word' id='word_1_479' title='bbox 2559 3165 2730 3219; x_wconf 86' lang='lat' dir='ltr'><strong>etiam</strong></span> <span class='ocrx_word' id='word_1_480' title='bbox 2783 3165 3059 3218; x_wconf 89' lang='lat' dir='ltr'><strong>sacerdoti</strong></span> <span class='ocrx_word' id='word_1_481' title='bbox 3092 3165 3189 3234; x_wconf 92' lang='lat' dir='ltr'><strong>qui</strong></span> <span class='ocrx_word' id='word_1_482' title='bbox 3219 3182 3323 3234; x_wconf 92' lang='lat' dir='ltr'><strong>pro</strong></span> <span class='ocrx_word' id='word_1_483' title='bbox 3349 3164 3567 3218; x_wconf 90' lang='lat' dir='ltr'><strong>delictis</strong></span> 
     </span>
    </p>
   </div>
   <div class='ocr_carea' id='block_1_70' title="bbox 1871 3253 3566 3328">
    <p class='ocr_par' dir='ltr' id='par_1_70' title="bbox 1871 3253 3566 3328">
     <span class='ocr_line' id='line_1_72' title="bbox 1871 3253 3566 3328; baseline -0.004 -17"><span class='ocrx_word' id='word_1_484' title='bbox 1871 3256 2274 3328; x_wconf 65' lang='lat' dir='ltr'><strong>paenitentiam</strong></span> <span class='ocrx_word' id='word_1_485' title='bbox 2321 3259 2584 3324; x_wconf 85' lang='lat' dir='ltr'><strong>peccator</strong></span> <span class='ocrx_word' id='word_1_486' title='bbox 2642 3253 2898 3307; x_wconf 90' lang='lat' dir='ltr'><strong>accedit:</strong></span> <span class='ocrx_word' id='word_1_487' title='bbox 2961 3259 3096 3306; x_wconf 87' lang='lat' dir='ltr'><strong>tunc</strong></span> <span class='ocrx_word' id='word_1_488' title='bbox 3153 3253 3307 3306; x_wconf 89' lang='lat' dir='ltr'><strong>enim</strong></span> <span class='ocrx_word' id='word_1_489' title='bbox 3372 3254 3566 3324; x_wconf 90' lang='lat' dir='ltr'><strong>plures</strong></span> 
     </span>
    </p>
   </div>
   <div class='ocr_carea' id='block_1_71' title="bbox 1871 3341 3563 3416">
    <p class='ocr_par' dir='ltr' id='par_1_71' title="bbox 1871 3341 3563 3416">
     <span class='ocr_line' id='line_1_73' title="bbox 1871 3341 3563 3416; baseline -0.004 -16"><span class='ocrx_word' id='word_1_490' title='bbox 1871 3347 1941 3400; x_wconf 89' lang='lat' dir='ltr'><strong>ad</strong></span> <span class='ocrx_word' id='word_1_491' title='bbox 1971 3344 2374 3416; x_wconf 67' lang='lat' dir='ltr'><strong>paenitentiam</strong></span> <span class='ocrx_word' id='word_1_492' title='bbox 2409 3348 2682 3413; x_wconf 86' lang='lat' dir='ltr'><strong>poterunt</strong></span> <span class='ocrx_word' id='word_1_493' title='bbox 2739 3341 3060 3412; x_wconf 84' lang='lat' dir='ltr'><strong>provocari,</strong></span> <span class='ocrx_word' id='word_1_494' title='bbox 3094 3342 3140 3394; x_wconf 89' lang='lat' dir='ltr'><strong>si</strong></span> <span class='ocrx_word' id='word_1_495' title='bbox 3171 3341 3367 3412; x_wconf 89' lang='lat' dir='ltr'><strong>populi</strong></span> <span class='ocrx_word' id='word_1_496' title='bbox 3413 3341 3563 3394; x_wconf 89' lang='lat' dir='ltr'><strong>auri-</strong></span> 
     </span>
    </p>
   </div>
   <div class='ocr_carea' id='block_1_72' title="bbox 1872 3429 3221 3501">
    <p class='ocr_par' dir='ltr' id='par_1_72' title="bbox 1872 3429 3221 3501">
     <span class='ocr_line' id='line_1_74' title="bbox 1872 3429 3221 3501; baseline -0.003 -15"><span class='ocrx_word' id='word_1_497' title='bbox 1872 3434 1979 3487; x_wconf 90' lang='lat' dir='ltr'><strong>bus</strong></span> <span class='ocrx_word' id='word_1_498' title='bbox 2006 3448 2125 3486; x_wconf 90' lang='lat' dir='ltr'><strong>non</strong></span> <span class='ocrx_word' id='word_1_499' title='bbox 2147 3431 2473 3501; x_wconf 81' lang='lat' dir='ltr'><strong>publicetur</strong></span> <span class='ocrx_word' id='word_1_500' title='bbox 2501 3429 2848 3482; x_wconf 86' lang='lat' dir='ltr'><strong>conscientia</strong></span> <span class='ocrx_word' id='word_1_501' title='bbox 2880 3429 3221 3482; x_wconf 88' lang='lat' dir='ltr'><strong>conﬁtentis.</strong></span> 
     </span>
    </p>
   </div>
   <div class='ocr_carea' id='block_1_73' title="bbox 1819 3558 2266 3601">
    <p class='ocr_par' dir='ltr' id='par_1_73' title="bbox 1819 3558 2266 3601">
     <span class='ocr_line' id='line_1_75' title="bbox 1819 3558 2266 3601; baseline -0.011 0"><span class='ocrx_word' id='word_1_502' title='bbox 1819 3561 1972 3601; x_wconf 73' lang='lat' dir='ltr'><strong>NONI</strong></span> <span class='ocrx_word' id='word_1_503' title='bbox 2014 3558 2266 3599; x_wconf 78' lang='lat' dir='ltr'><strong>DECIMI.</strong></span> 
     </span>
    </p>
   </div>
   <div class='ocr_carea' id='block_1_74' title="bbox 890 3809 2753 3887">
    <p class='ocr_par' dir='ltr' id='par_1_74' title="bbox 890 3809 2753 3887">
     <span class='ocr_line' id='line_1_76' title="bbox 890 3809 2753 3887; baseline -0.003 -1"><span class='ocrx_word' id='word_1_504' title='bbox 890 3814 1185 3886; x_wconf 90' lang='lat' dir='ltr'><strong>INDEX</strong></span> <span class='ocrx_word' id='word_1_505' title='bbox 1243 3813 1930 3887; x_wconf 86' lang='lat' dir='ltr'><strong>CAPITULORUM</strong></span> <span class='ocrx_word' id='word_1_506' title='bbox 1990 3812 2243 3886; x_wconf 82' lang='lat' dir='ltr'><strong>LIBRI</strong></span> <span class='ocrx_word' id='word_1_507' title='bbox 2305 3809 2753 3884; x_wconf 89' lang='lat' dir='ltr'><strong>VICESIMI.</strong></span> 
     </span>
    </p>
   </div>
   <div class='ocr_carea' id='block_1_75' title="bbox 69 3970 1762 4035">
    <p class='ocr_par' dir='ltr' id='par_1_75' title="bbox 69 3970 1762 4035">
     <span class='ocr_line' id='line_1_77' title="bbox 69 3970 1762 4035; baseline -0.002 -9"><span class='ocrx_word' id='word_1_508' title='bbox 69 3972 200 4026; x_wconf 89' lang='lat' dir='ltr'><strong>CAP.</strong></span> <span class='ocrx_word' id='word_1_509' title='bbox 246 3975 295 4026; x_wconf 96' lang='grc'><strong>1.</strong></span> <span class='ocrx_word' id='word_1_510' title='bbox 331 3971 492 4035; x_wconf 86' lang='lat' dir='ltr'><strong>Quod</strong></span> <span class='ocrx_word' id='word_1_511' title='bbox 528 3970 735 4024; x_wconf 69' lang='lat' dir='ltr'><strong>animae</strong></span> <span class='ocrx_word' id='word_1_512' title='bbox 773 3971 1041 4024; x_wconf 86' lang='lat' dir='ltr'><strong>humanae</strong></span> <span class='ocrx_word' id='word_1_513' title='bbox 1083 3970 1232 4023; x_wconf 89' lang='lat' dir='ltr'><strong>inter</strong></span> <span class='ocrx_word' id='word_1_514' title='bbox 1278 3973 1507 4023; x_wconf 85' lang='lat' dir='ltr'><strong>caeteras</strong></span> <span class='ocrx_word' id='word_1_515' title='bbox 1535 3971 1762 4023; x_wconf 86' lang='lat' dir='ltr'><strong>creatu—</strong></span> 
     </span>
    </p>
   </div>
   <div class='ocr_carea' id='block_1_76' title="bbox 138 4055 1080 4110">
    <p class='ocr_par' dir='ltr' id='par_1_76' title="bbox 138 4055 1080 4110">
     <span class='ocr_line' id='line_1_78' title="bbox 138 4055 1080 4110; baseline -0.001 0"><span class='ocrx_word' id='word_1_516' title='bbox 138 4073 233 4110; x_wconf 89' lang='lat' dir='ltr'><strong>ras</strong></span> <span class='ocrx_word' id='word_1_517' title='bbox 266 4056 333 4110; x_wconf 85' lang='lat' dir='ltr'><strong>ab</strong></span> <span class='ocrx_word' id='word_1_518' title='bbox 366 4056 531 4110; x_wconf 88' lang='lat' dir='ltr'><strong>initio</strong></span> <span class='ocrx_word' id='word_1_519' title='bbox 565 4072 683 4110; x_wconf 93' lang='lat' dir='ltr'><strong>non</strong></span> <span class='ocrx_word' id='word_1_520' title='bbox 716 4055 830 4110; x_wconf 91' lang='lat' dir='ltr'><strong>sint</strong></span> <span class='ocrx_word' id='word_1_521' title='bbox 857 4062 1080 4110; x_wconf 75' lang='lat' dir='ltr'><strong>creatae.</strong></span> 
     </span>
    </p>
   </div>
   <div class='ocr_carea' id='block_1_77' title="bbox 68 4144 1790 4215">
    <p class='ocr_par' dir='ltr' id='par_1_77' title="bbox 68 4144 1790 4215">
     <span class='ocr_line' id='line_1_79' title="bbox 68 4144 1790 4215; baseline -0.002 -15"><span class='ocrx_word' id='word_1_522' title='bbox 68 4150 119 4200; x_wconf 82' lang='lat'><strong>2.</strong></span> <span class='ocrx_word' id='word_1_523' title='bbox 163 4146 322 4210; x_wconf 91' lang='lat' dir='ltr'><strong>Quod</strong></span> <span class='ocrx_word' id='word_1_524' title='bbox 357 4146 486 4199; x_wconf 73' lang='lat' dir='ltr'><strong>duae</strong></span> <span class='ocrx_word' id='word_1_525' title='bbox 515 4146 723 4199; x_wconf 65' lang='lat' dir='ltr'><strong>animae</strong></span> <span class='ocrx_word' id='word_1_526' title='bbox 749 4162 862 4199; x_wconf 92' lang='lat' dir='ltr'><strong>non</strong></span> <span class='ocrx_word' id='word_1_527' title='bbox 889 4146 1000 4200; x_wconf 89' lang='lat' dir='ltr'><strong>sint</strong></span> <span class='ocrx_word' id='word_1_528' title='bbox 1028 4145 1087 4199; x_wconf 92' lang='lat' dir='ltr'><strong>in</strong></span> <span class='ocrx_word' id='word_1_529' title='bbox 1109 4162 1226 4199; x_wconf 89' lang='lat' dir='ltr'><strong>uno</strong></span> <span class='ocrx_word' id='word_1_530' title='bbox 1259 4145 1514 4214; x_wconf 88' lang='lat' dir='ltr'><strong>homine,</strong></span> <span class='ocrx_word' id='word_1_531' title='bbox 1543 4147 1609 4198; x_wconf 87' lang='lat' dir='ltr'><strong>ut</strong></span> <span class='ocrx_word' id='word_1_532' title='bbox 1638 4144 1790 4215; x_wconf 86' lang='lat' dir='ltr'><strong>qui--</strong></span> 
     </span>
    </p>
   </div>
   <div class='ocr_carea' id='block_1_78' title="bbox 141 4233 1078 4298">
    <p class='ocr_par' dir='ltr' id='par_1_78' title="bbox 141 4233 1078 4298">
     <span class='ocr_line' id='line_1_80' title="bbox 141 4233 1078 4298; baseline -0.001 -10"><span class='ocrx_word' id='word_1_533' title='bbox 141 4235 276 4288; x_wconf 89' lang='lat' dir='ltr'><strong>dam</strong></span> <span class='ocrx_word' id='word_1_534' title='bbox 307 4233 526 4298; x_wconf 87' lang='lat' dir='ltr'><strong>dicunt,</strong></span> <span class='ocrx_word' id='word_1_535' title='bbox 560 4234 659 4287; x_wconf 91' lang='lat' dir='ltr'><strong>sed</strong></span> <span class='ocrx_word' id='word_1_536' title='bbox 690 4251 805 4287; x_wconf 89' lang='lat' dir='ltr'><strong>una</strong></span> <span class='ocrx_word' id='word_1_537' title='bbox 834 4239 1078 4288; x_wconf 86' lang='lat' dir='ltr'><strong>tantum.</strong></span> 
     </span>
    </p>
   </div>
   <div class='ocr_carea' id='block_1_79' title="bbox 73 4321 1760 4388">
    <p class='ocr_par' dir='ltr' id='par_1_79' title="bbox 73 4321 1760 4388">
     <span class='ocr_line' id='line_1_81' title="bbox 73 4321 1760 4388; baseline -0.001 -11"><span class='ocrx_word' id='word_1_538' title='bbox 73 4326 125 4377; x_wconf 90' lang='lat'><strong>3.</strong></span> <span class='ocrx_word' id='word_1_539' title='bbox 169 4323 328 4388; x_wconf 90' lang='lat' dir='ltr'><strong>Quod</strong></span> <span class='ocrx_word' id='word_1_540' title='bbox 363 4323 516 4375; x_wconf 90' lang='lat' dir='ltr'><strong>solus</strong></span> <span class='ocrx_word' id='word_1_541' title='bbox 556 4323 730 4376; x_wconf 92' lang='lat' dir='ltr'><strong>homo</strong></span> <span class='ocrx_word' id='word_1_542' title='bbox 780 4323 981 4376; x_wconf 87' lang='lat' dir='ltr'><strong>habeat</strong></span> <span class='ocrx_word' id='word_1_543' title='bbox 1018 4323 1270 4376; x_wconf 89' lang='lat' dir='ltr'><strong>animam</strong></span> <span class='ocrx_word' id='word_1_544' title='bbox 1325 4321 1760 4376; x_wconf 87' lang='lat' dir='ltr'><strong>substantivam.</strong></span> 
     </span>
    </p>
   </div>
   <div class='ocr_carea' id='block_1_80' title="bbox 72 4410 1762 4480">
    <p class='ocr_par' dir='ltr' id='par_1_80' title="bbox 72 4410 1762 4480">
     <span class='ocr_line' id='line_1_82' title="bbox 72 4410 1762 4480; baseline -0.002 -14"><span class='ocrx_word' id='word_1_545' title='bbox 72 4413 125 4466; x_wconf 79' lang='grc'>4.</span> <span class='ocrx_word' id='word_1_546' title='bbox 169 4413 240 4466; x_wconf 93' lang='lat' dir='ltr'><strong>Ut</strong></span> <span class='ocrx_word' id='word_1_547' title='bbox 285 4412 570 4480; x_wconf 88' lang='lat' dir='ltr'><strong>pecudum</strong></span> <span class='ocrx_word' id='word_1_548' title='bbox 619 4410 825 4465; x_wconf 69' lang='lat' dir='ltr'><strong>animae</strong></span> <span class='ocrx_word' id='word_1_549' title='bbox 862 4427 989 4464; x_wconf 93' lang='lat' dir='ltr'><strong>cum</strong></span> <span class='ocrx_word' id='word_1_550' title='bbox 1039 4412 1224 4464; x_wconf 91' lang='lat' dir='ltr'><strong>carnis</strong></span> <span class='ocrx_word' id='word_1_551' title='bbox 1255 4417 1436 4465; x_wconf 91' lang='lat' dir='ltr'><strong>morte</strong></span> <span class='ocrx_word' id='word_1_552' title='bbox 1470 4411 1762 4466; x_wconf 88' lang='lat' dir='ltr'><strong>ﬁniantur.</strong></span> 
     </span>
    </p>
   </div>
   <div class='ocr_carea' id='block_1_81' title="bbox 74 4499 1762 4565">
    <p class='ocr_par' dir='ltr' id='par_1_81' title="bbox 74 4499 1762 4565">
     <span class='ocr_line' id='line_1_83' title="bbox 74 4499 1762 4565; baseline -0.001 -11"><span class='ocrx_word' id='word_1_553' title='bbox 74 4505 126 4555; x_wconf 78' lang='lat'><strong>5.</strong></span> <span class='ocrx_word' id='word_1_554' title='bbox 168 4500 328 4565; x_wconf 86' lang='lat' dir='ltr'><strong>Quod</strong></span> <span class='ocrx_word' id='word_1_555' title='bbox 365 4499 557 4554; x_wconf 87' lang='lat' dir='ltr'><strong>anima</strong></span> <span class='ocrx_word' id='word_1_556' title='bbox 595 4500 846 4553; x_wconf 89' lang='lat' dir='ltr'><strong>humana</strong></span> <span class='ocrx_word' id='word_1_557' title='bbox 894 4516 1014 4554; x_wconf 91' lang='lat' dir='ltr'><strong>non</strong></span> <span class='ocrx_word' id='word_1_558' title='bbox 1067 4517 1195 4554; x_wconf 91' lang='lat' dir='ltr'><strong>cum</strong></span> <span class='ocrx_word' id='word_1_559' title='bbox 1244 4518 1413 4555; x_wconf 88' lang='lat' dir='ltr'><strong>carne</strong></span> <span class='ocrx_word' id='word_1_560' title='bbox 1465 4500 1762 4555; x_wconf 87' lang='lat' dir='ltr'><strong>moriatur.</strong></span> 
     </span>
    </p>
   </div>
   <div class='ocr_carea' id='block_1_82' title="bbox 72 4589 1421 4654">
    <p class='ocr_par' dir='ltr' id='par_1_82' title="bbox 72 4589 1421 4654">
     <span class='ocr_line' id='line_1_84' title="bbox 72 4589 1421 4654; baseline -0.001 -9"><span class='ocrx_word' id='word_1_561' title='bbox 72 4595 123 4645; x_wconf 84' lang='lat'><strong>6.</strong></span> <span class='ocrx_word' id='word_1_562' title='bbox 167 4589 330 4654; x_wconf 91' lang='lat' dir='ltr'><strong>Quod</strong></span> <span class='ocrx_word' id='word_1_563' title='bbox 361 4589 535 4642; x_wconf 90' lang='lat' dir='ltr'><strong>homo</strong></span> <span class='ocrx_word' id='word_1_564' title='bbox 566 4593 788 4642; x_wconf 90' lang='lat' dir='ltr'><strong>constet</strong></span> <span class='ocrx_word' id='word_1_565' title='bbox 820 4589 1040 4643; x_wconf 85' lang='lat' dir='ltr'><strong>duabus</strong></span> <span class='ocrx_word' id='word_1_566' title='bbox 1073 4589 1421 4644; x_wconf 86' lang='lat' dir='ltr'><strong>substantiis.</strong></span> 
     </span>
    </p>
   </div>
   <div class='ocr_carea' id='block_1_83' title="bbox 69 4677 1764 4747">
    <p class='ocr_par' dir='ltr' id='par_1_83' title="bbox 69 4677 1764 4747">
     <span class='ocr_line' id='line_1_85' title="bbox 69 4677 1764 4747; baseline -0.002 -14"><span class='ocrx_word' id='word_1_567' title='bbox 69 4685 124 4734; x_wconf 92' lang='grc'><strong>’7.</strong></span> <span class='ocrx_word' id='word_1_568' title='bbox 166 4679 328 4744; x_wconf 89' lang='lat' dir='ltr'><strong>Quod</strong></span> <span class='ocrx_word' id='word_1_569' title='bbox 361 4677 592 4747; x_wconf 86' lang='lat' dir='ltr'><strong>spiritus</strong></span> <span class='ocrx_word' id='word_1_570' title='bbox 624 4694 735 4730; x_wconf 88' lang='lat' dir='ltr'><strong>non</strong></span> <span class='ocrx_word' id='word_1_571' title='bbox 788 4677 994 4731; x_wconf 88' lang='lat' dir='ltr'><strong>tertius</strong></span> <span class='ocrx_word' id='word_1_572' title='bbox 1033 4677 1106 4730; x_wconf 90' lang='lat' dir='ltr'><strong>sit</strong></span> <span class='ocrx_word' id='word_1_573' title='bbox 1133 4678 1191 4730; x_wconf 90' lang='lat' dir='ltr'><strong>in</strong></span> <span class='ocrx_word' id='word_1_574' title='bbox 1222 4678 1539 4731; x_wconf 87' lang='lat' dir='ltr'><strong>substantia</strong></span> <span class='ocrx_word' id='word_1_575' title='bbox 1580 4678 1764 4732; x_wconf 91' lang='lat' dir='ltr'><strong>homi-</strong></span> 
     </span>
    </p>
   </div>
   <div class='ocr_carea' id='block_1_84' title="bbox 141 4765 944 4838">
    <p class='ocr_par' dir='ltr' id='par_1_84' title="bbox 141 4765 944 4838">
     <span class='ocr_line' id='line_1_86' title="bbox 141 4765 944 4838; baseline 0 -17"><span class='ocrx_word' id='word_1_576' title='bbox 141 4768 252 4834; x_wconf 90' lang='lat' dir='ltr'><strong>nis,</strong></span> <span class='ocrx_word' id='word_1_577' title='bbox 286 4771 351 4820; x_wconf 90' lang='lat' dir='ltr'><strong>nt</strong></span> <span class='ocrx_word' id='word_1_578' title='bbox 372 4765 608 4838; x_wconf 89' lang='lat' dir='ltr'><strong>quidam</strong></span> <span class='ocrx_word' id='word_1_579' title='bbox 636 4766 944 4821; x_wconf 84' lang='lat' dir='ltr'><strong>afﬁrmant.</strong></span> 
     </span>
    </p>
   </div>
   <div class='ocr_carea' id='block_1_85' title="bbox 73 4855 1766 4923">
    <p class='ocr_par' dir='ltr' id='par_1_85' title="bbox 73 4855 1766 4923">
     <span class='ocr_line' id='line_1_87' title="bbox 73 4855 1766 4923; baseline -0.004 -11"><span class='ocrx_word' id='word_1_580' title='bbox 73 4861 124 4913; x_wconf 93' lang='lat'><strong>8.</strong></span> <span class='ocrx_word' id='word_1_581' title='bbox 169 4857 326 4921; x_wconf 92' lang='lat' dir='ltr'><strong>Quod</strong></span> <span class='ocrx_word' id='word_1_582' title='bbox 359 4857 505 4910; x_wconf 90' lang='lat' dir='ltr'><strong>Deus</strong></span> <span class='ocrx_word' id='word_1_583' title='bbox 535 4856 681 4910; x_wconf 88' lang='lat' dir='ltr'><strong>sicut</strong></span> <span class='ocrx_word' id='word_1_584' title='bbox 708 4872 775 4910; x_wconf 84' lang='lat' dir='ltr'><strong>ex</strong></span> <span class='ocrx_word' id='word_1_585' title='bbox 807 4856 987 4909; x_wconf 89' lang='lat' dir='ltr'><strong>nihilo</strong></span> <span class='ocrx_word' id='word_1_586' title='bbox 1017 4855 1166 4908; x_wconf 84' lang='lat' dir='ltr'><strong>bona</strong></span> <span class='ocrx_word' id='word_1_587' title='bbox 1198 4855 1382 4908; x_wconf 90' lang='lat' dir='ltr'><strong>facere</strong></span> <span class='ocrx_word' id='word_1_588' title='bbox 1429 4855 1632 4923; x_wconf 88' lang='lat' dir='ltr'><strong>potuit,</strong></span> <span class='ocrx_word' id='word_1_589' title='bbox 1687 4855 1766 4907; x_wconf 91' lang='lat' dir='ltr'><strong>ita</strong></span> 
     </span>
    </p>
   </div>
   <div class='ocr_carea' id='block_1_86' title="bbox 144 4942 1764 5013">
    <p class='ocr_par' dir='ltr' id='par_1_86' title="bbox 144 4942 1764 5013">
     <span class='ocr_line' id='line_1_88' title="bbox 144 4942 1764 5013; baseline -0.003 -14"><span class='ocrx_word' id='word_1_590' title='bbox 144 4961 272 4999; x_wconf 90' lang='lat' dir='ltr'><strong>cum</strong></span> <span class='ocrx_word' id='word_1_591' title='bbox 292 4944 586 5013; x_wconf 88' lang='lat' dir='ltr'><strong>voluitper</strong></span> <span class='ocrx_word' id='word_1_592' title='bbox 606 4943 1016 4998; x_wconf 89' lang='lat' dir='ltr'><strong>incarnationis</strong></span> <span class='ocrx_word' id='word_1_593' title='bbox 1049 4960 1165 4997; x_wconf 60' lang='lat' dir='ltr'><strong>suae</strong></span> <span class='ocrx_word' id='word_1_594' title='bbox 1197 4942 1557 5013; x_wconf 89' lang='lat' dir='ltr'><strong>mysterium,</strong></span> <span class='ocrx_word' id='word_1_595' title='bbox 1593 4943 1764 4996; x_wconf 90' lang='lat' dir='ltr'><strong>etiam</strong></span> 
     </span>
    </p>
   </div>
   <div class='ocr_carea' id='block_1_87' title="bbox 145 5032 878 5104">
    <p class='ocr_par' dir='ltr' id='par_1_87' title="bbox 145 5032 878 5104">
     <span class='ocr_line' id='line_1_89' title="bbox 145 5032 878 5104; baseline -0.003 -16"><span class='ocrx_word' id='word_1_596' title='bbox 145 5033 368 5104; x_wconf 87' lang='lat' dir='ltr'><strong>perdita</strong></span> <span class='ocrx_word' id='word_1_597' title='bbox 397 5032 551 5086; x_wconf 89' lang='lat' dir='ltr'><strong>bona</strong></span> <span class='ocrx_word' id='word_1_598' title='bbox 577 5033 878 5101; x_wconf 84' lang='lat' dir='ltr'><strong>reparavit.</strong></span> 
     </span>
    </p>
   </div>
   <div class='ocr_carea' id='block_1_88' title="bbox 77 5119 1767 5191">
    <p class='ocr_par' dir='ltr' id='par_1_88' title="bbox 77 5119 1767 5191">
     <span class='ocr_line' id='line_1_90' title="bbox 77 5119 1767 5191; baseline -0.003 -14"><span class='ocrx_word' id='word_1_599' title='bbox 77 5128 127 5178; x_wconf 89' lang='lat'><strong>9.</strong></span> <span class='ocrx_word' id='word_1_600' title='bbox 168 5123 327 5188; x_wconf 91' lang='lat' dir='ltr'><strong>Quod</strong></span> <span class='ocrx_word' id='word_1_601' title='bbox 354 5123 498 5175; x_wconf 91' lang='lat' dir='ltr'><strong>Deus</strong></span> <span class='ocrx_word' id='word_1_602' title='bbox 528 5127 643 5175; x_wconf 90' lang='lat' dir='ltr'><strong>tres</strong></span> <span class='ocrx_word' id='word_1_603' title='bbox 670 5122 869 5176; x_wconf 86' lang='lat' dir='ltr'><strong>vitales</strong></span> <span class='ocrx_word' id='word_1_604' title='bbox 899 5121 1132 5191; x_wconf 90' lang='lat' dir='ltr'><strong>spiritus</strong></span> <span class='ocrx_word' id='word_1_605' title='bbox 1160 5123 1392 5184; x_wconf 85' lang='lat' dir='ltr'><strong>crearet,</strong></span> <span class='ocrx_word' id='word_1_606' title='bbox 1440 5135 1615 5172; x_wconf 90' lang='lat' dir='ltr'><strong>unum</strong></span> <span class='ocrx_word' id='word_1_607' title='bbox 1667 5119 1767 5189; x_wconf 88' lang='lat' dir='ltr'><strong>qui</strong></span> 
     </span>
    </p>
   </div>
   <div class='ocr_carea' id='block_1_89' title="bbox 145 5210 1764 5281">
    <p class='ocr_par' dir='ltr' id='par_1_89' title="bbox 145 5210 1764 5281">
     <span class='ocr_line' id='line_1_91' title="bbox 145 5210 1764 5281; baseline -0.004 -14"><span class='ocrx_word' id='word_1_608' title='bbox 145 5227 314 5267; x_wconf 88' lang='lat' dir='ltr'><strong>carne</strong></span> <span class='ocrx_word' id='word_1_609' title='bbox 341 5227 455 5264; x_wconf 90' lang='lat' dir='ltr'><strong>non</strong></span> <span class='ocrx_word' id='word_1_610' title='bbox 494 5215 806 5281; x_wconf 89' lang='lat' dir='ltr'><strong>tegeretur,</strong></span> <span class='ocrx_word' id='word_1_611' title='bbox 856 5211 1035 5265; x_wconf 88' lang='lat' dir='ltr'><strong>alium</strong></span> <span class='ocrx_word' id='word_1_612' title='bbox 1083 5210 1181 5281; x_wconf 89' lang='lat' dir='ltr'><strong>qui</strong></span> <span class='ocrx_word' id='word_1_613' title='bbox 1235 5226 1402 5264; x_wconf 86' lang='lat' dir='ltr'><strong>carne</strong></span> <span class='ocrx_word' id='word_1_614' title='bbox 1450 5213 1764 5279; x_wconf 88' lang='lat' dir='ltr'><strong>tegeretur,</strong></span> 
     </span>
    </p>
   </div>
   <div class='ocr_carea' id='block_1_90' title="bbox 149 5297 1768 5369">
    <p class='ocr_par' dir='ltr' id='par_1_90' title="bbox 149 5297 1768 5369">
     <span class='ocr_line' id='line_1_92' title="bbox 149 5297 1768 5369; baseline -0.004 -13"><span class='ocrx_word' id='word_1_615' title='bbox 149 5302 245 5356; x_wconf 89' lang='lat' dir='ltr'><strong>sed</strong></span> <span class='ocrx_word' id='word_1_616' title='bbox 280 5317 397 5354; x_wconf 91' lang='lat' dir='ltr'><strong>non</strong></span> <span class='ocrx_word' id='word_1_617' title='bbox 428 5317 556 5353; x_wconf 91' lang='lat' dir='ltr'><strong>cum</strong></span> <span class='ocrx_word' id='word_1_618' title='bbox 589 5316 756 5353; x_wconf 89' lang='lat' dir='ltr'><strong>carne</strong></span> <span class='ocrx_word' id='word_1_619' title='bbox 807 5305 1126 5353; x_wconf 88' lang='lat' dir='ltr'><strong>moreretur</strong></span> <span class='ocrx_word' id='word_1_620' title='bbox 1161 5317 1174 5354; x_wconf 89' lang='lat'>:</span> <span class='ocrx_word' id='word_1_621' title='bbox 1207 5301 1440 5353; x_wconf 90' lang='lat' dir='ltr'><strong>tertium</strong></span> <span class='ocrx_word' id='word_1_622' title='bbox 1473 5297 1572 5369; x_wconf 92' lang='lat' dir='ltr'><strong>qui</strong></span> <span class='ocrx_word' id='word_1_623' title='bbox 1600 5313 1768 5351; x_wconf 89' lang='lat' dir='ltr'><strong>carne</strong></span> 
     </span>
    </p>
   </div>
   <div class='ocr_carea' id='block_1_91' title="bbox 147 5394 1269 5462">
    <p class='ocr_par' dir='ltr' id='par_1_91' title="bbox 147 5394 1269 5462">
     <span class='ocr_line' id='line_1_93' title="bbox 147 5394 1269 5462; baseline -0.003 -17"><span class='ocrx_word' id='word_1_624' title='bbox 147 5397 455 5462; x_wconf 84' lang='lat' dir='ltr'><strong>tegeretur,</strong></span> <span class='ocrx_word' id='word_1_625' title='bbox 490 5394 546 5443; x_wconf 90' lang='lat' dir='ltr'><strong>et</strong></span> <span class='ocrx_word' id='word_1_626' title='bbox 576 5405 705 5443; x_wconf 94' lang='lat' dir='ltr'><strong>cum</strong></span> <span class='ocrx_word' id='word_1_627' title='bbox 728 5405 897 5443; x_wconf 88' lang='lat' dir='ltr'><strong>carne</strong></span> <span class='ocrx_word' id='word_1_628' title='bbox 929 5394 1269 5443; x_wconf 87' lang='lat' dir='ltr'><strong>moreretur.</strong></span> 
     </span>
    </p>
   </div>
   <div class='ocr_carea' id='block_1_92' title="bbox 87 5477 1766 5547">
    <p class='ocr_par' dir='ltr' id='par_1_92' title="bbox 87 5477 1766 5547">
     <span class='ocr_line' id='line_1_94' title="bbox 87 5477 1766 5547; baseline -0.004 -13"><span class='ocrx_word' id='word_1_629' title='bbox 87 5483 166 5534; x_wconf 91' lang='grc'><strong>10.</strong></span> <span class='ocrx_word' id='word_1_630' title='bbox 209 5480 371 5544; x_wconf 91' lang='lat' dir='ltr'><strong>Quod</strong></span> <span class='ocrx_word' id='word_1_631' title='bbox 411 5478 585 5532; x_wconf 89' lang='lat' dir='ltr'><strong>homo</strong></span> <span class='ocrx_word' id='word_1_632' title='bbox 632 5478 692 5531; x_wconf 91' lang='lat' dir='ltr'><strong>in</strong></span> <span class='ocrx_word' id='word_1_633' title='bbox 731 5479 921 5547; x_wconf 86' lang='lat' dir='ltr'><strong>prima</strong></span> <span class='ocrx_word' id='word_1_634' title='bbox 958 5478 1284 5532; x_wconf 89' lang='lat' dir='ltr'><strong>conditione</strong></span> <span class='ocrx_word' id='word_1_635' title='bbox 1316 5493 1418 5529; x_wconf 89' lang='lat' dir='ltr'><strong>sua</strong></span> <span class='ocrx_word' id='word_1_636' title='bbox 1457 5477 1633 5530; x_wconf 89' lang='lat' dir='ltr'><strong>libero</strong></span> <span class='ocrx_word' id='word_1_637' title='bbox 1678 5492 1766 5528; x_wconf 88' lang='lat' dir='ltr'><strong>ar-</strong></span> 
     </span>
    </p>
   </div>
   <div class='ocr_carea' id='block_1_93' title="bbox 150 5568 706 5623">
    <p class='ocr_par' dir='ltr' id='par_1_93' title="bbox 150 5568 706 5623">
     <span class='ocr_line' id='line_1_95' title="bbox 150 5568 706 5623; baseline -0.007 0"><span class='ocrx_word' id='word_1_638' title='bbox 150 5570 319 5623; x_wconf 82' lang='lat' dir='ltr'><strong>bitrio</strong></span> <span class='ocrx_word' id='word_1_639' title='bbox 354 5571 596 5622; x_wconf 83' lang='lat' dir='ltr'><strong>donatus</strong></span> <span class='ocrx_word' id='word_1_640' title='bbox 618 5568 706 5620; x_wconf 85' lang='lat' dir='ltr'><strong>sit.</strong></span> 
     </span>
    </p>
   </div>
   <div class='ocr_carea' id='block_1_94' title="bbox 1878 3962 3568 4032">
    <p class='ocr_par' dir='ltr' id='par_1_94' title="bbox 1878 3962 3568 4032">
     <span class='ocr_line' id='line_1_96' title="bbox 1878 3962 3568 4032; baseline -0.004 -11"><span class='ocrx_word' id='word_1_641' title='bbox 1878 3971 1962 4022; x_wconf 90' lang='grc'><strong>11.</strong></span> <span class='ocrx_word' id='word_1_642' title='bbox 2005 3967 2163 4032; x_wconf 93' lang='lat' dir='ltr'><strong>Quod</strong></span> <span class='ocrx_word' id='word_1_643' title='bbox 2196 3983 2393 4020; x_wconf 90' lang='lat' dir='ltr'><strong>omnes</strong></span> <span class='ocrx_word' id='word_1_644' title='bbox 2423 3965 2686 4019; x_wconf 89' lang='lat' dir='ltr'><strong>homines</strong></span> <span class='ocrx_word' id='word_1_645' title='bbox 2717 3964 2774 4017; x_wconf 91' lang='lat' dir='ltr'><strong>in</strong></span> <span class='ocrx_word' id='word_1_646' title='bbox 2808 3963 3274 4032; x_wconf 64' lang='lat' dir='ltr'><strong>praevaricatione</strong></span> <span class='ocrx_word' id='word_1_647' title='bbox 3303 3962 3438 4016; x_wconf 66' lang='lat' dir='ltr'><strong>Adae</strong></span> <span class='ocrx_word' id='word_1_648' title='bbox 3471 3977 3568 4014; x_wconf 91' lang='lat' dir='ltr'><strong>na-</strong></span> 
     </span>
    </p>
   </div>
   <div class='ocr_carea' id='block_1_95' title="bbox 1942 4053 3069 4127">
    <p class='ocr_par' dir='ltr' id='par_1_95' title="bbox 1942 4053 3069 4127">
     <span class='ocr_line' id='line_1_97' title="bbox 1942 4053 3069 4127; baseline -0.004 -18"><span class='ocrx_word' id='word_1_649' title='bbox 1942 4058 2188 4111; x_wconf 87' lang='lat' dir='ltr'><strong>turalem</strong></span> <span class='ocrx_word' id='word_1_650' title='bbox 2213 4055 2648 4127; x_wconf 87' lang='lat' dir='ltr'><strong>possibilitatem</strong></span> <span class='ocrx_word' id='word_1_651' title='bbox 2671 4053 3069 4124; x_wconf 89' lang='lat' dir='ltr'><strong>perdidissent.</strong></span> 
     </span>
    </p>
   </div>
   <div class='ocr_carea' id='block_1_96' title="bbox 1880 4146 2421 4200">
    <p class='ocr_par' dir='ltr' id='par_1_96' title="bbox 1880 4146 2421 4200">
     <span class='ocr_line' id='line_1_98' title="bbox 1880 4146 2421 4200; baseline -0.002 -2"><span class='ocrx_word' id='word_1_652' title='bbox 1880 4148 1960 4198; x_wconf 92' lang='grc'><strong>12.</strong></span> <span class='ocrx_word' id='word_1_653' title='bbox 2006 4147 2083 4198; x_wconf 90' lang='lat' dir='ltr'><strong>De</strong></span> <span class='ocrx_word' id='word_1_654' title='bbox 2114 4146 2310 4200; x_wconf 88' lang='lat' dir='ltr'><strong>eadem</strong></span> <span class='ocrx_word' id='word_1_655' title='bbox 2342 4161 2421 4198; x_wconf 86' lang='lat' dir='ltr'><strong>re.</strong></span> 
     </span>
    </p>
   </div>
   <div class='ocr_carea' id='block_1_97' title="bbox 1882 4226 3569 4300">
    <p class='ocr_par' dir='ltr' id='par_1_97' title="bbox 1882 4226 3569 4300">
     <span class='ocr_line' id='line_1_99' title="bbox 1882 4226 3569 4300; baseline -0.006 -13"><span class='ocrx_word' id='word_1_656' title='bbox 1882 4236 1964 4287; x_wconf 91' lang='grc'><strong>13.</strong></span> <span class='ocrx_word' id='word_1_657' title='bbox 2000 4234 2162 4297; x_wconf 90' lang='lat' dir='ltr'><strong>Quod</strong></span> <span class='ocrx_word' id='word_1_658' title='bbox 2190 4235 2361 4287; x_wconf 87' lang='lat' dir='ltr'><strong>homo</strong></span> <span class='ocrx_word' id='word_1_659' title='bbox 2415 4231 2494 4285; x_wconf 93' lang='lat' dir='ltr'><strong>sic</strong></span> <span class='ocrx_word' id='word_1_660' title='bbox 2523 4231 2742 4300; x_wconf 89' lang='lat' dir='ltr'><strong>positus</strong></span> <span class='ocrx_word' id='word_1_661' title='bbox 2787 4229 2860 4282; x_wconf 92' lang='lat' dir='ltr'><strong>sit</strong></span> <span class='ocrx_word' id='word_1_662' title='bbox 2909 4229 2966 4282; x_wconf 91' lang='lat' dir='ltr'><strong>in</strong></span> <span class='ocrx_word' id='word_1_663' title='bbox 3014 4227 3297 4298; x_wconf 87' lang='lat' dir='ltr'><strong>paradiso,</strong></span> <span class='ocrx_word' id='word_1_664' title='bbox 3351 4226 3394 4279; x_wconf 90' lang='lat' dir='ltr'><strong>si</strong></span> <span class='ocrx_word' id='word_1_665' title='bbox 3429 4226 3569 4278; x_wconf 88' lang='lat' dir='ltr'><strong>obe-</strong></span> 
     </span>
    </p>
   </div>
   <div class='ocr_carea' id='block_1_98' title="bbox 1951 4315 3566 4392">
    <p class='ocr_par' dir='ltr' id='par_1_98' title="bbox 1951 4315 3566 4392">
     <span class='ocr_line' id='line_1_100' title="bbox 1951 4315 3566 4392; baseline -0.004 -17"><span class='ocrx_word' id='word_1_666' title='bbox 1951 4322 2111 4375; x_wconf 90' lang='lat' dir='ltr'><strong>diens</strong></span> <span class='ocrx_word' id='word_1_667' title='bbox 2157 4325 2542 4392; x_wconf 86' lang='lat' dir='ltr'><strong>permaneret,</strong></span> <span class='ocrx_word' id='word_1_668' title='bbox 2613 4317 2960 4390; x_wconf 90' lang='lat' dir='ltr'><strong>quandoque</strong></span> <span class='ocrx_word' id='word_1_669' title='bbox 3013 4317 3084 4370; x_wconf 90' lang='lat' dir='ltr'><strong>ad</strong></span> <span class='ocrx_word' id='word_1_670' title='bbox 3131 4315 3416 4370; x_wconf 82' lang='lat' dir='ltr'><strong>caelestem</strong></span> <span class='ocrx_word' id='word_1_671' title='bbox 3465 4331 3566 4384; x_wconf 87' lang='lat' dir='ltr'><strong>pa-</strong></span> 
     </span>
    </p>
   </div>
   <div class='ocr_carea' id='block_1_99' title="bbox 1943 4407 3032 4476">
    <p class='ocr_par' dir='ltr' id='par_1_99' title="bbox 1943 4407 3032 4476">
     <span class='ocr_line' id='line_1_101' title="bbox 1943 4407 3032 4476; baseline -0.006 -12"><span class='ocrx_word' id='word_1_672' title='bbox 1943 4409 2133 4476; x_wconf 88' lang='lat' dir='ltr'><strong>triam,</strong></span> <span class='ocrx_word' id='word_1_673' title='bbox 2168 4409 2289 4463; x_wconf 88' lang='lat' dir='ltr'><strong>sine</strong></span> <span class='ocrx_word' id='word_1_674' title='bbox 2321 4408 2504 4462; x_wconf 89' lang='lat' dir='ltr'><strong>carnis</strong></span> <span class='ocrx_word' id='word_1_675' title='bbox 2534 4419 2717 4461; x_wconf 86' lang='lat' dir='ltr'><strong>morte</strong></span> <span class='ocrx_word' id='word_1_676' title='bbox 2742 4407 3032 4460; x_wconf 90' lang='lat' dir='ltr'><strong>transiret.</strong></span> 
     </span>
    </p>
   </div>
   <div class='ocr_carea' id='block_1_100' title="bbox 1878 4491 3563 4566">
    <p class='ocr_par' dir='ltr' id='par_1_100' title="bbox 1878 4491 3563 4566">
     <span class='ocr_line' id='line_1_102' title="bbox 1878 4491 3563 4566; baseline -0.006 -12"><span class='ocrx_word' id='word_1_677' title='bbox 1878 4501 1960 4554; x_wconf 74' lang='grc'><strong>14.</strong></span> <span class='ocrx_word' id='word_1_678' title='bbox 2003 4499 2164 4562; x_wconf 87' lang='lat' dir='ltr'><strong>Quod</strong></span> <span class='ocrx_word' id='word_1_679' title='bbox 2195 4514 2298 4551; x_wconf 90' lang='lat' dir='ltr'><strong>nos</strong></span> <span class='ocrx_word' id='word_1_680' title='bbox 2329 4499 2584 4551; x_wconf 88' lang='lat' dir='ltr'><strong>carnales</strong></span> <span class='ocrx_word' id='word_1_681' title='bbox 2614 4497 2672 4549; x_wconf 92' lang='lat' dir='ltr'><strong>in</strong></span> <span class='ocrx_word' id='word_1_682' title='bbox 2722 4496 2892 4566; x_wconf 87' lang='lat' dir='ltr'><strong>hujus</strong></span> <span class='ocrx_word' id='word_1_683' title='bbox 2941 4493 3095 4548; x_wconf 84' lang='lat' dir='ltr'><strong>exilii</strong></span> <span class='ocrx_word' id='word_1_684' title='bbox 3144 4493 3396 4546; x_wconf 60' lang='lat' dir='ltr'><strong>caecitate</strong></span> <span class='ocrx_word' id='word_1_685' title='bbox 3425 4491 3563 4554; x_wconf 89' lang='lat' dir='ltr'><strong>nati,</strong></span> 
     </span>
    </p>
   </div>
   <div class='ocr_carea' id='block_1_101' title="bbox 1945 4583 3442 4659">
    <p class='ocr_par' dir='ltr' id='par_1_101' title="bbox 1945 4583 3442 4659">
     <span class='ocr_line' id='line_1_103' title="bbox 1945 4583 3442 4659; baseline -0.005 -18"><span class='ocrx_word' id='word_1_686' title='bbox 1945 4603 2124 4659; x_wconf 91' lang='lat' dir='ltr'><strong>puero</strong></span> <span class='ocrx_word' id='word_1_687' title='bbox 2157 4587 2216 4639; x_wconf 89' lang='lat' dir='ltr'><strong>in</strong></span> <span class='ocrx_word' id='word_1_688' title='bbox 2247 4602 2470 4640; x_wconf 90' lang='lat' dir='ltr'><strong>carcere</strong></span> <span class='ocrx_word' id='word_1_689' title='bbox 2503 4591 2657 4647; x_wconf 87' lang='lat' dir='ltr'><strong>nato,</strong></span> <span class='ocrx_word' id='word_1_690' title='bbox 2691 4590 2748 4638; x_wconf 90' lang='lat' dir='ltr'><strong>et</strong></span> <span class='ocrx_word' id='word_1_691' title='bbox 2779 4583 2991 4636; x_wconf 89' lang='lat' dir='ltr'><strong>nutrito</strong></span> <span class='ocrx_word' id='word_1_692' title='bbox 3022 4597 3442 4652; x_wconf 89' lang='lat' dir='ltr'><strong>comparemur.</strong></span> 
     </span>
    </p>
   </div>
   <div class='ocr_carea' id='block_1_102' title="bbox 1879 4669 3565 4745">
    <p class='ocr_par' dir='ltr' id='par_1_102' title="bbox 1879 4669 3565 4745">
     <span class='ocr_line' id='line_1_104' title="bbox 1879 4669 3565 4745; baseline -0.005 -14"><span class='ocrx_word' id='word_1_693' title='bbox 1879 4681 1963 4732; x_wconf 75' lang='lat'><strong>13.</strong></span> <span class='ocrx_word' id='word_1_694' title='bbox 2007 4677 2169 4741; x_wconf 88' lang='lat' dir='ltr'><strong>Quod</strong></span> <span class='ocrx_word' id='word_1_695' title='bbox 2200 4676 2392 4729; x_wconf 84' lang='lat' dir='ltr'><strong>nullus</strong></span> <span class='ocrx_word' id='word_1_696' title='bbox 2421 4691 2526 4745; x_wconf 90' lang='lat' dir='ltr'><strong>per</strong></span> <span class='ocrx_word' id='word_1_697' title='bbox 2554 4674 2928 4742; x_wconf 89' lang='lat' dir='ltr'><strong>semetipsum</strong></span> <span class='ocrx_word' id='word_1_698' title='bbox 2975 4673 3161 4726; x_wconf 89' lang='lat' dir='ltr'><strong>bonus</strong></span> <span class='ocrx_word' id='word_1_699' title='bbox 3208 4670 3333 4724; x_wconf 91' lang='lat' dir='ltr'><strong>ﬁeri</strong></span> <span class='ocrx_word' id='word_1_700' title='bbox 3371 4669 3565 4741; x_wconf 89' lang='lat' dir='ltr'><strong>possit.</strong></span> 
     </span>
    </p>
   </div>
   <div class='ocr_carea' id='block_1_103' title="bbox 1882 4765 2416 4824">
    <p class='ocr_par' dir='ltr' id='par_1_103' title="bbox 1882 4765 2416 4824">
     <span class='ocr_line' id='line_1_105' title="bbox 1882 4765 2416 4824; baseline -0.011 -2"><span class='ocrx_word' id='word_1_701' title='bbox 1882 4771 1963 4824; x_wconf 89' lang='lat' dir='ltr'><strong>I6.</strong></span> <span class='ocrx_word' id='word_1_702' title='bbox 2007 4768 2084 4821; x_wconf 91' lang='lat' dir='ltr'><strong>De</strong></span> <span class='ocrx_word' id='word_1_703' title='bbox 2110 4765 2307 4819; x_wconf 88' lang='lat' dir='ltr'><strong>eadem</strong></span> <span class='ocrx_word' id='word_1_704' title='bbox 2337 4780 2416 4816; x_wconf 91' lang='lat' dir='ltr'><strong>re.</strong></span> 
     </span>
    </p>
   </div>
   <div class='ocr_carea' id='block_1_104' title="bbox 1883 4856 2430 4911">
    <p class='ocr_par' dir='ltr' id='par_1_104' title="bbox 1883 4856 2430 4911">
     <span class='ocr_line' id='line_1_106' title="bbox 1883 4856 2430 4911; baseline -0.007 -1"><span class='ocrx_word' id='word_1_705' title='bbox 1883 4862 1964 4911; x_wconf 84' lang='lat' dir='ltr'><strong>I7.</strong></span> <span class='ocrx_word' id='word_1_706' title='bbox 2012 4857 2086 4910; x_wconf 93' lang='lat' dir='ltr'><strong>De</strong></span> <span class='ocrx_word' id='word_1_707' title='bbox 2117 4856 2316 4910; x_wconf 88' lang='lat' dir='ltr'><strong>eadem</strong></span> <span class='ocrx_word' id='word_1_708' title='bbox 2350 4871 2430 4907; x_wconf 89' lang='lat' dir='ltr'><strong>re.</strong></span> 
     </span>
    </p>
   </div>
   <div class='ocr_carea' id='block_1_105' title="bbox 1881 4936 3565 5016">
    <p class='ocr_par' dir='ltr' id='par_1_105' title="bbox 1881 4936 3565 5016">
     <span class='ocr_line' id='line_1_107' title="bbox 1881 4936 3565 5016; baseline -0.008 -16"><span class='ocrx_word' id='word_1_709' title='bbox 1881 4949 1963 5000; x_wconf 88' lang='grc'>18.</span> <span class='ocrx_word' id='word_1_710' title='bbox 2001 4946 2158 5009; x_wconf 91' lang='lat' dir='ltr'><strong>Quod</strong></span> <span class='ocrx_word' id='word_1_711' title='bbox 2192 4945 2373 5016; x_wconf 89' lang='lat' dir='ltr'><strong>gratia</strong></span> <span class='ocrx_word' id='word_1_712' title='bbox 2401 4942 2593 4997; x_wconf 88' lang='lat' dir='ltr'><strong>divina</strong></span> <span class='ocrx_word' id='word_1_713' title='bbox 2621 4958 2741 4995; x_wconf 90' lang='lat' dir='ltr'><strong>non</strong></span> <span class='ocrx_word' id='word_1_714' title='bbox 2794 4941 2981 4995; x_wconf 90' lang='lat' dir='ltr'><strong>solum</strong></span> <span class='ocrx_word' id='word_1_715' title='bbox 3012 4943 3245 5008; x_wconf 90' lang='lat' dir='ltr'><strong>peccata</strong></span> <span class='ocrx_word' id='word_1_716' title='bbox 3297 4936 3565 5001; x_wconf 87' lang='lat' dir='ltr'><strong>dimittat,</strong></span> 
     </span>
    </p>
   </div>
   <div class='ocr_carea' id='block_1_106' title="bbox 1948 5029 3085 5102">
    <p class='ocr_par' dir='ltr' id='par_1_106' title="bbox 1948 5029 3085 5102">
     <span class='ocr_line' id='line_1_108' title="bbox 1948 5029 3085 5102; baseline -0.006 -15"><span class='ocrx_word' id='word_1_717' title='bbox 1948 5035 2044 5087; x_wconf 90' lang='lat' dir='ltr'><strong>sed</strong></span> <span class='ocrx_word' id='word_1_718' title='bbox 2075 5034 2247 5087; x_wconf 90' lang='lat' dir='ltr'><strong>etiam</strong></span> <span class='ocrx_word' id='word_1_719' title='bbox 2279 5033 2506 5102; x_wconf 90' lang='lat' dir='ltr'><strong>adjuvet</strong></span> <span class='ocrx_word' id='word_1_720' title='bbox 2533 5047 2605 5084; x_wconf 87' lang='lat' dir='ltr'><strong>ne</strong></span> <span class='ocrx_word' id='word_1_721' title='bbox 2633 5029 3085 5083; x_wconf 88' lang='lat' dir='ltr'><strong>committantur.</strong></span> 
     </span>
    </p>
   </div>
   <div class='ocr_carea' id='block_1_107' title="bbox 1882 5115 3570 5191">
    <p class='ocr_par' dir='ltr' id='par_1_107' title="bbox 1882 5115 3570 5191">
     <span class='ocr_line' id='line_1_109' title="bbox 1882 5115 3570 5191; baseline -0.008 -13"><span class='ocrx_word' id='word_1_722' title='bbox 1882 5127 1964 5178; x_wconf 84' lang='grc'><strong>19.</strong></span> <span class='ocrx_word' id='word_1_723' title='bbox 2009 5123 2169 5185; x_wconf 87' lang='lat' dir='ltr'><strong>Quod</strong></span> <span class='ocrx_word' id='word_1_724' title='bbox 2201 5120 2627 5191; x_wconf 64' lang='lat' dir='ltr'><strong>preedestinatio</strong></span> <span class='ocrx_word' id='word_1_725' title='bbox 2679 5119 2780 5174; x_wconf 90' lang='lat' dir='ltr'><strong>Dei</strong></span> <span class='ocrx_word' id='word_1_726' title='bbox 2831 5119 2910 5171; x_wconf 87' lang='lat' dir='ltr'><strong>ita</strong></span> <span class='ocrx_word' id='word_1_727' title='bbox 2963 5117 3036 5169; x_wconf 91' lang='lat' dir='ltr'><strong>sit</strong></span> <span class='ocrx_word' id='word_1_728' title='bbox 3075 5115 3357 5178; x_wconf 88' lang='lat' dir='ltr'><strong>ordinata,</strong></span> <span class='ocrx_word' id='word_1_729' title='bbox 3403 5118 3468 5166; x_wconf 88' lang='lat' dir='ltr'><strong>ut</strong></span> <span class='ocrx_word' id='word_1_730' title='bbox 3504 5129 3570 5165; x_wconf 89' lang='lat' dir='ltr'><strong>ea</strong></span> 
     </span>
    </p>
   </div>
   <div class='ocr_carea' id='block_1_108' title="bbox 1948 5201 3570 5280">
    <p class='ocr_par' dir='ltr' id='par_1_108' title="bbox 1948 5201 3570 5280">
     <span class='ocr_line' id='line_1_110' title="bbox 1948 5201 3570 5280; baseline -0.006 -17"><span class='ocrx_word' id='word_1_731' title='bbox 1948 5210 2148 5264; x_wconf 88' lang='lat' dir='ltr'><strong>nociva</strong></span> <span class='ocrx_word' id='word_1_732' title='bbox 2179 5227 2308 5280; x_wconf 64' lang='lat' dir='ltr'><strong>quae</strong></span> <span class='ocrx_word' id='word_1_733' title='bbox 2340 5209 2738 5280; x_wconf 69' lang='lat' dir='ltr'><strong>prmdestinata</strong></span> <span class='ocrx_word' id='word_1_734' title='bbox 2770 5212 2903 5260; x_wconf 91' lang='lat' dir='ltr'><strong>sunt</strong></span> <span class='ocrx_word' id='word_1_735' title='bbox 2956 5206 3265 5259; x_wconf 90' lang='lat' dir='ltr'><strong>electorum</strong></span> <span class='ocrx_word' id='word_1_736' title='bbox 3307 5201 3570 5273; x_wconf 87' lang='lat' dir='ltr'><strong>precibus</strong></span> 
     </span>
    </p>
   </div>
   <div class='ocr_carea' id='block_1_109' title="bbox 1950 5299 2353 5368">
    <p class='ocr_par' dir='ltr' id='par_1_109' title="bbox 1950 5299 2353 5368">
     <span class='ocr_line' id='line_1_111' title="bbox 1950 5299 2353 5368; baseline -0.005 -15"><span class='ocrx_word' id='word_1_737' title='bbox 1950 5299 2091 5353; x_wconf 87' lang='lat' dir='ltr'><strong>solvi</strong></span> <span class='ocrx_word' id='word_1_738' title='bbox 2119 5304 2353 5368; x_wconf 90' lang='lat' dir='ltr'><strong>queant.</strong></span> 
     </span>
    </p>
   </div>
   <div class='ocr_carea' id='block_1_110' title="bbox 1879 5385 2798 5456">
    <p class='ocr_par' dir='ltr' id='par_1_110' title="bbox 1879 5385 2798 5456">
     <span class='ocr_line' id='line_1_112' title="bbox 1879 5385 2798 5456; baseline -0.004 -14"><span class='ocrx_word' id='word_1_739' title='bbox 1879 5390 1960 5442; x_wconf 90' lang='grc'>20.</span> <span class='ocrx_word' id='word_1_740' title='bbox 2010 5389 2148 5442; x_wconf 91' lang='lat' dir='ltr'><strong>Item</strong></span> <span class='ocrx_word' id='word_1_741' title='bbox 2177 5387 2247 5440; x_wconf 92' lang='lat' dir='ltr'><strong>de</strong></span> <span class='ocrx_word' id='word_1_742' title='bbox 2278 5385 2798 5456; x_wconf 68' lang='lat' dir='ltr'><strong>praedestinatione.</strong></span> 
     </span>
    </p>
   </div>
   <div class='ocr_carea' id='block_1_111' title="bbox 1878 5469 3334 5544">
    <p class='ocr_par' dir='ltr' id='par_1_111' title="bbox 1878 5469 3334 5544">
     <span class='ocr_line' id='line_1_113' title="bbox 1878 5469 3334 5544; baseline -0.007 -14"><span class='ocrx_word' id='word_1_743' title='bbox 1878 5480 1965 5530; x_wconf 89' lang='grc'><strong>21.</strong></span> <span class='ocrx_word' id='word_1_744' title='bbox 2015 5476 2088 5528; x_wconf 93' lang='lat' dir='ltr'><strong>De</strong></span> <span class='ocrx_word' id='word_1_745' title='bbox 2122 5477 2220 5530; x_wconf 91' lang='lat' dir='ltr'><strong>Dei</strong></span> <span class='ocrx_word' id='word_1_746' title='bbox 2253 5473 2642 5544; x_wconf 69' lang='lat' dir='ltr'><strong>praevidentia,</strong></span> <span class='ocrx_word' id='word_1_747' title='bbox 2676 5473 2842 5526; x_wconf 87' lang='lat' dir='ltr'><strong>simul</strong></span> <span class='ocrx_word' id='word_1_748' title='bbox 2871 5477 2929 5526; x_wconf 91' lang='lat' dir='ltr'><strong>et</strong></span> <span class='ocrx_word' id='word_1_749' title='bbox 2955 5469 3334 5540; x_wconf 87' lang='lat' dir='ltr'><strong>providentia.</strong></span> 
     </span>
    </p>
   </div>
  </div>
