3950 6326
310 429 443 482 1015

1372 426 1771 482 BURCHARDI
1811 425 2343 484 WORMACIENSIS
2384 423 2718 482 EPISCOPI.

3668 423 3805 475 1016

306 552 394 604 22.
436 548 597 613 Quod
629 547 820 602 divina
849 546 1164 613 aeternitas,
1196 562 1301 601 nec
1330 545 1522 613 fuisse,
1575 562 1678 600 nec
1733 546 1991 601 futurum
2019 550 2066 601 A
2177 546 2567 601 miserorum:
2615 544 2805 615 justus
2857 547 3069 609 autem,
3125 548 3182 597 et
3231 543 3360 597 ideo
3403 559 3517 598 non
3576 544 3812 598 sedetur

377 654 499 691 esse
532 637 757 691 habeat.

304 730 395 781 23.
440 725 597 789 Quod
630 727 834 778 cuncta
854 741 982 794 quae
1011 722 1339 778 hominibus
1364 723 1529 787 ﬁunt,
1564 724 1777 794 absque
1811 724 1998 778 omni-

378 812 633 884 potentis
664 814 885 865 occulto
916 812 1176 877 concilio,
1210 827 1324 864 non
1355 810 1607 864 veniant.

308 903 400 957 24.
443 904 519 955 De
554 901 751 955 eadem
779 917 861 955 re.

309 994 397 1045 25.
441 989 607 1054 Quod
641 989 785 1043 Deus
816 987 1054 1059 singulis
1082 988 1210 1042 dies
1239 1004 1372 1043 suos
1400 989 1681 1060 praeﬁgat,
1710 992 1773 1043 ut
1793 989 1999 1057 miuui,

316 1127 324 1133 .
382 1093 487 1132 nec
516 1076 715 1147 augeri
746 1080 989 1146 possint.

309 1169 398 1221 26.
441 1165 603 1231 Quod
638 1166 784 1218 Deus
813 1168 1011 1217 nostra
1040 1168 1270 1234 peccata
1302 1164 1642 1220 dissimulet.

309 1258 403 1310 27.
452 1253 607 1318 Quod
644 1254 792 1306 Deus
824 1258 1027 1306 cuncta
1062 1252 1348 1321 disponat,
1398 1258 1456 1307 et
1500 1252 1822 1308 consideret
1867 1253 2003 1306 uni-

380 1358 674 1396 versorum
702 1340 899 1395 ﬁnem.

311 1433 400 1497 28,
436 1432 524 1493 29,
561 1432 649 1495 3o,
695 1432 782 1495 31,
832 1432 917 1496 32,
962 1431 1050 1491 33,
1088 1429 1176 1495 34,
1222 1431 1309 1497 35,
1354 1431 1444 1497 36,
1485 1432 1570 1494 37,
1613 1431 1698 1495 38,
1732 1431 1817 1484 39.
1861 1430 2001 1484 Item

382 1517 452 1571 de
485 1516 1006 1588 praedestinatione.

311 1607 398 1659 40.
439 1607 515 1660 De
548 1606 836 1658 creatione
858 1606 1218 1675 angelorum.

309 1695 400 1748 4t.
441 1694 597 1758 Quod
634 1692 773 1746 nihil
804 1693 878 1746 sit
906 1693 1312 1763 incorporeum
1356 1697 1413 1747 et
1442 1692 1743 1756 invisibile,
1796 1698 2006 1764 praeter

384 1783 569 1836 solum
603 1783 799 1836 Deum.
1474 1854 1477 1857 _

311 1873 397 1925 42.
416 1866 599 1935 'Quod
631 1869 818 1923 omnis
856 1874 1116 1924 creatura
1143 1869 1215 1924 sit
1240 1885 1533 1940 corporea.

313 1962 401 2015 43.
435 1959 593 2023 Quod
641 1974 840 2012 omnes
884 1959 1297 2014 intellectuales
1352 1962 1572 2011 naturae
1652 1958 2008 2013 immortales

385 2047 518 2101 sint.

313 2136 401 2191 44.
445 2135 605 2200 Quod
639 2138 913 2206 apostataa
944 2134 1134 2205 angeli
1176 2138 1307 2188 ante
1333 2134 1558 2188 ruinam
1589 2134 1830 2188 liberum
1855 2135 2005 2189 arbi-

386 2224 562 2278 trium
587 2224 855 2277 habeant.

314 2314 403 2368 45.
446 2313 557 2367 Cur
596 2312 935 2382 angelorum
985 2310 1221 2380 spiritus
1280 2310 1752 2365 irremissibiliter
1803 2328 2005 2382 pecca-

384 2406 532 2467 rent,
566 2416 697 2453 eum
729 2399 913 2453 carnis
942 2398 1346 2453 commixtione
1375 2415 1494 2452 non
1529 2403 1878 2453 tenerentur.

313 2490 401 2543 46.
427 2489 586 2552 Quod
617 2488 806 2558 angeli
828 2489 1088 2542 custodes
1110 2488 1442 2542 hominibus
1468 2493 1896 2559 praaponantur.

313 2579 399 2633 47.
443 2577 603 2642 Quod
650 2576 889 2648 singulis
937 2576 1267 2631 hominibus
1318 2577 1528 2648 singuli
1561 2578 1751 2647 angeli
1800 2578 2008 2632 dentur

385 2665 667 2720 custodes.

313 2756 401 2809 48.
438 2755 599 2818 Quod
645 2753 878 2807 dextera
929 2752 1028 2806 Dei
1086 2752 1159 2806 sit
1238 2752 1573 2823 angelorum
1622 2769 1754 2823 pars
1806 2754 2002 2821 electa,

384 2843 615 2896 sinistra
640 2846 832 2895 autem
863 2842 1002 2911 ejus,
1043 2857 1172 2910 pars
1201 2843 1538 2912 angelorum
1570 2842 1833 2912 reproba.

313 2934 402 2987 49.
446 2932 608 2995 Quod
662 2930 949 2984 immundi
997 2929 1231 3000 spiritus
1275 2930 1336 2983 in
1374 2931 1481 2984 hoc
1526 2930 1671 2997 coeli,
1722 2936 2007 3002 terraeque

384 3019 577 3073 medio
607 3022 901 3088 vagentur.

317 3110 402 3162 50.
448 3109 526 3160 De
554 3108 662 3160 hoc
693 3105 738 3161 si
767 3122 875 3175 pax
901 3108 959 3159 in
989 3105 1330 3159 sublimibus
1363 3106 1691 3161 retineatur.

317 3198 402 3249 51.
444 3193 607 3257 Quod
638 3192 852 3247 diaboli
882 3193 1145 3249 voluntas
1187 3210 1413 3264 semper
1452 3194 1526 3249 sit
1573 3196 1789 3267 iniqua,
1843 3202 2006 3267 pote-

384 3288 497 3335 stas
517 3287 712 3335 autem
737 3281 861 3351 ejus
889 3298 1185 3348 nunquam
1213 3283 1443 3351 injuste.

315 3372 400 3423 52.
444 3370 605 3434 Quod
636 3376 885 3440 quatuor
914 3370 1096 3424 modis
1123 3371 1390 3441 loquatur
1416 3373 1562 3426 Deus
1592 3372 1665 3426 ad
1694 3372 2004 3440 diabolum,

384 3463 441 3512 et
472 3459 652 3513 tribus
683 3458 868 3513 modis
898 3458 1156 3513 diabolus
1186 3459 1256 3512 ad
1291 3460 1491 3513 Deum.

313 3551 399 3601 53.
442 3547 603 3610 Quod
635 3562 750 3600 non
774 3546 848 3599 sit
879 3547 1067 3616 palma
1106 3547 1380 3610 victoriaa,
1414 3548 1537 3602 sine
1576 3549 1766 3602 labore
1823 3555 2007 3619 certa:

384 3636 576 3689 minis.

312 3726 398 3778 54.
447 3725 519 3777 De
552 3728 830 3791 creatura,
861 3729 916 3777 et
948 3730 1173 3791 natura,
1209 3729 1267 3778 et
1297 3725 1612 3779 ministerio
1642 3728 2004 3797 angelorum,

384 3819 441 3866 et
467 3813 536 3867 de
570 3828 701 3866 casu
734 3817 1124 3882 apostatarum
1149 3814 1508 3882 angelorum.

312 3906 404 3957 55.
448 3902 610 3966 Quod
654 3918 1037 3973 supernorum
1090 3901 1299 3954 civium
1350 3916 1645 3970 numerus,
1704 3907 1761 3956 et
1803 3903 2002 3959 ﬁnitus

383 3991 475 4056 sit,
507 3993 563 4044 et
590 3990 869 4044 inﬁnitus.

312 4082 399 4133 56.
441 4080 600 4142 Quod
629 4079 815 4133 omnis
840 4079 1008 4147 culpa
1032 4081 1161 4131 ante
1208 4077 1518 4132 discessum
1551 4079 1856 4134 oblationis
1888 4096 2007 4135 mu-

383 4183 518 4221 nere
550 4169 821 4220 solvatur.

312 4258 399 4310 57.
441 4255 599 4318 Quod
630 4271 781 4308 sacra
817 4254 1028 4308 oblatio
1074 4259 1201 4324 post
1253 4259 1493 4309 mortem
1542 4256 1840 4311 animabus
1870 4274 2003 4327 pro-

384 4344 544 4397 desse
574 4342 814 4412 possint,
848 4343 893 4395 si
925 4359 1039 4396 non
1071 4347 1203 4396 sunt
1236 4344 1418 4413 culpae
1452 4344 1895 4400 indissolubiles.

311 4435 399 4486 58.
441 4431 602 4495 Quod
634 4430 854 4485 beatius
882 4430 955 4483 sit
1002 4447 1350 4503 quemquam
1380 4432 1627 4487 liberum
1666 4434 1798 4488 hinc
1828 4434 2001 4499 exire,

383 4536 557 4590 quam
588 4525 718 4589 post
750 4525 995 4574 mortem
1031 4520 1348 4576 libertatem
1385 4539 1662 4594 quaerere.

311 4612 397 4663 59.
442 4608 603 4672 Quod
635 4609 824 4662 nullus
851 4610 1056 4664 debeat
1087 4626 1285 4682 rogare
1313 4628 1416 4682 pro
1449 4616 1698 4681 peccato,
1734 4614 1888 4683 quod
1921 4616 2006 4666 est

384 4697 451 4751 ad
485 4701 748 4751 mortem.

309 4786 395 4841 60.
442 4786 510 4840 Ut
535 4802 731 4840 omnes
763 4787 967 4841 animae
1024 4789 1336 4842 electorum
1394 4789 1695 4843 credendus
1737 4789 1853 4843 sint
1881 4806 2002 4844 esse

378 4874 441 4928 in
470 4875 632 4938 coelo,
663 4880 720 4928 et
749 4874 1083 4945 iniquorum
1113 4875 1321 4929 animae
1352 4875 1410 4928 in
1438 4876 1680 4931 inferno.

309 4966 396 5017 61.
440 4962 597 5027 Quod
629 4962 775 5016 sicut
821 4961 953 5016 ﬁnis
1007 4978 1123 5016 non
1174 4968 1259 5017 est
1308 4963 1519 5032 gaudio
1566 4964 1873 5032 bonorum,
1924 4967 2004 5021 sic

379 5051 511 5105 ﬁnis
542 5067 658 5104 non
689 5056 773 5104 est
800 5050 1097 5104 tormentis
1132 5052 1434 5105 malorum.

310 5142 393 5193 62.
440 5141 601 5204 Quod
642 5141 721 5193 ita
768 5156 882 5193 non
923 5139 1017 5205 sit,
1084 5145 1148 5192 ut
1197 5140 1430 5208 quidam
1488 5142 1798 5208 afﬁrmant,
1848 5145 1998 5213 quod

380 5229 530 5282 Deus
559 5229 631 5282 ob
660 5229 768 5283 hoc
796 5228 1047 5281 minatus
1078 5228 1146 5281 sit
1177 5233 1450 5283 aeternam
1480 5247 1708 5300 pinnam
1756 5247 2000 5301 peccan-

380 5316 552 5379 tibus,
584 5321 651 5370 ut
670 5316 979 5387 corrigeret
1006 5332 1038 5368 a
1069 5314 1252 5369 malis.

310 5408 395 5459 63.
440 5405 553 5459 Cur
622 5409 853 5474 peccata
925 5421 1053 5474 quas
1114 5420 1245 5458 cum
1292 5404 1407 5458 ﬁne
1461 5410 1791 5475 perpetrata
1846 5412 1997 5476 sunt,

380 5493 501 5546 sine
524 5493 639 5545 ﬁne
670 5492 1006 5561 puniantur.

313 5582 398 5635 64.
440 5581 599 5644 Quod
648 5582 796 5633 Deus
843 5579 971 5650 pius
1021 5581 1110 5647 sit,
1162 5585 1217 5634 et
1266 5598 1381 5636 non
1434 5587 1701 5653 pascatur
1743 5583 1998 5640 cruciatu

2178 636 2238 690 in
2271 640 2618 706 perpetuum
2649 634 2720 688 ab
2750 632 3087 704 iniquorum
3120 632 3358 687 ultione.

2109 728 2196 779 65.
2241 726 2319 779 De
2345 724 2453 778 hoc
2505 723 2551 775 si
2584 727 2719 776 ante
2765 721 3185 776 restitutionem
3237 737 3540 811 corporum
3593 721 3807 776 animae

2175 815 2461 883 justorum
2495 812 2555 865 in
2588 811 2795 865 cmlum
2828 810 3146 880 rapiantur.

2110 904 2198 954 66.
2241 901 2402 965 Quod
2435 900 2575 970 justi
2630 900 2685 953 in
2718 900 2810 952 die
2853 899 3059 969 judicii
3119 899 3440 953 animarum
3500 898 3690 963 simul,
3755 905 3816 953 et

2180 1005 2484 1059 corporum
2512 990 2693 1057 glorii
2738 988 3104 1041 lirlabuntur.

2110 1077 2197 1127 67.
2242 1074 2320 1127 De
2372 1073 2475 1126 hoc
2525 1072 2572 1125 si
2618 1072 2755 1125 boni
2800 1071 2983 1125 bonos
3040 1070 3101 1123 in
3159 1085 3357 1140 regno,
3429 1070 3518 1123 vel
3569 1070 3615 1122 si
3671 1070 3817 1123 mali

2092 1218 2097 1221 _
2182 1162 2361 1215 malos
2386 1161 2446 1214 in
2468 1160 2749 1231 supplicio
2780 1163 3114 1230 agnoscant.

2110 1252 2198 1305 68.
2244 1251 2319 1303 De
2350 1251 2458 1302 hoc
2510 1248 2557 1302 si
2599 1248 2748 1319 ignis
2790 1246 3157 1317 purgatorius
3204 1246 3520 1301 credendus
3565 1246 3657 1314 sit,
3705 1246 3811 1317 qui

2181 1343 2309 1410 post
2339 1342 2580 1391 mortem
2611 1337 2830 1390 animas
2861 1353 2893 1388 a
2922 1336 3167 1405 peccatis
3194 1341 3489 1406 expurget.

2111 1430 2199 1482 69.
2242 1426 2403 1490 Quod
2436 1442 2581 1479 unus
2614 1425 2687 1479 sit
2718 1425 2997 1495 gehennae
3019 1424 3190 1495 ignis,
3223 1424 3319 1478 sed
3352 1439 3468 1477 non
3496 1439 3607 1476 uno
3640 1423 3818 1477 modo

2182 1531 2381 1569 omnes
2412 1513 2644 1567 cruciet.

2113 1608 2207 1661 70.
2257 1604 2408 1667 Quot
2453 1618 2664 1674 genera
2720 1600 2833 1655 sint
2896 1600 3203 1655 oblationis
3246 1616 3351 1670 pro
3397 1598 3677 1653 defunctis
3729 1599 3817 1653 fa-

2184 1691 2426 1746 cienda?
3274 1708 3280 1715 '

2111 1784 2201 1835 71.
2245 1781 2356 1835 Cur
2409 1784 2737 1834 sanctorum
2798 1778 3007 1832 animas
3086 1793 3188 1847 pro
3237 1777 3633 1847 peccatoribus
3691 1793 3817 1830 non

2187 1874 2368 1936 orent,
2426 1869 2656 1939 quando
2706 1884 2804 1922 eos
2849 1867 2910 1921 in
2974 1866 3111 1936 igne
3168 1872 3383 1921 aeterno
3433 1866 3632 1920 ardere
3676 1882 3815 1936 pro-

2187 1957 2493 2028 spexerint.

2116 2047 2204 2100 72.
2249 2046 2408 2109 Quod
2439 2045 2661 2100 duobus
2691 2045 2875 2100 modis
2901 2043 3018 2098 vita
3068 2043 3312 2110 dicatur,
3372 2042 3594 2097 duobus
3637 2042 3814 2097 etiam

2185 2149 2342 2189 mors
2367 2134 2742 2204 intelligatur.

2115 2224 2202 2277 73.
2243 2223 2405 2287 Quod
2461 2224 2647 2291 electi,
2702 2239 2801 2276 seu
2863 2221 3093 2291 reprobi
3160 2221 3229 2275 ad
3290 2222 3417 2276 loca
3480 2219 3819 2274 communia

2188 2311 2547 2365 deducantur
2576 2311 2635 2365 in
2661 2311 2980 2365 tormentis.

2114 2398 2203 2453 74.
2250 2400 2325 2453 De
2372 2401 2478 2453 hoc
2529 2399 2683 2470 quod
2729 2398 2789 2452 in
2848 2398 3021 2453 domo
3072 2398 3170 2452 Dei
3236 2398 3436 2453 multa;
3490 2396 3818 2451 mansiones

2188 2486 2318 2541 sint.

2112 2578 2202 2629 75.
2246 2575 2407 2640 Quod
2436 2575 2598 2630 illum
2630 2564 2801 2646 quem
2833 2577 3007 2629 semel
3038 2576 3205 2644 culpa
3241 2575 3308 2628 ad
3337 2590 3566 2645 poenam
3584 2578 3820 2644 pertra-

2186 2662 2289 2731 hit,
2325 2664 2715 2719 misericordia
2744 2664 2981 2717 ulterius
3009 2664 3081 2718 ad
3131 2664 3353 2718 veniam
3401 2680 3517 2717 non
3556 2663 3815 2717 reducat.

2114 2754 2204 2806 76.
2246 2752 2408 2816 Quod
2442 2753 2590 2806 Deus
2618 2752 2840 2807 dicatur
2869 2754 3076 2817 zelans,
3112 2753 3333 2806 dicatur
3361 2752 3560 2818 iratus,
3592 2752 3822 2806 dicatur

2187 2841 2488 2911 paenitens,
2529 2842 2751 2895 dicatur
2770 2842 3112 2903 misericors,
3148 2841 3369 2896 dicatur
3396 2840 3688 2910 praescius.

2116 2933 2203 2982 77.
2248 2929 2360 2983 Cur
2388 2930 2533 2982 Deus
2561 2945 2693 2983 suos
2716 2931 2926 2983 electos
2963 2931 3041 2983 sic
3072 2930 3366 2999 permittat
3395 2930 3560 2995 mori,
3605 2932 3670 2982 ut
3695 2945 3819 2982 non

2187 3017 2246 3069 in
2277 3017 2391 3070 vita
2424 3017 2657 3070 illorum
2691 3018 2973 3082 ostendat,
3007 3018 3170 3087 cujus
3202 3017 3519 3071 sanctitatis
3549 3018 3685 3072 sint.

2119 3109 2207 3161 78.
2250 3107 2411 3170 Quod
2445 3106 2667 3159 miseris
2703 3123 2856 3160 mors
2886 3106 2986 3161 ﬁat
3015 3108 3137 3160 sine
3164 3112 3366 3162 morte.

2119 3198 2204 3248 79.
2247 3195 2407 3258 Quod
2441 3195 2498 3247 in
2525 3194 2749 3248 inferno
2799 3196 3193 3265 peccatoribus
3237 3197 3305 3250 ad
3354 3196 3812 3251 consolationem

2189 3284 2338 3353 ignis
2371 3300 2484 3337 non
2511 3283 2716 3352 luceat,
2749 3285 2842 3339 sed
2873 3293 2932 3340 ut
2963 3285 3143 3355 magis
3169 3290 3449 3356 torqueat.

2118 3372 2206 3424 80.
2254 3372 2327 3424 De
2359 3371 2558 3425 eadem
2592 3386 2671 3425 re.

2118 3460 2204 3513 81.
2250 3459 2408 3522 Quod
2461 3461 2716 3513 humana
2768 3448 2959 3513 anima
3008 3459 3089 3513 ita
3133 3459 3474 3514 immortalis
3522 3460 3613 3522 sit,
3671 3465 3820 3514 utet

2188 3548 2335 3600 mori
2360 3548 2561 3617 possit,
2594 3553 2649 3601 et
2681 3565 2794 3602 non
2828 3549 3027 3618 possit.

2119 3638 2203 3689 82.
2244 3636 2405 3699 Quod
2436 3651 2741 3705 corporeus
2772 3637 2847 3690 sit
2872 3636 3021 3706 ignis
3051 3636 3351 3705 gehennm,
3386 3641 3441 3689 et
3496 3653 3609 3690 non
3653 3636 3820 3692 indi—

2189 3729 2321 3793 geat
2349 3724 2459 3777 alia
2484 3725 2743 3792 materia,
2776 3725 2889 3778 nisi
2921 3725 3291 3795 reproborum
3322 3725 3594 3779 cruciatu.

2118 3815 2206 3867 83.
2266 3814 2378 3867 Cur
2425 3812 2616 3867 anima
2663 3814 2723 3867 in
2780 3830 3020 3883 corpore
3082 3831 3337 3878 manens,
3398 3820 3453 3867 et
3510 3814 3819 3884 egrediens

2189 3900 2371 3955 videri
2403 3918 2520 3954 non
2554 3902 2749 3972 possit.

2117 3993 2203 4044 84.
2250 3990 2319 4044 Ut
2367 3990 2561 4043 nullus
2611 3990 2872 4045 dubitare
2918 3991 3122 4046 debeat
3175 4007 3241 4046 ea
3297 4009 3419 4045 esse
3474 3990 3810 4059 invisibilia,

2188 4094 2315 4148 qum
2345 4079 2459 4132 Deo
2491 4078 2765 4132 invisibili
2794 4079 3251 4134 subministrant.

2116 4170 2202 4223 85.
2245 4168 2402 4232 Quod
2460 4168 2618 4221 nulla
2673 4168 2921 4221 visibilia
2977 4168 3178 4235 videri,
3233 4170 3317 4223 vel
3365 4169 3634 4240 cognosci
3683 4186 3813 4240 pos-

2185 4256 2319 4322 sint,
2353 4255 2463 4309 nisi
2492 4272 2591 4327 per
2622 4255 2954 4312 invisibilia.

2114 4348 2199 4399 86.
2260 4345 2421 4409 Quod
2469 4345 2836 4414 incorporeus
2911 4346 3145 4416 spiritus
3210 4347 3266 4400 in
3314 4346 3539 4401 inferno
3594 4364 3626 4399 a
3679 4364 3805 4401 cor-

2184 4449 2363 4503 poreo
2397 4433 2529 4503 igne
2557 4433 2863 4504 aftligatur.

2112 4524 2199 4576 87.
2242 4522 2398 4586 Quod
2448 4521 2819 4592 incorporeus
2871 4523 3105 4593 spiritus
3153 4524 3435 4579 viviﬁcare
3487 4524 3686 4594 possit,
3749 4533 3807 4580 et

2184 4610 2264 4664 ibi
2296 4610 2498 4678 teneri,
2533 4612 2631 4665 ubi
2664 4629 2697 4665 a
2727 4628 3003 4682 corporeo
3034 4613 3165 4683 igne
3198 4614 3500 4668 cruciatur.

2113 4702 2198 4754 88.
2262 4701 2338 4754 De
2399 4700 2671 4770 apostatis
2716 4701 3013 4771 spiritibus
3072 4702 3225 4771 quod
3272 4701 3600 4772 incorporei
3684 4720 3805 4756 cre-

2183 4787 2358 4842 dendi
2392 4787 2528 4842 sint.

2113 4878 2199 4931 89.
2270 4876 2429 4940 Quod
2478 4877 2757 4947 gehennae
2809 4878 2958 4948 ignis
3014 4895 3320 4949 corporeus
3387 4894 3509 4933 esse
3566 4880 3804 4935 creden-

2185 4964 2290 5019 dus
2321 4964 2409 5019 sit.

2112 5054 2200 5108 90.
2248 5054 2325 5107 De
2356 5054 2460 5107 hoc
2478 5055 2632 5125 quod
2653 5055 2936 5118 scribitur,
2966 5057 3145 5111 Deum
3168 5073 3338 5112 nemo
3371 5058 3509 5112 vidit
3527 5074 3802 5129 unquam,

2182 5146 2237 5195 et
2257 5141 2501 5211 qualiter
2531 5142 2673 5196 illud
2705 5143 3143 5214 intelligendum
3177 5146 3267 5200 sit.

2111 5232 2198 5283 9l.
2242 5231 2319 5284 De
2343 5230 2556 5301 duplici
2579 5248 2746 5300 pmna
2775 5232 3198 5290 damnatorum.

2111 5321 2196 5373 92.
2243 5320 2318 5372 De
2348 5320 2530 5389 poenis
2549 5321 2881 5391 impiorum.

2109 5409 2195 5462 93.
2229 5409 2305 5462 De
2338 5410 2700 5463 Antichristo.

2108 5497 2193 5549 94.
2237 5497 2390 5560 Quod
2425 5505 2553 5553 ante
2581 5499 2733 5553 diem
2756 5500 2979 5571 judicii,
3014 5502 3185 5556 etiam
3235 5503 3397 5557 electi
3445 5504 3634 5558 casuri
3691 5503 3798 5557 sint

2182 5585 2238 5638 in
2269 5585 2513 5640 adventu
2546 5586 2893 5642 Antichristi.

2106 5677 2193 5728 95.
2236 5675 2314 5728 De
2339 5674 2702 5730 Antichristo.
