3950 6310
189 295 324 347 1019

1255 293 1665 350 BURCHABDI
1704 292 2234 348 WORMACIENSIS
2270 288 2610 345 EPISCOPI.

3553 291 3566 340 Ι
3583 288 3691 339 020

192 419 319 474 CAP.
353 421 468 475 VII.
498 450 564 459 —
601 419 755 484 Quod
790 421 1022 488 spiritus
1045 435 1152 474 non
1183 423 1371 474 tertius
1391 423 1464 474 sit
1485 421 1541 472 in
1570 420 1880 474 substantia
1909 421 1956 472 Α
1995 421 2051 470 et
2080 417 2263 486 ipsam
2303 414 2708 469 mortalitatem
2755 412 2961 477 carnis,
3018 410 3200 481 gloria
3251 410 3692 465 resurrectionis

585 491 838 555 hominis,
869 497 930 543 ut
960 491 1187 562 quidam
1215 494 1500 559 afﬁrmant

263 595 476 665 (Idem)
508 597 632 649 Non
666 599 751 648 est
789 596 992 650 tertius
1022 597 1081 649 in
1122 597 1442 650 substantia
1483 595 1732 648 hominis
1772 593 1885 664 spi-

193 683 337 737 ritus
389 689 455 737 ut
511 685 786 754 Dydimus
849 685 1164 752 contendit,
1215 685 1311 738 sed
1355 685 1587 755 spiritus
1639 684 1760 755 ipse
1807 686 1890 735 est

196 773 407 826 anima.
442 773 647 826 Anima
681 789 812 826 vero
853 791 956 844 pro
997 773 1240 843 spiritali
1273 781 1498 837 natura,
1533 775 1618 826 vel
1669 790 1771 844 pro
1821 789 1887 826 eo

196 861 346 930 quod
382 861 558 931 spiret
599 862 658 914 in
702 879 956 932 corpore,
1004 863 1239 931 spiritus
1282 868 1367 916 est
1408 863 1712 932 appellata.
1746 862 1887 916 Ani—

195 965 350 1001 mam
381 965 514 1002 vero
545 966 610 1002 ex
653 967 718 1004 eo
766 951 956 1003 vocari
1001 951 1154 1021 quod
1207 951 1277 1005 ad
1323 951 1724 1004 viviticandum
1771 950 1891 1003 ani-

195 1043 390 1090 matur
415 1042 470 1090 et
500 1055 728 1108 corpus.
764 1039 1014 1092 Tertium
1055 1055 1208 1106 vero,
1243 1041 1341 1108 qui
1370 1040 1438 1092 ab
1463 1041 1732 1110 Apostolo
1759 1055 1888 1092 cum

197 1140 436 1194 corpore
471 1131 524 1178 et
550 1126 742 1179 anima
771 1125 1064 1180 inducitur
1106 1127 1359 1196 spiritus,
1413 1129 1655 1198 gratiam
1711 1128 1892 1180 sancti

196 1212 440 1282 Spiritus
470 1214 931 1284 intelligendum,
981 1231 1156 1284 quam
1201 1221 1325 1269 orat
1353 1218 1658 1286 Apostolus
1698 1222 1763 1268 ut
1799 1215 1886 1268 in-

196 1304 356 1367 tegra
409 1305 733 1368 perseveret
793 1301 854 1354 in
912 1301 1098 1368 nobis,
1159 1319 1264 1357 nec
1324 1309 1518 1356 nostro
1576 1303 1734 1370 vitio,
1793 1309 1892 1357 aut

194 1386 510 1454 minuatur,
566 1393 662 1441 aut
709 1389 942 1460 fugetur
981 1408 1012 1443 a
1051 1391 1218 1445 nobis
1251 1409 1262 1446 :
1297 1393 1432 1462 quia
1465 1392 1706 1462 Spiritus
1753 1409 1889 1445 san-

196 1477 318 1526 ctus
347 1475 665 1545 disciplina
697 1477 929 1548 effugiet
959 1478 1176 1534 ﬁctum.

197 1561 322 1615 CAP.
353 1563 492 1616 VIII.
528 1595 595 1604 —
643 1566 794 1630 Quod
826 1570 960 1620 Deus
1009 1571 1151 1622 sicut
1200 1585 1265 1622 om
1306 1571 1479 1624 nihilo
1530 1570 1666 1623 bona
1711 1573 1890 1636 facere

261 1637 462 1709 potuit,
493 1637 574 1687 ita
599 1651 718 1689 cum
745 1639 914 1709 coluit
947 1654 1048 1706 per
1095 1641 1488 1694 incarnationis
1535 1657 1644 1696 sua,o
1691 1646 1886 1709 myste-

266 1707 432 1770 rium,
465 1709 628 1759 etiam
665 1708 884 1775 perdita
923 1710 1060 1763 bona
1091 1717 1391 1778 reparavit.

270 1792 450 1860 (Greg.
483 1795 544 1847 in
581 1797 695 1847 suis
740 1797 1080 1866 Moralibus.)
1131 1798 1506 1868 Omnipotens
1555 1801 1704 1852 Deus
1748 1799 1892 1853 sicut

199 1893 266 1932 ex
307 1881 488 1934 nihilo
531 1881 682 1935 bona
728 1883 912 1937 facere
955 1885 1161 1954 potuit,
1211 1887 1309 1952 ita,
1362 1903 1488 1939 cum
1541 1887 1740 1954 voluit,
1789 1903 1892 1956 per

197 1965 608 2023 incarnationis
661 1987 777 2024 suae
839 1973 1174 2044 mysterium
1239 1975 1408 2026 etiam
1469 1974 1692 2045 perdita
1741 1975 1893 2027 bona

197 2057 506 2126 reparavit.
541 2059 692 2112 Duas
722 2076 854 2114 vero
887 2061 954 2114 ad
1002 2061 1442 2132 intelligendum
1496 2080 1554 2116 se
1604 2069 1892 2116 creaturas

197 2143 428 2211 fecerat,
461 2147 778 2216 angelicam
809 2149 1091 2212 videlicet,
1125 2157 1182 2204 et
1209 2152 1543 2205 humanam.
1580 2153 1892 2221 Utramque

197 2249 331 2286 vero
362 2236 630 2304 superbia
657 2239 923 2306 perculit,
969 2242 1140 2308 atque
1182 2241 1253 2294 ab
1300 2246 1449 2294 statu
1493 2241 1768 2310 ingenitae
1804 2257 1889 2293 re-

199 2321 491 2376 ctitudinis
519 2324 689 2395 fregit
720 2341 732 2379 :
770 2327 867 2380 sed
899 2343 1017 2380 una
1044 2333 1274 2397 tegmen
1307 2329 1490 2382 carnis
1530 2330 1748 2392 habuit,
1785 2330 1894 2382 alia

199 2426 333 2463 vero
363 2411 440 2464 nil
471 2413 768 2466 inﬁrmum
803 2414 871 2467 de
915 2431 1084 2469 carne
1133 2419 1388 2486 gestavit.
1434 2420 1682 2488 Angelus
1729 2435 1887 2471 nam-

201 2515 312 2569 que
339 2501 702 2554 solummodo
751 2502 986 2572 spiritus
1015 2521 1027 2557 :
1060 2504 1234 2557 homo
1265 2521 1420 2572 vero,
1461 2512 1515 2558 et
1555 2506 1810 2576 spiritus,
1838 2511 1894 2560 et

201 2603 352 2640 caro.
388 2589 649 2643 Misertus
679 2606 815 2660 ergo
856 2597 1080 2645 creator
1129 2599 1192 2645 ut
1239 2593 1566 2660 redimeret,
1623 2595 1778 2648 illam
1824 2595 1890 2648 ad

201 2692 260 2728 se
310 2676 508 2729 debuit
557 2679 843 2744 reducere,
905 2697 1076 2750 quam
1129 2682 1187 2735 in
1231 2683 1660 2752 perpetratione
1710 2684 1892 2752 culpas

201 2781 266 2818 ex
299 2765 630 2820 infirmitate
665 2767 881 2838 aliquid
914 2775 1135 2822 constat
1167 2771 1434 2824 habuisse
1469 2788 1480 2824 :
1515 2776 1571 2824 et
1617 2789 1682 2825 eo
1725 2773 1893 2825 altius

202 2852 401 2906 debuit
455 2861 768 2924 apostatam
827 2859 1096 2926 angelum
1148 2861 1449 2929 repellere,
1507 2877 1620 2928 quo
1677 2877 1804 2914 cum
1861 2877 1894 2912 a

199 2942 540 3011 persistendi
598 2944 937 3000 fortitudine
1012 2948 1227 3000 corruit

201 3045 369 3083 carne
403 3033 660 3097 gestavit.
705 3033 864 3087 Unde
897 3039 952 3087 et
993 3041 1144 3088 recte
1178 3037 1476 3090 Psalmista
1513 3053 1640 3090 cum
1685 3037 1894 3090 miser-

198 3123 322 3171 tum
352 3119 778 3190 redemptorem
822 3122 1152 3176 hominibus
1183 3125 1413 3185 diceret,
1445 3127 1626 3194 ipsam
1663 3141 1892 3195 quoque

200 3223 427 3262 causam
472 3209 882 3264 misericordiae
931 3213 1227 3282 expressit,
1277 3214 1468 3267 dicens
1510 3230 1522 3267 :
1559 3215 1627 3267 Et
1675 3229 1892 3267 memo-

199 3301 355 3350 ratus
398 3302 485 3351 est
525 3298 662 3368 quia
709 3315 840 3352 caro
871 3307 1023 3354 sunt.
1059 3305 1138 3355 Ac
1167 3301 1214 3355 si
1245 3301 1458 3356 diceret
1491 3319 1502 3355 :
1536 3303 1656 3366 Quo
1691 3319 1891 3356 eorum

197 3385 427 3439 inﬁrma
455 3386 615 3453 vidit,
653 3403 719 3440 eo
749 3389 1004 3443 districte
1031 3391 1228 3459 culpas
1257 3391 1464 3458 punire
1496 3391 1700 3444 noluit.

197 3474 324 3530 CAP.
367 3476 450 3528 IX.
502 3505 568 3514 ο·-
614 3477 765 3541 Quod
815 3478 960 3531 Deus
1009 3483 1114 3532 tres
1161 3481 1356 3532 vitales
1395 3482 1626 3548 spirit-us
1669 3485 1888 3544 crearet,

268 3561 433 3599 unum
463 3549 561 3616 qui
589 3563 755 3600 carne
784 3565 890 3602 non
931 3554 1218 3616 tegeretur,
1251 3552 1416 3603 alium
1470 3554 1567 3619 qui
1611 3567 1772 3605 carne
1818 3557 1892 3605 te-

269 3622 502 3683 geretur,
555 3619 653 3670 sed
711 3635 816 3672 non
863 3635 983 3673 cum
1038 3636 1200 3674 carne
1251 3627 1562 3674 moreretur.
1629 3625 1888 3684 Tertium,

269 3690 367 3755 qui
395 3704 557 3742 carne
587 3696 878 3757 tege-retur,
915 3703 963 3744 et
994 3707 1112 3744 cum
1141 3707 1301 3745 carne
1327 3699 1642 3746 moreretur.

272 3776 392 3842 (Ea:
417 3776 638 3844 dialogo
671 3777 856 3848 Greg.)
906 3779 1128 3832 [labent
1171 3780 1344 3833 etiam
1395 3779 1654 3834 inﬁdeles
1697 3781 1891 3847 ﬁdem,

201 3862 300 3916 sed
331 3863 546 3917 utinam
579 3863 638 3918 in
673 3867 869 3920 Deum.
903 3866 1086 3930 Quam
1118 3867 1164 3919 si
1199 3867 1397 3937 utique
1431 3869 1729 3934 haberent,
1765 3869 1892 3924 inﬁ-

200 3951 355 4004 deles
395 3968 510 4005 non
559 3958 767 4006 essent.
817 3955 926 4009 Sed
977 3954 1110 4008 hinc
1156 3955 1214 4008 in
1265 3973 1366 4008 sua
1413 3957 1650 4026 perﬁdia
1699 3958 1890 4011 redar-

202 4041 416 4110 guendi
440 4046 595 4106 sunt,
630 4041 763 4096 hinc
795 4043 864 4097 ad
885 4042 1021 4096 ﬁdei
1050 4044 1296 4113 gratiam
1338 4046 1686 4115 provocandi
1717 4063 1730 4100 :
1759 4046 1895 4116 quia

199 4129 247 4182 si
279 4130 347 4183 de
373 4129 496 4200 ipso
522 4147 624 4184 suo
653 4131 866 4185 visibili
896 4149 1134 4202 corpore
1174 4134 1412 4188 credunt
1459 4136 1608 4205 quod
1657 4135 1894 4190 minime

1999 507 2312 572 absorbeat,
2365 510 2421 557 et
2470 503 2805 558 inhzerendo
2852 502 3098 570 spiritui,
3149 517 3278 553 caro
3327 505 3584 554 servetur
3631 499 3688 552 in

1995 603 2337 667 perpetuum
2375 611 2387 647 :
2422 594 2556 664 quia
2587 593 2708 662 ipse
2738 592 2970 660 spiritus
3003 590 3338 644 inhaarendo
3381 589 3535 642 carni
3571 604 3689 640 ser-

1995 690 2161 737 vatur
2199 683 2258 736 in
2299 685 2501 737 Deum.
2556 682 2692 745 Quae
2748 687 2938 733 tamen
2983 696 3115 732 caro
3167 695 3284 732 non
3327 679 3386 731 in
3435 676 3691 748 reprobis

1995 772 2146 826 inter
2191 770 2471 840 supplicia
2516 769 2764 838 perfecte
2810 767 3044 820 deﬁcit:
3093 767 3227 836 quia
3275 781 3500 835 semper
3541 764 3688 818 deﬁ-

1997 860 2198 913 ciendo
2250 858 2525 924 subsistit,
2578 863 2640 909 ut
2689 855 2787 925 qui
2845 855 3048 925 spiritu
3103 859 3158 906 et
3208 869 3377 906 carne
3429 868 3692 922 peccave-

1997 953 2150 1014 runt,
2222 961 2450 1016 semper
2509 943 2887 997 essentialiter
2954 943 3226 1009 viventes,
3297 946 3354 994 et
3409 957 3578 995 carne
3635 944 3694 994 et

1997 1037 2224 1107 spiritu,
2257 1034 2377 1088 sine
2405 1035 2516 1088 ﬁne
2549 1033 2886 1086 moriantur.

2123 1143 2252 1196 CAP.
2283 1143 2343 1196 X.
2378 1173 2447 1181 ——
2479 1141 2634 1204 Quod
2669 1142 2818 1193 homo
2845 1142 2906 1192 in
2933 1141 3118 1206 prima
3145 1137 3448 1192 conditione
3477 1151 3578 1189 sua

2439 1214 2605 1266 libero
2632 1212 2859 1264 arbitrio
2890 1211 3120 1264 donatus
3154 1211 3244 1262 sit.

2071 1302 2334 1370 (August.
2365 1301 2500 1354 dicit
2532 1304 2589 1353 in
2615 1301 2755 1354 libro
2803 1300 2866 1352 de
2909 1300 3149 1352 Civitate
3189 1299 3286 1350 Dei
3335 1295 3372 1365 ε)
3421 1291 3698 1348 Libertati

1998 1389 2222 1444 arbitrii
2249 1389 2336 1442 sui
2368 1389 2708 1442 commissus
2758 1393 2844 1442 est
2885 1387 3059 1440 homo
3101 1385 3287 1438 statim
3341 1384 3529 1454 prima
3559 1397 3696 1434 con-

1999 1478 2238 1542 ditione,
2289 1481 2354 1530 ut
2391 1478 2511 1531 sola
2559 1477 2856 1546 vigilantia
2907 1475 3112 1528 mentis
3155 1473 3470 1536 adnitente,
3519 1471 3694 1524 etiam

1997 1572 2263 1638 percepta
2309 1567 2586 1630 custodia,
2619 1569 3031 1636 perseveraret,
3061 1565 3107 1616 si
3141 1563 3326 1628 vellet,
3361 1562 3421 1614 in
3451 1561 3508 1614 id
3540 1560 3694 1631 quod

1998 1663 2222 1710 creatus
2250 1657 2453 1711 fuerat.
2507 1658 2816 1726 Postquam
2861 1670 2993 1707 vero
3039 1652 3366 1706 seductione
3415 1647 3696 1720 serpentis

2005 1761 2103 1814 per
2153 1747 2321 1798 Evam
2373 1744 2576 1798 cecidit
2621 1761 2653 1796 a
2705 1749 2920 1797 natura:
2965 1743 3136 1806 bono,
3183 1739 3436 1810 perdidit
3479 1737 3698 1808 pariter

2000 1833 2259 1904 vigorem
2315 1833 2561 1896 arbitrii,
2605 1849 2722 1886 non
2775 1837 2967 1885 tamen
3017 1829 3353 1883 electionem
3407 1844 3420 1881 :
3463 1844 3534 1881 ne
3576 1841 3696 1878 non

2001 1929 2147 1976 esset
2176 1938 2344 1975 suum
2391 1923 2540 1992 quod
2591 1921 2920 1974 emendaret
2966 1923 3283 1989 peccatum,
3334 1932 3440 1970 nec
3490 1915 3694 1968 merito

2000 2011 2400 2081 indulgeretur
2428 2011 2579 2081 quod
2614 2009 2851 2064 arbitrio
2899 2007 3176 2062 diluisset.
3231 2008 3418 2060 Manet
3449 2019 3584 2074 ergo
3621 2003 3692 2058 ad

2001 2102 2242 2154 salutem
2273 2099 2494 2154 arbitrii
2524 2099 2778 2164 libertas,
2825 2097 2882 2150 id
2925 2101 3024 2154 est.
3061 2094 3358 2174 rationalis
3406 2093 3690 2158 voluntas,

2001 2189 2098 2242 sed
2145 2188 2494 2241 admonente
2541 2186 2700 2257 prius
2733 2187 2870 2249 Deo,
2905 2189 2956 2238 et
2991 2184 3265 2237 invitante
3315 2181 3383 2234 ad
3427 2181 3690 2246 salutem,

2000 2283 2064 2331 ut
2093 2279 2181 2330 vel
2219 2277 2412 2346 eligat,
2447 2277 2534 2329 vel
2566 2279 2857 2345 sequatur,
2909 2272 2995 2326 vel
3043 2277 3176 2342 agat
3223 2269 3576 2334 occasionem
3610 2285 3694 2322 sa—

2001 2367 2152 2428 lutis,
2186 2367 2296 2419 hoc
2324 2373 2429 2428 est,
2480 2363 2920 2434 inspirationem
2966 2361 3085 2414 Dei.
3141 2362 3209 2414 Ut
3252 2363 3442 2412 autem
3490 2373 3693 2411 conse-

2002 2459 2213 2525 quatur
2241 2453 2396 2524 quod
2429 2453 2606 2520 eligit,
2639 2449 2724 2505 vel
2757 2449 2908 2520 quod
2943 2450 3222 2518 sequitur,
3267 2448 3354 2500 vel
3401 2446 3552 2516 quod
3600 2460 3696 2498 oc-

2001 2543 2223 2596 casione
2283 2541 2422 2612 agit,
2482 2541 2580 2593 Dei
2633 2556 2754 2593 esse
2809 2539 2986 2592 libere
3039 2535 3401 2591 conﬁtemur.
3463 2534 3698 2588 Initium

2001 2647 2138 2701 ergo
2198 2631 2396 2683 salutis
2454 2635 2664 2683 nostra
2724 2631 2837 2682 Den
2885 2627 3194 2681 miserante
3237 2625 3515 2679 habemus
3571 2639 3584 2677 :
3633 2627 3701 2676 ut

2001 2721 2429 2790 acquiescamus
2474 2718 2782 2772 salutiferas
2839 2715 3224 2785 inspirationi,
3272 2721 3480 2767 nostrae
3531 2717 3698 2782 pote-

2001 2809 2161 2863 statis
2205 2815 2291 2862 est
2343 2823 2354 2862 :
2394 2813 2454 2860 ut
2505 2807 2892 2876 adipiscamur
2939 2804 3092 2874 quod
3141 2803 3551 2873 acquiescendo
3590 2799 3695 2854 ad-

2002 2897 2308 2952 monitioni
2338 2896 2618 2965 cupimus,
2655 2893 2832 2948 divini
2881 2900 2967 2947 est
3017 2893 3287 2946 muneris.
3345 2891 3415 2945 Ut
3461 2907 3574 2943 non
3619 2889 3696 2941 la-

1243 2989 1256 3014 ’
1287 3037 1299 3053 ,
1323 2950 1433 3053 nil,
1469 2951 1768 3046 murum“?
1826 2965 1890 3001 ex
1933 2973 1972 3028 (ἶ
2004 2987 2208 3040 bamur
2236 2984 2534 3053 indempto
2567 2983 2765 3035 salutis
2807 2997 3046 3034 munere
3078 2977 3454 3032 solicitudinis
3483 2981 3696 3029 nostrae

2004 3080 2107 3139 est,
2136 3077 2190 3125 et
2218 3072 2460 3125 ccelestis
2491 3071 2710 3140 pariter
2749 3068 3042 3140 adjutorii.
3097 3069 3165 3122 Ut
3207 3067 3489 3133 labamur,
3537 3068 3696 3133 pote-

2003 3161 2164 3216 statis
2193 3165 2403 3214 nostras
2437 3165 2539 3226 est,
2573 3163 2628 3212 et
2657 3158 2919 3229 ignavias.

2004 3271 2132 3325 CAP.
2181 3268 2265 3322 XI.
2309 3297 2378 3306 —
2419 3267 2576 3330 Quod
2613 3281 2794 3319 omnes
2847 3267 3102 3329 homines,
3143 3267 3202 3317 in
3243 3261 3695 3330 praevaricatione

2193 3337 2331 3394 Adz
2348 3339 2653 3392 naturalem
2679 3337 3094 3406 possibilitatem
3117 3333 3502 3404 perdidissent.

2075 3429 2196 3496 (Ea:
2239 3427 2384 3480 decr.
2430 3426 2705 3480 Caelestini
2748 3441 2923 3494 papa,
2969 3427 3146 3493 capite
3191 3421 3263 3492 5.)
3311 3423 3375 3475 In
3419 3420 3692 3490 praevari—

2001 3517 2223 3572 catione
2264 3516 2418 3580 Adae,
2452 3531 2651 3568 omnes
2681 3514 2945 3567 homines
2977 3511 3301 3566 naturalem
3343 3507 3691 3580 possibilita-

2002 3611 2118 3660 tem
2175 3609 2230 3659 et
2285 3605 2672 3658 innocentiam
2739 3603 3076 3673 perdidisse,
3144 3605 3201 3655 et
3264 3599 3558 3654 neminem
3623 3598 3695 3652 dc

2001 3694 2290 3764 profundo
2320 3693 2475 3747 illius
2507 3693 2688 3746 ruina
2731 3709 2835 3763 per
2879 3692 3125 3746 liberum
3177 3689 3477 3744 arbitrium
3525 3703 3696 3757 posse

2003 3799 2367 3854 consurgere,
2399 3782 2506 3835 nisi
2537 3797 2666 3834 eum
2699 3779 2882 3852 gratia
2917 3780 3016 3834 Dei
3057 3777 3382 3833 miserantis
3427 3775 3695 3836 erexerit,

2002 3872 2410 3944 pronuntiante
2455 3871 2634 3925 beatae
2680 3869 2978 3924 memoria:
3021 3885 3169 3939 papa
3211 3865 3562 3930 Innocentio,
3610 3869 3695 3916 at-

2004 3977 2114 4030 que
2146 3961 2368 4014 dicente
2407 3959 2466 4012 in
2513 3959 2754 4028 epistola
2797 3973 2896 4010 sua
2925 3956 2994 4010 ad
3027 3955 3474 4025 Carthaginense
3504 3952 3694 4006 conci-

2003 4050 2165 4104 lium.
2217 4049 2477 4103 Liberum
2524 4047 2676 4100 enim
2710 4045 3012 4100 arbitrium
3047 4045 3143 4099 ille
3181 4059 3508 4114 perpessus,
3555 4042 3696 4095 dum

2003 4139 2120 4192 suis
2153 4137 2532 4190 inconsultius
2579 4137 2756 4189 utitur
2795 4135 2984 4200 bonis,
3017 4133 3228 4188 cadens
3255 4133 3313 4185 in
3355 4130 3691 4202 prmvarica-

201 4218 485 4285 viderunt,
517 4235 618 4272 cur
651 4219 966 4275 invisibilia
993 4239 1108 4276 non
1136 4224 1392 4290 credunt,
1425 4242 1551 4294 qua:
1583 4225 1890 4295 corporali-
1921 4252 1966 4305 ι)
2005 4226 2180 4280 tionis
2226 4225 2512 4296 profunda
2565 4225 2860 4278 demersus
2907 4228 3009 4285 est,
3055 4227 3111 4275 et
3146 4221 3290 4276 nihil
3320 4219 3692 4291 quemadmo-

200 4309 286 4360 ter
312 4307 490 4361 videri
517 4324 634 4362 non
666 4310 950 4379 possunt?
982 4313 1123 4365 Nam
1166 4312 1299 4382 quia
1339 4318 1466 4384 post
1497 4319 1736 4367 mortem
1769 4331 1889 4368 car-

199 4394 290 4447 nis
321 4395 471 4450 vivat
497 4399 712 4466 anima,
753 4402 910 4468 patet
951 4399 1114 4464 ratio,
1151 4402 1245 4454 sed
1291 4401 1424 4455 ﬁdei
1457 4403 1720 4457 admixta.
1759 4405 1891 4456 Tres

201 4484 415 4554 quippe
468 4486 669 4540 vitales
727 4487 962 4557 spiritus
1020 4491 1231 4542 creavit
1300 4491 1665 4561 omnipotens
1725 4493 1888 4545 Deus.

203 4572 389 4625 Unum
422 4573 520 4642 qui
548 4589 716 4626 carne
749 4591 864 4627 non
893 4574 1124 4646 tegitur.
1148 4577 1322 4630 alium
1346 4578 1444 4648 qui
1466 4595 1633 4632 carne
1659 4579 1890 4649 tegitur,

201 4660 300 4713 sed
355 4677 474 4713 non
523 4677 651 4715 cum
712 4679 882 4717 carne
934 4665 1198 4720 moritur.
1274 4668 1526 4720 Tertium
1578 4671 1674 4737 qui
1725 4683 1894 4720 carne

200 4748 437 4818 tegitur,
468 4753 524 4802 et
550 4765 680 4803 cum
709 4767 880 4805 carne
927 4753 1187 4807 moritur.
1240 4754 1485 4824 Spiritus
1531 4771 1778 4825 namque
1812 4761 1896 4808 est

202 4836 301 4906 qui
354 4853 524 4892 carne
583 4853 695 4891 non
749 4839 982 4908 tegitur,
1045 4843 1384 4912 angelorum
1437 4859 1449 4894 :
1509 4843 1742 4913 spiritus
1795 4844 1892 4913 qui

202 4942 370 4978 carne
418 4926 654 4994 tegitur,
695 4928 788 4981 sed
835 4944 965 4982 cum
1013 4946 1182 4984 carne
1231 4947 1348 4983 non
1395 4933 1656 4997 moritur,
1710 4933 1892 4986 homi-

202 5030 341 5069 num
377 5032 388 5068 :
423 5015 658 5085 spiritus
689 5016 790 5086 qui
819 5033 986 5070 carne
1029 5019 1263 5086 tegitur,
1305 5024 1363 5071 et
1391 5035 1522 5072 cum
1561 5036 1728 5074 carne
1765 5037 1892 5074 mo-

201 5104 370 5171 ritur,
415 5106 812 5174 jumentorum
861 5106 1160 5160 brutorum
1211 5107 1468 5162 omnium
1535 5109 1891 5162 animalium.

203 5195 386 5248 Homo
417 5195 610 5265 itaque
642 5195 690 5249 si
716 5195 776 5248 in
805 5195 997 5250 medio
1047 5201 1266 5249 creatus
1319 5202 1422 5262 est,
1470 5203 1533 5251 ut
1579 5204 1725 5252 esset
1753 5199 1894 5252 infe-

203 5284 318 5337 rior
347 5285 571 5354 angelo,
597 5285 1163 5355 superiorjumento.
1215 5286 1412 5355 Itaque
1463 5286 1680 5357 aliquid
1727 5287 1898 5340 habet

203 5387 508 5426 commune
538 5389 668 5426 cum
718 5389 964 5440 summo,
1011 5374 1230 5444 aliquid
1261 5361 1582 5430 commune
1619 5393 1746 5429 cum
1793 5376 1900 5428 im-

204 5461 361 5514 ﬁmo.
413 5461 908 5516 Immortalitatem
954 5463 1168 5516 scilicet
1217 5463 1448 5534 spiritus
1489 5481 1618 5519 cum
1668 5465 1893 5535 angelo,

205 5549 617 5604 mortalitatem
667 5567 802 5604 vero
854 5551 1038 5605 carnis
1086 5569 1214 5605 cum
1253 5553 1518 5623 jumento
1551 5571 1564 5608 :
1597 5569 1897 5624 quousque

2007 4316 2142 4370 dum
2173 4315 2377 4368 exinde
2409 4330 2641 4385 surgere
2674 4317 2868 4383 posset
2909 4311 3146 4376 invenit,
3194 4326 3408 4380 suaque
3446 4309 3504 4361 in
3537 4313 3694 4361 soter-

2007 4421 2146 4458 num
2201 4403 2460 4456 libertate
2508 4403 2799 4470 deceptus,
2848 4401 3018 4469 hujus
3062 4399 3244 4452 ruinas
3291 4397 3551 4451 latuisset
3591 4413 3694 4466 op-

2004 4509 2224 4563 pressu,
2257 4492 2368 4545 nisi
2407 4507 2536 4544 eum
2590 4495 2714 4560 post
2765 4489 2996 4554 Christi,
3049 4505 3151 4558 per
3202 4504 3304 4540 sua
3349 4486 3552 4556 gratia,
3605 4501 3692 4538 re-

2005 4585 2250 4636 levasset
2317 4583 2615 4646 adventus,
2684 4580 2784 4650 qui
2859 4596 2960 4648 per
3021 4594 3186 4631 nova;
3251 4575 3696 4644 regenerationis
3779 4617 3794 4628 .

2005 4669 2484 4741 puriﬁcationem,
2541 4685 2713 4722 omne
2768 4666 3048 4737 praeteriti
3089 4665 3315 4732 vitium,
3368 4665 3456 4718 sui
3502 4663 3693 4733 bapti-

2005 4759 2200 4814 smatis
2227 4760 2449 4812 lavacro
2481 4757 2767 4826 purgavit.

2457 4847 2582 4900 CAP.
2616 4846 2728 4900 XII.
2757 4873 2828 4886 -—
2853 4849 2927 4900 De
2952 4845 3137 4898 eadem
3164 4859 3242 4906 re,

2079 4935 2188 5006 (Ea:
2232 4936 2374 4989 decr.
2437 4935 2718 5004 ejusdem.)
2778 4934 2938 4998 Quod
2990 4947 3180 4997 nemo,
3231 4931 3339 4984 nisi
3389 4947 3491 5001 per
3534 4931 3694 4985 Chri-

2007 5029 2176 5090 stum,
2211 5023 2388 5076 libero
2417 5023 2562 5076 bene
2611 5027 2801 5075 utatur
2846 5020 3085 5075 arbitrio
3133 5020 3283 5074 idem
3339 5019 3609 5089 magister
3637 5020 3695 5072 in

2007 5113 2246 5183 epistola
2287 5113 2354 5166 ad
2407 5111 2795 5166 Milevitanum
2845 5110 3150 5163 concilium
3202 5109 3352 5172 data,
3404 5107 3694 5178 praedicat,

2008 5201 2201 5254 dicens
2229 5216 2242 5254 :
2273 5199 2516 5254 Adverte
2556 5199 2808 5262 tandem,
2843 5215 2875 5251 ο
2905 5196 3372 5267 pravissimarum
3417 5195 3696 5248 mentium

2009 5304 2272 5360 perversa
2323 5287 2598 5350 doctrina,
2649 5287 2802 5358 quod
2858 5285 3110 5356 primum
3165 5285 3460 5338 hominem
3503 5285 3582 5337 ita
3629 5285 3693 5337 li-

2004 5377 2194 5432 bertas
2224 5376 2348 5446 ipsa
2386 5376 2628 5446 decepit,
2663 5381 2725 5428 ut
2751 5376 2888 5428 dum
2930 5374 3326 5444 indulgentius
3363 5373 3542 5427 frenis
3573 5373 3695 5442 ejus

2009 5467 2207 5530 utitur,
2256 5466 2315 5518 in
2359 5463 2888 5535 praevaricationem
2935 5461 3401 5534 praesumptionis
3442 5462 3698 5516 concide-

2007 5558 2112 5616 ret,
2176 5571 2278 5608 nec
2335 5571 2400 5608 ex
2453 5553 2557 5606 hac
2612 5553 2800 5622 potuit
2847 5553 2992 5616 erui,
3054 5551 3160 5604 nisi
3221 5552 3270 5604 ei
3339 5551 3696 5620 providentia
