3950 6312
209 272 331 323 1021

1136 270 1610 325 DECRETORUM
1655 270 1841 324 LIBRI
1881 270 1988 324 XX.
2034 298 2097 308 —-
2140 270 2343 323 LIBER
2382 268 2770 323 VICESIMUS.

3570 272 3704 323 1022

203 392 688 463 regenerationis,
752 392 945 446 statim
1026 392 1287 462 pristinae
1337 392 1613 446 libertatis
1680 393 1887 447 Christi
1918 394 1963 446 Α
2003 409 2129 462 quae
2178 392 2269 446 hic
2322 392 2463 445 scire
2519 408 2621 463 per
2670 391 3130 460 experimentum
3217 410 3333 446 non
3370 409 3701 463 possumus.

206 482 441 536 Domini
468 482 833 535 reformasset
864 482 1185 535 adventum.

205 570 333 625 CAP.
368 570 503 624 XIII.
536 599 608 610 —
638 570 789 635 Quod
820 571 971 623 homo
1002 573 1073 623 sit
1104 573 1180 623 sic
1225 573 1432 638 positus
1464 573 1520 623 in
1548 572 1830 638 paradiso,
1853 575 1906 624 si

275 642 523 695 obediens
573 645 934 709 permaneret,
1007 642 1330 710 quandoque
1378 642 1451 695 ad
1499 644 1755 696 caelestem
1799 658 1901 711 pa-

277 715 443 765 triam
471 714 587 765 sine
612 714 793 765 carnis
816 718 982 765 morte
1014 716 1312 765 transiret”

278 802 533 868 (Greg.in
554 803 669 853 suis
683 801 875 854 Moral.
907 801 1041 853 dicit
1071 800 1206 868 :)Ad
1232 802 1417 854 hocin
1446 802 1712 871 paradiso
1727 801 1903 853 homo

202 888 428 959 positus
458 889 662 952 fuerat,
708 893 768 941 ut
817 888 862 940 si
910 905 967 941 se
1016 889 1085 941 ad
1136 890 1447 942 conditoris
1501 889 1589 942 sui
1638 890 1905 943 obedien-

204 978 346 1031 tiam
410 977 649 1030 vinculis
706 977 998 1030 charitatis
1072 977 1431 1048 astringeret,
1491 979 1560 1031 ad
1618 979 1903 1032 ccelestem

208 1066 547 1135 angelorum
595 1067 862 1136 patriam,
908 1067 1254 1136 quandoque
1306 1068 1427 1119 sine
1476 1068 1663 1119 carnis
1720 1072 1904 1120 morte

208 1155 494 1208 transiret.
555 1154 644 1208 Sic
692 1170 938 1223 namque
992 1154 1335 1207 immortalis
1385 1160 1468 1207 est
1508 1154 1794 1221 conditus,
1843 1159 1906 1207 ut

208 1247 398 1296 tamen
430 1243 476 1295 si
502 1247 780 1312 peccaret,
829 1246 887 1295 et
942 1243 1083 1295 mori
1134 1248 1327 1312 posset
1363 1260 1374 1297 :
1409 1248 1465 1295 et
1521 1243 1601 1295 sic
1646 1243 1903 1296 mortalis

207 1341 293 1385 est
324 1332 610 1396 conditus,
662 1338 727 1385 ut
776 1332 822 1384 si
875 1348 989 1384 non
1041 1338 1316 1402 peccaret.
1370 1332 1542 1385 etiam
1593 1348 1704 1384 non
1758 1333 1904 1385 mori

206 1426 399 1490 posset
433 1437 444 1473 :
481 1426 649 1491 atque
682 1438 741 1473 ex
779 1421 980 1473 merito
1014 1422 1181 1473 liberi
1223 1420 1443 1473 arbitrii
1490 1420 1900 1473 beatitudinem

206 1508 362 1561 illius
409 1508 663 1577 regionis
726 1509 1051 1579 attingeret,
1101 1511 1161 1562 in
1219 1526 1332 1579 qua
1379 1510 1463 1561 vel
1516 1526 1771 1577 peccare,
1818 1510 1900 1561 vel

211 1597 355 1649 mori
388 1613 497 1649 non
526 1601 735 1666 posset.
774 1598 874 1651 Ubi
907 1597 1083 1665 igitur
1113 1604 1243 1668 post
1286 1598 1695 1667 redemptionis
1753 1602 1900 1650 tem—

207 1702 332 1756 pus,
370 1685 555 1738 carnis
587 1691 770 1739 morte
804 1687 1142 1757 interposita
1182 1687 1345 1739 electi
1404 1692 1723 1754 transeunt,
1773 1687 1906 1739 illuc
1939 1670 1976 1722 Β

207 1775 405 1845 procul
437 1774 611 1828 dubio
641 1781 906 1845 parentes
963 1776 1135 1846 primi
1191 1776 1239 1828 si
1283 1777 1340 1828 in
1393 1775 1738 1829 conditionis
1790 1793 1906 1829 suae

209 1867 358 1915 statu
426 1862 829 1931 perstitissent,
914 1864 1083 1916 etiam
1148 1864 1270 1917 sine
1331 1871 1513 1916 morte
1600 1880 1905 1934 corporum

209 1950 504 2003 transferri
536 1950 878 2021 potuissent.

209 2041 336 2094 CAP.
372 2040 503 2094 XIV.
530 2070 599 2079 —
632 2040 784 2108 ()uod
810 2056 903 2093 nos
955 2041 1199 2093 carnales
1248 2043 1305 2092 in
1344 2041 1506 2105 hujus
1549 2042 1707 2093 exitii
1754 2044 1905 2094 caeci-

281 2115 389 2163 tate
435 2113 571 2171 nati,
622 2126 789 2179 puero
855 2115 911 2164 in
954 2126 1165 2164 carcere
1215 2117 1363 2174 nato,
1422 2117 1472 2163 et
1528 2115 1737 2164 nutrito
1762 2128 1901 2165 com-

279 2193 553 2250 paremur.

282 2255 391 2315 (Εω
422 2252 638 2318 dialogo
672 2252 859 2322 Greg.)
910 2254 1218 2321 Postquam
1267 2253 1335 2305 de
1388 2253 1636 2321 paradisi
1682 2253 1905 2323 gaudiis

206 2340 376 2410 culpa
421 2341 681 2409 exigente
735 2342 936 2410 pulsus
988 2346 1073 2394 est
1116 2341 1336 2411 primus
1392 2342 1630 2394 humani
1678 2342 1905 2411 generis

206 2444 433 2497 parens,
464 2430 520 2481 in
554 2429 723 2499 hujus
755 2429 911 2483 exilii
964 2434 1131 2499 atque
1185 2430 1478 2497 caecitatis,
1529 2446 1702 2500 quam
1749 2431 1903 2501 pati-

207 2534 338 2571 mur
385 2534 687 2572 erumnam
738 2518 894 2571 venit
940 2519 1123 2587 :quia
1180 2523 1412 2588 peccato
1480 2524 1637 2571 extra
1695 2525 1901 2573 semet-

204 2607 395 2675 ipsum
427 2606 606 2671 fusus,
638 2609 757 2676 jam
808 2608 905 2659 illa
935 2607 1174 2661 caelestis
1218 2607 1421 2677 patriae
1475 2606 1703 2676 gaudia,
1773 2624 1900 2678 quae

204 2694 365 2765 prius
431 2696 944 2765 contemplabatur,
1020 2694 1209 2748 videre
1270 2712 1385 2749 non
1442 2696 1650 2764 potuit.
1719 2697 1900 2749 Homo

205 2784 419 2854 quippe
452 2784 508 2837 in
542 2785 806 2853 paradiso
836 2791 1163 2837 assueverat
1195 2784 1383 2838 verbis
1426 2784 1524 2837 Dei
1574 2786 1812 2854 perfrui,
1847 2790 1902 2839 et

207 2873 507 2925 beatorum
537 2874 876 2943 angelorum
922 2873 1216 2943 spiritibus
1263 2874 1446 2927 cordis
1504 2874 1808 2939 mundicia,
1844 2880 1900 2927 et

2014 483 2299 552 Quotquot
2353 496 2488 550 ergo
2538 482 2687 533 hunc
2718 480 2996 549 Spiritum
3041 486 3297 534 sanctum
3357 482 3704 535 biereditatis

2016 576 2225 623 nostrae
2248 569 2457 639 pignus
2488 569 2812 637 accepimus
2846 587 2857 621 :
2888 569 2957 621 de
2990 569 3103 621 vita
3146 570 3521 623 invisibilium
3592 586 3709 623 non

2016 659 2364 712 dubitemus.
2398 658 2666 727 Quisquis
2695 664 2889 711 autem
2920 658 2977 710 in
3005 659 3111 711 hac
3138 660 3471 712 credulitate
3523 661 3708 713 adhuc

2017 746 2232 800 solidus
2263 763 2376 800 non
2410 752 2510 812 est,
2554 746 2722 799 debet
2752 747 2951 814 procul
3002 747 3177 800 dubio
3218 748 3502 815 majorum
3546 746 3709 800 dictis

2015 836 2272 905 praebere
2320 836 2514 901 fidem,
2568 836 2762 905 eisque
2808 836 2924 905 jam
2979 852 3082 904 per
3130 835 3406 904 Spiritum
3450 841 3709 889 sanctum

2014 923 2390 976 invisibilium
2457 922 2911 990 experimentum
3009 923 3354 976 habentibus
3430 926 3705 977 credere:

2016 1012 2149 1081 quia
2200 1012 2405 1063 stultus
2453 1026 2596 1080 puer
2655 1015 2740 1062 est
2775 1010 2821 1062 si
2859 1015 3100 1063 matrem
3156 1010 3284 1063 ideo
3340 1011 3581 1064 mstimet
3640 1011 3711 1064 de

2015 1100 2139 1152 luce
2174 1098 2426 1165 mentiri,
2472 1098 2609 1168 quia
2661 1098 2783 1167 ipse
2831 1098 2975 1151 nihil
3024 1098 3177 1151 aliud
3233 1115 3404 1169 quam
3443 1100 3706 1152 tenebras

2015 1204 2074 1241 ca
2085 1187 2258 1240 rceris
2288 1187 2534 1256 agnovit.

2016 1295 2145 1348 CAP.
2176 1294 2280 1347 XV.
2340 1324 2406 1332 —
2451 1293 2602 1357 Quod
2630 1294 2811 1346 nullus
2852 1310 2949 1360 per
2987 1296 3328 1361 semetipsum
3380 1294 3545 1347 bonus
3582 1296 3711 1361 ﬁeri

2160 1408 2161 1411 η
2757 1366 2949 1432 possit.

2087 1452 2196 1522 (Ea:
2226 1452 2396 1505 dcere.
2431 1453 2666 1505 Ccelesti.
2700 1468 2860 1521 papae
2890 1454 2908 1518 )
2958 1452 3256 1505 Neminem
3293 1469 3410 1506 esse
3465 1470 3569 1523 per
3621 1471 3708 1508 se-

2016 1541 2323 1610 metipsum
2358 1541 2595 1605 bonum,
2644 1540 2754 1592 nisi
2786 1540 3281 1609 participationem
3333 1541 3421 1593 sui
3468 1541 3561 1593 ille
3615 1542 3711 1595 d0-

2016 1634 2133 1692 net,
2174 1629 2274 1699 qui
2331 1630 2484 1681 solus
2541 1633 2624 1680 est
2660 1629 2862 1681 bonus.
2919 1629 3187 1698 Nunquid
3236 1646 3340 1681 nos
3391 1629 3459 1682 de
3508 1645 3710 1682 eorum

2017 1722 2145 1786 post
2170 1716 2289 1769 haec
2322 1721 2540 1768 rectum
2590 1716 2875 1768 mentibus
2925 1716 3294 1779 aestimemus,
3346 1716 3445 1787 qui
3492 1718 3599 1770 sibi
3651 1734 3709 1771 se

2015 1810 2221 1874 putant
2271 1804 2465 1856 deberi
2514 1805 2669 1873 quod
2717 1804 2853 1857 boni
2906 1810 3051 1866 sunt,
3106 1821 3209 1857 nec
3240 1805 3403 1858 illum
3449 1807 3710 1859 conside-

2016 1898 2165 1960 rant,
2200 1894 2360 1960 cujus
2392 1892 2646 1962 quotidie
2679 1894 2920 1962 gratiam
2970 1899 3414 1963 consequantur,
3441 1895 3541 1965 qui
3588 1895 3710 1949 sine

2016 1983 2114 2035 illo
2146 1986 2363 2034 tantem
2392 1998 2450 2033 se
2486 1981 2712 2051 assequi
2742 1997 2905 2050 posse
2930 1982 3268 2035 confidunt?

2451 2070 2578 2124 CAP.
2614 2071 2746 2123 XVI.
2790 2100 2857 2109 —
2892 2073 2962 2123 De
2988 2070 3173 2123 eadem
3205 2086 3279 2123 re.

2085 2158 2193 2226 (Ecc
2223 2159 2417 2211 decret.
2461 2158 2746 2226 ejusdem.)
2795 2158 3091 2211 Neminem
3136 2159 3308 2212 etiam
3350 2158 3709 2228 baptismatis

2013 2248 2197 2316 gratia
2227 2252 2587 2311 renovatum,
2622 2247 2894 2300 idoneum
2940 2264 3054 2299 esse
3088 2248 3157 2300 ad
3188 2248 3535 2317 superandas
3587 2248 3709 2301 dia-

2012 2336 2127 2389 boli
2156 2335 2415 2401 insidias,
2449 2341 2505 2388 et
2527 2336 2595 2389 ad
2620 2335 2960 2388 evineendas
2982 2336 3167 2389 carnis
3195 2336 3707 2406 concupiscentias,

2012 2424 2120 2477 nisi
2145 2440 2248 2493 per
2270 2424 2673 2494 quotidianum
2695 2424 3051 2493 adiutorium
3082 2425 3199 2488 Dei,
3224 2425 3709 2494 perseverantiam

2011 2515 2177 2567 bona:
2208 2514 2657 2567 conversationis
2689 2515 2989 2582 acceperit.
3029 2516 3169 2567 Nam
3223 2515 3482 2584 quamvis
3528 2514 3711 2567 homi-

2011 2618 2142 2655 nem
2174 2604 2483 2657 redimeret
2509 2620 2541 2655 a
2563 2604 2867 2672 prieteritis
2890 2603 2984 2655 ille
3016 2603 3277 2671 peccatis,
3310 2609 3499 2657 tamen
3528 2604 3711 2656 sciens

2009 2691 2216 2744 iterum
2249 2708 2413 2761 posse
2441 2707 2692 2761 peccare,
2725 2692 2793 2744 ad
2837 2692 3254 2761 reparationem
3292 2692 3400 2744 sibi
3432 2693 3707 2760 quemad-

2008 2782 2243 2834 modum
2276 2786 2465 2850 posset
2492 2781 2652 2833 illum
2685 2785 2742 2833 et
2772 2786 2897 2849 post
2921 2780 3028 2833 ista
3058 2781 3367 2849 corrigere,
3387 2782 3567 2833 multa
3594 2798 3711 2834 ser-

2006 2870 2175 2923 vavit.
2213 2870 2555 2934 Quotidiana
2604 2874 2834 2939 praestat
2872 2869 2967 2922 ille
3012 2870 3281 2922 remedia.
3333 2869 3551 2932 Quibus
3596 2870 3708 2923 nisi

206 2962 540 3015 celsitudine
605 2963 837 3015 visionis
912 2962 1207 3027 interesse,
1267 2962 1364 3016 sed
1415 2968 1714 3032 postquam
1791 2963 1903 3016 huc
1935 2949 1976 3005 (ἶ
2013 2959 2142 3012 freti
2172 2958 2487 3027 contisique
2513 2958 2787 3023 nitamur,
2820 2958 3149 3011 nullatenus
3171 2958 3453 3011 humanos
3482 2959 3706 3012 vincere

206 3049 430 3116 cecidit,
462 3049 532 3103 ab
563 3050 684 3116 illo,
721 3068 833 3121 quo
867 3051 1235 3121 implebatur,
1288 3052 1492 3104 mentis
1544 3051 1763 3105 lumine
1819 3068 1903 3104 re-

207 3138 394 3192 cessit.
432 3139 508 3191 Ex
538 3139 699 3207 cujus
750 3139 1015 3193 videlicet
1065 3155 1233 3193 carne
1280 3156 1386 3193 nos
1434 3140 1494 3193 in
1544 3140 1716 3209 hujus
1747 3140 1902 3193 exilii

206 3226 461 3279 caecitate
494 3226 631 3293 nati,
685 3228 951 3280 audimus
1009 3227 1243 3297 quidem
1302 3244 1422 3281 esse
1470 3228 1755 3281 ccelestem
1798 3245 1900 3297 pa-

207 3312 400 3378 triam,
452 3312 719 3364 audimus
784 3312 906 3381 ejus
966 3313 1113 3365 cives
1169 3314 1404 3384 angelos
1460 3314 1580 3377 Dei,
1636 3315 1901 3367 audimus

206 3401 544 3455 earumdem
577 3401 915 3470 angelorum
947 3401 1128 3453 socios
1158 3401 1701 3471 spiritusjustorum
1767 3419 1901 3473 per-

203 3490 501 3554 fectorum,
531 3490 627 3543 sed
663 3489 916 3542 carnales
965 3488 1179 3559 quique
1216 3506 1228 3542 :
1263 3489 1398 3559 quia
1447 3491 1545 3543 illa
1591 3490 1900 3545 invisibilia

204 3578 348 3631 scire
374 3594 493 3631 non
524 3579 712 3631 valent
743 3594 845 3648 per
875 3577 1353 3648 experimentum,
1381 3578 1648 3633 dubitant
1704 3586 1897 3634 utrum

201 3681 277 3721 ne
308 3666 382 3720 sit
436 3667 587 3737 quod
637 3666 1032 3736 corporalibus
1080 3666 1259 3719 oculis
1318 3682 1439 3719 non
1482 3668 1695 3721 vident.
1758 3669 1896 3732 Quae

201 3754 479 3808 nimirum
534 3754 794 3808 dubietas
852 3756 1042 3825 primo
1086 3759 1310 3824 parenti
1359 3761 1553 3809 nostro
1602 3773 1723 3810 esse
1784 3773 1899 3810 non

200 3843 390 3912 potuit
424 3859 436 3896 :
478 3842 615 3913 quia
644 3844 906 3897 exclusus
940 3860 970 3895 a
1001 3843 1253 3914 paradisi
1283 3845 1528 3915 gaudiis,
1582 3847 1690 3899 hoc
1745 3846 1897 3916 quod

202 3931 413 3998 amisit,
446 3932 721 4002 quoniam
754 3932 914 3998 vidit,
967 3932 1271 3986 recolebat.
1333 3934 1394 3986 Hi
1444 3939 1633 3987 autem
1689 3935 1898 3989 sentire

201 4021 289 4075 vel
321 4021 568 4074 recolere
597 4021 791 4074 audita
849 4038 965 4074 non
1012 4027 1251 4091 possunt
1284 4039 1295 4075 :
1349 4022 1479 4093 quia
1523 4039 1723 4077 eorum
1763 4025 1898 4078 nul-

202 4110 325 4163 lum
376 4109 521 4162 sicut
570 4109 663 4162 ille
716 4111 918 4163 saltem
976 4110 1045 4163 de
1093 4112 1384 4181 praeterito
1440 4113 1898 4181 experimentum

2012 3048 2327 3118 poterimus
2360 3063 2600 3101 errores.
2638 3049 2872 3101 Necesse
2902 3052 2987 3100 est
3016 3047 3169 3100 enim
3194 3051 3254 3099 ut
3284 3063 3397 3117 quo
3425 3048 3706 3101 auxilian-

2012 3144 2066 3191 te
2097 3136 2392 3202 vincimus,
2428 3153 2494 3189 eo
2526 3136 2736 3189 iterum
2771 3136 3074 3205 adjuvante
3105 3136 3417 3189 vincamur.

2437 3225 2562 3278 CAP.
2594 3226 2752 3278 XVII.
2785 3254 2851 3264 —
2879 3226 2957 3277 De
2986 3224 3169 3277 eadem
3200 3240 3272 3278 re.

2082 3314 2189 3383 (Em
2219 3314 2411 3366 decret.
2461 3313 2744 3381 ejusdem.)
2794 3313 2951 3376 Quod
3007 3312 3084 3365 ita
3144 3314 3290 3365 Deus
3343 3312 3399 3365 in
3441 3312 3704 3366 cordibus

2009 3401 2308 3456 hominum
2340 3407 2509 3471 atque
2559 3401 2617 3453 in
2667 3402 2786 3470 ipso
2818 3401 2996 3454 libero
3046 3406 3315 3470 operetur
3353 3401 3608 3465 arbitrio,
3642 3407 3705 3454 ut

1998 3495 2203 3543 sancta
2232 3488 2523 3559 cogitatio,
2584 3488 2746 3558 pium
2793 3488 3118 3554 consilium,
3162 3488 3461 3558 omnisque
3513 3495 3703 3543 motus

2006 3579 2175 3633 bona!
2198 3579 2502 3633 voluntatis
2536 3595 2602 3631 ex
2635 3580 2749 3632 Deo
2796 3578 2905 3632 sit:
2960 3580 3095 3648 quia
3137 3595 3239 3649 per
3269 3579 3428 3631 illum
3486 3579 3702 3649 aliquid

2008 3669 2145 3722 boni
2172 3684 2499 3738 possumus,
2544 3667 2663 3721 sine
2708 3683 2822 3737 quo
2875 3667 3019 3720 nihil
3070 3683 3390 3737 possumus.
3442 3668 3524 3721 Ad
3558 3668 3703 3720 hanc

2010 3774 2110 3810 nos
2136 3756 2552 3827 professionem
2587 3756 2739 3810 idem
2771 3757 2971 3809 doctor
3004 3756 3270 3809 instituit.
3330 3756 3436 3819 Qui
3465 3771 3590 3809 cum
3632 3757 3703 3809 ad

2007 3847 2181 3900 totius
2215 3846 2365 3899 orbis
2397 3845 2696 3914 episcopos
2728 3845 2795 3900 de
2852 3845 3060 3899 divinas
3097 3845 3295 3915 gratiae
3328 3845 3703 3914 opitulatione

2010 3936 2360 4005 loqueretur.
2403 3934 2564 3998 Quod
2594 3950 2749 4002 ergo,
2801 3934 2902 4001 ait,
2932 3938 3160 4003 tempus
3205 3934 3530 3999 intervenit,
3590 3950 3704 4003 quo

2006 4041 2124 4079 non
2156 4024 2277 4094 ejus
2309 4039 2577 4093 egeamus
2605 4022 2860 4076 auxilio?
2892 4023 2953 4076 In
2987 4022 3253 4075 omnibus
3285 4022 3464 4092 igitur
3487 4023 3705 4076 actibus

2009 4114 2327 4184 causisque,
2360 4112 2823 4181 cogitationibus,
2877 4112 3147 4179 motibus,
3203 4112 3430 4182 adjutor
3477 4117 3535 4165 et
3576 4130 3705 4182 pro-

202 4202 421 4252 tenent.
468 4201 544 4252 Ac
600 4199 647 4251 si
695 4199 848 4252 enim
894 4214 1198 4270 praegnans
1258 4200 1467 4254 mulier
1516 4201 1777 4255 mittatur
1840 4204 1897 4255 in
1928 4226 1968 4278 ι)
2009 4206 2190 4256 tector
2222 4201 2474 4254 orandus
2503 4205 2604 4254 est.
2638 4199 2957 4269 Superbum
2988 4205 3072 4252 est
3099 4199 3273 4263 enim,
3308 4205 3371 4253 ut
3395 4200 3703 4271 quicquam

203 4303 508 4352 carcerem,
540 4287 734 4357 ibique
763 4303 1007 4357 puerum
1058 4290 1264 4358 pariat,
1316 4289 1413 4359 qui
1460 4294 1628 4343 natus
1664 4307 1807 4359 puer
1836 4291 1899 4344 in

203 4391 429 4429 carcere
465 4376 751 4431 nutriatur
811 4382 865 4430 et
904 4382 1135 4442 crescat,
1190 4378 1280 4431 cui
1328 4378 1374 4431 si
1428 4378 1661 4431 fortasse
1718 4383 1900 4433 mater

204 4480 335 4535 quas
366 4480 496 4517 eum
525 4465 744 4533 genuit,
800 4465 998 4531 solem,
1053 4467 1269 4531 lunam,
1319 4468 1533 4535 stellas,
1591 4472 1813 4521 montes
1845 4474 1900 4522 et

203 4569 454 4623 campos,
502 4554 757 4607 volantes
815 4570 963 4619 aves,
1021 4561 1311 4609 currentes
1373 4573 1553 4627 equos
1613 4556 1894 4623 nominet,

203 4643 298 4696 ille
327 4658 460 4694 vero
492 4642 592 4712 qui
622 4642 789 4695 estin
836 4658 1059 4695 carcere
1109 4648 1275 4695 natus
1318 4649 1374 4697 et
1423 4644 1691 4712 nutritus,
1756 4645 1897 4698 nihil

204 4730 360 4785 aliud
394 4746 567 4799 quam
598 4731 861 4784 tenebras
893 4730 1135 4784 carceris
1188 4731 1347 4799 sciat,
1382 4737 1436 4785 et
1488 4733 1607 4786 haec
1664 4734 1897 4803 quidem

203 4836 323 4873 esse
354 4818 562 4882 audiat,
598 4820 695 4873 sed
726 4819 861 4889 quia
891 4836 955 4873 ea
982 4834 1085 4888 per
1115 4820 1575 4889 experimentum
1627 4838 1742 4875 non
1795 4838 1896 4874 no-

203 4909 301 4973 vit,
333 4908 609 4961 veraciter
647 4925 766 4961 esse
798 4908 1039 4968 difiidat.
1076 4908 1157 4962 ita
1181 4912 1239 4961 in
1272 4910 1377 4962 hac
1406 4910 1563 4962 exilii
1617 4910 1705 4963 sui
1737 4911 1898 4965 caeci-

204 5002 317 5050 tate
352 4997 466 5049 nati
514 4997 796 5063 homines,
844 4999 980 5051 dum
1028 5014 1148 5051 esse
1206 5014 1428 5051 summa
1487 5005 1543 5051 et
1592 4999 1900 5053 invisibilia

205 5084 462 5153 audiunt,
512 5086 780 5140 difﬁdunt
826 5104 898 5140 an
940 5103 1074 5140 vera
1123 5086 1286 5140 sint:
1337 5086 1473 5157 quia
1522 5088 1644 5140 sola
1682 5087 1803 5142 haec
1842 5088 1897 5141 in

205 5174 415 5245 quibus
443 5175 563 5228 nati
599 5180 749 5242 sunt,
783 5175 981 5229 inﬁma
1012 5180 1066 5229 et
1107 5176 1353 5230 visibilia
1388 5181 1690 5229 noverunt.
1744 5177 1900 5231 Unde

205 5264 417 5318 factum
465 5270 552 5318 est
599 5270 661 5318 ut
711 5264 834 5334 ipse
880 5265 1255 5319 invisibilium
1302 5271 1358 5319 et
1396 5264 1704 5317 visibilium
1737 5281 1897 5319 crea-

208 5358 315 5417 tor,
365 5352 438 5406 ad
476 5352 715 5406 humani
764 5353 990 5423 generis
1046 5353 1507 5424 redemptionem
1566 5352 1900 5421 unigenitus

207 5441 381 5511 pairis
410 5442 646 5507 veniret,
676 5448 732 5496 et
760 5442 1036 5512 Spiritum
1089 5448 1341 5497 sanctum
1372 5442 1443 5496 ad
1472 5442 1647 5496 corda
1706 5446 1900 5495 nostra

208 5530 483 5595 mitteret,
527 5535 809 5601 quatenus
861 5548 966 5601 per
1024 5548 1156 5586 eum
1200 5531 1463 5586 vivificati
1517 5531 1896 5593 crederemus,

2010 4290 2114 4343 sibi
2137 4291 2389 4343 humana
2423 4293 2625 4341 natura
2663 4292 2996 4357 praesumat,
3056 4287 3336 4341 clamante
3387 4287 3656 4357 Apostolo
3688 4304 3700 4340 :

2010 4380 2131 4433 Non
2164 4384 2249 4431 est
2299 4378 2462 4432 nobis
2506 4378 2826 4430 colluctatio
2880 4376 3150 4430 adversus
3196 4392 3425 4430 carnem
3474 4382 3531 4430 et
3574 4393 3701 4429 san-

2008 4467 2263 4537 guinem,
2294 4466 2390 4519 sed
2416 4471 2615 4518 contra
2644 4464 2931 4535 principes
2964 4471 3019 4517 et
3042 4469 3346 4534 potestates
3401 4465 3545 4517 acris
3596 4466 3701 4519 hu-

2002 4556 2116 4625 jus,
2150 4561 2349 4609 contra
2380 4554 2659 4623 spiritalia
2691 4553 2965 4623 nequitiae
2998 4554 3058 4606 in
3102 4554 3445 4607 coelestibus.
3504 4555 3569 4607 Et
3628 4554 3700 4607 si-

2007 4648 2101 4697 cut
2128 4644 2248 4713 ipse
2283 4644 2490 4696 iterum
2517 4642 2655 4695 dicit
2683 4659 2694 4695 :
2738 4642 2937 4696 Infelix
2970 4658 3076 4712 ego
3124 4642 3320 4707 homo,
3354 4643 3481 4713 quis
3514 4658 3604 4696 me
3635 4642 3703 4695 li-

2007 4734 2228 4787 berabit
2274 4733 2344 4786 de
2392 4748 2632 4802 corpore
2679 4730 2878 4784 mortis
2921 4731 3136 4800 hujus?
3203 4732 3394 4785 Gratia
3450 4731 3547 4785 Dei
3604 4746 3706 4801 per

2007 4825 2198 4877 Iesum
2253 4821 2539 4876 Christum
2625 4819 2927 4873 Dominum
2988 4824 3266 4873 nostrum.
3341 4820 3408 4873 Et
3451 4820 3700 4873 iterum:

2012 4911 2201 4965 Gratia
2234 4911 2329 4963 Dei
2372 4925 2496 4961 sum
2532 4908 2587 4961 id
2621 4908 2776 4978 quod
2836 4924 2960 4961 sum
3011 4913 3067 4960 et
3098 4908 3281 4977 gratia
3336 4908 3458 4977 ejus
3505 4908 3561 4959 in
3612 4923 3703 4960 me

2012 5014 2185 5051 vacua
2215 5014 2327 5049 non
2357 4996 2481 5061 fuit,
2516 4996 2608 5048 sed
2645 4996 2772 5064 plus
2802 4995 2914 5048 illis
2944 4996 3208 5049 omnibus
3237 4992 3490 5049 laboravi
3529 5015 3539 5049 :
3580 4996 3700 5049 Non

2009 5104 2115 5157 ego
2146 5091 2358 5147 autem,
2394 5085 2491 5139 sed
2524 5084 2708 5153 gratia
2735 5084 2835 5137 Dei
2869 5100 3112 5138 mecum.

2010 5195 2136 5247 CAP.
2170 5194 2354 5248 XVIII.
2380 5223 2447 5231 —-
2489 5192 2645 5256 Quod
2684 5195 2868 5257 gratia
2889 5192 3079 5245 divina
3116 5207 3223 5245 non
3268 5192 3439 5245 solum
3480 5196 3702 5259 peccata

2168 5265 2433 5328 dimittat,
2465 5264 2560 5317 sed
2590 5266 2753 5316 etiam
2786 5264 3009 5330 adjuvet
3038 5279 3102 5315 ne
3122 5265 3545 5316 committantur.

2082 5353 2334 5423 (Gregor.
2368 5356 2427 5406 in
2456 5355 2571 5406 suis
2601 5353 2793 5407 Morat.
2830 5352 2962 5405 dicit
2997 5354 3033 5417 :)
3057 5351 3218 5415 Quod
3248 5351 3430 5420 gratia
3464 5351 3560 5404 Dei
3586 5368 3699 5404 non

2010 5444 2191 5495 solum
2226 5446 2452 5513 peccata
2482 5441 2751 5505 dimittat,
2786 5440 2885 5494 sed
2932 5440 3105 5493 etiam
3152 5440 3381 5510 adjuvet
3435 5456 3504 5493 ne
3554 5457 3705 5493 com-

2010 5532 2331 5597 mittantur,
2365 5537 2420 5583 et
2457 5532 2542 5584 lex
2575 5528 2900 5598 impleatur,
2963 5544 3076 5581 non
3126 5528 3266 5581 sicut
3318 5528 3395 5581 ait
3443 5528 3704 5599 Pelagius
