3950 6350
180 411 313 464 1023

1258 403 1659 460 BURCHARDI
1699 399 2229 458 WORMACIENSIS
2267 396 2600 454 EPISCOPI.

3538 401 3557 451 l
3570 399 3672 451 024

168 529 355 597 facile,
389 528 552 600 quasi
578 529 700 583 sine
734 527 915 600 gratia
948 526 1049 582 Dei
1078 525 1368 582 difﬁcilius
1415 527 1592 596 possit
1617 527 1862 596 impleri.
1893 525 1940 577 A
1979 540 2203 610 generis
2232 539 2471 594 Abl-aha
2505 555 2607 609 per
2639 540 2792 593 Isaac
2819 537 3224 608 ρι-θεάθειίηδιδ
3245 537 3369 603 fuit,
3407 554 3508 592 cur
3537 554 3673 592 con-

172 618 318 672 Illud
352 619 525 671 etiam
550 618 699 687 quod
736 619 887 670 intra
919 616 1380 686 Carthaginensis
1411 617 1610 684 synodi
1641 617 1866 670 decreta

173 700 547 753 constitutum
600 705 703 764 est,
767 699 930 770 quasi
985 700 1282 769 preprium
1342 701 1666 769 apostolicae
1715 701 1865 754 sedis

174 789 598 856 amplectimur,
632 788 786 858 quod
819 788 1032 841 scilicet
1060 788 1228 841 tertio
1266 788 1513 858 capitulo
1561 789 1864 843 deﬁnitum

173 879 301 928 est:
333 881 396 928 ut
425 877 754 946 quicunque
783 876 991 929 dixerit
1033 875 1276 944 gratiam
1337 876 1456 939 Dei,
1505 893 1620 946 qua
1661 879 1864 947 justiﬁ-

171 979 371 1030 caniur
401 979 502 1032 per
531 965 721 1018 Jesum
767 964 1052 1016 Christum
1107 964 1411 1018 Dominum
1467 971 1748 1029 nostrum,
1795 967 1863 1020 ad

174 1051 571 1104 remissionem
651 1053 826 1105 solam
884 1057 1245 1121 peccatorum
1320 1055 1504 1106 valere
1573 1071 1702 1124 que
1742 1055 1864 1124 jam

171 1140 476 1193 commissa
510 1146 660 1204 sunt,
695 1155 807 1193 non
840 1140 1010 1194 etiam
1039 1141 1108 1193 ad
1145 1142 1493 1210 adjutorium
1521 1149 1584 1195 ut
1615 1159 1727 1196 non
1762 1144 1864 1196 ad-

172 1229 495 1295 mittantur,
554 1228 858 1282 anathema
911 1229 1000 1283 sit.
1055 1231 1120 1283 Et
1175 1231 1385 1283 iterum
1446 1237 1651 1300 quarto
1703 1233 1863 1302 capi—

171 1318 292 1370 tulo
327 1317 635 1387 :Quisquis
667 1317 884 1383 dixerit,
920 1319 1163 1387 gratiam
1187 1319 1286 1373 Dei
1319 1335 1423 1388 per
1469 1320 1658 1374 Jcsum
1703 1321 1862 1374 Chri-

169 1409 320 1458 stum
353 1411 588 1475 propter
620 1407 727 1459 hoc
759 1412 984 1460 tantum
1018 1423 1119 1460 nos
1169 1407 1437 1477 adjuvare
1466 1425 1582 1461 non
1629 1409 1697 1462 ad
1731 1426 1862 1479 pec-

171 1496 415 1548 candum
446 1511 459 1548 :
492 1496 629 1566 quia
660 1511 761 1565 per
788 1497 975 1564 ipsum
1026 1495 1189 1548 nobis
1239 1498 1522 1549 revelatur
1571 1503 1627 1550 et
1670 1499 1863 1567 aperi-

171 1587 264 1635 tur
315 1583 694 1652 intelligentia
741 1585 1139 1638 mandatorum
1180 1585 1296 1650 Dei,
1332 1590 1391 1638 ut
1434 1586 1677 1639 sciamus
1724 1586 1860 1658 quid

171 1677 464 1740 appetere,
501 1677 556 1724 et
587 1671 721 1741 quid
763 1673 943 1726 vitare
983 1673 1314 1739 debeamus,
1362 1691 1477 1727 non
1520 1680 1711 1727 autem
1761 1692 1863 1744 per

1967 628 2169 699 jugem
2200 628 2448 682 sterilem
2480 628 2736 698 accepit?
2765 627 2870 681 Sed
2902 626 3178 681 nimirum
3212 632 3435 681 constat
3468 644 3480 681 :
3537 629 3671 698 quia

1974 717 2401 789 predestinatio
2446 719 2712 788 precibus
2739 717 3028 785 impletur,
3071 717 3302 786 quando
3357 717 3404 769 is
3451 717 3508 769 in
3556 734 3669 786 quo

1978 807 2124 860 Deus
2192 805 2572 876 multiplicare
2607 821 2800 859 semen
2849 805 3090 858 Abrahe
3138 805 3664 874 predestinaverat,

1976 895 2235 948 oratione
2266 894 2537 960 obtinuit,
2571 899 2632 946 ut
2661 894 2840 948 ﬁlium
2877 893 3086 946 habere
3118 894 3416 963 potuisset.

1976 984 2102 1036 CAP.
2138 985 2266 1038 XXI.
2300 1013 2368 1021 -—-
2395 985 2474 1035 De
2509 982 3005 1051 Deiprevidentia,
3033 983 3197 1035 simul
3229 987 3278 1034 et
3302 982 3663 1050 providentia.

2044 1069 2307 1139 (August.
2331 1069 2466 1123 dicit
2490 1071 2545 1121 in
2563 1070 2636 1121 lib
2674 1069 2739 1121 de
2763 1069 3243 1122 [medestiriatione
3265 1067 3302 1138 :)
3325 1068 3426 1122 Om
3438 1068 3669 1134 nejudi-

1973 1159 2124 1211 cium
2155 1158 2242 1210 sui
2273 1158 2584 1210 secundum
2617 1163 2904 1218 naturam,
2937 1173 3065 1226 que
3094 1156 3200 1208 sibi
3253 1156 3508 1226 subjecta
3534 1161 3670 1208 sunt

1973 1247 2425 1316 comprehendit.
2461 1247 2556 1299 Est
2574 1251 2762 1299 autem
2790 1247 2903 1299 Deo
2925 1261 3152 1314 semper
3171 1251 3418 1298 eternus
3441 1261 3504 1298 ac
3529 1261 3668 1314 pre-

1973 1336 2256 1388 sentarius
2283 1339 2479 1388 status.
2516 1334 2763 1389 Scientia
2791 1350 3018 1402 quoque
3051 1333 3174 1402 ejus
3194 1349 3425 1386 omnem
3459 1339 3670 1402 tempo-

1973 1423 2050 1476 ris
2080 1439 2444 1492 supergressa
2475 1423 2792 1486 notionem,
2826 1422 2884 1474 in
2916 1438 3029 1474 sue
3077 1427 3271 1474 manet
3301 1421 3665 1491 simplicitate

1973 1512 2333 1582 presentie:
2387 1510 2725 1580 inﬁnitaque
2792 1509 3069 1580 preteriti
3129 1526 3191 1562 ac
3243 1509 3419 1562 futuri
3476 1509 3666 1578 spacia

1972 1601 2374 1670 complectens,
2409 1600 2601 1653 omnia
2637 1598 2798 1668 quasi
2821 1598 2942 1668 jam
2979 1603 3252 1668 gerantur
3281 1598 3337 1650 in
3370 1615 3473 1652 sua
3520 1597 3664 1651 sim-

1971 1689 2105 1759 plici
2160 1689 2481 1759 cognitione
2553 1687 2891 1740 considerat.
2951 1688 3146 1755 Itaque
3201 1685 3247 1738 si
3300 1686 3662 1756 presentiam

169 1759 329 1814 illam
381 1761 545 1814 nobis
598 1762 875 1830 prestari,
930 1763 1168 1833 utquod
1221 1763 1546 1816 faciendum
1596 1764 1860 1834 cognovi-

2049 1793 2212 1831 nsare
2245 1777 2373 1847 quis
2404 1777 2560 1841 velit,
2612 1792 2725 1844 qua
2750 1780 2954 1828 cuncta
3008 1775 3336 1843 dignoscit:
3388 1790 3501 1826 non
3541 1789 3664 1827 esse

171 1865 319 1916 mus,
344 1849 518 1902 etiam
550 1849 734 1903 facere
780 1850 1085 1919 diligamus
1133 1856 1304 1921 atque
1357 1851 1668 1920 valeamus,
1724 1868 1862 1905 ana-

169 1937 364 1991 thema
386 1938 476 1992 sit.
512 1938 655 1994 Cum
687 1938 1024 1993 enimdicat
1067 1941 1372 2010 Apostolus
1405 1957 1417 1993 :
1470 1939 1715 1994 Scientia
1773 1940 1860 1994 in-

168 2025 286 2092 ﬂat,
340 2026 584 2081 charitas
633 2043 768 2081 vero
815 2027 1100 2082 ediﬁcat:
1157 2029 1319 2082 valde
1364 2029 1608 2098 impium
1662 2034 1745 2083 cst
1803 2035 1863 2084 ut

168 2115 487 2178 credamus,
539 2115 608 2170 ad
657 2132 782 2169 eam
825 2133 953 2187 que
999 2117 1160 2172 inﬂat
1208 2134 1311 2170 nos
1362 2118 1571 2171 habere
1619 2119 1861 2188 gratiam

171 2203 401 2270 Christi,
434 2208 490 2258 et
518 2203 587 2258 ad
619 2220 742 2258 eam
773 2221 899 2278 que
931 2205 1175 2259 ediﬁcat
1203 2222 1319 2259 non
1349 2207 1579 2272 habere,
1613 2223 1742 2260 cum
1792 2208 1863 2260 sit

171 2297 480 2364 utrumque
496 2293 712 2347 donum
736 2293 856 2360 Dei,
875 2298 931 2348 et
946 2294 1087 2347 scire
1102 2293 1238 2365 quid
1254 2294 1437 2348 facere
1453 2295 1783 2362 debeamus,
1809 2301 1865 2350 et

170 2379 411 2451 diligere
449 2386 513 2435 ut
541 2381 836 2446 faciamus,
870 2387 932 2435 ut
952 2382 1269 2436 ediﬁcaute
1301 2383 1598 2450 cliaritate,
1631 2382 1860 2435 scientia

171 2486 288 2524 non
312 2469 724 2540 possitinﬂare.
744 2470 1103 2525 Sicutautem
1125 2471 1194 2525 de
1211 2472 1322 2525 Deo
1339 2471 1612 2542 scriptum
1627 2475 1727 2524 est:
1756 2469 1863 2535 Qui

173 2559 337 2613 docet
356 2559 650 2613 hominem
685 2559 979 2614 scientiam
1015 2577 1028 2614 :
1075 2560 1154 2614 ita
1181 2560 1352 2614 etiam
1408 2561 1679 2630 scriptum
1736 2565 1819 2613 est
1848 2577 1860 2614 :

171 2647 427 2702 Charitas
457 2664 521 2702 ex
556 2649 669 2702 Deo
703 2654 806 2702 est.
834 2650 973 2702 Item
1003 2649 1202 2718 quinto
1249 2649 1451 2718 capite,
1496 2653 1559 2702 ut
1603 2647 1864 2718 quisquis

170 2737 396 2805 dixerit,
453 2737 582 2791 ideo
637 2736 802 2790 nobis
861 2738 1102 2808 gratiam
1152 2737 1578 2808 justiticationis
1626 2737 1768 2798 dari,
1805 2742 1866 2790 ut

171 2826 323 2896 quod
355 2825 539 2880 facere
573 2843 673 2895 per
705 2827 950 2880 liberum
972 2828 1246 2897 jubemur
1279 2827 1601 2892 arbitrium,
1644 2827 1864 2880 facilius

172 2916 458 2984 possimus
489 2915 727 2985 implere
762 2932 863 2986 per
893 2917 1156 2986 gratiam,
1193 2917 1322 2969 licet
1349 2921 1406 2970 et
1435 2917 1478 2968 si
1509 2917 1694 2986 gratia
1747 2931 1864 2970 non

176 3003 430 3066 daretur,
499 3019 614 3057 non
668 3004 905 3075 quidem
963 3005 1144 3072 facile,
1203 3005 1297 3058 sed
1325 3010 1516 3058 tamen
1567 3020 1862 3075 possemus

1972 1865 2334 1936 presentiam
2389 1865 2552 1935 quasi
2602 1863 2800 1926 futuri,
2854 1863 2950 1916 sed
3012 1861 3307 1916 scientiam
3367 1877 3664 1932 nunquam

1970 1955 2288 2009 deﬁcientis
2328 1954 2614 2007 instantiae
2663 1952 2870 2006 rectius
2945 1951 3272 2005 estimabit.
3343 1951 3498 2005 Unde
3552 1967 3665 2004 non

1969 2043 2363 2114 previdentia,
2418 2043 2512 2095 sed
2565 2041 2922 2111 providentia
2972 2041 3162 2110 potius
3195 2039 3451 2093 dicitur:
3510 2040 3666 2110 quod

1969 2147 2196 2202 porroa
2254 2131 2426 2184 rebus
2465 2131 2680 2184 intimis
2732 2129 3059 2196 constituta,
3113 2128 3276 2199 quasi
3322 2128 3393 2181 ab
3449 2127 3668 2181 excelso

1969 2235 2163 2273 rerum
2195 2219 2490 2272 cacumine
2532 2210 3092 2288 cuncta'prospiciat.
3147 2216 3290 2280 Quid
3341 2214 3523 2282 igitur
3572 2214 3667 2268 di-

1971 2309 2214 2362 cendum
2244 2307 2368 2361 est?
2409 2309 2476 2361 Ut
2507 2307 2822 2359 necessaria
2863 2305 3002 2358 ﬁant
3058 2321 3188 2375 que
3218 2303 3410 2358 divino
3453 2303 3668 2357 lumine

1970 2398 2304 2461 lustrentur,
2339 2412 2470 2448 cum
2526 2411 2595 2448 ne
2636 2394 2899 2448 homines
2927 2393 3156 2464 quidem
3216 2390 3536 2446 necessaria
3583 2389 3669 2442 fa-

1971 2485 2124 2539 ciant
2150 2501 2274 2538 esse
2304 2501 2433 2555 que
2462 2482 2730 2537 videant?
2781 2484 2926 2537 Num
2975 2483 3130 2535 enim
3187 2496 3316 2551 que
3365 2478 3674 2549 presentia

1970 2579 2302 2636 cernuntur,
2351 2573 2602 2642 aliquam
2643 2573 2723 2625 eis
2778 2571 3170 2625 necessitatem
3227 2568 3468 2622 videntis
3515 2566 3675 2620 addit

1971 2661 2254 2715 intuitus?
2307 2661 2554 2713 Minime.
2615 2660 2809 2730 Atqui,
2868 2659 2915 2711 si
2954 2664 3038 2712 est
3085 2657 3265 2711 divini
3313 2656 3672 2726 humanique

1973 2749 2274 2820 presentis
2304 2749 2478 2817 digna
2509 2748 2754 2812 collatio,
2779 2749 2864 2801 uti
2895 2747 3156 2801 homines
3187 2747 3294 2799 hoc
3323 2746 3672 2815 temporaria

1973 2838 2240 2909 presenti
2273 2837 2538 2906 quedam
2571 2837 2767 2889 vident
2797 2855 2813 2890 :
2848 2836 2926 2889 ita
2961 2836 3055 2888 ille
3088 2835 3283 2888 omnia
3327 2851 3431 2887 suo
3487 2833 3672 2887 cernit

1975 2932 2208 2980 eterno.
2234 2925 2420 2989 Quare
2448 2925 2570 2978 hec
2595 2924 2787 2978 divina
2825 2926 3126 2993 prenotio,
3161 2929 3426 2976 naturam
3471 2937 3668 2974 rerum

1973 3014 2500 3084 proprietatemque
2531 3029 2649 3066 non
2684 3018 2888 3078 mutat,
2928 3013 3179 3081 taliaque
3225 3011 3378 3080 apud
3410 3026 3468 3063 se
3517 3025 3672 3080 pre-

174 3089 345 3142 etiam
379 3089 500 3143 sine
557 3089 656 3143 illa
696 3091 936 3161 implere
986 3091 1181 3145 divina
1239 3092 1522 3159 mandata,
1565 3092 1870 3145 anathema
1899 3085 1939 3139 C
1980 3103 2158 3156 gentia
2191 3107 2424 3171 spectat.
2461 3101 2658 3171 qualia
2688 3102 2744 3153 in
2776 3105 3033 3171 tempore
3081 3100 3219 3152 Olim
3248 3099 3440 3152 futura
3471 3114 3674 3168 ριουνθ..

174 3177 266 3230 sit.
303 3178 378 3230 De
407 3177 682 3231 fructibus
713 3179 866 3232 enim
919 3179 1322 3237 mandatorum
1361 3181 1632 3234 Dominus
1673 3181 1868 3249 loque-

175 3266 363 3333 batur,
398 3266 491 3320 ubi
522 3283 635 3320 non
666 3268 774 3322 ait:
801 3268 933 3324 Sine
967 3285 1054 3322 me
1079 3269 1367 3322 difﬁcilius
1401 3270 1630 3340 potestis
1662 3270 1865 3335 facere,

177 3355 274 3410 sed
306 3356 387 3409 ait
418 3372 432 3409 :
465 3355 598 3410 Sine
629 3372 718 3409 me
750 3357 890 3410 nihil
923 3359 1154 3428 potestis
1185 3359 1385 3412 facere.

176 3462 304 3517 CAP.
333 3464 461 3517 XIX.
492 3493 560 3504 —
584 3464 736 3532 Quod
765 3465 1174 3533 praedestinatio
1201 3467 1294 3518 Dei
1311 3467 1390 3519 ita
1411 3467 1482 3519 sit
1512 3465 1786 3529 ordinata,
1810 3470 1870 3518 ut

244 3549 307 3587 ea
353 3537 545 3588 nociva
602 3551 720 3602 que
781 3536 1169 3603 predestinata
1218 3541 1366 3602 sunt,
1419 3537 1701 3590 electorum
1736 3550 1868 3604 pre-

244 3605 394 3658 cibus
426 3608 564 3659 solvi
593 3613 807 3672 queunt.

245 3693 493 3761 (Gregor.
529 3698 584 3747 in
609 3709 703 3748 suo
731 3697 953 3762 Dialogo
983 3695 1118 3749 dicit
1151 3698 1192 3764 ε)
1225 3694 1478 3749 Obtineri
1502 3711 1869 3764 nequaquam

179 3787 417 3852 possunt
443 3798 572 3851 que
602 3783 1004 3851 predestinala
1063 3799 1180 3836 non
1221 3783 1434 3837 fuerint
1468 3800 1481 3836 :
1516 3784 1613 3838 sed
1648 3801 1713 3837 ea
1742 3801 1869 3854 que

176 3871 355 3924 sancti
384 3870 488 3922 viri
541 3870 755 3923 orando
787 3870 1062 3937 efﬁciunt,
1123 3871 1202 3924 ita
1254 3871 1658 3940 predestinata
1714 3878 1866 3937 sunt,

175 3964 240 4012 ut
270 3958 536 4028 precibus
562 3959 946 4013 obtineantur.
987 3961 1127 4013 Nam
1161 3959 1284 4030 ipsa
1324 3975 1555 4030 quoque
1600 3962 1870 4030 perennis

177 4047 341 4114 regni
403 4047 854 4116 predestinatio,
919 4049 998 4101 ita
1049 4053 1135 4102 est
1200 4049 1270 4102 ab
1325 4049 1709 4118 omnipotenti
1756 4050 1869 4103 Deo

175 4135 470 4204 disposita,
526 4142 586 4190 ut
636 4137 704 4190 ad
752 4137 855 4190 hoc
909 4137 1073 4191 electi
1119 4153 1182 4190 ex
1237 4138 1432 4191 labore
1489 4138 1864 4206 perveniant:

175 4230 456 4294 quatenus
503 4227 842 4296 postulando
890 4233 1180 4282 mereatur
1241 4227 1516 4296 accipere,
1577 4227 1733 4297 quod
1787 4227 1867 4281 eis

1976 3191 2156 3256 nient,
2211 3206 2315 3243 nec
2375 3205 2563 3243 rerum
2617 3190 2832 3259 judicia
2888 3189 3230 3242 confundit:
3296 3203 3527 3257 unoque
3573 3203 3676 3240 suo

1979 3279 2186 3334 mentis
2219 3278 2427 3332 intuitu
2461 3283 2576 3331 tam
2609 3278 2924 3331 necessarie
2957 3293 3127 3348 quam
3167 3292 3286 3330 non
3339 3275 3676 3344 necessarie,

1978 3376 2215 3423 ventura
2247 3368 2548 3436 dignoscit.
2583 3366 2758 3422 Sicuti
2788 3366 2998 3436 aliquis
3032 3383 3159 3419 cum
3218 3365 3434 3434 pariter
3480 3364 3678 3417 ambu-

1977 3459 2094 3512 lare
2125 3459 2181 3510 in
2211 3462 2362 3510 terra
2398 3455 2714 3522 hominem,
2746 3461 2801 3508 et
2833 3455 2970 3508 oriri
3005 3455 3065 3508 in
3113 3455 3255 3508 caelo
3288 3455 3463 3506 solem
3499 3452 3670 3520 videt,

1979 3561 2312 3616 quanquam
2361 3545 2527 3598 simul
2585 3550 2894 3614 utrumque
2935 3545 3008 3596 sit
3037 3548 3427 3613 conspectum,
3478 3546 3675 3594 tamen

1979 3635 2271 3697 discernit,
2305 3639 2362 3686 et
2389 3633 2494 3685 hoc
2523 3632 2932 3697 voluntarium,
2964 3631 3103 3684 illud
3131 3647 3250 3683 esse
3285 3631 3674 3683 necessarium

1971 3723 2206 3794 judicat.
2244 3723 2324 3776 Ita
2352 3721 2528 3791 igitur
2557 3726 2760 3774 cuncta
2783 3720 3100 3791 despiciens
3151 3719 3376 3773 divinus
3408 3719 3674 3787 intuitus,

1979 3810 2313 3882 qualitatem
2341 3825 2528 3862 rerum
2557 3809 2793 3862 minime
2820 3807 3150 3877 perturbat:
3176 3806 3325 3877 apud
3347 3822 3405 3858 se
3437 3805 3675 3876 quidem

1979 3899 2374 3969 presentium,
2411 3897 2480 3950 ad
2513 3896 2896 3950 conditionem
2948 3911 3081 3948 vero
3132 3893 3410 3964 temporis
3453 3894 3675 3947 futura-

1977 4003 2124 4041 rum.
2159 3987 2280 4050 Quo
2311 3986 2377 4040 ﬁt
2410 3993 2470 4039 ut
2492 3988 2596 4039 hoc
2617 4001 2731 4038 non
2754 3986 2825 4039 sit
2854 3984 3072 4054 opinio,
3098 3983 3192 4036 sed
3224 3983 3459 4036 veritate
3484 3982 3676 4052 potius

1977 4073 2109 4128 nixa
2139 4075 2388 4142 cognitio
2424 4091 2436 4128 :
2471 4091 2600 4128 cum
2649 4073 2962 4126 extiturum
3018 4071 3155 4142 quid
3187 4087 3307 4124 esse
3362 4070 3674 4140 cognoscit,

1979 4164 2115 4233 quid
2163 4163 2314 4216 idem
2342 4163 2620 4216 existendi
2674 4162 3007 4215 necessitate
3041 4177 3232 4214 carere
3265 4177 3376 4214 non
3438 4159 3674 4214 nesciat.

1978 4253 2078 4306 Hic
2116 4251 2164 4305 si
2195 4251 2323 4322 quis
2365 4251 2515 4304 dicat
2559 4251 2712 4321 quod
2744 4255 3084 4304 eventurum
3117 4250 3262 4302 Deus
3284 4249 3453 4314 videt,
3481 4248 3538 4301 id
3562 4264 3679 4302 non

175 4313 543 4410 οωηίρξῖωξδ
576 4314 884 4410 ρθιιες-εξηῖθ
934 4316 1122 4410 δέουίθ
1172 4315 1449 4385 ἀίδροδυίί
1483 4315 1715 4369 άοηθτθ·
1762 4317 1864 4369 Pe‘
1897 4356 1938 4410 ι)
1977 4313 2352 4390 θνθηὶτέιιου
2374 4351 2558 4405 posse,
2581 4313 2739 4404 quod
2767 4341 2958 4388 autem
2999 4349 3113 4386 non
3145 4338 3332 4402 potest
3379 4313 3494 4385 nun
3543 4347 3678 4385 eve-

173 4405 296 4454 trus
329 4418 342 4455 :
376 4402 610 4456 Probari
644 4403 786 4456 mihi
816 4404 1069 4474 apertius
1099 4405 1292 4472 velim,
1337 4405 1382 4457 si
1413 4409 1600 4474 potest
1637 4405 1864 4474 prede-

174 4490 404 4544 stinatio
443 4492 710 4561 precibus
737 4492 1013 4562 adjuvari.

485 4597 616 4652 CAP.
649 4599 750 4652 ΧΧ.
784 4629 849 4639 -
881 4601 1014 4654 Item
1042 4600 1105 4653 :le
1141 4600 1636 4668 predestinatione.

249 4684 359 4750 (Em
384 4685 607 4756 eodem.)
666 4688 780 4740 Hoc
823 4688 976 4757 quod
1032 4704 1136 4758 ego
1187 4689 1347 4741 Petre
1411 4688 1600 4751 intuli,
1653 4688 1867 4742 concita

177 4775 327 4827 valet
356 4773 606 4843 probari.
634 4776 794 4830 Certe
826 4776 1037 4830 etenim
1103 4776 1272 4838 nosti,
1307 4776 1440 4845 quia
1472 4776 1538 4830 ad
1580 4776 1864 4830 Abraham

178 4863 456 4917 Dominus
477 4863 616 4918 dixit
652 4881 664 4918 :
701 4865 765 4918 In
796 4866 949 4919 Isaac
987 4866 1280 4918 vocabitur
1327 4865 1429 4918 tibi
1483 4881 1697 4919 semen.
1757 4866 1870 4920 Cur

175 4953 346 5005 etiam
378 4952 594 5006 dixerat
624 4955 845 5007 Patrem
883 4954 1191 5007 multarum
1215 4952 1471 5022 gentium
1494 4953 1763 5006 constitui
1795 4959 1864 5006 te.

176 5040 279 5094 Cui
331 5057 557 5096 rursum
613 5042 898 5113 promisit,
962 5041 1154 5095 dicens
1213 5059 1224 5094 :
1284 5042 1620 5095 Benedicam
1671 5042 1773 5096 tibi
1813 5047 1871 5095 et

179 5129 572 5200 multiplicabo
604 5149 798 5186 semen
827 5136 989 5184 tuum
1022 5131 1165 5183 sicut
1198 5131 1386 5183 stellas
1417 5131 1565 5192 celi,
1616 5137 1672 5184 et
1716 5132 1870 5184 velut

177 5233 406 5272 arenam
440 5235 566 5290 que
599 5226 681 5273 est
706 5219 766 5274 in
799 5220 986 5272 littore
1042 5219 1228 5272 maris.
1260 5219 1336 5272 Ex
1399 5235 1511 5289 qua
1557 5235 1616 5271 re
1675 5223 1869 5289 aperte

176 5311 396 5360 constat
425 5307 688 5378 intelligi,
721 5309 858 5378 quia
881 5308 1247 5377 omnipotens
1278 5308 1422 5360 Deus
1456 5323 1647 5359 semen
1684 5307 1870 5360 Abra-

177 5395 263 5448 be
293 5396 798 5464 predestinaverat
822 5414 925 5467 per
955 5399 1105 5450 Isaac
1137 5396 1515 5465 multiplicare
1551 5412 1563 5448 :
1593 5401 1649 5448 et
1679 5400 1872 5449 tamen

177 5484 448 5554 scriptum
506 5491 610 5551 est,
672 5487 1007 5557 deprecatus
1063 5490 1146 5539 est
1204 5487 1356 5540 Isaac
1401 5484 1708 5538 Dominum
1767 5500 1871 5553 pro

179 5586 354 5625 uxore
384 5589 505 5640 sua,
539 5590 605 5626 eo
633 5575 782 5644 quod
815 5580 961 5628 esset
989 5574 1215 5637 sterilis,
1252 5573 1350 5643 qui
1381 5573 1670 5627 exaudivit
1713 5589 1867 5639 eum,

179 5658 424 5727 etjdedit
455 5667 794 5733 conceptum
842 5663 1125 5718 Rebecce.
1177 5663 1231 5717 Si
1289 5679 1426 5734 ergo
1474 5663 1872 5734 multiplicatio

1978 4423 2122 4491 nire,
2174 4423 2228 4477 id
2275 4439 2339 4476 ex
2390 4422 2722 4475 necessitate
2743 4423 3094 4492 contingere.
3147 4419 3532 4490 Respondebit
3591 4419 3678 4472 illi

1981 4527 2068 4563 res
2100 4511 2332 4582 quidem
2365 4511 2721 4565 solidissime
2757 4511 3029 4578 veritatis,
3071 4510 3168 4563 scd
3199 4510 3289 4563 cui
3321 4509 3410 4562 vix
3468 4508 3678 4578 aliquis

1978 4600 2086 4653 nisi
2125 4600 2302 4653 divini
2330 4600 2650 4670 speculator
2706 4599 3024 4654 accesserit.
3080 4599 3361 4653 Firmatur
3413 4613 3676 4666 namque

1981 4688 2134 4742 idem
2162 4693 2489 4755 venturum,
2525 4705 2654 4742 cum
2687 4689 2757 4742 ad
2794 4689 3047 4742 divinam
3083 4687 3376 4740 notionem
3429 4686 3678 4738 refertur

1981 4777 2364 4831 necessarium
2403 4793 2417 4830 :
2451 4793 2576 4830 cum
2623 4793 2755 4830 vero
2803 4777 2862 4830 in
2895 4793 2997 4829 sua
3023 4781 3228 4829 natura
3274 4775 3671 4845 perpenditur,

2020 4866 2222 4919 berum
2272 4882 2504 4936 prorsus
2535 4871 2706 4936 atque
2753 4866 3078 4919 absolutum
3129 4865 3329 4918 videri.
3365 4865 3497 4917 Due
3542 4867 3678 4916 sunt

1980 4954 2192 5008 etenim
2251 4957 2633 5020 necessitates,
2667 4955 2906 5024 simplex
2942 4970 3074 5018 una,
3110 4952 3282 5006 veluti
3305 4968 3420 5022 qua
3450 4967 3677 5005 necesse

1981 5047 2066 5096 est
2095 5059 2292 5096 omnes
2320 5042 2582 5096 homines
2612 5059 2732 5096 esse
2766 5044 3068 5097 mortales:
3106 5044 3281 5094 altera
3303 5041 3672 5106 conditionis,

1985 5135 2050 5184 ut
2080 5131 2123 5184 si
2153 5131 2401 5200 aliquem
2434 5133 2728 5185 ambulare
2762 5131 2890 5201 quis
2920 5131 3041 5196 scit,
3079 5147 3210 5184 eum
3242 5130 3537 5184 ambulare
3571 5145 3679 5181 ne-

1984 5234 2137 5272 cesse
2167 5227 2270 5272 est.
2303 5219 2466 5283 Quod
2495 5220 2644 5273 enim
2675 5220 2917 5290 quisque
2951 5219 3130 5284 novit,
3181 5219 3237 5272 id
3270 5234 3391 5271 esse
3419 5218 3586 5271 aliter
3616 5233 3680 5270 ac

1987 5314 2184 5361 notum
2218 5313 2318 5373 est,
2353 5309 2570 5378 nequit.
2597 5309 2705 5363 Sed
2739 5309 2855 5362 hec
2879 5308 3116 5360 minime
3139 5323 3327 5361 secum
3354 5307 3510 5359 illam
3540 5306 3678 5358 sim-

1983 5396 2188 5466 plicem
2223 5397 2415 5450 trahit.
2456 5398 2608 5450 Hanc
2639 5396 2791 5450 enim
2843 5396 3243 5450 necessitatem
3277 5411 3390 5448 non
3449 5395 3680 5464 propria

1984 5485 2118 5539 facit
2173 5491 2400 5553 natura,
2449 5487 2544 5539 sed
2599 5486 2943 5539 conditionis
2992 5485 3256 5551 adjectio.
3309 5484 3474 5537 Nulla
3522 5483 3676 5536 enim

1984 5575 2290 5628 necessitas
2345 5574 2499 5646 cogit
2586 5575 2850 5629 incedere
2901 5576 3193 5628 voluntate
3267 5573 3673 5643 gradientem:

1983 5664 2242 5734 quamvis
2271 5679 2398 5717 cum
2454 5669 2573 5717 tum
2627 5680 2758 5718 cum
2815 5663 3095 5734 graditur,
3159 5662 3420 5717 incedere
3475 5677 3676 5715 neces-
