3950 6382
385 313 516 364 I025

1309 315 1790 372 DECRETORUM
1832 319 2019 374 LIBRI
2056 321 2163 375 XX.
2206 350 2274 358 —-—
2316 321 2524 375 LIBER
2568 322 2949 377 VICESIMUS;

3742 332 3875 383 1026

377 435 590 487 sarium
626 435 717 487 sit.
760 435 969 488 Eodem
1002 434 1179 506 igitur
1216 437 1388 490 modo
1421 438 1465 489 si
1522 438 1660 507 quid
1710 440 2066 508 providentia
2095 445 2142 496 A
2182 440 2418 494 lentium
2452 456 2667 506 vocem,
2715 446 2774 493 ut
2834 447 3039 511 augeat
3094 443 3420 509 utilitatem,
3489 452 3548 497 ut
3599 452 3878 517 purgetur

374 540 628 593 praesens
663 524 832 590 videt,
866 524 925 577 id
965 540 1086 577 esse
1122 542 1351 578 necesse
1399 532 1501 592 est,
1564 530 1788 581 tametsi
1845 530 2067 583 nullam

375 619 595 665 naturae
625 613 832 666 habeat
878 614 1294 669 necessitatem.
1357 617 1530 685 Atqui
1566 618 1707 670 Deus
1753 634 1819 669 ea
1849 618 2063 685 futura,

378 716 504 770 quae
533 717 600 754 ex
630 701 851 753 arbitrii
872 702 1133 755 libertate
1179 704 1547 772 proveniunt,
1597 706 1903 774 prmsentia
1933 722 2067 760 con-

374 795 588 843 tuetur.
635 791 763 843 Haec
798 790 976 857 igitur
1008 791 1077 843 ad
1132 791 1405 844 intuitum
1440 793 1617 845 relata
1675 794 1934 848 divinum
1974 812 2067 848 ne-

377 878 617 931 cessaria
649 879 797 932 ﬁunt
845 895 950 948 per
1002 879 1435 949 dispositionem
1497 881 1706 934 divinae
1767 881 2064 934 notionis:

376 982 481 1036 per
515 983 572 1020 se
607 983 741 1021 vero
795 968 1171 1037 considerata,
1231 970 1299 1021 ab
1354 968 1615 1023 absoluta
1672 975 1890 1023 naturas
1949 987 2065 1023 suae

375 1055 638 1109 libertate
688 1072 804 1109 non
841 1057 1129 1110 desinunt.
1196 1057 1357 1110 Fient
1411 1058 1591 1127 igitur
1642 1060 1837 1127 procul
1890 1059 2067 1123 dubio

376 1149 579 1197 cuncta
609 1161 737 1215 qua:
774 1145 963 1198 futura
1021 1146 1168 1199 Deus
1199 1162 1320 1198 esse
1371 1147 1691 1215 praenoscit,
1727 1148 1822 1201 sed
1870 1163 2067 1201 eorum

374 1232 640 1301 quaedam
699 1234 767 1285 de
829 1233 1008 1286 libero
1066 1234 1512 1303 proﬁciscuntur
1569 1235 1806 1288 arbitrio
1864 1253 1875 1289 :
1938 1251 2065 1305 quae

374 1321 633 1389 quamvis
665 1321 933 1375 eveniant
990 1323 1308 1387 existendo,
1372 1328 1558 1376 tamen
1622 1329 1885 1377 naturam
1934 1341 2063 1394 pro-

373 1408 559 1478 priam
596 1425 710 1463 non
744 1410 1012 1463 amittunt
1043 1425 1155 1479 qua
1196 1410 1355 1481 prius
1389 1427 1561 1481 quam
1608 1411 1833 1477 ﬁerent,
1892 1412 2065 1465 etiam

373 1512 489 1549 non
525 1498 753 1551 evenire
784 1499 1126 1568 potuissent.

375 1601 502 1655 CAP.
529 1604 685 1657 XXII.
737 1634 805 1643 —
856 1604 1012 1669 Quod
1056 1605 1247 1657 divina
1299 1608 1594 1672 wternitas,
1639 1622 1731 1660 nec
1758 1608 1931 1672 fuisse
1976 1624 2068 1661 nec

905 1678 1153 1740 futurum
1184 1691 1294 1729 esse
1329 1677 1541 1729 habeat.

446 1763 632 1827 (Greg.
693 1765 752 1815 in
802 1767 914 1817 suis
966 1762 1311 1832 Moratibus.)
1363 1764 1469 1816 Sed
1536 1764 1669 1834 quia
1718 1765 1919 1818 beatus
1964 1765 2069 1818 Job

376 1855 569 1903 sancto
599 1852 883 1903 reternatis
918 1852 1119 1921 spiritu
1148 1852 1441 1920 impletur,
1478 1858 1533 1905 et
1563 1853 1735 1905 fuisse
1777 1853 1860 1906 vel
1908 1840 2067 1907 futti-

374 1952 503 1990 rum
535 1954 655 1990 esse
688 1940 976 1992 aeternitas
1010 1957 1123 1993 non
1153 1941 1346 2004 habet,
1380 1941 1469 1992 cui
1501 1941 1778 1995 nimirum
1802 1958 1903 1995 nec
1930 1958 2071 2011 prae-

375 2031 545 2078 terita
574 2033 891 2093 transeunt,
924 2045 1029 2081 nec
1069 2045 1195 2098 quae
1233 2030 1423 2081 futura
1453 2034 1583 2082 sunt
1611 2031 1850 2084 veniunt
1878 2047 1891 2083 :
1936 2030 2069 2100 quia

374 2120 578 2167 cuncta
610 2132 712 2183 per
743 2132 996 2185 praesens
1027 2118 1197 2169 videt.
1964 2140 1969 2145 ·

374 2202 501 2256 CAP.
530 2205 707 2257 XXIII.
741 2235 809 2242 —
833 2205 986 2271 Quod
1011 2214 1201 2259 cuncta
1224 2221 1344 2273 qua
1364 2206 1667 2260 hominibus
1686 2208 1842 2275 ﬁunt,
1869 2207 2070 2276 absque

584 2295 964 2361 omnipotentis
996 2296 1197 2347 occulto
1225 2296 1449 2349 consitio
1474 2311 1581 2349 non
1615 2299 1855 2350 veniant.

445 2381 564 2449 (Ea:
593 2382 815 2451 eodem.)
849 2384 1013 2436 Nulla
1044 2399 1171 2453 qua:
1206 2384 1264 2436 in
1313 2385 1417 2437 hoc
1467 2385 1683 2438 mundo
1736 2385 2066 2439 hominibus

372 2467 539 2536 ﬁunt,
571 2470 785 2540 absque
834 2472 1243 2541 omnipotentis
1292 2472 1393 2525 Dei
1424 2476 1642 2525 occulto
1699 2474 1938 2527 consilio
1971 2491 2065 2527 ve-

372 2557 558 2611 niunt.
594 2559 733 2611 Nam
791 2565 993 2613 cuncta
1044 2561 1191 2613 Deus
1240 2567 1503 2614 secutura
1564 2561 1886 2630 prarsciens,
1937 2568 2066 2616 ante

374 2648 582 2700 saecula
622 2647 884 2711 decrevit,
917 2648 1163 2718 qualiter
1191 2665 1295 2719 per
1324 2650 1530 2702 saecula
1562 2650 1957 2719 disponantur.

690 2734 699 2742 ”
784 2738 908 2791 CAP.
941 2738 1113 2791 XXIV.
1155 2768 1224 2777 —
1252 2738 1329 2791 De
1357 2738 1539 2791 eadem
1579 2755 1655 2791 re.

448 2825 565 2895 (Ea:
587 2826 810 2895 eodem.)
842 2828 950 2879 Nec
984 2828 1265 2896 propheta
1310 2827 1488 2897 igitur
1529 2829 1693 2880 fallax
1743 2828 1876 2897 quia
1920 2833 2064 2881 tem-

376 2929 483 2982 pus
513 2915 709 2967 mortis
742 2914 1009 2982 innotuit,
1045 2932 1158 2985 quo
1214 2916 1300 2968 vir
1331 2916 1424 2967 ille
1485 2917 1627 2968 mori
1690 2916 2015 2970 merebatur
2049 2933 2060 2969 :

2179 530 2291 582 vita
2321 545 2695 599 perpmnam,
2755 537 2813 582 et
2867 530 3075 599 quietis
3136 532 3540 600 tranquillitas,
3596 550 3723 605 quas
3783 534 3875 588 hic

2178 617 2424 670 inveniri
2452 634 2566 671 non
2598 619 2764 683 valet,
2790 619 2926 671 alibi
2957 627 3267 688 quaeratur.

2178 724 2305 777 CAP.
2339 724 2545 778 XXVII.
2572 752 2638 765 ~—
2666 723 2822 788 Quod
2839 726 2975 778 Deus
2996 729 3187 778 cuncta
3209 725 3483 793 disponat,
3507 732 3557 780 et
3577 728 3873 782 consideret

2724 797 3096 848 universorum
3136 798 3313 863 ﬁnem.

2251 881 2359 951 (Ea:
2388 882 2605 945 eodem.)
2638 884 2885 952 Tempus
2908 899 3042 953 ergo
3098 884 3291 952 posuit
3350 884 3620 951 tenebris,
3658 891 3714 939 et
3745 887 3870 940 uni-

2179 972 2472 1022 versorum
2522 970 2697 1023 ﬁnem
2745 970 2868 1040 ipse
2905 971 3247 1024 considerat.
3305 971 3705 1026 Universorum
3769 991 3871 1027 no-

2180 1057 2357 1124 mine,
2408 1064 2464 1111 et
2512 1059 2719 1111 electos
2796 1060 2973 1112 voluit
3027 1065 3082 1112 et
3124 1061 3400 1129 reprobos
3431 1062 3866 1131 comprehendi.

2181 1144 2320 1198 Nam
2349 1146 2501 1198 bona
2529 1147 2742 1199 faciens
2779 1152 2836 1200 et
2888 1147 3158 1200 ordinans
3214 1149 3381 1215 Deus,
3441 1151 3592 1203 mala
3642 1167 3756 1203 non
3789 1151 3871 1204 fa-

2179 1231 2352 1295 ciens,
2384 1234 2478 1286 sed
2534 1236 2603 1287 ab
2641 1234 2856 1305 iniquis
2910 1235 3075 1303 facta,
3139 1251 3207 1289 ne
3266 1237 3587 1291 inordinate
3624 1238 3873 1308 [veniant

2178 1320 2299 1390 ipse
2337 1322 2664 1391 disponens,
2699 1323 3017 1377 considerat
3047 1320 3440 1378 universorum
3467 1327 3661 1392 ﬁnem,
3697 1331 3870 1396 etpa-

2178 1410 2387 1463 tienter
2416 1411 2623 1464 tolerat
2661 1412 2875 1477 omnia,
2917 1419 3090 1482 atque
3130 1412 3387 1466 intuetur
3426 1414 3707 1468 malorum
3752 1421 3868 1468 ter-

2180 1498 2424 1565 minum,
2456 1515 2569 1568 quo
2601 1515 2667 1552 ex
2702 1501 2851 1552 malo
2885 1506 3181 1554 mutentur
3209 1501 3273 1553 ad
3327 1502 3558 1555 bonum.
3607 1503 3870 1556 Intuetur

2179 1587 2349 1638 etiam
2383 1588 2760 1654 reproborum
2790 1587 2980 1649 ﬁnem,
3014 1604 3126 1657 quo
3166 1590 3234 1642 de
3263 1592 3411 1642 malo
3463 1606 3656 1659 opere,
3705 1590 3868 1660 digni

2179 1675 2480 1727 trahantur
2508 1676 2575 1729 ad
2626 1676 2989 1745 supplicium.
3051 1678 3199 1729 Vidit
3250 1678 3424 1730 ﬁnem
3474 1678 3869 1748 persequentis

2181 1763 2359 1825 Sauli,
2432 1764 2572 1817 vidit
2651 1764 2824 1817 ﬁnem
2902 1765 3066 1834 quasi
3144 1765 3510 1833 obsequentis
3577 1765 3864 1835 discipuli,

2178 1851 2333 1921 quod
2366 1867 2467 1920 pro
2501 1853 2804 1905 commisso
2835 1854 3045 1905 scelere
3071 1859 3270 1922 guttur
3301 1855 3506 1923 laqueo
3534 1854 3866 1923 stringeret,

2178 1956 2351 2010 seque
2382 1946 2436 1993 et
2466 1948 2795 2010 peccantem
2856 1941 3106 2010 puniret,
3160 1948 3216 1994 et
3260 1942 3510 1994 deterius
3566 1943 3866 2012 puniendo

2176 2029 2484 2098 deciperet.
2546 2030 2693 2082 Vidit
2752 2029 3027 2082 Ninivitas
3100 2031 3544 2099 delinquentes:
3602 2031 3698 2084 sed
3728 2048 3865 2085 con-

2178 2116 2442 2171 sideravit
2473 2118 2647 2170 ﬁnem
2698 2118 3182 2187 delinquentium,
3235 2118 3631 2186 paenitentiam
3682 2135 3868 2173 corre—

2176 2211 2416 2259 ctorum.
2446 2206 2593 2259 Vidit
2622 2222 2850 2276 quoque
2883 2207 3187 2259 Sodomam
3239 2206 3668 2276 delinquentem
3706 2224 3717 2261 :
3766 2208 3862 2261 sed

2176 2294 2552 2347 consideravit
2608 2294 2783 2347 ﬁnem
2864 2294 3081 2347 ardoris
3158 2294 3423 2356 luxurias,
3478 2294 3675 2364 ignem
3762 2312 3865 2365 ge-

2177 2382 2400 2434 hennae.
2436 2381 2588 2435 Vidit
2619 2382 2961 2435 Gentilitatis
3002 2383 3197 2444 linem,
3254 2385 3408 2451 quod
3465 2400 3721 2453 possessa
3751 2382 3866 2436 ini-

2175 2471 2459 2540 quitatum
2492 2472 2760 2533 tenebris,
2815 2472 3158 2540 quandoque
3216 2470 3351 2524 ﬁdei
3412 2472 3534 2524 luce
3592 2475 3865 2525 claresce-

2176 2564 2285 2611 ret.
2321 2559 2471 2611 Vidit
2501 2559 2677 2612 etiam
2706 2559 2923 2612 Iudaeae
2949 2560 3283 2623 terminum,
3322 2560 3475 2629 quod
3523 2560 3593 2613 ab
3619 2577 3685 2614 ea
3742 2564 3866 2614 luce

2175 2647 2499 2717 ﬁdeiquam
2531 2649 2780 2714 tenebat,
2813 2648 3105 2702 obdurata:
3146 2649 3404 2718 perﬁdiae
3458 2648 3711 2702 tenebris
3766 2666 3861 2703 cre-

2176 2752 2239 2788 ca
2248 2742 2419 2789 retur.

2387 2828 2514 2879 CAP.
2549 2826 2773 2880 XXVIII.
2808 2855 2876 2865 —
2906 2828 3034 2880 Item
3066 2826 3130 2879 de
3155 2827 3649 2895 praedestinatione.

2246 2914 2356 2981 (Ea:
2387 2914 2546 2967 dictis
2578 2914 2903 2983 Fulgentii.)
2940 2914 3272 2984 Fulgentius
3306 2916 3362 2967 in
3396 2916 3538 2967 libro
3588 2916 3655 2967 de
3712 2930 3862 2984 pree-

376 3015 479 3052 nec
511 3001 793 3054 dominica
818 3007 1024 3055 statuta
1055 3004 1326 3056 convulsa
1373 3009 1507 3055 sunt
1564 3005 1696 3073 quia
1739 3011 1798 3056 ut
1837 3021 1901 3058 ex
1950 3006 2064 3058 lar-
2098 3011 2138 3064 C
2175 3002 2555 3056 destinatione
2586 3003 2665 3055 ita
2710 3003 2789 3055 ait
2822 3019 2835 3056 :
2874 3004 3064 3074 Neque
3095 3003 3246 3056 enim
3288 3009 3373 3056 est
3422 3004 3534 3056 alia
3587 3004 3683 3056 Dei
3720 3020 3864 3072 prae-

374 3089 547 3157 gitate
584 3091 678 3143 Dei
713 3091 847 3144 anni
907 3092 1033 3145 vita:
1064 3098 1403 3157 crescerent,
1460 3091 1564 3145 hoc
1619 3109 1852 3163 quoque
1911 3094 2061 3164 quod

375 3185 505 3232 ante
538 3181 727 3232 secula
758 3180 1056 3249 praeﬁxum
1086 3182 1209 3243 fuit,
1246 3187 1418 3250 atque
1449 3184 1693 3251 spatium
1744 3190 1869 3234 V1183
1910 3184 2060 3253 quod

371 3266 667 3337 inopinate
688 3268 826 3321 furis
854 3274 937 3322 est
964 3270 1207 3337 aditum,
1240 3270 1363 3323 sine
1404 3276 1713 3339 augmento
1760 3272 2064 3340 prazscien-

370 3355 465 3408 tias
496 3356 605 3410 fuit
634 3356 790 3410 intus
814 3362 1107 3410 statutum.

374 3443 500 3497 CAP.
534 3446 685 3500 XXV.
721 3476 787 3484 ——
820 3447 975 3510 Quod
1004 3450 1140 3500 Deus
1163 3446 1396 3511 singulis
1424 3446 1536 3499 dies
1558 3462 1679 3500 suos
1703 3450 1973 3515 praﬁgat,
2005 3452 2067 3501 ut

749 3551 844 3589 nec
885 3538 1079 3600 minui,
1112 3551 1204 3588 nec
1234 3537 1428 3605 augeri
1450 3538 1677 3603 possint.

442 3624 562 3690 (Ea:
607 3622 831 3693 eodem.)
868 3623 1087 3677 Praeﬁxi
1119 3623 1239 3677 dies
1288 3624 1532 3692 singulis
1583 3625 1653 3677 ab
1701 3626 1928 3677 interna
1962 3624 2061 3679 Dei

370 3712 749 3781 prmscientia,
794 3728 897 3765 nec
928 3712 1126 3782 augeri
1159 3718 1398 3782 possunt
1424 3728 1527 3765 nec
1556 3713 1764 3781 minui,
1798 3712 1907 3765 nisi
1924 3729 2059 3765 con-

370 3800 555 3869 tingat
584 3806 647 3853 ut
674 3800 750 3852 ita
791 3800 1181 3869 praesciantur,
1214 3805 1277 3854 ut
1326 3805 1426 3853 aut
1486 3817 1613 3853 cum
1674 3800 1905 3870 optimis
1935 3818 2065 3872 ope-

369 3889 528 3942 ribus
560 3888 845 3959 longiores
896 3889 1028 3954 sint,
1093 3896 1192 3942 aut
1229 3905 1357 3942 cum
1422 3888 1686 3958 pessimis
1751 3889 2059 3958 breviores,

371 3978 519 4031 sicut
567 3978 829 4032 Ezechias
884 3983 1257 4048 augmentum
1304 3978 1525 4031 dierum
1575 3979 1785 4031 meruit
1840 3979 2062 4049 impen-

372 4066 532 4120 sione
583 4068 991 4137 lacrymarum,
1045 4073 1101 4120 et
1127 4068 1272 4121 sicut
1326 4068 1393 4121 de
1448 4069 1728 4137 perversis
1787 4070 2061 4139 scriptum

372 4160 456 4207 est
494 4155 932 4225 indisciplinatis
989 4156 1180 4210 obviat
1235 4172 1406 4210 mors.
1454 4157 1558 4210 Sed
1610 4173 1762 4226 saepe
1828 4157 2062 4227 iniquus

370 4243 630 4313 quamvis
656 4243 714 4296 in
747 4245 964 4297 occulta
996 4245 1093 4297 Dei
1126 4245 1482 4314 praescientia
1532 4246 1702 4314 longa
1758 4245 1887 4298 vitae
1937 4246 2060 4316 ejus

368 4336 626 4401 tempora
654 4349 770 4385 non
812 4333 925 4385 sint
952 4333 1375 4402 praadestinata,
1406 4334 1524 4403 ipse
1556 4340 1747 4387 tamen
1779 4334 1913 4403 quia
1943 4349 2059 4386 car-

368 4421 573 4473 naliter
600 4421 786 4474 vivere
817 4422 1052 4492 appetit,
1089 4423 1286 4492 longos
1346 4423 1540 4476 animo
1591 4422 1712 4476 dies
1768 4422 2054 4493 proponit,

368 4514 426 4563 et
463 4510 598 4580 quia
629 4511 699 4563 ad
732 4511 869 4563 illud
899 4517 1126 4580 tempus
1173 4512 1473 4580 pervenire
1534 4528 1650 4565 non
1700 4513 1847 4564 valet
1902 4511 2059 4581 quod

367 4604 673 4681 exspectat,
733 4599 896 4669 quasi
951 4605 1263 4669 antequam
1314 4600 1436 4653 dies
1487 4600 1640 4653 illius
1707 4600 2059 4670 impleantur

362 4688 532 4758 perit.
582 4688 741 4752 Quod
803 4693 994 4741 tamen
1047 4688 1369 4758 intelligere
1419 4696 1475 4742 et
1520 4689 1679 4742 aliter
1730 4705 2053 4758 possumus.

362 4777 705 4847 Plerumque
758 4778 909 4831 enim
969 4778 1247 4848 quosdam
1308 4779 1613 4839 cernimus,
1677 4786 1732 4831 et.
1792 4794 2056 4848 pervurse

360 4882 550 4933 agere,
587 4872 645 4919 et
672 4883 852 4937 usque
883 4866 953 4920 ad
1012 4871 1361 4920 senectutem
1416 4867 1679 4919 ultimam
1732 4867 2051 4935 pervenire.

359 4953 655 5018 Quomodo
710 4955 863 5009 enim
923 4956 1153 5021 dicitur,
1213 4960 1523 5025 antequam
1583 4956 1703 5009 dies
1763 4956 1885 5024 ejus
1942 4956 2053 5008 im-

358 5045 644 5113 pleantur,
678 5044 905 5113 peribit,
942 5061 1068 5098 cum
1104 5045 1161 5097 in
1189 5044 1533 5115 quibusdam
1566 5060 1716 5114 saepe
1739 5043 2051 5110 videamus,

359 5133 496 5202 quia
524 5138 688 5186 aetate
718 5134 888 5203 longa
911 5133 1033 5203 jam
1093 5134 1351 5187 membra
1398 5133 1687 5201 deﬁciunt,
1753 5139 1808 5186 et
1864 5138 2051 5186 tamen

357 5221 702 5290 pravitatem
732 5238 895 5275 suam
935 5238 1134 5277 eorum
1159 5221 1443 5277 desideria
1473 5222 1704 5292 exsequi
1740 5238 1859 5275 non
1903 5222 2054 5276 desi-

360 5309 556 5362 stunt?

361 5399 488 5452 CAP.
521 5397 696 5452 XXVI.
731 5428 798 5440 —
830 5399 981 5464 Quod
1008 5403 1141 5454 Deus
1163 5406 1350 5454 nostra
1372 5404 1593 5470 peccata
1621 5399 1941 5453 dissimulet.

432 5488 549 5554 (Ea:
578 5488 797 5556 eodem.)
831 5488 1210 5559 Omnipotens
1248 5490 1393 5543 Deus
1440 5489 1578 5559 quid
1630 5489 1795 5543 nobis
1850 5488 2045 5558 profu-

357 5580 553 5631 turum
584 5593 705 5632 esse
732 5578 914 5632 valeat
974 5578 1177 5643 sciens,
1227 5579 1548 5634 dissimulat
1592 5583 1647 5632 et
1701 5577 1900 5632 audire
1952 5577 2049 5631 do-

2176 3089 2503 3157 destinatio,
2537 3090 2641 3143 nisi
2673 3090 3001 3144 futurorum
3047 3106 3286 3159 operum
3316 3092 3439 3159 ejus
3472 3095 3687 3143 aeterna
3718 3106 3867 3161 pras-

2174 3180 2419 3248 paratio.
2479 3180 2542 3232 Et
2626 3180 2716 3233 hic
2768 3179 3249 3250 praeparationem
3297 3179 3864 3248 praedestinationem

2173 3269 2508 3321 nominavit.
2552 3269 2791 3322 Proinde
2832 3268 2947 3321 sive
2990 3268 3490 3338 praeparationem,
3552 3285 3653 3321 seu
3715 3284 3863 3338 prae-

2174 3356 2635 3423 destinationem,
2670 3357 2728 3409 in
2756 3363 3083 3410 sanctorum
3120 3357 3284 3410 dictis
3327 3357 3578 3426 positum
3628 3358 3859 3410 invene-

2174 3445 2370 3510 rimus,
2406 3462 2585 3498 unum
2617 3445 2883 3514 idemque
2915 3444 3225 3514 signiﬁcari
3255 3445 3543 3499 docemur.

2418 3534 2547 3588 CAP.
2583 3533 2750 3587 XXIX.
2780 3563 2838 3573 —-
2872 3536 3003 3587 Item
3026 3534 3091 3586 de
3116 3534 3611 3602 praedestinatione.

2242 3623 2360 3690 (Ea:
2388 3623 2549 3676 dictis
2584 3621 2835 3691 Ambro.)
2867 3621 2960 3674 His
3021 3621 3288 3674 omnibus
3338 3621 3680 3675 testimoniis
3719 3638 3863 3693 pras-

2170 3711 2435 3764 destinati
2468 3710 2869 3777 ostenduntur,
2904 3711 3040 3763 mali
3067 3710 3137 3763 ad
3169 3726 3415 3780 poenam,
3447 3711 3543 3763 sed
3577 3726 3690 3763 non
3722 3727 3864 3781 pree-

2171 3799 2439 3853 destinati
2461 3800 2530 3854 ad
2562 3806 2878 3870 peccatum.
2912 3798 3195 3862 Quoniam
3227 3815 3426 3852 eorum
3494 3816 3622 3870 quae
3684 3801 3861 3853 factu—

2172 3905 2268 3941 rus
2295 3894 2380 3942 est
2410 3891 2575 3955 Deus,
2612 3888 3054 3957 prasdestinator
3079 3895 3182 3941 est.
3218 3888 3354 3951 Quae
3384 3904 3517 3941 vero
3560 3904 3662 3942 nec
3700 3888 3857 3953 fecit,

2171 3993 2276 4031 nec
2303 3979 2554 4031 facturus
2580 3982 2683 4043 est,
2718 3992 2783 4029 ea
2832 3993 2943 4029 non
2985 3976 3426 4047 praedestinavit.
3488 3977 3631 4040 Quia
3666 3983 3860 4030 autem

2166 4066 2523 4135 judicaturus
2552 4070 2637 4118 est
2670 4065 2969 4129 mundum,
3011 4070 3066 4118 et
3098 4064 3308 4133 impios
3362 4066 3517 4134 justo
3576 4065 3858 4134 supplicio

2170 4170 2274 4222 pro
2308 4154 2710 4222 iniquitatibus
2742 4152 2858 4205 suis
2892 4153 3284 4219 damnaturus,
3318 4158 3623 4223 propterea
3657 4160 3714 4207 et
3761 4170 3859 4206 eos

2169 4240 2596 4311 przedestinavit
2625 4241 2692 4294 ad
2744 4256 2995 4309 pcenam,
3036 4246 3092 4293 et
3148 4256 3376 4310 poenam
3435 4242 3861 4310 praedestinavit

2171 4332 2301 4384 illis.
2359 4330 2442 4383 Ad
2499 4333 2795 4399 peccatum
2848 4334 3036 4381 autem
3091 4345 3203 4382 non
3258 4346 3354 4382 eos
3407 4330 3858 4399 praedestinavit,

2170 4419 2443 4489 quoniam
2473 4434 2585 4471 non
2631 4422 2717 4470 est
2740 4418 2891 4472 Deus
2939 4422 3136 4470 auctor
3172 4417 3514 4488 iniquitatis.
3572 4418 3855 4482 Quoniam

2168 4506 2561 4576 sicutjustitia
2590 4522 2655 4559 ex
2687 4506 2801 4559 Deo
2848 4511 2954 4573 est,
2987 4511 3044 4560 et
3082 4522 3253 4558 omne
3303 4522 3445 4575 opus
3502 4506 3717 4561 bonum
3779 4506 3858 4560 ita

2166 4596 2434 4666 iniquitas
2464 4602 2517 4649 et
2547 4612 2715 4648 omne
2749 4610 2894 4664 opus
2924 4610 3160 4665 pravum
3192 4610 3261 4648 ex
3290 4595 3535 4649 diabolo.

2413 4685 2539 4739 CAP.
2573 4685 2715 4738 XXX.
2756 4711 2814 4722 --
2843 4684 2985 4736 Item
3013 4682 3078 4735 de
3106 4682 3601 4751 predestinatione.

2237 4776 2346 4843 (Ea:
2371 4774 2532 4828 dictis
2574 4772 2838 4842 August.)
2867 4772 3390 4827 Praedestinationis
3420 4773 3576 4827 enim
3615 4772 3851 4826 nomine

2163 4879 2282 4916 non
2322 4863 2514 4933 aliqua
2561 4861 2874 4914 voluntatis
2921 4861 3191 4913 humanas
3237 4860 3853 4919 coactitianecessitas

2162 4951 2518 5021 exprimitur.
2573 4951 2683 5006 Sed
2739 4950 3064 5005 misericors
3123 4954 3180 5004 et
3212 4950 3369 5020 justa
3426 4949 3605 5004 divini
3663 4949 3854 5019 operis

2162 5042 2509 5111 sempiterna
2539 5039 2837 5108 dispositio
2860 5040 3225 5109 praedicatur.

2405 5130 2533 5184 CAP.
2568 5130 2741 5185 XXXI.
2774 5158 2844 5168 —
2871 5131 3001 5183 Item
3025 5129 3091 5181 de
3114 5128 3613 5197 praedestinatione.

2229 5219 2340 5287 (Ex
2370 5219 2532 5272 dictis
2557 5217 2977 5289 Isidori.)0uia
3027 5234 3164 5286 ergo
3198 5218 3343 5270 Deus
3400 5217 3560 5270 nulla
3610 5216 3853 5271 necessi-

2159 5313 2275 5361 tate
2305 5308 2691 5376 compellitur,
2728 5314 2789 5359 ut
2818 5304 3035 5376 aliquid
3067 5305 3267 5358 nolens
3296 5304 3607 5374 promittat.
3636 5306 3858 5358 Nullius

2159 5397 2359 5466 utique
2391 5396 2748 5449 adversitatis
2781 5395 3091 5465 impeditur
3119 5394 3437 5461 obstaculo,
3470 5410 3583 5464 quo
3615 5394 3671 5447 id
3701 5395 3854 5464 quod

2159 5484 2443 5555 promisit,
2485 5490 2584 5538 aut
2634 5484 2823 5537 minus
2857 5499 3031 5553 quam
3062 5484 3202 5548 vult,
3238 5489 3336 5536 aut
3392 5483 3609 5537 tardius
3666 5483 3850 5536 faciat.

2160 5574 2402 5629 Proinde
2431 5574 2639 5644 potuit,
2698 5573 2841 5626 sicut
2872 5572 3069 5639 voluit,
3121 5571 3531 5641 prmdestinare
3577 5571 3855 5643 quosdam
