3950 6310
207 377 338 427 1027

1278 371 1682 426 BURCHAIiDI
1725 367 2264 424 VVOHMACIENSIS
2302 365 2636 420 EPISCOPI.

3577 367 3714 418 1028

203 498 270 551 ad
299 498 562 568 gloriam,
597 513 741 567 quos
773 496 888 549 lam
921 495 991 548 ad
1024 510 1271 564 poenam.
1310 494 1419 549 Sed
1476 510 1620 565 quos
1670 494 1897 564 praede-
1929 499 1973 549 A
2014 494 2205 546 minus
2236 493 2295 546 in
2320 491 2536 562 judicio
2563 506 2683 544 non
2711 490 2899 544 solum
2928 489 3113 556 bonis,
3149 496 3215 544 ut
3262 492 3581 562 percipiant
3609 509 3709 546 ra-

201 586 430 640 stinavit
459 587 528 640 ad
557 586 822 656 gloriam,
856 583 1284 654 praedestinavit
1313 584 1381 636 ad
1406 583 1710 653 justitiam.
1744 583 1896 646 Quos

200 681 392 729 autem
427 673 853 744 praedestinavit
883 673 950 726 ad
981 688 1232 741 poenam,
1285 687 1399 724 non
1473 672 1898 741 praedestinavit

201 763 269 816 ad
300 763 549 832 culpam.
597 763 739 815 Item
793 761 964 831 paulo
1010 759 1268 812 inferius.
1327 759 1390 812 In
1450 760 1660 812 sanctis
1719 760 1896 829 igitur

201 856 440 904 coronat
467 849 934 920 Deusjustitiam,
969 864 1142 918 quam
1163 847 1244 900 eis
1283 847 1462 917 gratis
1491 847 1612 917 ipse
1668 848 1889 912 tribuit,

195 941 376 1009 gratis
417 940 677 1004 servavit,
736 937 1028 1007 gratisque
1086 936 1342 1006 perfecit.
1405 936 1640 1007 Iniquos
1699 942 1892 990 autem

198 1028 602 1082 condemnavit
631 1043 734 1098 pro
765 1026 1080 1095 impietate,
1114 1027 1201 1079 vel
1228 1025 1469 1094 justitia,
1503 1042 1676 1096 quam
1708 1027 1768 1079 in
1812 1026 1894 1079 eis

195 1116 316 1186 ipse
347 1133 462 1170 non
493 1116 641 1170 fecit.
681 1116 744 1168 In
779 1115 892 1168 illis
913 1114 1065 1167 enim
1116 1129 1292 1184 opera
1321 1130 1424 1167 sua
1479 1115 1781 1184 gloriﬁcat,
1832 1115 1892 1168 in

195 1205 318 1258 istis
359 1213 550 1258 autem
579 1219 755 1274 opera
781 1219 894 1256 non
927 1219 1028 1256 sua
1059 1204 1425 1256 condemnat.

409 1294 537 1348 CAP.
570 1293 773 1346 XXXII.
816 1321 882 1331 —
915 1294 1048 1346 Item
1078 1291 1144 1344 de
1176 1292 1674 1360 prwdestinatione.

269 1383 375 1451 (Ea:
404 1382 567 1435 dictis
611 1379 872 1450 August.)
906 1379 1192 1433 Fidelibus
1233 1381 1498 1450 congruit
1552 1381 1806 1448 credere,
1838 1384 1894 1434 et

196 1469 361 1522 fateri
386 1471 564 1523 Deum
595 1469 832 1533 bonum,
868 1468 1182 1538 etjustum,
1215 1468 1506 1538 praescisse
1520 1468 1748 1539 qaidem
1767 1485 1892 1538 pec-

197 1561 414 1610 catores
454 1556 718 1610 homines
751 1572 763 1609 :
801 1555 936 1626 quia
963 1555 1109 1608 nihil
1141 1572 1271 1609 eum
1305 1557 1477 1610 latere
1526 1557 1714 1626 potuit
1743 1557 1892 1610 futu-

195 1661 415 1698 rorum.
453 1646 648 1714 Neque
680 1645 832 1697 enim
859 1645 947 1696 vel
969 1644 1163 1697 futura
1191 1650 1399 1711 essent,
1436 1645 1483 1698 si
1512 1644 1572 1697 in
1599 1645 1718 1714 ejus
1750 1662 1892 1716 prae-

197 1732 379 1786 sentia
407 1749 524 1786 non
542 1733 801 1800 fuissent,
837 1748 955 1784 non
985 1737 1179 1784 tamen
1219 1733 1656 1801 preedestinasse
1688 1749 1889 1803 quem-

195 1819 336 1873 libet
369 1820 439 1874 ad
470 1825 785 1890 peccatum.
813 1820 974 1883 Quod
1001 1821 1047 1872 si
1073 1820 1136 1873 ad
1167 1827 1464 1889 peccatum
1488 1821 1717 1890 aliquod
1742 1823 1889 1876 Deus

194 1909 489 1962 hominem
525 1909 980 1978 praedestinaret,
1015 1925 1118 1978 pro
1150 1910 1395 1978 peccatis
1435 1910 1728 1963 hominem
1771 1927 1886 1964 non

194 1997 448 2066 puniret.
484 1997 587 2052 Dei
607 1997 761 2050 enim
801 1997 1322 2067 praedestinatione,
1377 2004 1474 2052 aut
1523 2005 1888 2068 peccatorum

193 2093 519 2156 przeparata
549 2091 632 2139 est
687 2088 783 2156 pia
838 2086 1124 2154 remissio,
1165 2093 1264 2140 aut
1318 2093 1680 2157 peccatorum
1733 2089 1890 2158 justa

195 2175 445 2245 punitio.

411 2264 538 2316 CAP.
571 2263 791 2316 XXXIII.
827 2291 893 2302 —
925 2263 1056 2315 Item
1087 2262 1152 2315 de
1179 2262 1673 2331 prwdestinatione.

269 2352 386 2420 (Ea:
416 2350 577 2404 dictis
599 2350 878 2419 Ambros.)
911 2351 1145 2420 Iniquos
1167 2350 1380 2420 itaque,
1423 2367 1564 2420 quos
1606 2351 1890 2422 praescivit

200 2439 348 2492 Deus
367 2439 512 2491 hanc
534 2439 710 2492 vitam
739 2439 798 2491 iu
849 2445 1076 2508 peccato
1111 2441 1518 2492 terminaturos
1568 2440 1892 2510 prtesdesti-

194 2526 355 2580 navit
385 2526 664 2596 supplicio
693 2525 1109 2579 interminabili
1141 2527 1482 2596 puniendos.
1516 2529 1578 2582 In
1602 2545 1713 2598 quo
1748 2529 1892 2582 sicut

194 2609 477 2685 eulpanda
507 2631 621 2668 non
669 2619 752 2668 est
803 2616 1161 2685 praescientia
1214 2617 1486 2675 humanae
1543 2617 1886 2687 iniquitatis,

194 2703 276 2757 ita
308 2703 737 2774 praedestinatio
764 2703 1098 2773 justissima:
1129 2705 1412 2758 laudanda
1444 2710 1527 2759 est
1553 2706 1890 2773 ultionis,ut

193 2797 621 2862 agnosceretur,
653 2809 769 2845 non
815 2792 885 2845 ab
945 2808 1010 2845 eo
1059 2793 1533 2862 praedestinatum
1594 2794 1885 2848 hominem

198 2885 264 2938 ad
299 2884 694 2954 qualecunque
728 2889 1043 2954 peccatum,
1078 2900 1251 2955 quem
1299 2885 1726 2954 prmdestinavit
1758 2904 1887 2956 pec-

195 2972 306 3025 cati
329 2973 533 3025 merito
557 2972 937 3041 puniendum,
964 2973 1112 3025 Deus
1148 2971 1339 3043 itaque
1362 2973 1553 3026 omnia
1579 2974 1880 3028 hominum

195 3076 389 3130 opera,
425 3060 537 3113 sive
568 3060 734 3126 bona,
772 3076 870 3114 seu
897 3060 1046 3113 mala
1080 3063 1394 3130 praescivit:
1431 3063 1566 3132 quia
1624 3080 1755 3116 eum
1806 3065 1886 3116 la-
1920 3055 1957 3109 C

195 3154 315 3203 tere
348 3149 491 3202 nihil
523 3149 733 3218 potuit,
762 3149 860 3202 sed
901 3149 1020 3203 sola
1071 3149 1222 3202 bona
1263 3151 1710 3219 praedestinavit,
1759 3168 1886 3222 quae

197 3255 254 3291 se
306 3239 365 3290 in
423 3236 555 3290 ﬁliis
607 3236 802 3307 gratiae
857 3237 1141 3291 facturum
1197 3254 1316 3291 esse
1383 3239 1682 3308 praescivit.
1745 3241 1886 3294 Mala

195 3343 326 3380 vero
359 3327 553 3379 futura
584 3342 756 3395 opera
805 3327 1057 3392 illorum,
1109 3343 1251 3396 quos
1293 3343 1408 3380 non
1463 3328 1887 3397 praedestinavit

195 3417 266 3469 ad
292 3431 554 3485 regnum,
589 3415 688 3468 sed
720 3415 792 3468 ad
827 3416 1144 3481 interitum,
1181 3415 1459 3485 prmscivit
1488 3418 1886 3486 potentissima

196 3505 424 3570 deitate,
454 3509 509 3557 et
537 3503 822 3557 ordinavit
854 3505 1090 3573 provida
1119 3504 1394 3558 bonitate.

420 3594 546 3646 CAP.
581 3593 794 3646 XXXIV.
827 3621 898 3632 —
918 3594 1046 3646 Item
1074 3593 1139 3645 de
1161 3594 1655 3661 praedestinatione.

268 3683 372 3751 (Ea:
401 3681 562 3735 dictis
594 3680 862 3750 August.)
900 3681 1174 3734 Dominus
1201 3682 1321 3752 ipse
1353 3700 1456 3735 suo
1487 3699 1750 3737 sermone
1783 3701 1886 3738 nos

191 3769 509 3840 perdocuit,
538 3769 597 3821 in
629 3784 694 3820 eo
718 3769 868 3837 quod
897 3785 930 3820 a
959 3785 1017 3821 se
1045 3771 1295 3822 ostendit
1340 3775 1605 3840 paratum
1647 3789 1760 3825 non
1790 3789 1885 3825 so-

193 3859 312 3911 lum
343 3873 608 3927 regnum,
633 3855 731 3909 ubi
762 3857 1026 3910 laetentur
1057 3858 1211 3923 boui,
1248 3858 1342 3910 sed
1387 3863 1442 3911 et
1478 3859 1672 3927 ignem
1720 3866 1884 3913 aeter-

192 3961 356 4009 num,
390 3945 486 3999 ubi
513 3945 838 3997 crucientur
868 3946 1024 3998 mali.
1061 3945 1232 3998 Bonis
1262 3945 1474 3999 etenim
1506 3947 1760 4001 dicturus
1783 3955 1883 4002 est:

192 4034 413 4101 Venite,
442 4033 724 4087 benedicti
749 4033 925 4102 patris
949 4033 1081 4100 mei,
1117 4034 1394 4104 percipite
1437 4051 1700 4106 regnum,
1735 4038 1886 4108 quod

191 4122 353 4175 vobis
385 4128 651 4192 paratum
683 4126 767 4175 est
796 4139 826 4173 a
866 4121 1272 4176 constitutione
1318 4124 1537 4178 mundi.
1596 4125 1753 4179 Malis
1791 4143 1888 4179 au-

193 4214 310 4264 tem
340 4210 594 4264 dicturus
625 4215 745 4263 est:
781 4211 881 4277 Ite,
912 4210 1222 4272 maledicti,
1252 4211 1311 4264 in
1334 4212 1529 4282 ignem
1578 4217 1884 4283 aeternum,

190 4299 290 4369 qui
319 4305 552 4368 paratus
578 4303 662 4352 est
691 4298 940 4366 diabolo,
974 4306 1029 4352 et
1057 4301 1276 4370 angelis
1302 4302 1442 4371 ejus.
1472 4304 1608 4356 Ecce
1640 4303 1707 4356 ad
1741 4319 1884 4374 quos

195 4387 472 4440 Dominus
503 4386 756 4456 iniquus,
798 4391 853 4439 et
905 4387 1113 4456 impios
1170 4389 1621 4458 praedestinavit,
1681 4391 1736 4444 id
1778 4398 1881 4458 est,

190 4475 260 4528 ad
290 4475 876 4544 suppliciumjustum
908 4492 1024 4529 non
1046 4477 1113 4530 ad
1145 4477 1376 4548 aliquod
1408 4495 1550 4548 opus
1579 4479 1878 4550 injustum.

192 4564 274 4616 Ad
307 4579 558 4633 pcenam,
594 4581 709 4617 non
739 4565 809 4617 ad
838 4566 1088 4634 culpam,
1125 4566 1196 4620 ad
1226 4567 1609 4636 punitionem,
1646 4585 1763 4621 non
1811 4569 1879 4623 ad

191 4652 705 4722 transgressionem
739 4669 751 4706 :
785 4653 855 4707 ad
884 4654 1180 4708 interitum
1205 4672 1377 4726 quem
1403 4656 1484 4709 ira
1508 4656 1650 4726 justi
1677 4657 1884 4726 judicis

190 4740 561 4809 peccantibus
578 4741 846 4807 reddidit,
865 4758 984 4795 non
1000 4743 1068 4797 ad
1097 4743 1414 4809 interitum,
1438 4761 1552 4814 quo
1573 4744 1633 4798 in
1654 4763 1712 4799 se
1738 4746 1882 4800 iram

195 4828 296 4882 Dei
316 4828 674 4898 peccantium
698 4829 969 4900 iniquitas
995 4832 1340 4901 provocavit.
1369 4831 1531 4894 Quod
1550 4834 1698 4886 beati
1725 4838 1884 4905 Apo-

192 4917 323 4970 stoli
346 4916 674 4987 praedicatio
689 4919 1033 4982 manifestat,
1059 4920 1158 4990 qui
1178 4921 1358 4974 malos
1375 4938 1518 4991 quos
1530 4921 1590 4974 in
1605 4928 1884 4977 aeternum

191 5006 569 5060 damnaturus
599 5012 683 5060 est
722 5008 889 5074 Deus,
921 5024 1053 5061 vasa
1073 5015 1236 5062 vocat
1265 5008 1386 5074 irae,
1415 5026 1532 5062 non
1557 5012 1760 5080 culpae.
1788 5014 1888 5066 Ait

195 5095 350 5148 enim
385 5111 396 5147 :
427 5095 586 5158 Quod
617 5095 664 5148 si
696 5097 891 5148 volens
926 5097 1072 5149 Deus
1099 5098 1397 5150 ostendere
1430 5097 1575 5151 iram
1615 5105 1671 5152 et
1689 5105 1883 5153 notam

192 5182 376 5236 facere
403 5184 721 5252 potentiam
765 5200 950 5250 suam,
984 5183 1258 5237 sustinuit
1287 5185 1348 5238 in
1397 5188 1578 5240 multa
1608 5187 1886 5257 patientia

191 5287 322 5324 vasa
348 5270 470 5338 irae,
515 5277 705 5340 aptata
751 5273 809 5325 in
833 5273 1152 5337 interitum,
1204 5279 1264 5326 ut
1295 5275 1623 5328 ostenderet
1652 5276 1882 5330 divitias

193 5359 393 5428 glorise
421 5376 538 5412 suae
562 5359 619 5412 in
653 5376 784 5412 vasa
809 5360 1236 5427 misericordia,
1273 5377 1399 5431 quae
1431 5362 1650 5430 paravit
1675 5363 1732 5415 in
1760 5365 1882 5432 glo-

191 5448 358 5500 riam.
389 5448 450 5500 In
483 5448 587 5500 hac
609 5454 864 5501 extrema
890 5449 1177 5502 sententia
1225 5449 1566 5516 notandum,
1618 5453 1772 5521 quod
1813 5452 1881 5505 de

193 5537 487 5605 evangelio
537 5553 772 5589 sumens
817 5538 1232 5605 testimonium,
1291 5540 1387 5606 ait,
1447 5540 1880 5609 praedestinatos

194 5623 374 5675 malos
402 5623 464 5675 in
487 5624 684 5692 ignem
713 5629 1008 5690 aeternum,
1066 5642 1133 5680 eo
1166 5628 1318 5697 quod
1357 5629 1610 5682 dicturus
1653 5635 1739 5683 est
1769 5631 1878 5684 Do-

2009 600 2188 654 gnum
2216 583 2323 636 sibi
2363 586 2629 652 paratum
2677 597 2708 633 a
2756 579 3165 635 constitutione
3222 583 3442 644 mundi,
3501 599 3698 636 verum

2009 673 2156 742 quod
2192 672 2356 725 malis
2397 671 2651 724 dicturus
2708 674 2838 723 est:
2881 670 2985 737 Ite,
3037 670 3344 737 maledicti,
3397 671 3454 724 in
3516 671 3707 742 ignem

2009 767 2311 826 internum,
2342 759 2441 830 qui
2472 764 2703 828 paratus
2747 763 2832 811 est
2883 758 3131 825 diabolo,
3189 765 3244 813 et
3295 760 3516 829 angelis
3561 762 3700 830 ejus.

2013 851 2080 902 lix
2111 849 2217 902 hoc
2247 848 2399 902 enim
2431 848 2732 918 approbat,
2767 847 2919 917 quod
2964 847 3194 918 iniquos
3239 853 3295 902 et
3355 848 3563 917 impios
3593 849 3704 901 Do-

2007 939 2197 991 minus
2226 936 2722 1007 praadestinaverit
2751 934 2824 988 ad
2855 935 3228 1005 supplicium,
3258 952 3322 989 ex
3345 953 3412 989 eo
3451 937 3603 1006 quod
3635 937 3701 990 il-

2004 1026 2074 1079 lis
2105 1027 2360 1080 dicturus
2395 1030 2478 1078 est
2511 1041 2524 1078 :
2584 1025 2665 1077 Ite
2712 1023 2772 1077 in
2805 1023 3000 1094 ignem
3058 1029 3358 1078 aeternum.
3399 1025 3557 1079 Unde
3597 1025 3696 1096 qui

2002 1115 2200 1168 volunt
2246 1114 2454 1182 dicere,
2514 1113 2669 1183 quod
2717 1113 3127 1182 praedestinata
3171 1113 3243 1166 sit
3292 1113 3540 1182 injustis,
3579 1130 3700 1166 non

2003 1203 2200 1273 injusti
2230 1200 2622 1273 praedestinati
2653 1206 2783 1254 sunt
2798 1202 2865 1254 ad
2895 1217 3144 1271 poenam,
3175 1201 3423 1256 viderint
3455 1203 3702 1272 qualiter

2002 1293 2173 1363 hujus
2204 1291 2454 1346 auctoris
2512 1290 2663 1344 dicta
2709 1289 3047 1359 intelligant.
3105 1290 3208 1344 Cui
3269 1290 3422 1344 enim
3463 1295 3702 1361 paratur

2001 1398 2189 1452 poena,
2226 1381 2273 1434 is
2305 1379 2582 1433 nimirum
2625 1384 2984 1448 praeparatur
3021 1378 3091 1432 ad
3125 1395 3372 1448 poenam.

2239 1470 2366 1523 CAP.
2393 1467 2582 1522 XXXV.
2615 1497 2683 1506 —
2715 1468 2846 1520 Item
2874 1466 2940 1519 de
2958 1466 3452 1534 prazdestz'natione.

2075 1559 2234 1624 (Item
2261 1559 2648 1625 August-inus.)
2681 1555 2836 1608 Vasis
2859 1571 2990 1608 vero
3038 1555 3137 1608 irzn
3183 1572 3481 1626 nunquam
3552 1558 3699 1610 Deus

2002 1648 2266 1700 redderet
2298 1645 2618 1708 interitum,
2650 1644 2697 1697 si
2745 1660 2862 1697 non
2911 1649 3292 1714 spontaneum
3341 1645 3700 1700 inveniretur

2001 1736 2174 1789 homo
2203 1734 2411 1788 habere
2446 1738 2762 1804 peccatum.
2797 1732 2941 1796 Quia
2969 1748 3074 1786 nec
3105 1733 3255 1786 Deus
3281 1735 3551 1803 peccandi
3587 1735 3695 1788 ho-

2002 1824 2138 1877 mini
2159 1823 2312 1892 juste
2343 1821 2582 1874 inferret
2610 1821 2776 1887 iram,
2811 1820 2859 1874 si
2899 1820 3072 1875 homo
3114 1837 3177 1875 ex
3228 1822 3694 1892 prmdeslinatio—

1997 1929 2069 1966 ne
2098 1912 2198 1966 Dei
2227 1910 2520 1964 cecidisset
2548 1909 2608 1962 in
2623 1909 2890 1979 _culpam.

2211 1999 2339 2052 CAP.
2374 1997 2594 2052 XXXVI.
2619 2025 2690 2036 —
2729 1998 2860 2050 Item
2889 1996 2954 2050 de
2977 1997 3474 2065 prmdestinatione.

2070 2088 2177 2157 (Ea:
2207 2087 2368 2140 dictis
2390 2086 2717 2152 Fulgentii.)
2743 2084 2898 2138 Sicut
2926 2084 3079 2138 enim
3109 2085 3470 2155 praescientia
3506 2085 3691 2138 nemi-

1997 2193 2129 2230 nem
2153 2175 2444 2244 compellit
2473 2175 2540 2227 ad
2582 2178 2902 2243 peccatum,
2954 2189 3084 2226 cum
3133 2173 3331 2244 utique
3380 2172 3692 2244 praescierit

1997 2264 2357 2334 singulorum
2395 2269 2528 2315 ante
2559 2262 2765 2314 saecula
2795 2265 3032 2314 externa
3061 2266 3312 2331 peccata,
3345 2261 3425 2314 ita
3458 2278 3686 2332 quoque

1999 2357 2056 2406 et
2083 2351 2508 2422 prmdestinatio
2538 2350 2660 2420 ejus
2689 2350 2982 2403 neminem
3012 2350 3305 2419 compellit
3334 2349 3406 2403 ad
3437 2365 3686 2420 poenam.

1998 2442 2151 2495 Licet
2193 2446 2251 2494 et
2297 2444 2604 2509 antequam
2654 2443 2938 2501 nascatur,
2983 2437 3189 2508 aliquis
3245 2437 3687 2508 prmdestinatus

1996 2529 2088 2599 sit,
2120 2529 2166 2583 si
2200 2543 2606 2599 permansurus
2627 2531 2711 2580 est
2737 2527 2800 2580 in
2820 2526 3127 2597 iniquitate
3158 2526 3228 2579 ad
3259 2542 3510 2595 poenam.

2196 2619 2326 2672 Car.
2360 2616 2617 2669 XXXVII.
2640 2644 2710 2654 —
2738 2617 2868 2668 Item
2898 2613 2963 2666 de
2988 2613 3493 2684 przdestinatione.

2069 2707 2177 2776 (Ea:
2206 2703 2368 2759 dictis
2398 2703 2674 2774 Ambros.)
2709 2702 2864 2756 Sicut
2892 2703 3046 2756 enim
3083 2717 3252 2755 nemo
3287 2707 3481 2772 potest
3509 2703 3692 2771 impu-

1996 2799 2115 2849 tare
2147 2795 2262 2847 Deo
2293 2793 2444 2863 quod
2476 2797 2688 2862 peccat,
2723 2791 2800 2844 ita
2832 2807 3059 2862 quoque
3102 2791 3255 2860 quod
3300 2789 3547 2860 peccatis
3577 2806 3692 2859 pu-

1997 2885 2240 2937 niendus
2274 2882 2362 2936 sit.
2425 2883 2625 2935 Peccat
2653 2880 2808 2933 enim
2861 2880 3097 2950 propria
3153 2881 3448 2933 voluntate
3505 2879 3689 2933 delin-

1998 2987 2200 3044 quens,
2237 2970 2562 3041 puniendus
2602 2974 2685 3022 est
2713 2975 2905 3021 autem
2927 2968 3083 3038 justo
3105 2968 3328 3038 judicio
3357 2966 3684 3037 judicantis,

1996 3067 2052 3115 et
2081 3061 2226 3114 sicut
2255 3059 2470 3129 peccati
2510 3073 2678 3110 causa
2718 3073 2832 3111 non
2879 3073 2946 3110 ex
2995 3056 3097 3110 Dei
3126 3057 3502 3127 praescientia
3555 3057 3686 3110 des-

1998 3149 2209 3215 cendit,
2240 3148 2376 3218 quia
2406 3147 2597 3200 nullus
2624 3145 2835 3199 idcirco
2882 3151 3080 3216 peccat
3113 3162 3125 3198 :
3159 3144 3293 3216 quia
3353 3146 3502 3199 Deus
3553 3161 3683 3198 cum

1998 3244 2362 3309 peccaturum
2396 3235 2728 3306 praescierit,
2775 3236 2870 3288 sed
2919 3234 3130 3288 idcirco
3167 3236 3304 3306 quia
3350 3235 3534 3306 magis
3564 3251 3688 3306 pro-

1995 3329 2118 3398 prie
2168 3324 2641 3395 coucupiscentiae
2688 3324 2982 3388 obedierit,
3028 3340 3202 3394 quam
3248 3332 3532 3395 praecepto
3563 3340 3690 3395 pro-

1993 3416 2244 3470 hibentis
2279 3414 2380 3468 Dei
2409 3430 2441 3467 a
2465 3417 2694 3484 peccato
2725 3413 2805 3467 ita
2848 3428 3080 3483 quoque
3125 3413 3319 3466 nullus
3359 3412 3574 3467 idcirco
3619 3413 3686 3466 ad

1995 3520 2226 3574 poenam
2258 3503 2414 3556 vadit
2443 3519 2456 3555 :
2509 3501 2646 3572 quia
2672 3501 2861 3555 hocin
2894 3500 3393 3570 preedestinatione
3432 3501 3530 3554 Dei
3555 3505 3687 3553 ante

1995 3594 2201 3647 fuerat.
2232 3593 2312 3646 Ex
2365 3608 2433 3645 eo
2479 3591 2634 3644 enim
2684 3589 2839 3660 quod
2895 3591 3188 3660 praescitus
3219 3595 3306 3644 est
3349 3590 3406 3643 in
3442 3589 3689 3660 peccatis

1993 3697 2424 3753 permansurus,
2459 3684 2515 3733 et
2543 3679 2666 3733 sine
2696 3678 3052 3748 poenitentiae
3083 3679 3293 3745 fructu,
3324 3678 3498 3732 vitam
3531 3694 3689 3748 prae-

1997 3776 2216 3824 sentem
2248 3769 2681 3835 terminaturus,
2722 3784 2792 3821 ex
2847 3783 2914 3821 eo
2947 3767 3256 3838 deputatus
3315 3771 3401 3822 est
3455 3767 3524 3820 ad
3571 3782 3690 3836 pm-

1999 3877 2150 3913 nam.
2183 3860 2246 3913 Et
2277 3861 2422 3912 sicut
2459 3874 2629 3910 causa
2675 3857 2894 3927 peccati
2935 3855 3398 3927 concupiscentia
3429 3859 3530 3922 est,
3574 3872 3690 3926 qua

2000 3947 2178 4018 magis
2210 3947 2478 4001 obeditur
2512 3946 2794 3999 voluntati
2821 3945 3031 4011 carnis,
3064 3961 3236 4015 quam
3269 3950 3556 4015 praecepto
3608 3944 3691 3997 di-

1996 4039 2152 4106 vino,
2184 4037 2263 4091 ita
2293 4053 2438 4106 pene
2485 4035 2801 4104 deputatio,
2864 4051 3034 4088 causa
3084 4040 3171 4088 est
3226 4034 3442 4104 peccati
3483 4048 3690 4103 perpe-

1997 4127 2184 4193 tratio,
2241 4131 2296 4179 et
2351 4130 2550 4194 postea
2604 4141 2709 4194 pro
2765 4129 2997 4194 peccato
3049 4124 3208 4177 nulla
3255 4123 3431 4193 digna
3478 4121 3692 4176 satisfa-

1996 4216 2126 4268 ctio.

2174 4303 2301 4357 Car.
2336 4302 2607 4356 XXXVIII.
2641 4332 2709 4341 ——
2745 4303 2874 4355 Item
2903 4301 2968 4354 de
3008 4301 3505 4370 prwdestinatione.

2068 4395 2172 4460 (Em
2198 4390 2358 4445 dictis
2381 4390 2661 4460 Ambros.)
2698 4390 2765 4443 Et
2813 4389 3098 4459 scriptura
3137 4390 3273 4444 dicit
3304 4406 3317 4442 :
3375 4388 3688 4444 Considera

1996 4497 2172 4550 opera
2204 4479 2466 4533 Domini:
2522 4479 2659 4549 quia
2704 4495 2892 4532 memo
2940 4483 3130 4549 potest
3174 4478 3462 4549 corrigere
3513 4494 3687 4549 quem

1995 4569 2091 4622 ille
2121 4567 2459 4638 despexerit.

2209 4658 2335 4710 CAP.
2368 4657 2587 4710 XXXIX.
2623 4686 2693 4697 —
2721 4658 2852 4710 Item
2879 4656 2944 4710 de
2967 4655 3467 4725 przdestinatione.

2066 4745 2170 4814 (Eae
2223 4747 2386 4800 dictis
2439 4747 2702 4813 August.)
2763 4746 2939 4799 Nemo
2997 4745 3097 4816 qui
3164 4745 3307 4799 bene
3387 4746 3568 4800 credit
3627 4746 3685 4799 in

1995 4835 2196 4901 Deum,
2230 4834 2451 4888 dubitat
2491 4834 2850 4904 prmscientia
2889 4834 3043 4887 illius
3092 4835 3320 4900 caelum,
3353 4839 3686 4905 terramque

1993 4923 2294 4988 contineri,
2327 4923 2724 4993 mundumque
2767 4923 3143 4992 providentiae
3194 4923 3386 4977 divina
3447 4927 3591 4992 regi.
3624 4925 3688 4977 Et

1992 5012 2138 5064 sicut
2166 5011 2310 5064 nihil
2342 5013 2482 5064 latet
2509 5012 2848 5081 sapientiam
2879 5013 3023 5082 ejus,
3057 5012 3135 5065 ita
3184 5012 3482 5082 dispositio
3533 5012 3688 5066 illius

1991 5100 2258 5154 universa
2285 5101 2615 5154 moderatur
2635 5105 2691 5154 et
2712 5101 2879 5170 regit.
2917 5101 3004 5154 Sic
3034 5101 3190 5154 enim
3221 5103 3380 5155 nulla
3418 5107 3504 5155 est
3531 5117 3685 5155 crea-

1991 5192 2120 5241 tura
2148 5191 2388 5256 occulta,
2421 5189 2481 5242 in
2513 5196 2818 5259 conspectu
2849 5189 3028 5243 illius.

2276 5279 2401 5332 Car.
2436 5279 2538 5332 XL.
2568 5309 2636 5317 —
2668 5282 2745 5333 De
2773 5280 3038 5332 creatione
3069 5279 3401 5346 angelorum.

2064 5364 2276 5436 (Idem)
2326 5367 2388 5420 In
2446 5366 2729 5437 principio
2785 5366 2999 5420 creavit
3031 5368 3177 5420 Deus
3242 5369 3445 5421 coelum
3495 5371 3550 5420 et
3577 5371 3686 5421 ter-

1992 5469 2135 5518 ram,
2196 5459 2252 5507 et
2309 5471 2516 5525 aquam
2564 5471 2633 5509 ex
2687 5456 2888 5518 nihilo,
2940 5460 2998 5509 et
3050 5471 3180 5509 cum
3236 5471 3446 5526 aquam
3500 5454 3685 5525 ipsam

1993 5543 2176 5597 adhuc
2207 5543 2459 5597 tenebrze
2494 5545 2864 5610 occultarent,
2905 5548 2962 5597 et
2989 5560 3200 5614 aquam
3248 5548 3398 5596 terra
3456 5543 3687 5597 abscon-

1993 5632 2174 5700 deret,
2210 5632 2341 5684 facti
2365 5637 2498 5686 sunt
2527 5633 2741 5703 angeli,
2777 5636 2833 5687 et
2868 5648 3068 5686 omnes
3125 5632 3382 5686 caelestes
3418 5632 3678 5686 virtutes.
