3950 6320
280 333 536 431 volentes
579 371 638 425 in
687 365 902 440 peccati
952 364 1160 434 laqueo
1212 357 1592 427 strangulant,
1655 353 1713 406 in
1759 347 2054 422 peccatiA

281 479 509 536 pennam
557 439 729 515 etiam
781 453 1041 509 nolentes
1088 449 1339 504 trahant.
1396 444 1558 510 Quod
1608 457 1744 512 ergo
1800 439 1916 492 illic
1945 453 1978 490 a

285 552 495 609 dextris
540 554 712 618 atque
761 542 1004 598 sinistris
1053 538 1172 605 Dei,
1226 535 1507 589 exercitus
1561 530 1687 584 coeli
1734 528 1978 581 astitisse

285 616 643 704 describitur,
676 637 785 688 hoc
831 631 926 684 hic
976 630 1126 682 inter
1176 624 1325 679 ﬁlios
1369 621 1467 675 Dei
1514 620 1688 674 Satan
1735 616 1981 670 adfuisse

288 728 645 802 perhibetur.
684 724 818 776 Ecce
853 737 883 772 a
913 715 1124 772 dextris
1173 713 1273 767 Dei
1320 713 1598 764 steterunt
1637 705 1847 775 angeli,
1884 703 1979 773 qui

284 815 662 873 nominantur
705 809 811 864 ﬁlii
849 807 973 870 Dei,
1026 819 1154 858 ecce
1201 819 1231 854 a
1263 797 1508 853 sinistris
1553 800 1708 850 stant
1749 791 1981 862 angeli:

289 906 426 977 quia
456 901 641 957 adfuit
666 900 816 953 inter
841 913 939 949 eos
966 893 1140 946 etiam
1170 889 1361 944 Satan.

291 1031 418 1084 CAP.
451 1027 626 1081 XLIX.
650 1054 715 1062 -—
741 1002 895 1092 δυοά
913 1016 1183 1092 immundi
1203 1014 1435 1092 spiritus
1454 1013 1514 1063 in
1537 1009 1636 1063 hoc
1669 1008 1786 1060 caeli
1813 1010 1992 1059 terrae-

823 1105 925 1160 que
954 1088 1130 1142 medio
1167 1089 1454 1152 vagentur.

365 1222 546 1293 (Greg.
578 1220 640 1272 in
671 1218 784 1272 suis
815 1214 1005 1269 Moral.
1056 1211 1193 1264 dicit
1226 1207 1264 1277 :)
1296 1205 1472 1261 Paulo
1522 1207 1652 1256 ante
1692 1201 1812 1271 jam
1845 1197 1992 1252 dixi-

295 1327 442 1375 mus,
505 1307 653 1361 unde
708 1309 762 1358 et
817 1319 946 1355 aves
1003 1298 1134 1354 cmli
1187 1296 1569 1350 nominamus.
1639 1291 1705 1343 Et
1761 1289 1993 1350 scimus,

297 1399 448 1470 quod
496 1393 783 1450 immundi
836 1389 1094 1460 spiritus,
1146 1385 1244 1456 qui
1291 1400 1320 1437 e
1368 1383 1508 1436 coelo
1554 1381 1802 1433 tethereo
1850 1375 1996 1445 lapsi

299 1492 451 1551 sunt,
502 1485 561 1538 in
608 1484 716 1537 hoc
767 1479 896 1534 cmli
951 1483 1234 1544 terraeque
1296 1472 1482 1525 medio
1539 1471 1836 1538 vagantur.
1889 1463 1998 1527 Qui

299 1580 459 1629 tanto
492 1571 676 1641 magis
706 1567 876 1621 corda
923 1563 1224 1618 hominum
1277 1558 1581 1613 ascendere
1631 1557 1697 1608 ad
1749 1552 2000 1608 caelestia

301 1663 577 1725 invident,
618 1661 832 1729 quanto
886 1671 944 1708 se
985 1671 1018 1707 a
1057 1650 1379 1705 caelestibus
1425 1664 1528 1718 per
1577 1644 1840 1698 elationis
1883 1656 2000 1694 suae

302 1747 736 1805 immundiciam
769 1745 1055 1814 proiectos
1086 1740 1298 1792 vident.

377 1841 504 1892 CAP.
540 1837 597 1890 L.
632 1864 699 1876 -—
729 1837 796 1888 De
826 1834 920 1885 hoc
948 1833 1000 1883 si
1028 1845 1142 1898 pace
1172 1829 1228 1880 in
1260 1823 1580 1880 sublimibus
1605 1823 1927 1875 retineatur.

377 1927 491 1997 (Ea:
517 1923 755 1986 iisdem.)
786 1920 890 1974 Sed
943 1919 1094 1971 inter
1123 1913 1405 1968 haaclibet
1453 1910 1764 1980 inquirere,
1815 1907 1860 1960 si
1897 1923 2004 1976 pax

307 2017 367 2070 in
403 2013 746 2068 sublimibus
777 2023 1002 2062 summa
1046 2003 1346 2066 retinetur,
1396 2000 1535 2070 quid
1585 2002 1671 2051 est
1712 1997 1865 2067 quod
1903 2010 2008 2065 per

311 2104 576 2174 angelum
613 2098 830 2153 Danieli
861 2095 1068 2149 dicitur
1089 2092 1116 2144 ?
1147 2093 1260 2162 Ego
1292 2090 1422 2142 veni
1453 2091 1686 2158 propter
1716 2099 2008 2138 sermones

309 2197 455 2254 tuos,
489 2189 756 2259 princeps
787 2191 974 2238 autem
1017 2181 1180 2250 regni
1231 2181 1531 2232 Persarum
1583 2173 1793 2227 restitit
1841 2171 2006 2237 mihi,

312 2280 404 2340 XX
433 2283 489 2331 et
518 2292 631 2329 uno
665 2274 885 2340 diebus,
935 2281 992 2324 et
1038 2285 1164 2322 ecce
1199 2266 1430 2321 Michael
1461 2279 1609 2317 unus
1640 2263 1708 2316 de
1739 2259 2011 2332 principi-

314 2367 444 2432 bus,
466 2363 684 2433 primus
711 2359 868 2412 venit
896 2359 952 2409 in
980 2355 1330 2424 adjutorium
1355 2350 1513 2404 mihi.
1547 2351 1609 2402 Et
1639 2349 1810 2418 paulo
1844 2351 2005 2417 post:

318 2455 480 2508 Nunc
525 2457 776 2504 revertar
818 2452 882 2499 ut
929 2444 1156 2514 praelier
1201 2443 1471 2495 adversus
1512 2437 1832 2508 principem
1883 2437 2010 2488 Per-

319 2557 531 2596 sarum.
601 2539 740 2592 Cum
809 2534 962 2588 enim
1030 2532 1356 2601 egrederer,
1425 2525 1692 2597 apparuit
1746 2526 2010 2594 princeps

319 2630 646 2685 Graecorum
697 2622 1025 2678 adveniens.
1083 2620 1234 2683 Quos
1284 2618 1479 2687 itaque
1533 2615 1675 2667 alios
1724 2613 2011 2683 principes

321 2718 581 2788 gentium
639 2713 749 2767 nisi
807 2711 1042 2780 angelos
1095 2708 1365 2778 appellat,
1427 2703 1526 2773 qui
1594 2702 1702 2755 sibi
1751 2702 2012 2753 resistere

324 2806 552 2861 exeunti
582 2803 902 2875 potuissent
925 2798 952 2853 ?
981 2798 1115 2862 Quae
1147 2811 1283 2866 ergo
1313 2810 1435 2846 esse
1479 2807 1586 2862 pax
1637 2791 1696 2844 in
1745 2789 2013 2844 sublimi-

1361 233 1767 292 BURCHARDI
1804 217 2339 284 WORMACIENSIS
2377 213 2708 271 EPISCOPI.

2092 338 2444 398 desiderium
2472 329 2783 388 voluntatis
2811 329 3060 398 injustas.
3100 321 3418 379 Formidari
3447 320 3625 390 igitur
3668 333 3785 371 non

2091 432 2277 494 debet,
2312 426 2412 498 qui
2439 423 2584 479 nihil
2612 419 2723 475 nisi
2768 415 3084 488 permissus
3127 412 3294 466 valet.
3348 408 3479 463 Sola
3514 424 3651 478 ergo
3705 407 3790 458 vis

2089 521 2189 574 illa
2211 515 2465 571 timenda
2497 517 2600 576 est,
2639 524 2767 580 qua:
2793 521 2922 559 cum
2952 504 3176 558 hostem
3210 499 3409 552 saevire
3443 494 3785 567 permiserit.

2094 609 2147 663 ei
2176 622 2340 660 usum
2361 601 2504 673 justi
2524 596 2751 670 judicii,
2781 599 2836 648 et
2859 594 3071 661 injusta
3099 588 3253 642 illius
3285 587 3566 649 voluntas,
3597 582 3789 637 servit.

2098 695 2396 750 Paululum
2446 705 2579 742 vero
2627 699 2863 740 manum
2912 680 3160 752 postulat
3205 674 3437 730 extendi
3469 690 3482 726 :
3512 672 3650 742 quia
3695 687 3791 724 ex-

2096 784 2310 839 teriora
2342 785 2475 834 sunt
2504 792 2632 848 quae
2663 772 2880 843 expetit
2906 768 3142 824 conteri.
3188 767 3382 836 Neque
3431 762 3584 816 enim
3633 765 3794 813 satan

2098 874 2282 928 facere
2311 885 2368 923 se
2400 867 2615 937 aliquid
2645 863 2889 917 multum
2930 862 3116 929 putat,
3163 855 3274 908 nisi
3315 868 3446 906 cum
3491 851 3552 904 in
3601 849 3797 902 anima

2101 961 2337 1023 sauciat,
2373 961 2435 1011 ut
2461 956 2530 1008 ab
2555 954 2654 1007 illa
2683 949 2867 1022 patria
2898 947 3108 1002 feriens
3137 946 3380 998 revocet.

2103 1069 2228 1123 CAP.
2267 1065 2378 1118 LII.
2410 1091 2482 1102 —
2522 1058 2674 1126 Quod
2716 1059 2950 1125 quatuor
2975 1051 3186 1126 _modis_
3223 1051 3493 1126 loquatur:
3529 1048 3673 1100 Deus
3723 1041 3800 1096 ad

2257 1118 2557 1199 diabolum:
2587 1136 2634 1183 et
2661 1118 2836 1181 tribus
2864 1123 3038 1178 modis
3069 1121 3316 1175 diabolus
3347 1118 3421 1171 ad
3450 1119 3640 1172 Deum.

2175 1226 2430 1296 (Gregor.
2476 1223 2535 1274 in
2571 1221 2686 1274 suis
2729 1213 3029 1271 Moralibus
3061 1215 3100 1277 :)
3149 1207 3460 1264 Sciendum
3507 1219 3644 1258 vero
3693 1205 3802 1266 est,

2106 1293 2241 1386 quia
2268 1312 2416 1365 sicut
2445 1310 2548 1362 hoc
2582 1309 2703 1360 loco
2736 1302 3031 1368 discimus,
3065 1300 3131 1353 ιν
3165 1296 3350 1351 modis
3375 1293 3628 1365 loquitur
3654 1293 3805 1346 Deus

2108 1380 2176 1458 ad
2208 1400 2500 1456 diabolum
2535 1414 2546 1450 :
2587 1395 2764 1448 tribus
2795 1391 2982 1445 modis
3012 1388 3272 1442 diabolus
3305 1385 3371 1438 ad
3418 1384 3618 1437 Deum.
3653 1380 3805 1444 Qua-

2109 1497 2240 1546 tuor
2271 1488 2455 1542 modis
2491 1469 2747 1555 loquitur
2792 1481 2938 1534 Deus
2989 1477 3058 1531 ad
3100 1475 3412 1540 diabolum,
3463 1476 3520 1525 et
3563 1469 3809 1540 injustas

2110 1581 2230 1634 vias
2260 1581 2382 1648 ejus
2415 1575 2626 1645 arguit.
2670 1577 2727 1625 et
2771 1571 3082 1623 electorum
3131 1579 3364 1618 suorum
3409 1564 3606 1615 contra
3640 1558 3808 1611 illum

2109 1666 2388 1741 justitiam
2419 1660 2712 1734 proponit,
2744 1663 2802 1712 et
2829 1655 3162 1711 tentandam
3191 1667 3388 1705 eorum
3417 1645 3806 1703 innocentiam

2114 1740 2166 1812 ei
2198 1753 2562 1811 concedendo
2597 1746 2900 1822 permittit,
2948 1749 3006 1798 et
3051 1741 3363 1812 aliquando
3407 1753 3538 1792 cum
3579 1751 3652 1788 ne
3683 1740 3810 1788 ten-

2113 1851 2234 1901 tare
2264 1843 2475 1898 audeat
2505 1838 2790 1910 prohibet.
2826 1835 3074 1905 lnjustas
3119 1831 3271 1884 enim
3302 1829 3418 1882 vias
3451 1829 3575 1896 ejus
3617 1823 3811 1878 redar-

2115 1933 2258 2004 guit,
2287 1933 2429 1985 sicut
2457 1929 2575 1999 jam
2609 1926 2826 1980 dictum
2858 1927 2941 1976 est
2973 1941 2988 1974 :
3023 1920 3184 1977 Unde
3236 1917 3392 1972 venis
3414 1917 3442 1969 ‘2
3486 1915 3809 1968 Electorum

2116 2000 2349 2076 suorum
2381 2023 2575 2072 contra
2607 2016 2767 2068 illum
2815 2011 3095 2082 justitiam
3147 2005 3436 2078 proponit,
3489 2003 3635 2056 sicut
3685 2000 3807 2053 ait:

2119 2106 2503 2165 Considerasti
2556 2117 2783 2157 servum
2834 2115 3028 2154 meum
3076 2096 3202 2158 Job,
3257 2094 3407 2165 quod
3466 2107 3581 2146 non
3637 2089 3712 2143 sit
3761 2086 3816 2141 ei

2119 2197 2321 2252 similis
2366 2210 2540 2265 super
2588 2191 2849 2246 terram?
2895 2185 3248 2242 Tentandam
3297 2197 3498 2236 eorum
3537 2179 3814 2233 innocen-

2116 2290 2257 2344 tiam
2315 2285 2368 2338 ei
2423 2280 2790 2338 concedendo
2850 2275 3152 2348 permittit,
3214 2273 3358 2326 sicut
3411 2269 3549 2324 dicit
3603 2283 3616 2321 :
3675 2266 3816 2319 Ecce

2118 2376 2383 2430 universa
2412 2389 2542 2444 qua:
2575 2369 2765 2436 habet,
2802 2368 2860 2421 in
2893 2380 3070 2419 manu
3100 2368 3198 2418 tua
3241 2365 3388 2415 sunt.
3446 2359 3814 2425 Rursumque

2120 2480 2252 2518 eum
2299 2480 2333 2516 a
2384 2461 2699 2514 tentatione
2748 2454 3036 2528 prohibet,
3086 2465 3217 2504 cum
3259 2448 3396 2502 dicit
3429 2464 3440 2500 :
3472 2447 3718 2500 Tantum
3754 2443 3814 2496 in

2122 2569 2255 2607 eum
2288 2567 2359 2605 ne
2387 2547 2652 2604 extendas
2700 2560 2936 2598 manum
2968 2547 3147 2595 tuam.
3179 2537 3378 2593 Tribus
3408 2541 3600 2589 autem
3631 2531 3818 2586 modis

2121 2639 2377 2712 loquitur
2425 2637 2684 2692 diabolus
2729 2635 2798 2688 ad
2848 2634 3048 2698 Deum,
3083 2643 3212 2683 cum
3244 2626 3332 2680 vel
3362 2625 3480 2678 vias
3509 2639 3640 2677 suas
3670 2620 3818 2675 insi-

2123 2733 2283 2794 nuat,
2335 2726 2425 2780 vel
2472 2727 2783 2779 electorum
2842 2719 3228 2774 innocentiam
3278 2715 3422 2770 ﬁctis
3478 2709 3820 2766 criminibus

2124 2821 2366 2881 accusat,
2401 2815 2488 2868 vel
2518 2811 2846 2868 tentandam
2893 2808 3153 2864 eamdem
3197 2801 3583 2858 innocentiam
3621 2803 3818 2870 postu-

320 2895 428 2949 bus
457 2898 663 2964 pOleSt’
697 2892 742 2943 Si
781 2889 933 2942 inter
974 2888 1127 2956 ipsos
1172 2899 1401 2974 quam”
1446 2880 1733 2950 angelicos
1781 2878 2014 2974 spiritus:
2049 2907 2090 2962 C
2127 2907 2226 2960 lat.
2275 2878 2400 2957 Vias
2445 2903 2664 2974 quippe
2707 2915 2837 2953 suas
2894 2896 3170 2962 insinuat,
3230 2891 3331 2963 qui
3378 2889 3458 2944 ait
3507 2905 3519 2943 :
3575 2883 3824 2942 Circuivi

321 2980 626 3054 praeliandi
675 2983 966 3033 certamen
1011 2974 1220 3043 agitur,
1273 2971 1371 3041 qui
1422 2984 1647 3038 semper
1688 2964 2017 3036 conspectui

324 3069 582 3124 veritatis
610 3067 926 3120 assistunt?
973 3062 1081 3116 Sed
1136 3061 1271 3131 quia
1318 3064 1473 3112 certa
1519 3058 1858 3126 angelorum
1909 3055 2015 3107 mi-

328 3158 560 3213 nisteria
621 3152 1016 3226 dispensandis
1061 3149 1323 3219 singulis,
1385 3146 1708 3217 quibusque
1755 3143 2017 3214 gentibus

329 3247 444 3301 sint
487 3246 742 3316 praelata,
790 3257 918 3294 cum
965 3238 1346 3308 subjectorum
1383 3249 1572 3288 mores
1617 3232 1917 3285 adversum
1959 3245 2017 3282 se

325 3335 574 3390 vicissim
638 3329 1082 3403 praepositorum
1120 3327 1427 3396 spirituum
1470 3338 1637 3393 opem
1700 3325 2017 3385 merentur,

326 3425 436 3496 ipsi
467 3423 565 3494 qui
596 3425 851 3493 praasunt
885 3417 1119 3488 spiritus
1167 3418 1362 3468 contra
1408 3429 1465 3465 se
1519 3411 1710 3464 venire
1761 3410 2017 3463 referun-

325 3495 440 3567 tur.
469 3513 519 3565 ls
550 3524 797 3579 namque
823 3507 1063 3576 angelus
1096 3503 1192 3574 qui
1229 3501 1450 3556 Danieli
1479 3495 2020 3569 loquebatur,capti-

326 3602 411 3654 vis
456 3598 750 3653 Israelitici
806 3594 1001 3665 populi
1034 3592 1092 3645 in
1135 3589 1363 3644 Perside
1394 3586 1721 3642 constitutis
1751 3585 2022 3655 praelatus

331 3688 661 3758 agnoscitur
713 3682 944 3739 Michael
1009 3684 1199 3734 autem
1253 3693 1472 3744 eorum,
1537 3674 1636 3746 qui
1693 3690 1758 3728 ex
1819 3672 2022 3727 eadem

332 3777 502 3846 plebe
543 3775 602 3827 in
646 3772 841 3826 Judaea
888 3775 1040 3823 terra
1085 3769 1495 3831 remanserant,
1547 3752 1888 3832 praepositus
1941 3761 2024 3813 in-

332 3863 580 3917 venitur.
619 3861 778 3915 Unde
812 3858 882 3911 ab
912 3857 1115 3910 eodem
1167 3855 1368 3923 angelo
1410 3853 1581 3922 paulo
1627 3855 1755 3920 post
1805 3847 2025 3902 Danieli

337 3950 547 4006 dicitur
576 3965 590 4002 :
630 3949 807 4002 Nemo
837 3950 921 3999 est
951 3945 1176 4013 adjutor
1208 3958 1370 3995 meus
1401 3941 1460 3993 in
1485 3938 1752 3992 omnibus
1782 3935 1890 3996 his,
1917 3934 2025 3987 nisi

338 4038 568 4094 Michael
601 4037 864 4107 princeps
894 4038 1096 4086 vester.
1135 4032 1211 4085 De
1241 4046 1354 4100 quo
1385 4033 1442 4082 et
1469 4028 1577 4081 hoc
1606 4026 1759 4096 quod
1801 4023 2026 4095 preemi-

336 4129 535 4194 simus,
571 4125 747 4180 dicit:
781 4124 848 4177 Et
892 4137 1020 4176 ecce
1063 4119 1296 4174 Michael
1338 4133 1488 4171 unus
1536 4117 1604 4170 de
1648 4112 2020 4186 principibus,

336 4218 558 4289 primus
590 4214 743 4268 venit
767 4213 826 4266 in
875 4209 1226 4280 adjutorium
1277 4206 1442 4260 mihi.
1487 4204 1594 4269 Qui
1640 4205 1776 4258 dum
1816 4217 2026 4270 nequa-

337 4321 512 4376 quam
547 4303 718 4357 simul
750 4316 894 4364 esse,
942 4297 1039 4352 sed
1087 4296 1283 4349 venire
1315 4295 1373 4348 in
1418 4292 1767 4364 adjutorium
1797 4290 2026 4354 dicitur,

337 4400 534 4466 aperte
585 4392 638 4445 ei
685 4389 902 4460 populo
933 4387 1204 4457 praelatus
1235 4383 1582 4455 agnoscitur,
1611 4381 1710 4452 qui
1741 4385 1941 4450 captus
1971 4378 2032 4431 in

337 4483 448 4536 alia
479 4485 642 4552 parte
665 4478 987 4533 tenebatur.

339 4607 469 4662 CAP.
503 4605 587 4659 LI.
620 4633 693 4645 —
716 4602 868 4668 Quod
897 4600 1104 4654 diaboli
1147 4598 1396 4652 voluntas
1446 4611 1653 4665 semper
1697 4597 1768 4648 sit
1817 4595 2032 4662 iniqua,

610 4667 846 4744 potestas
879 4677 1058 4725 autem
1087 4670 1202 4740 ejus
1230 4684 1511 4738 nunquam
1535 4667 1766 4735 injusta.

415 4784 526 4852 (Ea:
557 4780 794 4849 eisdem.)
834 4777 1140 4833 Sciendum
1186 4792 1320 4830 vero
1371 4778 1459 4828 est
1510 4772 1646 4843 quia
1678 4772 1899 4827 Satanae
1930 4787 2036 4824 vo-

342 4873 534 4927 luntas
566 4884 791 4939 semper
820 4867 1022 4937 iniqua
1051 4870 1155 4934 est,
1202 4865 1298 4918 sed
1334 4877 1631 4932 nunquam
1662 4866 1915 4930 potestas
1944 4860 2039 4913 in-

340 4961 495 5031 justa
540 4977 552 5013 :
597 4958 734 5029 quia
781 4974 814 5010 a
860 4955 1166 5024 semetipso
1222 4953 1577 5005 voluntatem
1627 4950 1816 5016 habet,
1863 4948 1961 5002 sed
2008 4964 2041 5000 a

348 5048 591 5104 Domino
623 5049 986 5118 potestatem.
1032 5041 1196 5105 Quod
1241 5040 1395 5094 enim
1446 5038 1566 5109 ipse
1613 5038 1797 5091 facere
1842 5036 2041 5107 inique

347 5137 584 5208 appetit,
619 5136 726 5190 hoc
761 5135 909 5188 Deus
939 5131 1065 5185 ﬁeri
1092 5146 1206 5182 non
1235 5128 1517 5197 nisijuste
1545 5126 1846 5196 permittit.
1883 5125 2041 5179 Unde

346 5225 494 5281 bene
539 5226 597 5279 in
629 5223 788 5279 libris
824 5224 1045 5292 Regum
1086 5218 1293 5272 dicitur
1325 5231 1337 5270 :
1372 5217 1617 5286 Spiritus
1659 5214 1886 5270 Domini
1930 5230 2045 5266 ma-

347 5313 438 5368 lus
484 5314 740 5366 irruebat
784 5311 840 5364 in
892 5309 1046 5364 Saul.
1099 5308 1236 5361 Ecce
1268 5321 1415 5359 unus
1467 5305 1734 5374 idemque
1785 5303 2045 5373 spiritus,

350 5408 407 5457 et
467 5402 696 5456 Domini
753 5398 1098 5470 appellatur,
1148 5400 1203 5450 et
1253 5394 1436 5448 malus
1499 5392 1728 5447 Domini
1783 5392 2046 5445 videlicet

351 5507 455 5562 per
508 5489 796 5545 licentiam
850 5485 1147 5557 potestatis
1204 5483 1394 5554 justas,
1452 5482 1637 5536 malus
1691 5484 1880 5536 autem
1943 5497 2044 5550 per

2127 2999 2357 3059 terram,
2393 2998 2446 3045 et
2477 2986 2869 3062 perambulavi
2900 3001 3046 3040 eam.
3081 2983 3402 3037 Electorum
3431 2975 3824 3031 innocentiam

2129 3056 2353 3136 accusat
2404 3098 2416 3134 :
2471 3056 2606 3151 quia
2652 3076 2788 3131 dicit
2839 3091 2852 3129 :
2913 3071 3183 3143 Nunquid
3235 3070 3446 3123 frustra
3494 3065 3600 3120 Job
3659 3056 3825 3118 timet

2132 3171 2355 3226 Deum?
2408 3170 2607 3223 Nonne
2665 3171 2726 3220 tu
2780 3163 3001 3218 vallasti
3059 3176 3214 3226 eum,
3265 3174 3329 3212 ac
3387 3157 3625 3211 domum
3676 3153 3822 3223 ejus,

2129 3260 2571 3327 universamque
2616 3253 2991 3309 substantiam
3034 3265 3137 3322 per
3180 3245 3530 3302 circuitum?
3574 3244 3823 3297 Teutan-

2130 3350 2261 3404 dam
2295 3347 2554 3402 eamdem
2586 3341 2976 3400 innocentiam
3005 3338 3276 3411 postulat,
3318 3350 3449 3389 cum
3493 3332 3639 3387 dixit
3667 3349 3684 3384 :
3719 3329 3823 3382 Ex-

2125 3437 2296 3492 tende
2327 3450 2562 3489 manum
2593 3439 2774 3499 tuam,
2804 3436 2861 3484 et
2897 3435 3069 3498 tange
3119 3430 3319 3480 cuncta
3366 3437 3499 3494 qum
3551 3419 3822 3492 possidet,

2130 3525 2242 3580 nisi
2268 3525 2327 3578 in
2362 3522 2562 3577 faciem
2593 3518 2947 3576 benedixerit
2974 3515 3098 3571 tibi.

2131 3632 2261 3686 CAP.
2296 3629 2433 3684 LIII.
2466 3657 2534 3666 —
2561 3626 2712 3694 Quod
2738 3639 2844 3679 non
2883 3625 2956 3677 sit
2997 3622 3184 3692 palma
3212 3619 3452 3674 victoria
3496 3617 3612 3670 sine
3642 3614 3825 3668 labore

2818 3695 3144 3750 certaminis.

2205 3790 2314 3861 (Ea:
2362 3789 2580 3855 dialogo
2621 3785 2806 3854 Greg.)
2869 3783 3002 3837 Sine
3051 3781 3246 3835 labore
3303 3774 3653 3842 certaminis,
3713 3787 3829 3826 non

2136 3885 2224 3933 est
2271 3877 2463 3949 palma
2504 3874 2778 3928 victoriae.
2831 3872 2988 3926 Unde
3032 3885 3170 3940 ergo
3220 3868 3479 3931 victores,
3529 3863 3642 3918 nisi
3693 3860 3830 3932 quia

2137 3980 2334 4030 contra
2375 3971 2600 4043 antiqui
2642 3970 2822 4025 hostis
2872 3967 3109 4022 insidias
3156 3959 3634 4020 decertaverunt?
3682 3956 3834 4013 Mali-

2140 4081 2288 4136 gnus
2344 4061 2557 4133 quippe
2611 4060 2844 4131 spiritus
2892 4055 3253 4127 cogitationi,
3303 4049 3596 4117 locutioni,
3657 4053 3832 4117 atque

2141 4151 2302 4224 operi
2352 4155 2549 4204 nostro
2601 4163 2828 4219 semper
2875 4145 3082 4200 assistit
3132 4161 3145 4197 :
3187 4143 3234 4196 si
3276 4142 3510 4196 fortasse
3555 4136 3692 4208 quid
3744 4135 3831 4188 in-

2139 4241 2351 4308 veniat,
2383 4238 2535 4293 unde
2566 4236 2717 4308 apud
2760 4251 2998 4289 examen
3041 4232 3242 4287 aeterni
3281 4228 3492 4300 judicis
3544 4230 3838 4280 accusator

2143 4329 2365 4385 existat.
2418 4327 2508 4380 Vis
2553 4325 2765 4379 etenim
2813 4339 2977 4377 nosse
3008 4320 3298 4393 quomodo
3329 4318 3398 4372 ad
3431 4313 3837 4384 decipiendum

2143 4432 2370 4488 semper
2413 4414 2676 4469 assistat?
2705 4412 2946 4477 Quidam
2989 4410 3089 4481 qui
3133 4424 3287 4462 nunc
3333 4404 3631 4460 nobiscum
3679 4406 3835 4467 sunt,

2144 4523 2267 4562 rem
2311 4521 2484 4577 quam
2515 4519 2687 4558 narro
2734 4505 3036 4556 testantur.
3079 4498 3242 4564 Quod
3290 4496 3378 4549 vir
3426 4495 3551 4548 vitae
3593 4507 3837 4546 venera-

2143 4596 2276 4652 bilis
2306 4594 2627 4664 Stephanus
2673 4591 2926 4653 nomine,
2969 4587 3205 4642 Valeriae
3249 4584 3554 4657 provinciaa
3600 4582 3836 4653 presby-

2145 4691 2234 4740 ter
2261 4683 2391 4749 fuit,
2424 4682 2593 4751 hujus
2622 4680 2803 4734 nostri
2833 4676 3108 4732 Bonifacii
3137 4673 3381 4738 diaconi,
3405 4678 3575 4742 atque
3606 4670 3838 4739 dispen-

2147 4771 2351 4828 satoris
2383 4771 2655 4836 ecclesiae,
2689 4768 3031 4839 cognatione
3079 4763 3392 4835 proximus.
3437 4760 3545 4826 Qui
3591 4758 3840 4830 quadam

2150 4863 2242 4918 die
2265 4861 2333 4915 de
2362 4860 2569 4914 itinere
2607 4859 2841 4912 domum
2893 4870 3203 4925 regressus,
3253 4850 3540 4921 mancipio
3587 4864 3690 4901 suo
3742 4862 3840 4900 ne-

2147 4950 2432 5020 gligenter
2478 4949 2715 5018 loquens
2763 4945 3038 5017 praecepit
3079 4943 3318 4998 dicens:
3374 4939 3534 5004 Veni,
3587 4936 3840 5002 diabolo,

2149 5038 2412 5093 discalcia
2443 5053 2552 5091 me.
2588 5036 2674 5091 Ad
2705 5037 2866 5106 cujus
2909 5049 3105 5087 vocem
3136 5047 3267 5084 mox
3313 5030 3608 5099 coeperunt
3651 5042 3710 5079 se
3750 5041 3840 5077 ca-

2149 5128 2397 5198 ligarum
2427 5125 2688 5197 corrigiae
2717 5124 2777 5177 in
2809 5139 3034 5178 summa
3073 5120 3366 5174 velocitate
3399 5117 3732 5180 dissolvere,
3781 5114 3843 5166 ut

2152 5221 2346 5287 aperte
2371 5219 2680 5282 constaret,
2712 5212 2865 5284 quod
2913 5212 2965 5265 ei
3013 5210 3133 5281 ipse
3184 5208 3284 5279 qui
3330 5205 3665 5261 nominatus
3712 5199 3837 5266 fuit,

2154 5286 2220 5359 ad
2288 5304 2662 5358 extrahendas
2723 5302 2954 5372 caligas,
3010 5298 3273 5354 diabolus
3325 5294 3629 5349 obedisset.
3680 5286 3839 5354 Quod

2156 5409 2286 5446 mox
2335 5398 2401 5446 ut
2450 5393 2749 5462 presbyter
2791 5390 2952 5450 vidit,
3000 5388 3372 5443 vehementer
3421 5381 3665 5454 expavit,
3717 5393 3836 5432 ma-

2155 5483 2397 5552 gnisque
2463 5481 2691 5536 vocibus
2754 5479 3000 5534 clamare
3064 5477 3235 5548 coepit
3297 5473 3489 5529 dicens
3549 5486 3562 5524 :
3624 5465 3836 5524 Recede
