3950 6340
110 338 231 387 1033

1023 334 1495 392 DECRETORUM
1539 336 1723 392 LIBRI
1760 337 1866 396 XX.
1903 367 1971 376 --
2012 337 2224 394 LIBER
2260 337 2653 393 VIGESIMUS.

3452 343 3470 393 l
3484 340 3588 394 034

96 457 277 523 miser,
311 455 511 510 recede
543 473 555 510 :
607 472 726 511 non
784 457 940 511 enim
998 456 1124 525 tibi,
1185 458 1285 512 sed
1320 459 1610 529 mancipio
1651 475 1781 514 meo
1809 480 1855 531 Α
1892 477 2153 515 reversus
2184 466 2269 515 est
2306 461 2375 515 ad
2409 460 2826 532 paenitentiam,
2863 460 3001 514 dum
3030 476 3088 514 se
3110 460 3444 516 inferiorem
3468 478 3589 517 esse

96 545 307 599 locutus
344 562 493 601 sum.
528 546 608 599 Ad
655 545 817 615 cujus
869 561 1063 599 vocem
1104 546 1368 616 protinus
1421 547 1674 612 recessit,
1707 548 1787 602 ita

100 639 159 688 ut
183 633 423 688 inventa
451 634 564 687 sint
612 650 822 703 magna
846 634 966 704 jam
996 650 1061 688 ex
1112 640 1270 705 parte
1318 636 1611 689 dissoluta
1662 653 1785 690 cor-

98 722 270 791 rigia,
300 739 368 776 ex
401 728 562 792 parte
593 724 995 777 remanserint.
1032 723 1151 786 Qua
1182 723 1243 776 in
1283 739 1343 776 re
1373 723 1569 793 colligi
1600 730 1788 794 potest

99 812 360 881 antiquus
404 812 603 878 hostis,
666 812 765 881 qui
811 813 929 881 jam
984 817 1194 881 prasto
1249 818 1334 865 est
1385 813 1787 882 corporalibus

98 898 271 967 factis,
320 916 492 970 quam
546 900 739 953 nimiis
785 899 1032 967 insidiis,
1072 900 1279 953 nostris
1337 900 1787 971 cogitationibus

101 988 321 1042 insistit.

100 1138 222 1192 CAP.
260 1139 389 1192 LIV.
423 1168 490 1179 -—
524 1141 594 1192 De
632 1142 903 1203 creatura,
945 1144 995 1193 et
1023 1142 1246 1204 natura,
1274 1144 1324 1192 et
1352 1141 1651 1194 ministerio
1687 1156 1785 1195 an-

418 1211 677 1277 gelorum,
713 1215 763 1263 et
794 1210 859 1262 de
888 1225 1016 1263 casu
1050 1214 1446 1278 apostatarum.

98 1340 170 1410 (S.
205 1340 397 1394 Isidor.
449 1343 508 1393 in
560 1341 698 1394 libro
747 1341 1050 1408 ofﬁciorum
1103 1343 1181 1394 sic
1248 1341 1532 1410 loquitur.)
1593 1343 1784 1411 Auge-

96 1428 278 1480 lorum
312 1443 522 1480 nomen
561 1427 734 1481 ofﬁcii
770 1432 870 1495 est,
922 1444 1038 1481 non
1086 1433 1325 1482 natura.
1383 1430 1526 1483 Nam
1584 1445 1784 1483 secun-

94 1516 225 1570 dum
256 1522 542 1579 naturam,
586 1517 822 1586 spiritus
870 1523 1294 1587 nuncupantur.
1346 1518 1583 1582 Quando
1630 1520 1784 1572 enim

96 1604 161 1657 de
200 1605 353 1659 catis
383 1605 451 1658 ad
487 1605 951 1658 annunciandum
982 1606 1313 1659 hominibus
1346 1606 1656 1659 mittuntur
1682 1624 1693 1659 :
1717 1623 1786 1659 ex

93 1693 213 1763 ipsa
238 1692 683 1747 annunciatione
731 1693 922 1762 angeli
973 1694 1324 1747 nominatur.
1371 1695 1583 1747 Natura
1631 1694 1784 1747 enim

92 1781 322 1851 spiritus
370 1787 523 1835 sunt.
562 1783 717 1835 Tunc
749 1789 942 1835 autem
974 1782 1166 1852 angeli
1219 1788 1512 1848 vocantur,
1554 1782 1784 1852 quando

93 1870 418 1923 mittuntur.
453 1870 666 1923 Natura
696 1871 1035 1939 angelorum
1069 1870 1361 1923 mutabilis
1392 1876 1497 1938 est,
1532 1870 1629 1923 sed
1651 1869 1787 1923 facit

93 1976 186 2013 eos
220 1960 579 2030 incorruptos
624 1960 869 2013 charitas
918 1959 1284 2029 sempiterna.
1321 1960 1512 2013 Gratia
1542 1960 1786 2013 dicimus

93 2062 209 2099 non
240 2051 444 2099 natura
497 2062 618 2099 esse
681 2047 1179 2099 incommutabiles
1237 2047 1492 2115 angelos.
1556 2048 1697 2100 Nam
1738 2045 1787 2099 si

96 2140 298 2187 natura
327 2134 829 2188 incommutubiles
868 2139 1078 2199 essent,
1126 2135 1390 2187 diabolus
1439 2134 1636 2204 utique
1671 2151 1787 2187 non

94 2222 404 2276 cecidisset.
439 2222 874 2276 Mutabilitatem
914 2224 1108 2293 itaque
1148 2228 1369 2276 natura
1419 2222 1693 2292 suﬁ‘ragat
1728 2222 1789 2275 in

94 2312 208 2365 illis
247 2313 657 2381 contemplatio
719 2312 1020 2365 Creatoris.
1072 2311 1215 2365 Inde
1278 2316 1330 2364 et
1390 2311 1645 2381 privatus
1705 2314 1790 2364 est

94 2405 351 2469 apostata
410 2400 669 2470 angelus,
728 2400 864 2453 dum
917 2399 1315 2452 fortitudinem
1370 2415 1531 2452 suam
1592 2415 1706 2452 non
1758 2414 1791 2451 a

98 2487 235 2552 Deo,
270 2488 364 2541 sed
413 2504 444 2540 a
472 2503 529 2540 se
570 2487 748 2540 voluit
786 2487 1091 2540 custodire.
1150 2489 1293 2540 Ante
1352 2502 1584 2540 omnem
1638 2503 1791 2540 crea-

92 2581 283 2629 turam
317 2575 505 2645 angeli
543 2576 675 2629 facti
708 2581 859 2643 sunt,
902 2576 1037 2629 dum
1071 2575 1283 2628 dictum
1325 2580 1411 2628 est
1443 2590 1456 2629 :
1504 2576 1625 2628 Fiat
1669 2574 1786 2628 lux.

98 2665 177 2717 De
209 2664 348 2735 ipsis
379 2664 531 2718 enim
566 2665 704 2718 dicit
732 2664 1024 2733 Scriptura
1055 2680 1068 2721 :
1104 2664 1264 2717 Prior
1287 2664 1551 2717 omnium
1602 2668 1791 2718 creata

92 2759 177 2805 est
206 2752 506 2823 sapientia.
546 2753 657 2806 Lux
690 2752 841 2805 enim
874 2752 1163 2818 dicuntur,
1206 2752 1600 2821 participando
1650 2753 1789 2805 lucis

92 2847 363 2894 aterna:
398 2841 693 2909 sapientia
723 2856 855 2893 vero
900 2840 1190 2901 dicuntur,
1226 2840 1422 2909 ignita
1453 2841 1788 2894 inharendo

91 2929 412 3001 sapientia.
447 2929 516 2981 Et
544 2944 672 2982 cum
705 2928 819 2981 sint
850 2928 1153 2981 mutabiles
1184 2934 1407 2993 natura,
1442 2944 1558 2981 non
1599 2934 1791 2982 tamen

1892 549 2196 620 cognoscit.
2231 550 2497 604 Diabolus
2523 566 2657 604 vero
2688 565 2803 603 non
2825 549 3092 603 solumin
3122 550 3232 603 hoc
3265 555 3588 617 contentus,

1893 638 2047 708 quod
2088 655 2146 691 se
2194 639 2306 693 Deo
2358 638 2639 709 aqualem
2696 638 3030 692 existimans
3079 638 3304 707 cecidit,
3356 640 3591 709 insuper

1893 727 2066 780 etiam
2100 726 2457 796 superiorem
2516 727 2629 779 Deo
2680 742 2738 779 se
2770 727 2924 791 dicit,
2968 727 3283 780 secundum
3345 727 3590 793 apostoli

1893 814 2063 880 dicta,
2106 816 2206 885 qui
2256 816 2337 869 ait
2389 816 2458 869 de
2514 815 2911 868 Antichristo:
2971 814 3080 878 Qui
3135 815 3488 881 adversatur,
3536 822 3593 868 et

1892 903 2181 958 extollitur
2219 920 2391 973 supra
2431 920 2598 957 omne
2632 904 2783 974 quod
2834 903 3043 957 dicitur
3106 904 3272 970 Deus,
3307 908 3405 956 aut
3434 903 3591 973 quod

1891 992 2117 1045 colitur.
2156 990 2425 1045 Diabolus
2454 991 2584 1045 ideo
2609 992 2733 1061 jam
2778 1007 2894 1043 non
2924 995 3081 1060 petet
3130 991 3355 1043 veniam
3391 1007 3404 1044 :
3455 990 3593 1061 quia

1891 1096 2010 1134 non
2043 1081 2455 1150 compungitur
2476 1079 2545 1133 ad
2580 1078 2996 1149 panitentiam.
3028 1078 3275 1132 Membra
3304 1095 3437 1132 vero
3467 1080 3592 1149 ejus

1891 1184 2039 1238 saepe
2069 1184 2172 1238 per
2222 1167 2553 1238 hypocrisin
2606 1168 3008 1236 deprecantur,
3041 1167 3193 1237 quod
3252 1172 3442 1220 tamen
3487 1184 3617 1239 pro,

1892 1256 2043 1310 mala
2100 1256 2448 1309 conscientia
2520 1254 2759 1325 adipisci
2828 1271 2945 1308 non
3027 1259 3343 1309 merentur.
3408 1256 3592 1310 Discat

1892 1344 2146 1397 humana
2197 1343 2449 1409 miseria,
2501 1343 2656 1414 quod
2686 1359 2753 1397 ea
2808 1358 2979 1396 causa
3030 1342 3195 1396 citius
3249 1349 3592 1413 provocetur

1894 1433 2043 1484 Deus
2113 1437 2385 1500 prastare
2440 1431 2689 1497 veniam,
2747 1429 2881 1484 dum
2952 1430 3186 1484 inﬁrmo
3242 1430 3590 1503 compatitur

1893 1518 2163 1573 homini:
2202 1520 2337 1590 quia
2382 1519 2506 1589 ipse
2562 1519 2734 1572 homo
2780 1517 2956 1573 traxit
2994 1535 3061 1573 ex
3104 1524 3267 1589 parte
3328 1519 3590 1573 inferiori

1893 1607 2286 1661 inﬁrmitatem
2351 1608 2639 1677 peccandi,
2669 1608 2776 1661 hoc
2822 1614 2925 1671 est,
2978 1624 3047 1661 ex
3106 1624 3296 1668 carne,
3354 1623 3466 1678 qua
3495 1608 3591 1661 in-

1894 1695 2045 1750 clusa
2075 1695 2266 1749 anima
2306 1696 2610 1749 detinetur.
2644 1700 2931 1765 Apostata
2964 1696 3150 1765 angeli
3184 1695 3314 1749 ideo
3367 1696 3592 1749 veniam

1897 1800 2014 1837 non
2044 1784 2303 1838 habent:
2362 1784 2498 1855 quia
2542 1784 2785 1837 carnalis
2833 1784 3157 1854 fragilitatis
3214 1784 3371 1838 nulla
3430 1783 3587 1837 inﬁr-

1894 1871 2094 1926 mitate
2125 1872 2341 1942 gravati
2397 1876 2531 1925 sunt
2588 1877 2649 1925 ut
2690 1876 3010 1942 peccarent.
3075 1872 3341 1926 Homines
3397 1877 3591 1926 autem

1893 1966 2021 2031 post
2094 1965 2390 2031 peccatum
2468 1960 2682 2014 idcirco
2744 1965 3113 2014 revertuntur
3189 1961 3262 2015 ad
3342 1960 3589 2028 veniam,

1894 2053 2131 2119 propter
2177 2049 2333 2119 quod
2386 2064 2451 2101 ex
2506 2049 2660 2102 lutea
2715 2049 2955 2102 materia
3009 2049 3236 2118 pondus
3295 2052 3594 2102 traxerunt

1892 2136 2265 2205 inﬁrmitatis,
2300 2137 2542 2207 ideoque
2569 2154 2669 2207 pro
2718 2137 2950 2190 inﬁrma
2996 2137 3184 2190 carnis
3241 2138 3590 2203 conditione,

1895 2226 2108 2279 reditus
2157 2230 2313 2295 patet
2359 2225 2578 2279 homini
2624 2225 2694 2279 ad
2725 2226 2987 2279 salutem.
3025 2224 3179 2278 Sicut
3218 2228 3273 2277 et
3333 2226 3593 2279 Psalmus

1895 2314 2063 2368 dicit:
2087 2315 2211 2384 Ipse
2225 2314 2331 2367 scit
2351 2314 2694 2385 ﬁgmentum
2713 2319 2992 2367 nostrum.
3021 2314 3323 2380 Memento,
3355 2313 3593 2367 Domine

1896 2403 2051 2472 quod
2070 2408 2220 2456 terra
2254 2419 2485 2469 sumus;
2512 2408 2567 2455 et
2588 2402 2797 2455 iterum
2834 2418 2847 2455 :
2874 2403 3203 2469 Memorare,
3228 2401 3442 2472 inquit,
3465 2417 3593 2472 qua

1897 2492 1968 2545 sit
1991 2508 2118 2544 mea
2158 2492 2492 2545 substantia.
2517 2493 2825 2562 Postquam
2846 2496 3122 2561 apostata
3147 2491 3339 2560 angeli
3368 2490 3594 2544 cecide-

1896 2584 2054 2643 runt,
2087 2579 2297 2650 reliqui
2323 2580 2805 2650 perseverantiam
2837 2585 3067 2633 aeterna
3096 2578 3467 2632 beatitudinis
3504 2595 3592 2632 so-

1896 2666 2057 2721 lidati
2088 2672 2240 2720 sunt.
2277 2667 2435 2721 Unde
2476 2671 2533 2720 et
2592 2671 2719 2737 post
2748 2666 2876 2720 cali
2927 2666 3276 2720 creationem
3327 2666 3387 2719 in
3429 2665 3592 2735 prin-

1898 2755 2045 2825 cipio
2078 2755 2398 2825 repetitur:
2445 2755 2566 2809 Fiat
2605 2756 3059 2820 ﬁrmamentum,
3102 2760 3157 2808 et
3199 2758 3463 2807 vocatum
3509 2758 3595 2807 est

1899 2846 2328 2899 ﬁrmamentum
2390 2844 2625 2910 calum;
2696 2844 2973 2896 nimirum
3048 2843 3372 2906 ostendens,
3440 2840 3595 2912 quod

1898 2938 2027 3003 post
2047 2933 2385 3002 angelorum
2425 2932 2675 2999 ruinam,
2694 2932 2754 2985 hi
2806 2931 2904 3001 qui
2933 2935 3392 3001 permanserunt,
3419 2929 3595 2983 ﬁrmi-

91 3021 227 3074 sinit
261 3036 360 3073 eos
390 3018 800 3088 contemplatio
852 3018 1064 3071 mutari
1104 3018 1316 3072 divina.
1362 3020 1509 3072 Ante
1557 3034 1789 3072 omnem
1824 3031 1865 3085 ί]
1903 3026 2077 3074 tatem
2110 3024 2443 3073 meruerunt
2492 3026 2722 3073 aterna
2752 3019 3192 3090 perseverantia
3242 3024 3299 3073 et
3349 3018 3595 3071 beatitu-

93 3108 450 3163 creationem
479 3108 702 3175 mundi,
736 3107 908 3159 creati
932 3112 1066 3160 sunt
1094 3106 1307 3176 angeli,
1326 3111 1381 3159 et
1405 3110 1535 3160 ante
1562 3123 1791 3161 omnem

93 3197 446 3251 creationem
480 3197 839 3265 angelorum,
881 3196 1141 3249 diabolus
1180 3196 1442 3249 conditus
1495 3201 1599 3258 est,
1649 3196 1795 3249 sicut

94 3287 376 3356 scripturn
431 3288 516 3337 est
572 3300 583 3336 :
667 3284 793 3353 Ipse
840 3288 923 3337 est
978 3283 1331 3353 principium
1388 3284 1608 3337 viarum
1668 3284 1789 3337 Dei.

97 3376 261 3443 Unpe
293 3378 349 3427 et
376 3373 444 3426 ad
469 3372 957 3441 comparationem
1005 3374 1362 3442 angelorum,
1416 3373 1794 3442 archangelus

91 3462 420 3534 appellatus
452 3466 553 3514 est.
603 3461 765 3514 Prius
822 3460 978 3514 enim
1037 3466 1258 3513 creatus
1316 3460 1528 3514 exstitit
1574 3461 1793 3513 ordinis

91 3550 455 3622 pralatione,
489 3566 601 3602 non
636 3549 912 3619 temporis
943 3548 1277 3619 quantitate.
1326 3550 1642 3603 Primatum
1693 3550 1794 3603 ha-

88 3640 292 3694 buisse
324 3639 658 3708 angelorum
701 3638 995 3691 diabolum
1051 3637 1279 3705 scimus,
1312 3653 1381 3690 ex
1428 3654 1544 3707 qua
1587 3638 1797 3691 ﬁducia

91 3727 325 3791 cecidit,
363 3728 442 3781 ita
469 3732 530 3780 ut
556 3727 676 3779 sine
710 3726 1070 3796 reparatione
1101 3726 1409 3792 laberetur,
1452 3727 1616 3797 cujus
1650 3744 1792 3797 pra-

90 3817 334 3872 lationis
364 3815 757 3870 excellentiam
784 3814 1066 3885 propheta
1095 3814 1183 3867 his
1207 3814 1391 3867 verbis
1439 3816 1749 3869 annunciat
1779 3832 1791 3869 :

91 3906 271 3960 Cedri
328 3921 441 3958 non
502 3904 735 3956 fuerunt
786 3904 1013 3956 altiores
1074 3902 1173 3955 illo
1230 3902 1291 3957 in
1343 3904 1609 3971 paradiso
1676 3903 1793 3971 Dei,

90 3995 319 4049 abietes
351 4010 465 4047 non
501 3993 946 4063 adaquaverunt
975 3991 1363 4045 summitatem
1396 3990 1570 4044 illius.
1617 3993 1797 4046 Omne

92 4086 327 4154 lignum
357 4082 604 4154 paradisi
638 4098 755 4135 non
806 4087 893 4135 est
930 4080 1310 4134 assimilatum
1344 4080 1426 4134 illi
1459 4097 1471 4134 :
1521 4082 1798 4151 quoniam

95 4172 515 4243 speciosiorem
539 4170 672 4223 fecit
705 4186 834 4222 eum
886 4172 1051 4223 Deus.
1090 4169 1272 4222 Distat
1323 4169 1575 4227 conditio
1607 4168 1799 4238 angeli

96 4280 132 4315 a
162 4260 499 4314 conditione
532 4259 799 4312 hominis.
850 4260 1028 4313 liomo
1062 4259 1215 4311 enim
1257 4258 1324 4311 ad
1377 4259 1476 4311 Dei
1525 4257 1799 4310 similitu-

100 4350 306 4405 dinem
363 4348 627 4401 conditus
684 4355 785 4400 est.
828 4348 1215 4415 Arcbangelus
1266 4362 1398 4399 vero
1452 4346 1551 4415 qui
1612 4347 1801 4415 lapsus

100 4445 208 4504 est,
292 4437 645 4507 signaculum
703 4435 803 4488 Dei
883 4434 1270 4488 similitudinis
1328 4435 1649 4504 appellatus
1697 4438 1801 4500 est,

101 4532 357 4581 testante
390 4526 629 4579 Domino
681 4540 784 4594 per
818 4523 1069 4576 Ezechiel
1096 4539 1108 4576 :
1142 4524 1225 4576 Tu
1258 4522 1616 4592 signaculum
1644 4521 1803 4575 simi-

100 4616 371 4670 litudinis
409 4615 526 4679 Dei,
568 4615 775 4683 plenus
801 4611 1098 4682 sapientia,
1153 4610 1436 4681 perfectus
1486 4613 1710 4678 decore,
1744 4610 1805 4664 in

100 4704 329 4761 deliciis
362 4704 612 4775 paradisi
643 4703 745 4757 Dei
769 4700 944 4756 fuisti.
988 4700 1210 4764 Quanto
1239 4699 1394 4753 enim
1426 4699 1690 4753 subtilior
1722 4703 1808 4752 est

102 4796 233 4865 ejus
268 4798 473 4847 natura
506 4797 662 4846 tanto
722 4790 951 4861 plenius
991 4789 1207 4843 exstitit
1247 4789 1317 4841 ad
1371 4788 1806 4841 similitudinem

103 4882 322 4938 divina
356 4881 609 4935 veritatis
640 4894 986 4950 expressam.
1038 4877 1200 4932 Prius
1231 4877 1300 4930 de
1350 4877 1490 4930 calo
1536 4875 1805 4930 cecidisse

102 4972 406 5027 diabolum
437 4974 677 5033 constat,
711 4985 884 5039 quam
906 4968 1080 5021 homo
1103 4966 1468 5019 conderetur.
1497 4965 1639 5019 Nam
1673 4980 1807 5019 mox

106 5066 172 5114 ut
202 5061 388 5114 factus
408 5064 509 5125 est,
542 5058 601 5111 in
635 5058 965 5126 superbiam
998 5055 1209 5124 erupit,
1244 5059 1299 5107 et
1323 5054 1716 5124 pracipitatus
1739 5055 1810 5108 de

107 5150 257 5204 calo
290 5152 395 5202 est.
430 5148 572 5201 Nam
596 5147 759 5218 juxta
793 5144 1054 5198 Veritatis
1074 5143 1494 5209 testimonium,
1537 5142 1609 5195 ab
1640 5140 1809 5194 initio

108 5238 363 5292 mendax
396 5237 523 5302 fuit,
566 5242 621 5289 et
652 5235 709 5288 in
762 5235 997 5287 veritate
1064 5249 1182 5287 non
1223 5231 1394 5296 stetit,
1429 5230 1563 5301 quia
1618 5229 1813 5283 statim

109 5333 178 5382 ut
238 5327 421 5380 factus
499 5329 602 5391 est,
666 5323 883 5376 cecidit.
979 5321 1104 5376 Fuit
1156 5322 1384 5392 quidem
1448 5320 1507 5373 in
1574 5320 1812 5373 veritate

108 5416 401 5480 conditus,
453 5415 548 5467 sed
617 5430 733 5465 non
788 5411 988 5465 stando
1054 5412 1353 5464 confestim
1384 5426 1416 5463 a
1465 5409 1702 5462 veritate
1730 5411 1815 5461 est

112 5508 329 5577 lapsus.
356 5504 477 5557 Uno
512 5501 793 5572 superbia
824 5502 1007 5570 lapsu,
1047 5500 1184 5563 dum
1229 5501 1340 5553 Deo
1384 5512 1492 5569 per
1528 5502 1815 5551 tumorem

112 5611 174 5648 se
208 5592 537 5659 conferunt,
576 5596 631 5644 et
653 5591 828 5643 homo
858 5588 1079 5655 cecidit,
1113 5594 1169 5641 et
1198 5588 1475 5643 diabolus.
1497 5587 1607 5641 Sed
1640 5587 1815 5641 homo

487 5698 764 5762 PATBOL.
817 5695 995 5761 CXL.

1904 3108 2075 3174 dinis,
2111 3124 2282 3179 quam
2315 3113 2481 3162 antea
2519 3108 2710 3162 minus
2766 3112 3103 3179 acceperant
3138 3124 3150 3161 :
3202 3111 3330 3177 post
3381 3105 3595 3160 diaboli

1904 3197 2301 3267 dejectionem,
2333 3196 2673 3267 angelorum
2700 3202 3028 3250 sanctorum
3068 3197 3333 3250 collatam
3384 3194 3595 3248 sancti-

1902 3286 2034 3338 tatis
2081 3285 2587 3354 perseverantiam,
2642 3289 2696 3337 et
2726 3285 3142 3339 beatitudinem
3201 3298 3373 3354 quam
3406 3283 3597 3336 minus

1906 3380 2268 3443 acceperint;
2325 3373 2480 3427 unde
2523 3377 2753 3442 oportet
2809 3372 3074 3443 cognosci
3105 3372 3259 3442 quod
3307 3371 3597 3425 malorum

1906 3462 2196 3532 iniquitas,
2248 3467 2574 3515 sanctorum
2617 3461 2824 3515 serviat
2860 3460 3172 3515 humilitati
3206 3476 3219 3513 :
3273 3459 3407 3530 quia
3448 3459 3596 3513 unde

1906 3551 2043 3604 mali
2064 3555 2359 3617 corruunt,
2388 3550 2521 3603 inde
2543 3550 2680 3604 boni
2701 3550 3026 3619 proﬁciunt.
3056 3550 3347 3603 Bonorum
3369 3548 3599 3616 angelo-

1906 3656 2035 3694 rum
2054 3656 2345 3707 numerus,
2362 3639 2460 3709 qui
2476 3644 2603 3708 post
2616 3637 2843 3692 ruinam
2860 3638 3197 3708 angelorum
3212 3637 3497 3690 malorum
3514 3640 3600 3691 est

1908 3728 2247 3795 diminutas,
2264 3730 2333 3781 ex'
2347 3742 2588 3780 numero
2603 3726 2913 3779 electorum
2928 3724 3190 3778 omnium
3215 3723 3596 3794 supplebitur,

1909 3816 2008 3887 qui
2024 3832 2314 3881 numerus,
2330 3814 2435 3870 soli
2455 3816 2568 3868 Deo
2587 3818 2672 3867 est
2683 3813 2964 3883 cognitus.
2980 3814 3136 3867 Inter
3146 3814 3379 3883 angelos
3393 3813 3602 3867 distan-

1907 3906 2346 3974 tiapotestatum
2363 3908 2465 3970 est,
2489 3910 2544 3956 et
2556 3919 2660 3972 pro
2673 3903 2957 3973 graduum
2971 3901 3268 3970 dignitate,
3286 3900 3603 3956 ministeria

1909 3993 2123 4047 eisdem
2148 3999 2281 4046 sunt
2301 3992 2622 4045 distributa.
2652 3990 2903 4060 Aliisque
2938 3989 3037 4043 alii
3066 3990 3453 4059 praferuntur
3483 3994 3600 4043 tam

1911 4081 2157 4134 culmine
2209 4079 2524 4149 potestatis,
2561 4094 2734 4149 quam
2788 4078 3025 4131 scientia
3078 4078 3324 4131 virtutis.
3377 4077 3605 4132 Submi-

1913 4169 2155 4222 nistrant
2187 4168 2362 4237 igitur
2420 4167 2517 4220 alii
2571 4167 2818 4219 aliorum
2875 4167 3198 4237 praceptis,
3258 4173 3428 4237 atque
3469 4166 3603 4220 obe-

1916 4259 2082 4311 diunt
2104 4257 2295 4326 jussis.
2332 4256 2487 4309 Unde
2519 4256 2584 4308 ad
2619 4255 2959 4325 prophetam
2991 4254 3321 4309 Zachariam
3363 4255 3603 4324 angelus

1916 4346 2187 4417 angelum
2232 4345 2429 4410 mittit,
2496 4348 2552 4398 et
2631 4359 2988 4414 quacunque
3039 4344 3343 4398 anuntiare
3401 4344 3606 4398 debeat

1912 4434 2190 4506 pracipit.
2220 4432 2431 4486 Novem
2488 4448 2608 4485 esse
2670 4431 3063 4485 distinctiones
3089 4432 3179 4485 vel
3234 4433 3463 4487 ordines
3502 4448 3607 4486 an-

1915 4524 2177 4596 gelorum
2198 4537 2372 4575 sacra
2416 4520 2721 4591 Scriptura
2753 4524 3059 4587 testantur,
3102 4521 3161 4574 id
3223 4525 3327 4587 est,
3389 4521 3605 4591 angeli,

1915 4610 2260 4682 archangeli,
2309 4609 2522 4676 throni,
2578 4608 3019 4675 dominationes,
3081 4608 3336 4676 virtutes,
3386 4610 3609 4679 princi-

1914 4706 2102 4773 patus,
2160 4704 2486 4771 potestates,
2552 4698 2855 4763 cherubin,
2915 4704 2972 4751 et
3037 4698 3326 4768 seraphin.
3393 4699 3607 4753 Horum

1917 4790 2185 4844 ordinum
2216 4803 2523 4842 numerum
2554 4786 2726 4840 etiam
2760 4784 3012 4841 Ezechiel
3040 4787 3321 4856 propheta
3338 4786 3610 4841 describit

1918 4879 2023 4933 sub
2052 4877 2291 4932 totidem
2333 4875 2661 4930 nominibus
2702 4875 2984 4945 lapidum,
3046 4891 3175 4928 cum
3232 4874 3303 4929 de
3354 4875 3609 4945 primatu

1918 4971 2188 5038 apostata
2250 4964 2441 5036 angeli
2491 4965 2873 5034 loqueretur:
2931 4963 3128 5019 Omnis
3177 4962 3390 5033 inquit,
3460 4964 3609 5033 lapis

1921 5056 2343 5127 operimentum
2371 5058 2554 5119 tuum,
2598 5052 2840 5119 sardius,
2893 5057 2950 5107 et
3001 5051 3280 5122 topazius,
3329 5054 3385 5104 et
3407 5050 3607 5120 jaspis,

1921 5144 2334 5214 chrysolythus,
2389 5147 2445 5196 et
2487 5157 2655 5212 onyx,
2714 5146 2771 5195 et
2820 5141 3079 5209 berillus,
3139 5138 3438 5210 saphyrus,
3483 5154 3610 5192 car-

1920 5233 2224 5299 bunculus,
2254 5236 2311 5285 et
2339 5229 2691 5299 smaragdus.
2722 5229 2845 5292 Quo
2893 5244 3135 5282 numero
3190 5227 3466 5297 lapidum.
3504 5226 3616 5296 ipsi

1924 5322 2155 5377 ordines
2208 5318 2491 5389 designati
2548 5323 2680 5372 sunt
2734 5317 3094 5387 angelorum.
3145 5317 3293 5381 Quos
3360 5319 3618 5386 apostata

1926 5412 2161 5480 angelus
2189 5414 2319 5462 ante
2350 5409 2573 5478 lapsum
2614 5407 2776 5476 quasi
2816 5407 2876 5460 in
2906 5406 3247 5460 vestimento
3298 5404 3622 5459 ornamenti

1925 5498 2013 5551 sui
2074 5496 2269 5550 afﬁxos
2346 5496 2549 5550 habuit
2618 5512 2629 5550 :
2691 5494 2762 5548 ad
2822 5511 3070 5565 quorum
3126 5493 3622 5563 comparationem

1927 5588 2064 5640 dum
2090 5601 2149 5638 se
2198 5584 2497 5639 clariorem
2548 5584 2765 5638 cunctis
2824 5584 3062 5654 aspexit,
3115 5583 3414 5638 confestim
3474 5581 3623 5637 intu-

3234 5693 3313 5751 33
