3950 6334
351 297 488 352 1035

1429 293 1517 350 BU
1527 293 1832 350 RCHARDI
1878 292 2403 350 WORMACIENSIS
2442 290 2771 347 EPISCOPI.

3708 293 3832 345 1036

341 418 506 484 muit,
540 423 596 472 et
649 433 746 472 cor
798 431 967 471 suum
1024 415 1094 471 ad
1147 415 1480 486 superbiam
1531 416 1788 470 elevavit.
1829 415 2036 486 Angeli
2064 417 2111 470 Α
2148 415 2333 487 pturis
2364 414 2572 468 sanctis
2604 430 2708 485 pro
2743 413 2855 467 Deo
2876 412 3115 484 angelus
3150 411 3430 483 ponitur:
3483 428 3598 467 non
3657 413 3831 481 Pater,

343 524 571 577 semper
598 508 658 560 in
693 509 805 561 Deo
831 507 1106 577 gaudent,
1140 521 1256 559 non
1302 505 1361 559 in
1392 522 1470 558 se.
1523 506 1698 559 Malus
1743 521 1874 559 vero
1907 505 2040 559 inde

343 602 429 649 est
456 595 737 654 diabolus,
772 595 909 665 quia
940 610 1058 647 non
1102 609 1231 663 quae
1291 594 1412 661 Dei,
1453 593 1546 647 sed
1582 609 1710 662 quae
1766 609 1868 647 sua
1907 598 2042 647 sunt

344 683 662 754 requisivit.
700 683 865 736 Nulla
918 688 1108 734 autem
1161 682 1342 750 major
1389 680 1663 750 iniquitas
1701 696 1874 751 quam
1925 697 2042 734 non

345 772 407 824 in
443 773 578 838 Deo,
613 772 711 824 sed
756 771 816 823 in
858 787 916 823 se
958 770 1098 823 velle
1145 769 1475 840 quempiam
1517 769 1772 840 gloriari.
1837 769 2042 840 Angeli

345 875 480 912 vero
509 859 608 913 Dei
641 864 992 928 cognoscunt
1017 859 1210 911 omnia
1238 863 1548 928 antequam
1585 857 1643 910 in
1677 874 1737 910 re
1785 858 1925 911 ﬂant
1950 874 1962 910 :
1989 861 2044 910 et

347 964 476 1018 quae
510 947 662 1016 apud
694 947 956 1000 homines
1011 947 1199 999 adhuc
1231 947 1422 999 futura
1468 951 1621 1013 sunt,
1664 945 1856 1016 angeli
1919 946 2042 1016 jam

346 1038 633 1090 revelante
657 1037 769 1089 Deo
802 1042 1106 1089 noverunt.
1135 1033 1601 1087 Praevaricatores
1629 1033 1838 1104 angeli,
1871 1033 2043 1087 etiam

349 1126 644 1178 sanctitate
700 1125 929 1188 amissa,
991 1139 1106 1176 non
1160 1128 1354 1175 tamen
1428 1122 1725 1175 amiserint
1788 1121 2043 1176 vivacem

348 1218 622 1266 creaturas
646 1211 920 1281 angelicae
954 1227 1202 1264 sensum.
1232 1210 1460 1279 Triplici
1490 1211 1643 1262 enim
1688 1210 1854 1264 modo
1893 1226 2041 1280 pras-

349 1301 602 1354 scientiaz
630 1300 892 1353 acumine
947 1299 1160 1368 vigent,
1193 1298 1250 1351 id
1284 1305 1390 1363 est,
1439 1298 1749 1351 subtilitate
1799 1303 2040 1366 naturae,

349 1388 698 1458 experientia
739 1394 1090 1457 temporum,
1136 1389 1479 1440 revelatione
1524 1387 1884 1457 superiorum
1939 1403 2039 1456 po-

347 1482 638 1531 testatum.
711 1476 943 1540 Quoties
1006 1477 1152 1528 Deus
1233 1491 1578 1545 quocunque
1629 1475 1855 1545 ﬂagello
1908 1474 2043 1528 huic

349 1566 565 1618 mundo
599 1566 880 1630 irascitur,
917 1562 986 1616 ad
1038 1562 1416 1616 ministerium
1463 1563 1726 1616 vindictae
1767 1568 2042 1632 apostatm

349 1654 540 1722 angeli
573 1655 882 1705 mittuntur
911 1670 926 1704 :
960 1651 1059 1720 qui
1090 1658 1282 1704 tamen
1323 1651 1513 1704 divina
1559 1655 1834 1719 potestate
1880 1666 2040 1704 coer-

350 1749 573 1804 centur,
609 1757 679 1792 ne
720 1745 938 1792 tantum
973 1741 1236 1803 noceant,
1279 1747 1559 1808 quantum
1592 1738 1853 1807 cupiunt.
1909 1736 2046 1792 Boni

353 1835 545 1881 autem
577 1827 764 1896 angeli
796 1827 864 1879 ad
893 1827 1277 1878 ministerium
1321 1827 1520 1879 salutis
1547 1827 1816 1879 humanas
1861 1825 2048 1896 depu—

350 1915 452 1968 tati
488 1921 663 1981 sunt;
697 1922 760 1967 ut
789 1929 953 1966 curas
1013 1913 1418 1967 administrent
1458 1914 1683 1981 mundi,
1735 1917 1790 1966 et
1847 1919 2050 1984 regant

351 2003 543 2056 omnia
568 2005 728 2073 jussu
765 1989 884 2069 Dei,
917 2007 1158 2055 testante
1208 2003 1483 2072 Apostolo
1514 2018 1528 2056 :
1580 2003 1777 2056 Nonne
1826 2018 2045 2069 omnes,

349 2088 561 2159 inquit,
593 2097 722 2142 sunt
753 2088 1225 2143 administratorii
1257 2089 1511 2158 spiritus,
1549 2088 1608 2142 in
1662 2089 2050 2143 ministerium

350 2179 532 2244 missi,
572 2183 803 2247 propter
832 2194 930 2230 eos
961 2176 1060 2246 qui
1086 2177 1482 2230 haereditatem
1533 2177 1766 2247 capiunt
1815 2177 2052 2230 salutis?

351 2267 558 2336 Angeli
593 2282 830 2336 corpora
860 2265 917 2318 in
938 2267 1147 2335 quibus
1197 2266 1529 2319 hominibus
1559 2271 1836 2336 apparent
1873 2266 1933 2318 in
1957 2282 2048 2318 su-

353 2371 534 2426 perno
559 2371 688 2408 aere
715 2361 970 2416 sumunt,
993 2354 1353 2424 solidamque
1376 2354 1622 2424 speciem
1640 2370 1704 2408 ex
1719 2353 2052 2408 coelestiele-

353 2452 550 2496 mento
581 2443 880 2507 inducunt,
911 2458 1010 2512 per
1041 2458 1214 2512 quam
1243 2443 1513 2496 humanis
1543 2443 1836 2497 obtutibus
1867 2443 2049 2496 mani-

352 2532 550 2585 festius
575 2532 1064 2585 demonstrentur.
1089 2530 1340 2600 Singula:
1359 2535 1559 2601 gentes
1593 2531 1928 2600 praepositos
1951 2547 2050 2584 an-

354 2621 510 2689 gelos
541 2619 750 2673 habere
795 2620 1129 2687 creduntur,
1162 2620 1314 2689 quod
1361 2620 1682 2674 ostenditur
1719 2619 2048 2673 testimonio

352 2709 544 2778 angeli
570 2708 793 2762 Danieli
827 2708 1143 2777 loquentis:
1170 2708 1304 2778 Ego,
1326 2707 1534 2778 inquit,
1559 2707 1706 2775 veni,
1731 2713 1794 2761 ut
1814 2708 2048 2762 nuncia-

350 2812 470 2849 rem
508 2797 630 2861 tibi,
666 2795 760 2848 sed
794 2797 1059 2865 princeps
1092 2795 1252 2864 regni
1299 2797 1602 2849 Persarum
1632 2795 1841 2849 restitit
1886 2795 2045 2851 mihi.

349 2885 416 2938 Et
446 2891 574 2954 post
603 2884 715 2937 alia
745 2900 757 2936 :
797 2885 917 2936 Non
951 2890 1034 2936 est
1076 2885 1174 2954 qui
1209 2899 1299 2936 me
1342 2884 1591 2952 adjuvet,
1659 2883 1772 2938 nisi
1815 2884 2050 2938 Michael

2151 519 2266 558 non
2294 502 2537 573 Spiritus
2570 509 2818 566 sanctus,
2855 503 2950 555 sed
3008 518 3112 570 pro
3168 500 3584 554 incarnationis
3629 501 3838 570 dispen-

2152 593 2374 646 satione
2407 593 2562 644 solus
2595 592 2768 645 Filius
2807 590 3169 659 intelligiter.
3211 593 3356 642 Ante
3411 588 3716 642 Dominicze
3752 588 3840 641 in-

2152 679 2498 734 carnationis
2565 681 2893 741 adventum,
2955 677 3238 730 discordia
3281 677 3433 730 inter
3501 677 3732 747 angelos
3785 681 3838 728 et

2150 769 2413 823 homines
2444 768 2570 821 fuit.
2626 767 2868 820 Veniens
2909 773 3098 819 autem
3131 766 3407 832 Christus,
3459 781 3658 835 pacem
3696 765 3752 818 in
3783 779 3837 816 se

2152 857 2372 927 angelis
2399 864 2453 910 et
2486 856 2818 910 hominibus
2864 855 3015 908 fecit.
3059 855 3132 908 Eo
3182 855 3397 924 quippe
3442 862 3595 919 nato,
3640 855 3837 906 clama-

2152 951 2356 998 verunt
2394 946 2582 1014 angeli
2637 945 2693 998 in
2747 950 2942 998 terra:
3006 945 3114 996 Pax
3147 944 3476 996 hominibus
3529 943 3694 996 bonas
3745 957 3838 993 vo-

2151 1034 2406 1087 luntatis.
2442 1035 2547 1087 Per
2575 1033 3027 1085 incarnationem
3080 1031 3258 1102 igitur
3315 1031 3548 1096 Christi,
3599 1047 3708 1083 non
3751 1045 3836 1081 so-

2151 1123 2269 1176 lum
2309 1124 2420 1175 Deo
2452 1122 2845 1174 reconciliatus
2875 1127 2960 1173 est
3008 1120 3182 1173 homo
3219 1135 3230 1174 :
3287 1135 3486 1172 verum
3537 1118 3706 1172 etiam
3738 1131 3844 1187 pax

2153 1209 2304 1264 inter
2332 1211 2567 1280 angelos
2617 1215 2673 1263 et
2723 1209 2985 1262 homines
3029 1210 3335 1262 reformata
3396 1213 3501 1260 est.
3565 1206 3845 1262 Discordia

2151 1299 2328 1370 igitur
2356 1307 2489 1352 ante
2515 1289 2822 1352 adventum
2844 1295 3050 1352 Christi
3084 1299 3422 1368 angelorum
3454 1302 3510 1350 et
3551 1295 3844 1349 hominum

2151 1389 2324 1442 fuisse
2357 1403 2460 1457 per
2507 1388 2561 1441 id
2597 1387 2840 1440 maxime
2899 1386 3246 1456 agnoscitur,
3312 1386 3464 1456 quod
3513 1384 3741 1438 salutati
3788 1384 3844 1436 in

2154 1477 2342 1529 Veteri
2369 1478 2727 1529 Testamento
2769 1476 2839 1528 ab
2889 1473 3215 1528 hominibus
3259 1474 3470 1544 angeli,
3530 1472 3843 1541 despiciunt

2151 1565 2450 1618 resalutari
2483 1566 2553 1617 ab
2584 1564 2681 1617 eis.
2714 1563 2874 1627 Quod
2925 1563 2980 1616 in
3005 1564 3160 1616 Novo
3206 1563 3567 1615 Testamento
3608 1578 3641 1613 a
3676 1561 3841 1614 Joan-

2156 1668 2228 1705 ne
2262 1650 2496 1719 factnm,
2549 1668 2662 1704 non
2716 1654 2899 1705 solum
2951 1654 3280 1703 reverenter
3311 1652 3546 1718 angelus
3595 1648 3844 1716 suscipit,

2157 1756 2352 1793 verum
2375 1740 2547 1792 etiam
2609 1755 2678 1792 ne
2737 1739 2907 1792 faciat
2947 1737 3254 1812 interdicit.
3299 1737 3380 1790 Ab
3440 1739 3543 1790 hoc
3595 1736 3765 1789 homo
3789 1736 3846 1788 in

2157 1829 2344 1882 Veteri
2403 1829 2766 1882 Testamento
2835 1827 3164 1896 despicitur,
3213 1841 3316 1878 nec
3377 1826 3724 1878 resalutatur
3779 1823 3846 1877 ab

2157 1919 2383 1988 angelo,
2415 1933 2482 1968 eo
2511 1916 2665 1985 quod
2703 1915 2876 1968 homo
2916 1914 3102 1967 adhuc
3156 1913 3409 1966 nondum
3468 1911 3764 1965 transisset
3791 1912 3848 1964 in

2160 2006 2291 2059 Deo.
2343 2004 2659 2074 Suscipitur
2708 2009 2899 2056 autem
2947 2002 3118 2055 homo
3159 2018 3191 2054 a
3222 2002 3359 2069 Deo,
3412 2007 3470 2054 et
3523 2006 3849 2055 reverenter

2159 2094 2438 2146 salutatur
2467 2093 2537 2146 ab
2562 2093 2788 2162 angelo.
2823 2091 2962 2144 Nam
3013 2096 3068 2144 et
3097 2090 3324 2144 Mariam
3357 2090 3594 2159 angelus
3638 2086 3847 2158 legitur

2160 2185 2455 2248 salutasse,
2515 2187 2573 2235 et
2618 2181 2825 2234 Joanni
2873 2181 3142 2250 angelum
3185 2180 3475 2244 salutanti,
3526 2177 3596 2231 ab
3645 2178 3848 2231 eodem

2160 2272 2362 2341 angelo
2412 2270 2667 2323 dicitur:
2720 2269 2857 2322 Vide
2910 2285 2981 2322 ne
3031 2267 3250 2333 feceris,
3324 2282 3631 2320 conversus
3693 2265 3848 2318 enim

2159 2365 2292 2412 tuus
2322 2373 2470 2425 sum,
2500 2364 2556 2411 et
2585 2357 2822 2410 fratrum
2856 2362 3110 2410 tuorum.
3149 2357 3251 2409 Per
3281 2357 3436 2425 quod
3496 2355 3847 2425 agnoscitur,

2158 2463 2262 2516 per
2322 2446 2773 2500 incarnationem
2831 2445 3210 2511 Dominicam,
3251 2461 3450 2514 pacem
3520 2443 3851 2496 hominibus

2159 2538 2355 2602 fuisse,
2390 2542 2445 2589 et
2467 2535 2705 2606 angelis,
2739 2534 3042 2588 redditam.

2159 2645 2285 2700 CAP.
2341 2643 2442 2696 LV.
2502 2671 2570 2679 —
2628 2641 2784 2705 Quod
2843 2655 3198 2708 supernorum
3227 2641 3424 2694 civium
3473 2653 3757 2705 numerus,
3802 2645 3852 2692 et

2661 2715 2848 2780 ﬁnitus
2879 2715 2966 2775 sit,
2992 2720 3039 2765 et
3067 2711 3340 2780 inﬁnitus.

2231 2802 2410 2873 (Greg.
2469 2802 2528 2854 in
2583 2803 2696 2854 suis
2752 2800 2970 2870 Morat.)
3028 2800 3417 2870 Supernorum
3480 2797 3690 2851 civium
3744 2814 3853 2852 nu-

2161 2905 2353 2942 merus
2404 2893 2460 2940 et
2517 2887 2771 2940 infinitus
2819 2890 2874 2940 et
2918 2885 3190 2940 deﬁnitus
3247 2884 3607 2956 exprimitur,
3660 2892 3726 2939 ut
3752 2886 3855 2956 qui

353 2978 619 3046 princeps
647 2980 848 3028 vester.
882 2975 1021 3028 Item
1054 2991 1252 3027 omnes
1282 2975 1546 3028 homines
1581 2977 1813 3045 angelos
1871 2975 2044 3030 habe-
2084 2979 2124 3034 C
2167 2979 2278 3032 Deo
2323 2982 2407 3030 est
2459 2974 2853 3040 numerabilis,
2901 2990 3022 3028 esse
3071 2975 3234 3028 nobis
3291 2973 3731 3027 innumerabilis
3763 2975 3855 3028 de-

356 3079 418 3117 re
473 3063 812 3132 probantur,
880 3063 1151 3132 loquente
1210 3064 1448 3116 Domino
1537 3063 1596 3116 in
1653 3064 1959 3134 Evangelia
2028 3082 2040 3118 :

352 3155 536 3205 Amen
563 3151 689 3204 dico
720 3149 878 3203 vobis
910 3165 922 3202 :
959 3150 1096 3220 quia
1126 3150 1314 3220 angeli
1344 3167 1546 3205 eorum
1580 3167 1806 3220 semper
1852 3151 2048 3205 vident

353 3241 558 3295 faciem
592 3238 772 3293 Patris
817 3238 953 3307 mei,
995 3240 1180 3309 quiin
1211 3240 1365 3293 caelis
1405 3244 1506 3294 est.
1556 3240 1712 3294 Unde
1761 3244 1817 3294 et
1849 3242 2047 3294 Petrus

352 3329 414 3382 in
469 3329 704 3383 Actibus
781 3328 1197 3397 apostolorum,
1256 3343 1387 3380 cum
1440 3329 1735 3398 pulsarent
1784 3330 2044 3399 januam,

355 3418 620 3473 dixerunt
649 3416 802 3469 intus
834 3416 1080 3486 apostoli
1109 3431 1122 3470 :
1167 3416 1289 3468 Non
1313 3421 1400 3470 est
1433 3419 1654 3482 Petrus,
1707 3418 1804 3471 sed
1852 3421 2048 3488 Ange-

351 3508 442 3561 lus
471 3506 595 3578 ejus
635 3509 736 3559 est.
769 3505 826 3559 Si
858 3507 1039 3559 Deum
1080 3505 1271 3575 angeli
1311 3511 1673 3574 contuentur,
1726 3513 1783 3560 et
1828 3507 2046 3576 vident,

352 3610 453 3649 cur
490 3597 690 3649 Petrus
719 3595 1012 3664 apostolus
1057 3594 1194 3648 dicit
1235 3611 1248 3647 :
1285 3595 1348 3647 In
1393 3611 1568 3665 quem
1597 3595 1923 3650 desiderant
1951 3611 2050 3650 an-

353 3684 467 3754 geli
497 3684 595 3738 Dei
622 3683 992 3753 conscipere?
1039 3683 1183 3736 Item
1236 3682 1283 3736 si
1335 3699 1466 3736 eum
1529 3700 1645 3738 non
1700 3691 2047 3739 contuentur

353 3789 457 3826 nec
496 3772 707 3838 vident,
739 3771 1028 3842 quomodo
1056 3773 1219 3841 juxta
1251 3773 1594 3825 sententiam
1637 3773 1865 3827 Domini
1899 3790 1912 3832 ;
1943 3779 2049 3828 An-

355 3861 470 3930 geli
500 3876 699 3914 eorum
724 3875 950 3930 semper
973 3861 1171 3913 vident
1205 3860 1407 3913 faciem
1467 3861 1646 3913 Patris
1699 3862 1812 3915 mei
1861 3862 1960 3932 qui
1989 3863 2047 3916 in

355 3948 511 4002 caelis
560 3949 687 4002 est?
748 3949 846 4002 sed
885 3949 1030 4002 bene
1078 3954 1392 4019 utrumque
1417 3954 1523 4002 est.
1579 3951 1719 4003 Nam
1769 3951 2048 4006 veraciter

354 4037 639 4090 credimus
671 4037 825 4108 quod
852 4038 1031 4090 Deum
1063 4037 1274 4106 angeli,
1319 4043 1376 4090 et
1398 4037 1608 4106 vident,
1650 4043 1706 4092 et
1730 4039 1918 4093 videre
1943 4040 2049 4094 de-

355 4125 610 4179 siderant
645 4142 656 4178 :
691 4131 745 4177 et
769 4125 998 4192 habent,
1039 4130 1094 4178 et
1122 4125 1332 4179 habere
1376 4125 1647 4179 festinant
1677 4144 1693 4179 :
1736 4131 1791 4180 et
1830 4133 2047 4197 amant,

355 4220 412 4266 et
442 4230 635 4267 amare
667 4213 950 4267 nituntur.
983 4213 1040 4268 Si
1075 4213 1226 4268 enim
1263 4214 1341 4267 sic
1367 4214 1559 4268 videre
1605 4215 1934 4270 desiderant
1986 4223 2047 4270 ut

353 4301 559 4355 effectu
609 4301 875 4355 desiderii
929 4317 1042 4355 non
1096 4303 1486 4372 perfruantur,
1545 4303 1892 4357 desiderium
1939 4305 2048 4359 hoc

353 4389 749 4443 necessitatem
779 4389 969 4458 habet,
1003 4394 1058 4444 et
1114 4392 1419 4445 necessitas
1483 4391 1594 4444 ista
1640 4393 1881 4460 poenalis
1937 4399 2041 4447 est.

353 4479 462 4533 Sed
492 4479 673 4532 beatis
699 4477 916 4548 angelis
947 4479 1134 4533 omnis
1164 4496 1333 4550 poena
1364 4480 1532 4548 longe
1567 4486 1652 4532 est
1684 4496 1697 4532 :
1729 4481 1862 4550 quia
1896 4497 2044 4534 nun-

352 4584 527 4638 quam
587 4567 758 4620 simul
810 4583 978 4638 pmna
1034 4573 1088 4621 et
1133 4567 1427 4621 beatitudo
1485 4568 1854 4622 conveniunt.
1906 4569 2047 4624 Rur-

353 4671 501 4722 sum,
550 4655 595 4708 si
644 4673 740 4709 eos
791 4655 1034 4710 dicimus
1082 4656 1181 4708 Dei
1247 4654 1464 4708 visione
1534 4655 1748 4722 satiari,
1817 4656 2046 4710 satietas

351 4742 645 4796 fastidium
672 4744 884 4798 habere
916 4743 1080 4807 solet,
1123 4747 1179 4795 et
1209 4743 1417 4795 scimus
1452 4742 1582 4796 illos
1633 4743 1730 4797 Dei
1762 4744 2042 4800 visionem

351 4848 524 4902 quam
556 4837 611 4884 et
630 4831 978 4894 desiderant,
1034 4830 1288 4883 fastidire
1334 4847 1451 4884 non
1495 4848 1686 4902 posse.
1721 4832 1865 4896 Quid
1907 4850 2042 4903 ergo

351 4925 452 4986 est,
487 4920 594 4973 nisi
624 4927 682 4973 ut
731 4921 877 4972 miro
941 4918 1108 4970 modo
1149 4919 1320 4971 simul
1368 4925 1679 4989 utrumque
1720 4921 2038 4990 credamus,

350 5011 485 5078 quia
511 5017 565 5061 et
597 5010 922 5062 desiderant
958 5014 1014 5059 et
1042 5007 1363 5061 satiantur?
1394 5008 1501 5062 Sed
1545 5009 1875 5062 desiderant
1918 5011 2040 5064 sine

349 5099 567 5163 labore,
601 5103 658 5150 et
687 5096 966 5149 satiantur
997 5095 1117 5147 sine
1149 5095 1391 5148 fastidio.
1454 5097 1531 5150 Ne
1559 5096 1714 5149 enim
1745 5098 1817 5150 sit
1849 5097 1906 5149 in
1940 5097 2038 5150 de-

350 5185 561 5238 siderio
637 5187 965 5250 necessitas,
1041 5184 1426 5237 desiderantes
1473 5185 1771 5240 satiantur.
1826 5186 1887 5239 Et
1934 5185 2038 5240 ite-

347 5289 518 5327 rum:
553 5274 631 5327 Ne
680 5274 752 5327 sit
799 5274 1056 5326 satietate
1106 5273 1418 5339 fastidium,
1461 5273 1654 5327 satiari
1693 5273 2034 5329 desiderant.

348 5362 554 5416 Vident
578 5364 731 5416 enim
770 5345 960 5431 angeli
989 5362 1192 5415 faciem
1216 5361 1397 5415 Patris
1434 5379 1532 5432 per
1561 5360 1906 5430 satietatem,
1938 5364 2037 5419 sed

346 5452 483 5522 quia
515 5450 745 5504 satietas
800 5451 907 5502 ista
961 5449 1253 5504 fastidium
1323 5451 1517 5518 nescit,
1576 5450 1768 5521 angeli
1819 5451 2038 5508 deside-

344 5543 473 5591 rant
502 5538 563 5590 in
621 5554 688 5592 eo
733 5538 1056 5608 prospicere
1112 5554 1357 5610 semper.
1415 5539 1748 5610 Ubicunque
1794 5539 1853 5595 in
1885 5542 2033 5597 Scri-

2157 3072 2530 3129 monstretur,
2580 3064 2842 3134 quamvis
2885 3063 3039 3117 aliud
3089 3069 3175 3116 est
3220 3063 3508 3128 assistere,
3557 3062 3715 3116 aliud
3749 3062 3854 3116 mi-

2156 3155 2420 3209 nistrare.
2450 3153 2735 3206 Assistunt
2760 3152 2914 3206 enim
2948 3152 3060 3206 illm
3093 3152 3290 3223 procul
3321 3151 3492 3205 dubio
3519 3155 3851 3220 potestates,

2156 3261 2285 3314 quas
2317 3244 2386 3297 ad
2408 3243 2672 3313 quaedam
2721 3241 3050 3295 hominibus
3100 3241 3424 3294 nuncianda
3470 3255 3590 3292 non
3623 3245 3852 3294 exeunt.

2157 3331 2476 3387 Ministrant
2503 3347 2636 3384 vero
2669 3330 2728 3383 lii
2759 3331 2858 3401 qui
2881 3330 2949 3384 ad
2984 3331 3264 3399 explenda
3285 3327 3473 3383 officia
3508 3327 3854 3382 nunciorum

2157 3422 2411 3487 veniunt,
2440 3420 2535 3473 sed
2565 3423 2758 3472 tamen
2787 3419 2898 3489 ipsi
2932 3435 3161 3489 quoque
3193 3434 3226 3470 a
3258 3417 3748 3487 contemplatione
3785 3417 3853 3470 ab

2157 3509 2377 3564 intimis
2405 3525 2524 3562 non
2564 3507 2855 3562 recedunt.
2917 3507 2985 3561 Et
3037 3507 3174 3577 quia
3213 3507 3406 3576 plures
3449 3510 3583 3559 sunt
3613 3506 3717 3576 qui
3753 3505 3854 3559 mi-

2155 3598 2401 3652 nistrant
2465 3611 2639 3666 quam
2707 3595 2767 3648 hi
2833 3594 2932 3664 qni
2985 3594 3384 3664 principaliter
3417 3593 3717 3658 assistunt,
3766 3610 3851 3647 as-

2156 3685 2476 3739 sistentium
2510 3699 2786 3738 numerus
2839 3682 3002 3752 quasi
3039 3681 3328 3748 definitus,
3389 3681 3846 3735 ministrantium

2155 3790 2288 3828 vero
2331 3772 2592 3827 inﬁnitus
2653 3771 2988 3826 ostenditur.
3057 3770 3356 3840 Angelicos
3424 3785 3556 3822 vero
3617 3769 3852 3839 spiritus

2156 3869 2307 3917 recte
2341 3862 2438 3916 Dei
2479 3861 2692 3915 milites
2743 3859 2987 3914 dicimus
3020 3875 3033 3913 :
3065 3859 3200 3930 quia
3246 3858 3534 3912 decertare
3585 3874 3686 3911 eos
3718 3875 3849 3912 con-

2157 3956 2246 4006 tra
2294 3955 2604 4021 potestates
2651 3949 2832 4002 aerias
2882 3964 2998 4000 non
3052 3947 3406 4017 ignoramus.
3462 3947 3599 4010 Quae
3656 3951 3852 4000 tamen

2157 4038 2467 4112 certamina
2496 4054 2610 4091 non
2656 4037 2872 4102 labore,
2905 4036 3003 4090 sed
3053 4035 3296 4105 imperio
3351 4039 3633 4106 peragunt
3665 4051 3679 4089 :
3717 4036 3854 4106 quia

2161 4128 2436 4199 quidquid
2469 4127 2691 4197 agendo
2741 4131 2939 4179 contra
3007 4125 3340 4178 immundos
3397 4124 3631 4194 spiritus
3682 4141 3852 4195 appe-

2160 4223 2306 4284 tunt,
2337 4232 2401 4270 ex
2434 4214 2716 4285 adjutorio
2749 4221 2953 4268 cuncta
2985 4213 3232 4284 regentis
3260 4218 3522 4283 possunt.

2158 4325 2285 4379 Car.
2322 4323 2456 4376 LVI.
2489 4353 2554 4360 —
2578 4321 2733 4388 Quod
2757 4323 2928 4375 omnis
2967 4321 3128 4388 culpa
3156 4325 3281 4374 ante
3309 4320 3601 4374 discessum
3617 4318 3855 4374 oblatio-

2684 4395 2770 4446 nis
2807 4407 3022 4445 munere
3050 4392 3310 4445 solvatur.

2225 4483 2334 4554 (Ea:
2359 4483 2562 4550 dialog.
2601 4481 2790 4550 Greg.)
2822 4480 2930 4535 Sed
2961 4497 3147 4550 neque
3179 4481 3285 4534 hoc
3317 4478 3600 4533 silendum
3661 4479 3859 4534 existi-

2155 4587 2271 4638 mo,
2306 4571 2459 4642 quod
2489 4576 2678 4624 actum
2703 4571 2762 4623 in
2792 4586 2918 4622 meo
2949 4569 3295 4622 monasterio
3339 4573 3469 4622 ante
3503 4567 3609 4621 hoc
3657 4568 3854 4622 trien-

2153 4660 2312 4714 nium
2347 4659 2700 4713 reminiscor.
2737 4657 2981 4722 Quidam
3013 4673 3264 4727 namque
3301 4657 3632 4722 monachus,
3656 4657 3858 4710 Justus

2151 4748 2407 4814 nomine,
2437 4747 2734 4801 medicinas
2768 4751 2887 4800 arte
2908 4746 3160 4799 imbutus
3188 4745 3314 4811 fuit,
3349 4745 3448 4814 qui
3481 4744 3621 4797 mihi
3654 4745 3723 4798 in
3755 4762 3855 4799 eo-

2152 4838 2283 4891 dem
2324 4836 2667 4889 monasterio
2698 4836 3026 4901 constituto,
3078 4833 3273 4888 sedulo
3323 4832 3620 4903 obsequio,
3677 4839 3856 4904 atque

2151 4926 2212 4979 in
2233 4925 2476 4979 assiduis
2528 4924 2966 4995 segritudinibus
3015 4923 3155 4976 meis
3203 4922 3480 4977 excubare
3528 4923 3853 4975 consuevit.

2152 5016 2249 5068 llic
2277 5014 2468 5085 itaque
2494 5014 2768 5084 languore
2818 5013 3072 5083 corporis
3134 5019 3479 5082 praeventus,
3533 5012 3604 5065 ad
3656 5019 3854 5066 extre-

2149 5118 2242 5156 ma
2300 5103 2575 5157 deductus
2624 5109 2728 5156 est.
2779 5102 2880 5157 Cui
2930 5102 2987 5154 in
3019 5100 3144 5172 ipsa
3209 5101 3468 5154 molestia
3511 5116 3614 5153 sua
3676 5100 3856 5154 frater

2148 5206 2476 5262 germanus,
2537 5191 2773 5244 nomine
2832 5191 3126 5260 Copiosus,
3201 5189 3504 5242 serviebat.
3567 5188 3682 5252 Qui
3732 5188 3853 5258 ipse

2147 5296 2376 5350 quoque
2409 5296 2560 5333 nunc
2589 5280 2647 5333 in
2678 5281 2782 5333 hac
2813 5281 2953 5332 urbe
2987 5281 3095 5349 per'
3119 5278 3380 5332 eamdem
3415 5277 3729 5331 medicinae
3762 5293 3850 5330 ar-

2145 5372 2282 5436 tem,
2331 5369 2664 5438 tempuralis
2728 5369 2858 5422 vita:
2903 5367 3186 5438 stipendia
3235 5371 3504 5420 sectatur.
3544 5364 3658 5420 Sed
3702 5382 3848 5435 pras-

2144 5456 2326 5511 dictus
2383 5458 2594 5524 Justus,
2645 5473 2772 5511 cum
2815 5457 2934 5528 jam
2993 5473 3051 5511 se
3114 5457 3180 5511 ad
3217 5462 3472 5510 extrema
3517 5456 3852 5527 pervenisse

2143 5545 2515 5615 cognovisset,
2542 5545 2727 5601 eidem
2777 5545 2941 5600 fratri
2999 5561 3103 5600 suo
3157 5543 3413 5616 Copioso,
3474 5544 3616 5615 quia
3661 5543 3850 5599 occul-
