3950 6340
163 293 294 344 103Τ

1087 298 1563 353 DECRETORUM
1606 301 1788 355 LIBRI
1828 303 1933 358 ΧΧ.
1977 334 2043 342 —-
2088 303 2298 358 LIBER
2342 305 2723 360 VIGESIMUS.

3517 317 3649 370 1038

149 423 238 470 tos
271 422 385 472 tres
417 432 600 472 annos
629 416 887 484 haberet,
931 417 1202 471 innotuit.
1237 419 1395 482 Quod
1431 419 1706 475 nimirum
1737 422 1848 476 fra-
1881 430 1924 479 A
1965 421 2262 484 Quomodo
2301 424 2407 479 es?
2430 424 2532 479 Cui
2563 426 2658 479 ille
2689 428 2987 496 respondit
3015 445 3026 480 :
3069 428 3228 482 Nunc
3276 445 3454 500 usque
3500 433 3648 485 male

145 505 327 560 tribus
359 522 474 560 non
506 505 693 576 potuit
741 507 935 572 celari,
996 509 1094 560 sed
1142 509 1428 562 subtiliter
1479 509 1840 579 indagantes,

146 600 315 665 atque
347 595 500 648 illius
540 596 734 649 omnia
781 597 1200 650 medicamenta
1239 605 1686 667 perscrutantes,
1727 616 1843 653 eos-

146 682 273 736 dem
309 689 423 737 tres
472 701 672 738 aureos
725 684 784 738 in
836 685 1210 738 medicamine
1261 687 1566 741 absconsos
1610 688 1840 742 invene—

144 780 297 826 runt.
333 774 491 838 Quod
524 791 654 827 mox
691 780 752 827 ut
780 774 922 827 mihi
956 775 1286 828 nunciatum
1319 781 1418 840 est,
1453 781 1675 830 tantum
1718 793 1840 830 ma-

143 861 262 914 lum
297 864 364 916 de
399 863 574 916 fratre
607 864 705 933 qui
739 863 1036 916 nobiscum
1079 865 1458 916 communiter
1487 865 1618 918 vixit
1651 883 1838 935 requa-

143 949 378 1003 nimiter
407 950 554 1004 ferre
587 967 700 1004 non
748 951 902 1004 valui
936 967 949 1004 :
986 952 1200 1021 quippe
1243 953 1378 1021 quia
1422 953 1679 1022 ejusdem
1724 970 1841 1006 mo-

141 1039 376 1090 nasterii
409 1055 636 1107 semper
665 1041 866 1109 regula
897 1040 1004 1092 fuit
1035 1045 1096 1093 ut
1127 1041 1313 1093 cuncti
1345 1040 1548 1095 fratres
1577 1042 1657 1095 ita
1683 1057 1838 1095 com-

141 1127 399 1179 muniter
420 1127 692 1190 viverent,
733 1133 1017 1197 quatenus
1053 1129 1133 1180 eis
1167 1128 1407 1198 singulis
1442 1130 1599 1183 nulla
1628 1130 1837 1184 habere

140 1215 376 1283 propria
405 1215 614 1267 liceret.
648 1217 804 1269 Tunc
830 1215 1009 1268 nimio
1067 1232 1310 1269 maerore
1351 1232 1674 1285 percussus,
1735 1233 1834 1270 co-

141 1303 319 1371 gitare
341 1304 505 1374 coepi,
547 1306 634 1358 vel
690 1305 844 1375 quod
889 1305 958 1358 ad
993 1306 1396 1374 purgationem
1431 1306 1723 1359 morientis
1753 1306 1835 1359 fa-

139 1408 348 1456 cerem,
395 1393 479 1445 vel
538 1394 692 1463 quod
772 1393 830 1454 in
877 1395 1139 1462 exemplo
1194 1394 1519 1448 viventibus
1567 1395 1835 1448 fratribus

139 1481 523 1549 providerem.
561 1481 818 1535 Precioso
850 1482 1026 1551 igitur
1051 1483 1305 1551 ejusdem
1331 1483 1661 1535 monasterii
1686 1500 1832 1553 pra:-

140 1569 324 1638 posito
357 1569 425 1622 ad
459 1586 547 1622 me
580 1571 776 1633 accito,
812 1571 949 1622 dixit
981 1587 992 1623 :
1046 1571 1215 1637 Vade,
1267 1577 1322 1624 et
1364 1571 1557 1624 nullus
1611 1588 1677 1624 ex
1720 1573 1832 1624 fra-

140 1658 321 1710 tribus
358 1676 414 1711 se
446 1659 513 1711 ad
549 1675 678 1711 eum
714 1659 1054 1712 morientem
1078 1660 1305 1729 jungat,
1357 1675 1462 1713 nec
1506 1676 1830 1713 sermonem

138 1746 542 1799 consolationis
573 1763 638 1799 ex
660 1748 962 1816 cujuslibet
1007 1764 1205 1800 eorum
1240 1765 1337 1800 ore
1381 1748 1675 1817 percipiat,
1735 1748 1832 1801 sed

139 1851 267 1887 cum
305 1834 362 1887 in
390 1840 572 1888 morte
612 1837 947 1889 constitutus
996 1837 1197 1889 fratres
1250 1836 1559 1906 quaesierit,
1613 1837 1665 1888 ei
1698 1853 1833 1889 suus

135 1922 313 1976 frater
342 1925 582 1976 carnalis
631 1925 819 1977 dicat:
855 1925 989 1994 quia
1045 1942 1148 1994 pro
1181 1926 1374 1978 solidis
1418 1942 1560 1994 quos
1615 1925 1833 1980 occulte

136 2009 357 2074 habuit,
391 2029 420 2064 a
448 2013 664 2065 cunctis
695 2013 965 2065 fratribus
997 2013 1358 2066 abominatus
1388 2013 1478 2078 sit,
1512 2018 1574 2065 ut
1633 2014 1831 2066 saltem

135 2100 195 2152 in
225 2107 405 2154 morte
429 2103 497 2154 de
528 2103 694 2171 culpa
729 2108 978 2154 mentem
1016 2102 1337 2154 amaritudo
1396 2101 1830 2167 transverberet,

137 2195 310 2259 atque
342 2209 374 2243 a
400 2197 630 2260 peccato
664 2191 814 2260 quod
847 2189 1197 2261 perpetravit
1246 2194 1470 2260 purget.
1507 2191 1646 2244 Cum
1700 2206 1832 2242 vero

135 2285 396 2330 mortuus
426 2279 618 2341 fuerit,
665 2295 868 2348 corpus
917 2279 1071 2331 illius
1115 2295 1244 2332 cum
1295 2278 1538 2330 fratrum
1589 2277 1833 2346 corpori-

135 2365 242 2417 bus
277 2383 388 2419 non
415 2372 682 2436 ponatur,
717 2369 809 2421 sed
840 2369 1096 2437 quolibet
1126 2367 1332 2420 fossam
1373 2367 1433 2419 in
1475 2367 1835 2436 sterquilinio

133 2453 319 2516 facite,
355 2454 411 2507 in
445 2472 510 2507 eo
531 2472 734 2524 corpus
763 2457 888 2525 ejus
911 2455 1192 2524 projicite,
1224 2455 1416 2524 ibique
1448 2471 1674 2524 semper
1704 2471 1835 2508 eum

135 2547 247 2593 tres
295 2558 497 2595 aureos
549 2559 693 2613 quos
747 2543 981 2613 reliquit
1017 2544 1248 2613 jactate,
1299 2544 1468 2596 simul
1497 2560 1694 2596 omnes
1724 2545 1835 2596 cla-

136 2634 377 2695 mantes,
413 2631 660 2684 Pecunia
690 2637 785 2684 tua
822 2638 1007 2684 tecum
1059 2632 1130 2685 sit
1168 2634 1226 2684 in
1258 2632 1600 2700 perditione,
1650 2637 1706 2685 et
1758 2631 1835 2684 sic

138 2735 270 2770 eum
305 2726 451 2771 terra
492 2721 731 2789 operite.
769 2722 830 2773 In
878 2721 1085 2790 quibus
1136 2720 1391 2790 utrisque
1443 2722 1615 2774 rebus
1659 2737 1832 2773 unam

136 2807 428 2875 morienti,
489 2811 726 2861 alteram
765 2826 897 2862 vero
949 2809 1102 2862 volui
1186 2809 1506 2862 viventibus
1562 2809 1834 2862 fratribus

135 2895 430 2964 prodesse,
453 2904 515 2949 ut
547 2903 602 2950 et
634 2899 794 2950 illum
827 2899 1147 2951 amaritudo
1180 2899 1382 2951 mortis
1414 2914 1446 2949 a
1471 2898 1638 2967 culpa
1674 2900 1830 2950 solu—

135 2982 312 3036 bilem
341 2984 569 3050 faceret,
603 2992 658 3038 et
687 2986 822 3038 istos
868 2986 1120 3039 avaritias
1154 2992 1312 3040 tanta
1361 2987 1649 3039 damnatio
1701 2985 1835 3039 mis-
1869 2979 1907 3032 C

135 3073 249 3124 ceri
282 3073 341 3124 in
380 3073 546 3142 culpa
581 3074 927 3142 prohiberet.
977 3075 1136 3138 Quod
1179 3075 1259 3128 ita
1306 3075 1518 3128 factum
1549 3081 1652 3128 est.
1688 3075 1833 3128 Nam

137 3177 266 3213 cum
301 3162 452 3214 idem
483 3162 835 3230 pervenisset
855 3164 921 3216 ad
951 3170 1216 3231 mortem,
1271 3169 1326 3216 et
1352 3164 1515 3217 anxie
1552 3169 1836 3234 quaereret

137 3266 195 3302 se
225 3249 497 3303 fratribus
520 3252 943 3318 commendare,
996 3252 1299 3321 nullusque
1355 3253 1406 3304 ei
1451 3268 1518 3305 ex
1568 3253 1834 3305 fratribus

135 3339 424 3408 applicare
456 3344 510 3392 et
539 3339 698 3409 loqui
729 3339 1082 3408 dignaretur,
1115 3341 1167 3392 ei
1213 3340 1455 3410 carnalis
1497 3341 1693 3407 frater,
1735 3356 1835 3392 cur

136 3428 204 3481 ab
239 3428 510 3480 omnibus
549 3435 696 3481 esset
743 3429 1124 3493 abominatus,
1186 3428 1455 3481 innotuit.
1505 3429 1610 3491 Qui
1668 3428 1837 3498 proti-

136 3532 243 3570 nus
272 3517 340 3570 de
372 3522 532 3571 reatu
564 3519 931 3570 vehementer
961 3517 1197 3585 gemuit,
1261 3521 1429 3585 atque
1478 3516 1536 3569 in
1582 3517 1703 3585 ipsa
1734 3517 1832 3569 tri-

135 3606 290 3659 stitia
329 3622 358 3658 e
389 3621 623 3674 corpore
673 3606 863 3658 exivit.
899 3605 1006 3668 Qui
1054 3604 1132 3658 ita
1181 3606 1436 3673 sepultus
1469 3609 1571 3670 est,
1607 3610 1666 3657 ut
1697 3604 1828 3658 dixi.

135 3695 243 3749 Sed
271 3694 472 3748 fratres
498 3710 696 3746 omnes
730 3694 928 3747 eadem
963 3693 1244 3746 sententia
1271 3693 1615 3762 perturbari,
1656 3709 1835 3763 crepe-

134 3789 272 3836 runt
305 3782 519 3852 singuli
557 3787 809 3834 extrema
856 3797 1120 3851 quasque,
1175 3785 1230 3834 et
1273 3781 1425 3847 vilia,
1487 3786 1542 3834 et
1593 3798 1720 3851 qum
1752 3781 1832 3834 eis

134 3888 366 3941 semper
398 3872 604 3924 habere
635 3870 972 3940 regulariter
1004 3869 1262 3937 licuerat,
1296 3871 1365 3922 ad
1395 3870 1648 3923 medium
1697 3886 1832 3940 pro-

137 3961 307 4024 ferre,
350 3961 832 4029 vehementerque
854 3957 1265 4027 formidabant,
1307 3975 1377 4011 ne
1410 3959 1547 4028 quid
1592 3959 1740 4028 apud
1773 3975 1832 4012 se

134 4053 305 4113 esset,
341 4049 490 4102 unde
544 4048 887 4118 reprehendi
941 4047 1279 4117 potuissent.
1328 4048 1468 4101 Cum
1514 4063 1654 4101 .vero
1704 4053 1834 4118 post

136 4143 383 4192 mortem
418 4138 538 4206 ejus
588 4137 822 4206 triginta
851 4137 974 4206 jam
1024 4145 1211 4190 essent
1272 4136 1390 4189 dies
1426 4137 1547 4205 ejus
1599 4138 1829 4202 evoluti,

1865 1704 1902 1755 Β

131 4228 308 4296 coepit
338 4227 561 4279 animus
594 4242 754 4279 meus
786 4227 1053 4279 defuncto
1086 4226 1246 4278 fratri
1287 4226 1558 4295 compati,
1592 4227 1830 4295 ejusque
1858 4265 1899 4317 D

131 4332 264 4370 cum
298 4317 490 4368 dolore
523 4316 680 4384 gravi
731 4314 1010 4383 supplicia
1039 4330 1296 4383 pensare,
1334 4320 1387 4366 et
1423 4313 1468 4366 si
1499 4314 1633 4383 quid
1685 4317 1831 4366 esset

133 4403 447 4474 ereptionis
480 4405 599 4472 ejus
629 4403 687 4455 in
739 4403 1059 4456 remedium
1091 4419 1366 4472 quazrere.
1399 4402 1555 4454 Tunc
1599 4405 1829 4454 evocato

134 4495 203 4547 ad
234 4509 324 4546 me
358 4493 616 4546 Precioso
662 4493 866 4545 eodem
908 4491 1238 4547 monasterii
1286 4491 1466 4543 nostri
1497 4490 1826 4559 praeposito,

134 4582 280 4637 dixit
307 4581 484 4634 tristis
519 4598 530 4634 :
572 4580 678 4633 Diu
707 4585 808 4646 est,
857 4580 1009 4649 quod
1037 4579 1210 4632 frater
1255 4579 1351 4632 ille
1400 4578 1500 4648 qui
1531 4579 1831 4633 defunctus

133 4676 218 4724 est
256 4670 317 4723 in
348 4670 479 4739 igne
510 4669 813 4734 cruciatur,
859 4669 1132 4722 debemus
1177 4668 1228 4720 ei
1269 4667 1487 4737 aliquid
1539 4666 1833 4719 charitatis

135 4760 489 4829 impendere,
523 4763 579 4811 et
608 4774 738 4810 eum
779 4757 835 4809 in
869 4762 1146 4826 quantum
1181 4772 1506 4824 possumus,
1541 4760 1602 4807 ut
1631 4755 1833 4825 eripia-

132 4855 227 4903 tur
261 4848 548 4918 adjuvare.
588 4847 737 4900 Vade
785 4847 980 4915 itaque
1012 4851 1066 4897 et
1099 4844 1168 4897 ab
1202 4843 1480 4897 hodierna
1511 4843 1600 4897 die
1634 4844 1833 4897 diebus

131 4938 369 5006 triginta
389 4935 676 4989 continuis
726 4935 930 4987 offerre
985 4951 1087 5004 pro
1146 4949 1213 4985 eo
1263 4932 1602 4985 sacriﬁcium
1649 4932 1830 4998 stude,

136 5033 194 5079 et
223 5028 414 5078 nullus
444 5025 700 5077 omnimo
735 5025 1209 5092 prastermittatur
1240 5021 1382 5085 dies,
1438 5037 1550 5089 quo
1600 5037 1700 5090 pro
1740 5021 1836 5074 ab-

137 5117 425 5169 solutione
458 5115 610 5167 illius
651 5113 914 5166 salutaris
948 5112 1130 5164 hostia
1170 5126 1288 5163 non
1341 5109 1690 5162 immoletur.
1728 5109 1836 5171 Qui

138 5205 404 5275 protinus
450 5202 734 5266 abscessit,
784 5206 840 5254 et
888 5200 1096 5271 paruit.
1149 5199 1324 5253 Nobis
1372 5203 1564 5251 autem
1599 5197 1707 5250 alia
1737 5215 1833 5250 cu-

136 5293 419 5356 rantibus,
439 5299 610 5362 atque
631 5291 885 5344 evolutos
905 5290 1024 5342 dies
1056 5305 1171 5342 non
1196 5286 1651 5351 numerantibus,
1685 5286 1837 5339 idem

139 5384 318 5436 frater
347 5381 445 5451 qui
481 5381 780 5433 defunctus
828 5378 955 5443 fuit,
1013 5383 1177 5431 nocte
1224 5377 1472 5447 quadam
1533 5375 1692 5428 fratri
1737 5392 1838 5428 suo

142 5488 418 5544 germano
461 5470 698 5540 Copioso
728 5484 830 5538 per
874 5467 1152 5520 visionem
1203 5465 1488 5537 apparuit.
1541 5465 1721 5528 Quem
1744 5464 1839 5517 ille

143 5577 275 5616 cum
333 5559 578 5624 vidisset,
636 5555 932 5626 inquisivit
984 5555 1175 5609 dicens
1221 5571 1234 5607 :
1283 5554 1428 5618 Quid
1487 5557 1588 5619 est,
1630 5553 1840 5607 frater?

1954 509 2056 575 fui,
2092 512 2266 565 modo
2289 513 2411 582 jam
2440 514 2584 568 bene
2622 531 2747 568 sum
2782 532 2794 568 :
2826 515 2960 585 quia
2990 516 3160 570 hodie
3179 518 3646 572 communionem

1954 599 2163 668 recepi.
2191 600 2352 663 Quod
2384 601 2539 655 idem
2590 603 2865 673 Copiosus
2897 619 3161 673 pergens,
3219 606 3478 674 protinus
3533 607 3644 660 fra-

1952 686 2134 739 tribus
2165 687 2222 741 in
2257 691 2605 744 monasterio
2632 691 2921 745 iudicavit.
2957 693 3179 746 Fratres
3227 709 3360 746 vero
3406 695 3644 750 sollicite

1953 776 2364 845 computabant
2393 779 2532 845 dies,
2555 785 2612 833 et
2637 785 2971 849 repererant
3027 782 3177 850 quod
3232 781 3352 851 ipse
3399 783 3517 835 dies
3557 801 3646 837 ex-

1950 864 2112 930 stitit,
2145 882 2255 934 quo
2284 883 2388 936 pro
2421 884 2486 921 eo
2510 869 2803 938 trigesima
2826 869 3038 922 oblatio
3061 870 3170 923 fuit
3189 870 3446 940 impleta.
3474 873 3642 926 Cum-

1950 968 2060 1021 que
2101 959 2155 1006 et
2185 954 2456 1022 Copiosus
2492 957 2755 1023 nesciret,
2791 957 2928 1027 quid
2980 974 3084 1026 pro
3135 974 3200 1010 eo
3253 959 3457 1012 fratres
3502 976 3641 1030 age-

1947 1041 2095 1104 rent,
2122 1044 2176 1092 et
2205 1040 2407 1094 fratres
2439 1042 2804 1110 ignorassent
2834 1044 2983 1113 quod
3028 1045 3095 1097 de
3125 1044 3223 1096 illo
3255 1045 3529 1114 Copiosus
3559 1047 3640 1098 vi-

1947 1126 2139 1190 disset,
2202 1144 2318 1182 uno
2372 1131 2687 1201 eodemque
2739 1137 2998 1201 tempore
3046 1133 3182 1186 dum
3223 1135 3487 1202 cognovit
3543 1135 3639 1189 ille

1948 1215 2100 1284 quod
2157 1215 2249 1269 isti
2294 1217 2564 1286 ignorant
2645 1223 2815 1289 atque
2874 1219 2967 1272 isti
3019 1221 3439 1290 cognoscebant
3484 1223 3638 1292 quod

1945 1302 2041 1355 ille
2091 1303 2248 1369 vidit,
2300 1306 2708 1360 concordantes
2761 1307 2934 1360 simul
2995 1307 3272 1361 visionem
3322 1314 3380 1362 et
3428 1311 3638 1363 sacriﬁ-

1945 1391 2116 1456 cium,
2150 1407 2238 1445 res
2286 1399 2481 1462 aperte
2535 1394 2760 1462 claruit,
2816 1397 2950 1465 quia
2975 1395 3151 1449 frater
3181 1396 3282 1467 qui
3337 1397 3635 1452 defunctus

1944 1479 2053 1532 fuit
2080 1496 2184 1548 per
2212 1481 2516 1534 salutarem
2543 1482 2785 1536 hostiam
2815 1483 3160 1553 supplicium
3195 1486 3391 1538 evasit.

1945 1584 2070 1638 CAP.
2097 1585 2250 1638 LVII.
2276 1615 2343 1625 —
2366 1587 2515 1651 Quod
2544 1603 2701 1641 sacra
2725 1589 2923 1641 oblatio
2952 1594 3072 1656 post
3102 1595 3322 1643 mortem
3345 1592 3634 1645 animabus

2044 1657 2298 1724 prodesse
2325 1660 2514 1724 possit,
2547 1662 2596 1710 si
2625 1675 2731 1711 non
2751 1665 2876 1712 sunt
2910 1661 3079 1728 culpae
3106 1662 3522 1716 indissolubzles.

2014 1747 2131 1811 (Ea:
2177 1747 2375 1814 dialog.
2414 1749 2659 1813 Gregor.)
2683 1748 2741 1801 Si
2769 1749 2951 1817 culpa:
2984 1754 3111 1817 post
3144 1756 3386 1803 mortem
3417 1752 3630 1805 insolu-

1941 1833 2083 1886 biles
2114 1850 2228 1888 non
2261 1842 2413 1900 sunt,
2467 1837 2780 1889 multorum
2837 1840 2979 1889 solet
3031 1838 3251 1891 animas
3301 1839 3473 1893 etiam
3506 1845 3634 1910 post

1946 1928 2186 1976 mortem
2214 1939 2368 1977 sacra
2401 1924 2610 1978 oblatio
2641 1925 2843 1978 hostiae
2902 1926 3164 1979 salutaris
3209 1927 3500 1997 adjuvare,
3552 1929 3631 1982 ita

1946 2017 2005 2063 ut
2028 2010 2133 2064 hoc
2164 2027 2577 2081 nonnunquam
2609 2013 2747 2082 ipsas
2779 2013 3176 2068 defunctorum
3211 2017 3416 2070 anima?
3452 2033 3626 2088 expe-

1943 2103 2061 2152 tere
2110 2099 2424 2153 videantur.
2487 2101 2625 2153 Nam
2687 2102 2992 2170 prmdictus
3052 2103 3204 2156 Felix
3251 2105 3570 2175 episcopus,
3604 2122 3635 2158 a

1945 2187 2194 2256 quodam
2224 2189 2562 2241 venerabilis
2607 2190 2735 2242 vita:
2777 2191 3110 2260 presbytero
3148 2192 3247 2262 qui
3293 2210 3473 2264 usque
3505 2199 3635 2248 ante

1944 2275 2248 2332 biennium
2277 2276 2434 2342 vixit,
2469 2282 2523 2329 et
2554 2277 2614 2330 in
2647 2278 2874 2332 dioecesi
2921 2280 3422 2334 Centumcellensis
3478 2281 3637 2335 urbis

1945 2364 2240 2429 habitavit,
2276 2371 2446 2435 atque
2475 2366 2736 2419 Ecclesia),
2768 2367 2918 2420 beati
2947 2369 3202 2434 Joannis,
3237 2385 3364 2439 quae
3392 2369 3450 2422 in
3494 2371 3637 2436 loco,

1946 2454 2044 2522 qui
2074 2455 2355 2507 Tauriana
2382 2455 2609 2522 dicitur,
2643 2455 2748 2508 sita
2783 2461 2886 2521 est,
2924 2462 3187 2525 praeerat,
3216 2459 3549 2526 cognovisse
3582 2475 3639 2511 se

1944 2542 2144 2595 asserit
2178 2543 2358 2611 :quod
2375 2543 2525 2596 idem
2546 2543 2913 2613 presbyterin
2929 2559 2994 2596 eo
3013 2545 3138 2597 loco
3156 2543 3216 2597 in
3241 2561 3354 2614 quo
3373 2561 3537 2615 aquas
3558 2562 3644 2599 ca-

1943 2629 2074 2683 lida;
2103 2646 2338 2698 vapores
2369 2631 2579 2684 nimios
2600 2631 2837 2693 faciunt,
2863 2631 3087 2700 quoties
3110 2632 3412 2686 necessitas
3434 2649 3640 2703 corpo-

1945 2718 2023 2770 ris
2051 2720 2256 2787 exegit,
2291 2720 2466 2771 lavari
2486 2720 2802 2772 consuevit.
2830 2719 2933 2772 Ubi
2956 2719 3093 2772 dum
3116 2720 3207 2773 die
3234 2721 3481 2789 quadam
3501 2721 3640 2774 fuis-

1947 2811 2032 2859 set
2053 2806 2364 2875 ingressus,
2387 2807 2602 2860 invenit
2618 2807 2924 2877 quemdam
2948 2807 3306 2877 incognitum
3339 2809 3546 2876 virum,
3569 2810 3636 2863 ad

1949 2911 2115 2948 suum
2147 2894 2486 2965 obsequium
2515 2896 2918 2965 paratum,qui
2948 2895 3054 2948 sibi
3080 2896 3148 2949 de
3163 2897 3406 2965 pedibus
3427 2899 3635 2952 calcea-

1947 2990 2138 3036 menta
2168 2984 2540 3048 abstraheret,
2577 2985 2912 3038 vestimenta
2946 2984 3278 3054 susciperet,
3314 2990 3368 3039 et
3407 2987 3639 3040 exeunti

1947 3087 1979 3123 a
2009 3071 2194 3124 calore
2225 3071 2434 3125 sabana
2463 3073 2768 3142 praeberet,
2826 3079 2998 3144 atque
3028 3090 3199 3127 omne
3253 3074 3640 3130 ministerium

1947 3176 2077 3213 cum
2106 3177 2314 3230 magno
2350 3163 2627 3215 famulatu
2661 3169 2981 3233 perageret.
3018 3163 3274 3234 Cumque
3297 3165 3402 3218 hoc
3431 3166 3640 3236 saepius

1945 3247 2192 3314 fecisset,
2225 3249 2374 3302 idem
2404 3251 2700 3319 presbyter
2727 3250 2817 3303 die
2846 3251 3097 3320 quadam
3119 3253 3187 3306 ad
3205 3253 3410 3306 balnea
3430 3252 3637 3322 iturus,

1945 3336 2094 3389 intra
2110 3338 2479 3407 semetipsum
2497 3338 2770 3407 cogitans,
2787 3339 2962 3392 dixit:
2985 3340 3116 3394 Viro
3131 3340 3326 3411 illiqui
3340 3342 3482 3395 mihi
3497 3343 3641 3396 solet

1945 3428 2061 3477 tam
2093 3425 2455 3479 devotissiine
2479 3427 2549 3479 ad
2573 3427 2880 3480 lavandum
2901 3428 3158 3498 obsequi,
3183 3428 3439 3498 ingratus
3463 3447 3639 3501 appa-

1943 3528 2069 3566 rere
2097 3529 2211 3566 non
2234 3514 2434 3580 debeo,
2464 3515 2559 3568 sed
2581 3514 2794 3586 aliquid
2818 3532 2910 3569 me
2934 3533 3162 3570 necesse
3186 3523 3272 3570 est
3301 3518 3352 3572 ei
3383 3535 3487 3589 pro
3521 3536 3641 3573 mu-

1944 3617 2079 3654 nere
2109 3607 2358 3672 portare.
2393 3604 2548 3656 Tunc
2578 3604 2718 3657 duas
2759 3621 2950 3658 secum
2992 3605 3350 3659 oblationum
3402 3625 3640 3662 coronas

1943 3690 2165 3744 detulit.
2201 3692 2307 3755 Qui
2342 3707 2491 3758 mox,
2542 3697 2605 3745 ut
2655 3693 2915 3762 pervenit
2965 3694 3033 3746 ad
3081 3695 3292 3761 locum,
3341 3695 3639 3750 hominem

1943 3779 2161 3832 invenit
2196 3796 2209 3833 :
2240 3784 2410 3850 atque
2443 3796 2508 3833 ex
2541 3796 2701 3833 more
2755 3781 2878 3851 ejus
2930 3782 3208 3852 obsequio
3256 3782 3316 3836 in
3369 3784 3636 3839 omnibus

1946 3883 2078 3920 usus
2109 3873 2210 3922 est.
2247 3868 2401 3922 Lavit
2431 3869 2646 3939 itaque,
2689 3874 2743 3922 et
2773 3885 2902 3923 cum
2931 3870 3049 3939 jam
3081 3871 3334 3939 vestitus,
3369 3873 3642 3927 voluisset

1945 3957 2161 4026 egredi,
2195 3958 2300 4010 hoc
2345 3958 2497 4027 quod
2529 3974 2719 4011 secum
2771 3959 2972 4012 detulit
3012 3960 3349 4030 obsequenti
3384 3962 3490 4016 sibi
3521 3962 3640 4016 viro

1943 4061 2048 4115 pro
2077 4046 2476 4100 benedictione
2509 4047 2735 4115 obtulit,
2762 4052 2961 4116 petens
2992 4052 3057 4101 ut
3101 4048 3348 4118 benigne
3394 4050 3637 4121 suscipe-

1945 4139 2032 4187 ret
2060 4133 2212 4203 quod
2254 4135 2304 4187 ei
2343 4134 2634 4188 charitatis
2681 4135 2864 4204 gratia
2908 4135 3156 4190 oﬂ‘erret.
3213 4139 3314 4191 Cui
3344 4139 3440 4191 ille
3489 4155 3634 4193 mce-

1944 4237 2094 4286 rens,
2149 4221 2507 4291 afﬂictusque
2556 4223 2894 4292 respondit:
2952 4224 3084 4277 Mihi
3132 4225 3240 4277 ista
3289 4241 3464 4295 quare
3514 4227 3635 4293 das,

1941 4309 2148 4361 Pater?
2181 4309 2290 4362 Iste
2319 4310 2484 4379 panis
2511 4316 2736 4364 sanctus
2767 4317 2868 4377 est,
2929 4317 2986 4364 et
3028 4328 3134 4382 ego
3185 4315 3338 4367 hunc
3383 4315 3635 4368 mandu-

1941 4413 2067 4450 care
2095 4413 2210 4450 non
2243 4414 2497 4467 possum.
2528 4399 2608 4452 Me
2637 4403 2693 4452 et
2725 4400 2876 4453 enim
2912 4415 3083 4469 quem
3113 4401 3289 4465 vides,
3328 4401 3636 4470 aliquando

1940 4487 2050 4539 loci
2075 4487 2247 4557 hujus
2279 4489 2544 4542 dominus
2574 4489 2678 4557 fui,
2714 4491 2808 4542 sed
2860 4505 2960 4558 pro
2991 4489 3170 4559 culpis
3193 4489 3333 4542 meis
3365 4489 3455 4542 hic
3506 4495 3640 4560 post

1940 4581 2187 4629 mortem
2217 4576 2520 4646 deputatus
2552 4594 2701 4631 sum.
2735 4577 2791 4631 Si
2822 4582 3015 4631 autem
3046 4578 3185 4631 mihi
3215 4582 3487 4647 praestare
3528 4579 3632 4645 vis,

1943 4665 2324 4736 omnipotenti
2348 4668 2461 4720 Deo
2486 4683 2588 4738 pro
2627 4684 2716 4721 me
2753 4667 2894 4721 offer
2933 4668 3085 4720 hunc
3134 4684 3362 4737 panem,
3427 4674 3490 4723 ut
3534 4687 3637 4740 pro

1940 4756 2184 4824 peccatis
2215 4755 2355 4810 meis
2385 4755 2734 4810 intervenias
2769 4773 2781 4809 :
2812 4762 2868 4810 et
2898 4761 3031 4810 tunc
3062 4757 3392 4811 exauditam
3422 4764 3477 4812 te
3517 4777 3636 4814 esse

1942 4859 2246 4913 cognosce,
2279 4860 2406 4898 cum
2443 4845 2553 4898 huc
2583 4845 2652 4898 ad
2698 4845 2975 4899 luendum
3025 4847 3271 4911 veneris,
3326 4853 3382 4901 et
3412 4864 3501 4900 me
3536 4849 3637 4901 mi-

1942 4933 2099 4986 nime
2127 4932 2432 4986 inveneris.
2468 4934 2531 4986 In
2563 4933 2771 5003 quibus
2802 4934 2986 4987 verbis
3031 4935 3332 5004 disparuit,
3367 4941 3422 4989 et
3461 4935 3507 4988 is
3538 4935 3637 5006 qui

1945 5038 2065 5076 esse
2123 5021 2295 5076 homo
2353 5022 2674 5088 videbatur,
2739 5024 3125 5076 evanescendo
3174 5024 3442 5092 innotuit,
3503 5024 3639 5094 quia

1945 5110 2176 5180 spiritus
2206 5111 2333 5164 fuit.
2369 5112 2525 5165 Idem
2553 5127 2685 5165 vero
2717 5112 3031 5182 presbyter,
3066 5112 3423 5167 hebdomada
3453 5115 3637 5168 conti-

1946 5216 2060 5253 nua
2091 5216 2210 5253 sese
2244 5217 2346 5270 pro
2380 5217 2446 5253 eo
2481 5201 2536 5253 in
2581 5200 2842 5271 lacrymis
2883 5201 3105 5267 afflixit,
3141 5202 3449 5256 salutarem
3503 5219 3639 5273 quo-

1945 5287 2083 5341 tidie
2115 5290 2361 5342 hostiam
2392 5290 2620 5354 obtulit,
2655 5297 2710 5343 et
2741 5306 2998 5343 reversus
3022 5295 3218 5360 postea
3246 5292 3312 5345 ad
3344 5292 3638 5361 balneum,

1949 5391 2078 5428 eum
2127 5377 2364 5430 minime
2429 5377 2664 5432 invenit.
2717 5379 2837 5441 Qua
2886 5395 2953 5432 ex
2986 5395 3066 5444 re,
3131 5384 3412 5449 quantum
3457 5380 3640 5449 prosit

1949 5465 2251 5518 animabus
2306 5465 2628 5520 immolatio
2695 5483 2867 5520 sacrae
2930 5466 3231 5520 oblationis
3283 5469 3636 5522 ostenditur:

1952 5554 2182 5624 quando
2215 5555 2360 5608 hanc
2392 5560 2447 5609 et
2475 5555 2586 5624 ipsi
2618 5561 2976 5610 mortuorum
3001 5555 3234 5626 spiritus
3259 5574 3287 5610 a
3320 5557 3640 5612 viventibus
