3950 6332
351 322 486 377 1039

1413 315 1814 371 BURCHARDI
1856 310 2390 370 WORMACIENSIS
2428 308 2772 366 EPISCOPI.

3737 307 3881 358 1040

351 446 572 516 petunt,
601 446 656 496 et
684 441 848 512 signa
882 439 1140 495 indicant
1180 437 1391 511 quibus
1448 454 1553 519 per
1599 453 1728 493 eam
1783 436 2036 492 absoluti
2067 439 2113 493 Α
2153 434 2282 489 CAP.
2320 435 2489 519 [ιξίῐῐ.ζ
2510 462 2583 474 —
2611 431 2770 519 Quod
2800 433 2881 484 ita
2918 445 3025 514 non
3053 430 3148 519 sit,
3177 427 3517 519 utuquidam
3554 429 3871 497 afﬁrmant,

354 533 679 586 videantur.

358 640 484 695 CAP.
518 638 702 693 LVIII.
731 665 804 677 —
827 636 978 702 Quod
1001 636 1208 690 beatius
1245 636 1318 688 sit
1348 647 1609 702 quemque
1655 629 1892 685 liberum
1931 631 2056 686 hinc

537 712 706 773 exire,
730 724 893 776 quam
912 713 1030 776 post
1049 711 1266 760 mortem
1291 705 1590 758 libertatem
1611 717 1876 770 quaerere.

434 797 753 866 (Gregorius
781 799 840 848 in
865 811 959 849 suo
991 795 1206 861 dialogo
1237 792 1374 845 dicit
1397 790 1440 860 :)
1476 791 1707 846 Cunctis
1738 787 2059 843 ostenditur

364 887 501 956 quia
526 885 575 938 si
626 884 959 938 insolubiles
1002 883 1185 951 culpas
1237 881 1468 946 fuerint,
1520 879 1590 932 ad
1639 877 2058 932 absolutionem

363 974 633 1044 prodesse
665 972 898 1026 minime
934 971 1108 1024 etiam
1153 969 1396 1023 mortuis
1425 968 1656 1021 victima
1701 981 1874 1020 sacrae
1905 965 2060 1018 obla-

363 1061 536 1116 tionis
589 1063 788 1132 possit.
843 1060 952 1114 Sed
1005 1059 1302 1112 sciendum
1362 1061 1465 1124 est,
1535 1055 1671 1126 quia
1729 1054 1844 1108 illis
1903 1069 2060 1107 sacra

365 1151 595 1204 victima
622 1149 865 1202 mortuis
895 1148 1098 1218 prosit,
1129 1146 1228 1217 qui
1282 1146 1370 1198 hic
1419 1145 1658 1198 vivendo
1701 1141 2062 1197 obtinuerint

364 1245 427 1293 ut
455 1255 552 1292 eos
583 1238 754 1292 etiam
805 1241 935 1307 post
967 1242 1212 1289 mortem
1267 1235 1416 1287 bona
1464 1233 1737 1301 adjuvent
1787 1246 1916 1302 quae
1969 1229 2060 1283 hic

363 1346 468 1400 pro
499 1327 635 1399 ipsis
657 1327 727 1380 ab
762 1327 887 1380 aliis
917 1327 1082 1380 fiunt.
1120 1326 1276 1378 Inter
1306 1325 1427 1376 haec
1474 1328 1664 1375 autem
1695 1319 2059 1390 pensandum

365 1423 468 1486 est,
503 1423 568 1471 ut
596 1416 774 1470 tutior
802 1416 892 1469 via
940 1416 1030 1476 sit,
1069 1419 1131 1467 ut
1162 1415 1379 1467 bonum
1425 1410 1580 1482 quod
1629 1409 1873 1480 quisque
1931 1411 2062 1477 post

366 1511 608 1560 mortem
643 1509 830 1574 sperat
864 1502 955 1572 agi
980 1519 1080 1572 per
1109 1501 1271 1565 alios,
1305 1506 1435 1569 agat
1473 1499 1610 1552 dum
1641 1497 1779 1550 vivit
1807 1495 1927 1565 ipse
1959 1508 2062 1563 per

366 1610 442 1647 se.
497 1593 721 1646 Beatius
771 1591 986 1662 quippe
1045 1596 1129 1643 est
1179 1589 1425 1642 liberum
1473 1587 1644 1655 exire,
1711 1599 1884 1656 quam
1932 1585 2062 1652 post

366 1679 593 1732 vincula
625 1677 948 1730 libertatem
979 1690 1257 1745 quaerere.

370 1785 499 1838 CAP.
530 1782 662 1838 LIX.
697 1810 765 1820 —
807 1781 963 1846 Quod
1001 1781 1183 1832 nullus
1206 1778 1394 1831 debeat
1435 1791 1630 1844 rogare
1673 1789 1777 1844 pro
1817 1777 2057 1843 peccato,

911 1851 1054 1919 quod
1087 1857 1164 1903 est
1186 1849 1259 1902 ad
1290 1853 1528 1901 mortem.

440 1942 757 2013 (Gregorius
826 1942 886 1993 in
926 1943 1040 1993 suis
1089 1934 1439 2005 Moralibus.)
1501 1937 1801 1989 Peccatum
1849 1933 2062 2004 quippe

370 2046 548 2101 usque
594 2029 665 2083 ad
734 2027 946 2082 inferos
1027 2027 1253 2081 ducitur
1300 2025 1454 2096 quod
1513 2031 1645 2076 ante
1700 2022 1875 2076 finem
1931 2024 2062 2074 vita:

369 2117 667 2190 praesentis
719 2132 823 2187 per
905 2113 1314 2168 correctionem
1380 2128 1444 2165 ac
1490 2110 1886 2181 paenitentiam
1947 2123 2063 2161 non

371 2207 725 2261 emendatur.
803 2205 878 2258 De
917 2219 1032 2273 quo
1081 2201 1344 2256 videlicet
1375 2204 1604 2268 peccato
1637 2213 1740 2268 per
1785 2199 2062 2252 Joannem

373 2295 580 2349 dicitur
611 2311 623 2347 :
664 2293 756 2346 Est
786 2299 1082 2362 peccatum
1111 2291 1181 2343 ad
1207 2295 1473 2354 mortem,
1503 2303 1621 2340 non
1654 2302 1758 2356 pro
1789 2284 1889 2339 illo
1915 2285 2060 2352 dico,

371 2387 437 2435 ut
466 2387 628 2450 roget
679 2379 823 2449 quis.
870 2381 1166 2432 Peccatum
1210 2391 1457 2446 namque
1515 2375 1586 2428 ad
1648 2377 1892 2426 mortem
1934 2377 2059 2425 est:

372 2469 508 2540 quia
537 2468 749 2521 scilicet
776 2473 1068 2537 peccatum
1113 2465 1261 2535 quod
1312 2464 1402 2517 hic
1423 2478 1538 2516 non
1583 2461 1909 2532 corrigitur,
1941 2460 2062 2530 ejus

377 2557 536 2611 venia
569 2555 780 2609 frustra
827 2553 1168 2623 postulatur.
1229 2553 1304 2604 De
1358 2553 1462 2604 hoc
1513 2551 1701 2603 adhuc
1749 2549 2058 2603 subditur:

371 2644 748 2700 Obliviscatur
804 2644 926 2711 ejus
985 2639 1395 2694 misericordia.
1463 2639 1891 2707 Omnipotentis
1960 2632 2062 2690 Dei

371 2732 764 2786 misericordia
797 2729 1051 2784 oblivisci
1081 2727 1204 2798 ejus
1231 2726 1462 2791 dicitur,
1496 2725 1596 2796 qui
1651 2723 2063 2795 omnipotentis

374 2821 474 2874 Dei
512 2819 797 2890 justitiam
869 2816 1039 2872 fuerit
1097 2816 1325 2868 oblitus.
1390 2812 1658 2884 Quisquis
1713 2827 1847 2866 eum
1911 2826 2064 2865 nunc

367 2908 588 2978 justum
634 2921 748 2960 non
795 2905 978 2970 timet,
1031 2907 1158 2974 post
1183 2901 1442 2956 invenire
1487 2917 1603 2955 non
1642 2901 1794 2955 volet
1832 2898 2062 2954 miseri-

374 2996 623 3050 cordem.

375 3101 503 3157 Car.
550 3099 652 3153 LX.
712 3129 780 3138 —
840 3098 907 3152 Ut
959 3110 1136 3149 omnes
1195 3097 1388 3148 anima
1446 3095 1730 3148 electorum
1788 3093 2066 3148 credenda

479 3174 592 3226 sint
615 3184 725 3224 esse
754 3171 812 3222 in
841 3170 985 3235 coelo,
1013 3173 1064 3220 et
1093 3169 1404 3234 iniquorum
1427 3167 1621 3220 animae
1641 3169 1699 3218 in
1720 3167 1953 3231 inferno.

444 3260 559 3326 (Ecc
613 3257 827 3322 dialogo
877 3257 1141 3323 Gregorii.
1185 3256 1371 3307 Petrus
1409 3256 1728 3321 interrogat.
1774 3254 2063 3322 Responsio

371 3349 658 3416 Gregorii.)
701 3342 1068 3415 Inquisitioni
1120 3357 1262 3396 meae
1325 3342 1441 3411 jam
1503 3341 1668 3395 video
1711 3340 2064 3395 sufficienter

369 3438 743 3502 satisfactum,
777 3433 873 3486 sed
926 3433 1032 3485 hoc
1079 3438 1160 3485 est
1193 3431 1375 3485 adhuc
1405 3430 1560 3502 quod
1592 3431 1906 3501 quaestione
1936 3430 2059 3483 ani-

367 3542 526 3581 mum
558 3526 766 3595 pulsat.
798 3522 942 3586 Quia
973 3536 1102 3574 cum
1135 3523 1400 3590 superius
1429 3519 1643 3573 dictum
1669 3519 1742 3572 sit
1789 3533 1910 3573 esse
1939 3518 2058 3589 jam

366 3621 692 3669 sanctorum
745 3610 964 3664 animas
1013 3609 1072 3661 in
1101 3610 1263 3673 caelo,
1314 3612 1491 3661 restat
1520 3608 1719 3678 procul
1767 3606 1962 3675 dubio,
2000 3611 2059 3662 ut

365 3705 698 3774 iniquorum
730 3713 961 3769 quoque
992 3697 1201 3750 animae
1232 3712 1354 3749 esse
1400 3712 1515 3749 non
1569 3696 1680 3749 nisi
1738 3695 1800 3750 in
1834 3695 2059 3750 inferno

365 3792 692 3854 credantur,
725 3793 780 3840 et
805 3786 944 3857 quid
975 3785 1043 3839 de
1075 3785 1180 3838 hac
1228 3801 1287 3837 re
1335 3785 1542 3838 habeat
1589 3784 1798 3838 veritas
1835 3783 2054 3854 ignoro.

367 3881 509 3934 Nam
540 3879 794 3932 humana
819 3874 1124 3928 aestimatio
1173 3888 1289 3926 non
1322 3872 1517 3937 habet,
1546 3877 1907 3942 peccatorum
1940 3873 2058 3927 ani-

363 3984 486 4023 mas
517 3981 677 4038 posse
689 3970 821 4018 ante
837 3962 1117 4033 judicium
1137 3961 1396 4015 cruciari.
1421 3991 1489 4001 —
1509 3960 1567 4016 Si
1584 3977 1704 4015 esse
1729 3967 2057 4016 sanctorum

361 4058 580 4112 animas
611 4056 671 4108 in
701 4053 842 4108 ccelo
873 4051 1016 4105 sacri
1063 4051 1277 4121 eloquii
1307 4049 1690 4104 satisfactione
1739 4050 2052 4118 credidisti,

361 4135 585 4216 oportet
622 4147 686 4196 ut
718 4159 820 4213 per
849 4141 1045 4195 omnia
1075 4157 1195 4194 esse
1243 4141 1436 4193 credas
1462 4141 1795 4212 iniquorum
1836 4141 2055 4194 animas

2237 507 2382 574 quod
2439 506 2582 559 Deus
2629 504 2692 556 ob
2754 505 2846 555 hoc
2903 505 3144 555 minutus
3199 502 3287 574 ‘sit
3342 507 3600 555 mternam
3646 515 3873 568 pinnam

2234 571 2604 646 peccantibus,
2630 580 2689 628 ut
2717 575 3008 640 corrigeret
3036 588 3070 624 α
3100 571 3282 624 malis.
3414 589 3418 595 ·

2237 667 2346 732 (Ea:
2366 664 2570 730 dialog.
2611 663 2877 730 Gregorii.
2920 663 3110 715 Petrus
3150 663 3469 726 interrogat.
3509 659 3758 727 Gregorii
3787 674 3878 712 re-

2164 755 2421 822 sponsio.)
2452 752 2598 816 Quid
2619 751 2664 804 si
2691 749 2818 821 quis
2849 749 3018 816 dicat,
3053 748 3264 802 idcirco
3315 749 3464 801 Deus
3491 749 3871 817 peccantibus

2167 847 2441 895 aeternam
2473 855 2700 910 pmnam
2733 839 2984 891 minatus
3017 842 3120 904 est,
3155 842 3216 890 ut
3265 853 3361 890 eos
3403 852 3437 889 a
3491 843 3868 907 peccatorum

2165 929 2588 999 perpetratiune
2608 925 3037 996 compesceret?
3059 955 3123 965 —
3147 923 3203 979 Si
3228 925 3435 978 falsum
3458 930 3544 977 est
3575 925 3727 994 quod
3754 925 3872 977 mi-

2166 1023 2334 1070 natus
2364 1020 2465 1082 est,
2497 1021 2561 1069 ut
2591 1016 2660 1069 ab
2688 1015 2967 1084 injustitia
3007 1013 3342 1083 corrigeret,
3390 1013 3563 1066 etiam
3605 1013 3748 1066 falsa
3783 1017 3877 1064 est

2165 1105 2472 1174 pollicitus,
2513 1109 2578 1157 ut
2622 1105 2692 1156 ad
2715 1101 3001 1173 justitiam
3029 1105 3388 1172 provocaret.
3439 1100 3546 1154 Sed
3576 1101 3706 1172 quis
3759 1101 3879 1154 huc

2166 1194 2376 1261 dicere,
2433 1193 2520 1245 vel
2571 1193 2805 1244 insanus
2854 1191 3204 1261 praesumat?
3271 1191 3333 1244 Et
3382 1188 3426 1240 si
3471 1190 3726 1242 minatus
3791 1194 3881 1241 est

2169 1282 2322 1352 quod
2353 1297 2469 1334 non
2501 1287 2624 1333 erat
2653 1281 3013 1348 impleturus,
3047 1279 3184 1332 dum
3217 1294 3468 1331 asserere
3519 1295 3651 1331 eum
3698 1278 3878 1330 mise-

2166 1371 2450 1424 ricordem
2497 1371 2782 1436 volumus,
2832 1368 3112 1432 fallacem,
3159 1367 3310 1437 quod
3342 1367 3498 1420 nefas
3525 1373 3610 1420 est
3653 1366 3872 1434 dicere,

2166 1457 2478 1528 praedicare
2509 1455 2938 1526 compellimur.

2171 1548 2296 1601 CAP.
2329 1546 2510 1600 LXlII.
2543 1575 2612 1584 —
2645 1546 2762 1598 Cur
2801 1549 3024 1613 peccata
3075 1558 3194 1611 quae
3243 1559 3360 1596 cum
3385 1545 3499 1612 ﬁne
3545 1547 3875 1614 perpetrata

2303 1628 2310 1631 '
2628 1621 2773 1682 sunt,
2801 1618 2916 1668 sine
2943 1615 3051 1683 ﬁne
3078 1618 3399 1682 puniantur.

2241 1706 2354 1770 (Ea:
2385 1704 2582 1758 eodem.
2616 1705 2756 1758 Petr.
2795 1706 2895 1756 int.
2929 1703 3087 1768 Greg.
3139 1702 3308 1772 resp.)
3334 1702 3486 1755 Scire
3520 1701 3687 1755 velim
3720 1718 3874 1772 quo-

2173 1796 2341 1848 modo
2365 1795 2583 1863 justum
2617 1793 2709 1856 sit,
2758 1797 2820 1845 ut
2865 1792 3032 1861 culpa
3065 1807 3193 1861 quae
3225 1807 3354 1844 cum
3395 1790 3508 1843 fine
3539 1796 3876 1860 perpetrata

2171 1890 2274 1950 est,
2305 1883 2422 1936 sine
2455 1883 2566 1935 fine
2591 1882 2882 1951 puniatur.
2916 1909 2983 1918 --
3012 1881 3126 1934 Hoc
3172 1886 3321 1933 recte
3365 1879 3670 1946 diceretur,
3711 1879 3758 1932 si
3795 1880 3878 1934 di-

2171 1972 2395 2024 strictus
2440 1969 2618 2038 judex
2650 1984 2764 2020 non
2821 1968 2992 2021 corda
3032 1967 3354 2032 hominum,
3407 1966 3505 2020 sed
3559 1967 3708 2020 facta
3735 1983 3876 2038 pen-

2172 2064 2338 2112 saret.
2376 2059 2564 2128 Iniqui
2595 2057 2746 2110 enim
2775 2056 2902 2109 ideo
2951 2071 3081 2108 cum
3131 2057 3244 2108 line
3294 2055 3683 2125 deliquerunt,
3737 2057 3879 2126 quia

2170 2164 2300 2201 cum
2334 2148 2445 2200 line
2479 2146 2757 2198 vixerunt.
2794 2144 2930 2196 Nam
2966 2143 3275 2195 voluissent
3319 2142 3538 2212 utique,
3571 2142 3618 2194 si
3645 2145 3879 2212 potuis-

2171 2240 2316 2303 sent,
2352 2236 2471 2288 siue
2495 2235 2608 2287 iine
2630 2233 2837 2299 vivere,
2875 2236 2934 2283 ut
2963 2231 3282 2300 potuissent
3310 2230 3432 2284 sine
3462 2230 3575 2283 tine
3613 2247 3872 2300 peccare.

2171 2325 2491 2379 ()stendunt
2523 2322 2696 2388 enim,
2732 2321 2868 2391 quia
2918 2320 2978 2372 in
3029 2324 3257 2390 peccato
3291 2319 3476 2372 vivere
3508 2335 3738 2388 semper
3767 2335 3875 2373 cu-

2171 2415 2356 2485 piunt,
2395 2414 2494 2483 qui
2525 2427 2821 2482 nunquam
2857 2409 3127 2464 desinunt
3164 2425 3414 2479 peccare,
3457 2409 3594 2463 dum
3625 2409 3871 2477 _vivunt.

2169 2504 2253 2558 Ad
2286 2517 2549 2571 magnam
2573 2498 3320 2570 ergojustitiamjudicantis
3338 2498 3603 2567 pertinet,
3625 2503 3691 2552 ut
3713 2514 3864 2552 nun-

2172 2607 2342 2662 quam
2375 2593 2604 2643 careant
2649 2587 2928 2658 supplicio
2985 2587 3086 2657 qui
3138 2587 3198 2640 in
3245 2588 3351 2640 hac
3399 2587 3512 2640 vita
3560 2603 3866 2658 nunquam

2169 2680 2474 2733 voluerunt
2501 2693 2694 2731 carere
2727 2681 2975 2746 peccato.

2172 2768 2297 2823 CAP.
2329 2767 2498 2821 LXIV.
2532 2795 2602 2806 —
2631 2765 2782 2832 Quod
2812 2765 2953 2818 Deus
2983 2766 3108 2832 pius
3140 2767 3232 2831 sit,
3266 2769 3316 2818 et
3337 2779 3441 2818 non
3460 2770 3727 2834 pascatur
3753 2781 3876 2819 cru-

2241 2841 2388 2892 ciatu
2421 2841 2756 2900 miserorum,
2780 2837 2966 2900 justus
2994 2842 3192 2900 autem,
3227 2841 3277 2888 et
3329 2836 3448 2890 ideo
3502 2852 3608 2890 non
3655 2837 3879 2891 sedetur

2242 2913 2301 2963 in
2329 2915 2645 2977 perpetuum
2667 2908 2733 2960 ab
2754 2910 3067 2975 iniquorum
3097 2908 3315 2959 ultione.

2248 2997 2354 3067 (Em
2379 2997 2576 3050 eodem.
2611 2998 2752 3050 Petr.
2776 2998 2877 3048 int.
2911 2997 3055 3062 Greg
3111 2993 3277 3063 resp.)
3306 2993 3414 3047 Sed
3457 2993 3651 3047 nullus
3679 2995 3876 3065 justus

2176 3085 2514 3139 crudelitate
2572 3082 2840 3153 pascitur,
2899 3087 2955 3135 et
2999 3082 3343 3151 delinquens
3394 3097 3598 3134 servus
3643 3098 3678 3134 a
3718 3083 3877 3153 justo

2175 3173 2412 3227 domino
2442 3172 2653 3225 idcirco
2685 3171 2824 3224 caedi
2860 3169 3210 3240 praecipitur,
3248 3175 3310 3223 ut
3341 3186 3370 3222 a
3438 3171 3700 3240 nequitia
3749 3188 3875 3225 cor-

2173 3260 2410 3332 rigatur.
2449 3261 2531 3313 Ad
2564 3259 2670 3312 hoc
2699 3257 2852 3310 enim
2905 3257 3155 3325 vapulat,
3211 3260 3274 3308 ut
3303 3254 3611 3308 emendare
3642 3255 3866 3310 debeat.

2175 3349 2361 3420 Iniqui
2395 3355 2583 3401 autem
2628 3347 2906 3417 gehennae
2934 3344 3055 3414 igni
3103 3343 3317 3406 traditi,
3347 3343 3395 3396 si
3448 3343 3517 3397 ad
3565 3345 3867 3398 correctio-

2172 3453 2300 3491 nem
2335 3452 2630 3508 nunquam
2661 3435 2910 3499 veniant,
2944 3449 3058 3503 quo
3105 3433 3218 3486 line
3268 3448 3496 3500 semper
3543 3433 3865 3488 ardebunt?

2167 3555 2240 3591 -_-
2267 3526 2644 3594 Omnipotens
2679 3523 2845 3590 Deus,
2897 3523 3034 3592 quia
3079 3520 3208 3591 pius
3235 3525 3338 3586 est,
3372 3520 3713 3574 miserorum
3745 3538 3863 3575 cru-

2168 3615 2320 3669 ciatu
2353 3630 2466 3668 non
2498 3613 2751 3684 pascitur
2784 3627 2796 3664 :
2830 3610 2964 3682 quia
3006 3615 3196 3662 autem
3245 3609 3436 3678 justus
3467 3613 3569 3675 est,
3622 3609 3693 3664 ab
3745 3611 3859 3664 ini-

2169 3719 2416 3775 quorum
2469 3702 2687 3755 ultione
2746 3699 2804 3752 in
2869 3703 3214 3769 perpetuum
3283 3713 3400 3750 non
3453 3697 3704 3753 sedatur.
3756 3699 3859 3753 Sed

2166 3791 2355 3864 iniqui
2386 3807 2585 3845 omnes
2615 3794 2827 3843 aeterno
2858 3787 3138 3858 supplicio
3168 3787 3443 3856 deputati,
3495 3802 3599 3840 sua
3627 3788 3859 3858 quidem

2166 3881 2468 3952 iniquitate
2503 3881 2841 3951 puniuntur,
2877 3882 2932 3931 et
2964 3883 3156 3930 tamen
3191 3877 3259 3929 ad
3294 3875 3508 3946 aliquid
3551 3878 3856 3942 ardebunt,

2165 3971 2398 4037 scilicet,
2435 3975 2500 4023 ut
2531 3967 2673 4039 justi
2723 3983 2944 4028 omnes,
2997 3972 3054 4019 et
3096 3966 3155 4019 in
3209 3965 3324 4018 Deo
3376 3966 3609 4018 videant
3657 3967 3863 4037 gaudia

2165 4076 2292 4131 quae
2323 4058 2668 4129 percipiunt,
2699 4060 2755 4109 et
2804 4055 2863 4109 in
2901 4055 3012 4108 illis
3065 4054 3374 4124 respiciant
3409 4054 3696 4123 supplicia
3738 4071 3864 4125 quae

2163 4152 2485 4214 evaserunt,
2517 4150 2798 4216 quatenus
2829 4145 2888 4197 in
2915 4149 3196 4198 internum
3237 4150 3394 4197 tanto
3424 4143 3606 4213 magis
3653 4143 3863 4198 divine

359 4235 421 4289 in
445 4233 670 4288 inferno
705 4249 717 4285 :
749 4230 886 4302 quia
910 4247 974 4284 ex
1005 4230 1378 4285 retributione
1410 4234 1640 4283 aeternas
1672 4227 1932 4299 justitiee,
1986 4245 2050 4283 ex
2082 4271 2127 4325 Β
2165 4237 2360 4308 gratiae
2391 4235 2678 4290 debitores
2709 4249 2766 4287 se
2792 4249 2910 4286 esse
2940 4237 3306 4304 cognoscant,
3348 4239 3564 4302 quanto
3596 4231 3657 4285 in
3689 4238 3860 4286 ωιειι-

360 4340 473 4396 qua
494 4325 613 4394 jam
634 4320 775 4392 justi
822 4319 1159 4390 gloriantur,
1200 4334 1426 4372 necesse
1475 4323 1562 4371 est
1601 4333 1705 4387 per
1744 4317 1956 4385 omnia,
1991 4323 2054 4371 ut

355 4411 554 4482 injusti
587 4409 928 4464 crucientur.
963 4409 1106 4462 Nam
1135 4407 1284 4461 sicut
1313 4408 1524 4460 electos
1555 4405 1850 4460 beatitudo
1900 4405 2048 4460 laeti-

355 4498 507 4565 ﬁcat,
542 4498 619 4552 ita
662 4497 815 4551 credi
871 4513 1098 4550 necesse
1146 4499 1231 4549 est
1287 4494 1438 4564 quod
1489 4510 1523 4547 a
1581 4493 1674 4548 die
1724 4493 1907 4548 exitus
1961 4493 2050 4547 sui

354 4587 504 4657 ignis
537 4586 808 4656 reprobus
834 4589 1054 4638 exurat.

355 4692 480 4747 CAP.
515 4693 642 4746 LXI.
673 4721 745 4732 —
772 4689 928 4755 Quod
957 4691 1096 4742 sicut
1131 4689 1256 4757 ﬁnis
1285 4703 1389 4741 non
1415 4691 1493 4742 est
1534 4687 1737 4756 gaudio
1769 4687 2044 4757 bonorum,

658 4765 735 4816 sic
763 4765 888 4830 ﬁnis
917 4775 1024 4812 non
1051 4767 1126 4813 est
1152 4761 1430 4814 tormentis
1453 4764 1738 4814 malorum.

425 4853 531 4917 (Ea:
551 4851 754 4916 diulug.
807 4847 1062 4914 Gregorii
1107 4847 1272 4901 Inter.
1325 4849 1470 4902 Petr.
1523 4847 1768 4916 Gregorii
1823 4862 2044 4916 respon-

349 4942 477 5010 sio.)
513 4937 802 5007 Numquid
829 4950 978 4997 nam,
1011 4950 1202 5005 quaeso
1221 4940 1292 5002 te,
1315 4936 1555 4989 dii-imus
1585 4953 1703 5002 eos,
1739 4937 1839 5006 qui
1867 4938 2045 4992 semel

347 5029 466 5082 illic
498 5027 668 5080 mersi
699 5025 932 5089 fuerint,
966 5039 1192 5092 semper
1221 5025 1490 5077 arsuros?
1513 5053 1584 5066 —
1606 5025 1834 5078 Constat
1853 5024 2043 5092 nimis,

348 5124 405 5172 et
435 5117 832 5168 incunctanter
861 5127 1058 5166 verum
1093 5128 1213 5164 esse
1249 5127 1263 5166 :
1298 5114 1434 5183 quia
1466 5112 1613 5166 sicut
1645 5113 1774 5167 linis
1804 5129 1921 5166 non
1962 5119 2046 5167 est

348 5205 578 5276 glaudio
612 5205 916 5268 bonorum,
949 5201 1024 5253 ita
1056 5201 1186 5253 tinis
1217 5217 1332 5253 nun
1383 5206 1466 5254 est
1507 5200 1810 5254 tormentis
1863 5203 2041 5255 malo-

346 5311 495 5348 rum.
525 5294 663 5346 Nam
696 5309 823 5344 cum
857 5291 1075 5346 Veritas
1102 5289 1255 5342 dicat
1285 5305 1298 5341 :
1325 5289 1491 5342 Ibunt
1525 5288 1582 5341 hi
1607 5289 1664 5341 in
1697 5289 2042 5359 supplicium

350 5391 652 5442 aeternum,
679 5381 820 5450 justi
852 5386 1041 5432 autem
1079 5380 1134 5430 in
1155 5378 1326 5430 vitam
1341 5385 1615 5431 aeternam
1645 5393 1657 5430 :
1690 5378 1825 5448 quia
1845 5393 2042 5436 verum

346 5478 432 5526 est
461 5470 614 5542 quod
651 5469 929 5539 promisit,
963 5469 1166 5524 falsum
1196 5465 1580 5536 proculdubio
1603 5481 1721 5520 non
1747 5465 1857 5521 erit
1888 5469 2040 5538 quod

348 5560 600 5612 minatus
631 5564 717 5612 est
749 5559 912 5611 Deus.

2163 4342 2302 4380 num
2362 4326 2512 4378 mala
2561 4322 2756 4395 puniri
2812 4322 3175 4393 conspiciunt
3217 4337 3347 4392 quae
3403 4320 3527 4390 ejus
3573 4321 3856 4390 adjutorio

2157 4411 2276 4464 vice
2285 4413 2437 4463 runt.
3038 4403 3046 4412 ’

2156 4513 2284 4571 CAP.
2317 4513 2457 4568 LXV.
2491 4543 2558 4552 —-
2595 4512 2673 4566 De
2713 4511 2826 4573 hoc,
2866 4512 2916 4565 si
2958 4515 3084 4565 ante
3131 4511 3523 4564 restitutionem
3567 4523 3846 4579 corporum

2414 4586 2608 4638 animae
2625 4585 2898 4651 justorum
2945 4582 3008 4637 in
3029 4583 3213 4636 caelum
3237 4584 3592 4650 recipiantur.

2225 4674 2336 4739 (Ea:
2360 4671 2556 4726 eodem.
2582 4673 2724 4726 Pelr.
2749 4673 2849 4724 int.
2884 4670 3041 4737 Greg.
3072 4674 3243 4738 resp.)
3275 4670 3464 4723 Placet
3487 4669 3640 4739 quod
3669 4669 3840 4724 dicis:

2153 4762 2249 4817 sed
2282 4762 2452 4816 velim
2484 4777 2670 4827 nosse,
2703 4761 2751 4814 si
2807 4776 2960 4814 nunc
3015 4765 3145 4812 ante
3193 4759 3615 4812 restitutionem
3646 4775 3842 4828 corpo-

2153 4867 2283 4905 rum
2312 4850 2373 4904 in
2405 4851 2609 4903 ccelum
2635 4849 2809 4919 recipi
2836 4849 3061 4902 valeant
3077 4846 3610 4917 aniuiasjustorum.
3641 4878 3710 4888 —
3739 4849 3843 4902 Hoc

2153 4955 2404 5008 namque
2433 4938 2502 4992 de
2515 4936 2963 5008 omnibusjustis
2990 4936 3153 4989 fateri
3172 4953 3282 4989 non
3305 4952 3628 5005 possumus,
3664 4953 3841 5007 neque

2153 5029 2222 5082 de
2247 5027 2516 5081 omnibus
2538 5043 2766 5096 negare.
2805 5027 2942 5079 Nam
2978 5031 3112 5079 surt
3157 5025 3520 5095 quorundam
3561 5026 3841 5096 justorum

2153 5117 2383 5180 animae,
2416 5131 2540 5186 quas
2573 5133 2603 5169 a
2633 5115 2846 5170 caelesti
2888 5131 3064 5184 regno
3087 5114 3432 5185 quibusdam
3465 5115 3656 5168 adhuc
3688 5132 3837 5169 man-

2151 5205 2408 5258 sionibus
2475 5204 2838 5260 differuntur.
2921 5205 2982 5258 In
3049 5221 3161 5274 quo
3232 5203 3522 5256 dilationis
3613 5205 3837 5271 damno,

2151 5294 2286 5366 quid
2318 5294 2473 5348 aliud
2507 5295 2791 5360 innuitur,
2826 5292 2935 5346 nisi
2984 5292 3135 5362 quod
3171 5292 3432 5362 perfectas
3474 5293 3710 5357 justitia!
3741 5296 3835 5348 ali-

2151 5383 2288 5454 quid
2323 5382 2513 5436 minus
2559 5381 2922 5436 habuerunt?
2972 5381 3040 5434 Et
3074 5390 3264 5434 tamen
3305 5381 3428 5434 luce
3459 5383 3666 5434 clarius
3712 5399 3833 5436 cun-

2151 5476 2261 5524 stat
2290 5471 2425 5541 quia
2453 5471 2836 5542 perfectorum
2862 5472 3148 5541 justorum
3173 5471 3401 5536 animae,
3426 5485 3556 5524 mox
3581 5479 3643 5524 ut
3673 5471 3830 5542 hujus

2149 5558 2334 5612 carnis
2381 5560 2627 5614 claustra
2673 5565 2902 5627 exeunt,
2957 5559 3014 5613 in
3061 5559 3382 5615 caelestibus
3427 5560 3657 5616 sedibus
3697 5562 3828 5616 reci-
