  <div class='ocr_page' id='page_1' title='image "/cluster/home/n/w/nwhite01/storage/ocr_20150623/140/umn.31951002477433x/572.png"; bbox 0 0 3950 6304; ppageno 0'>
   <div class='ocr_carea' id='block_1_1' title="bbox 122 366 246 420">
    <p class='ocr_par' dir='ltr' id='par_1_1' title="bbox 122 366 246 420">
     <span class='ocr_line' id='line_1_1' title="bbox 122 366 246 420; baseline -0.008 -1"><span class='ocrx_word' id='word_1_1' title='bbox 122 366 246 420; x_wconf 70' lang='grc'><strong>1041</strong></span> 
     </span>
    </p>
   </div>
   <div class='ocr_carea' id='block_1_2' title="bbox 1065 360 2691 419">
    <p class='ocr_par' dir='ltr' id='par_1_2' title="bbox 1065 360 2691 419">
     <span class='ocr_line' id='line_1_2' title="bbox 1065 360 2691 419; baseline -0.001 -2"><span class='ocrx_word' id='word_1_2' title='bbox 1065 360 1543 419; x_wconf 79' lang='lat' dir='ltr'><strong>DECRETORUM</strong></span> <span class='ocrx_word' id='word_1_3' title='bbox 1588 363 1772 418; x_wconf 84' lang='lat' dir='ltr'><strong>LIBRI</strong></span> <span class='ocrx_word' id='word_1_4' title='bbox 1809 363 1917 419; x_wconf 81' lang='lat' dir='ltr'><strong>XX.</strong></span> <span class='ocrx_word' id='word_1_5' title='bbox 1950 392 2019 403; x_wconf 93' lang='lat'>—</span> <span class='ocrx_word' id='word_1_6' title='bbox 2052 362 2259 419; x_wconf 80' lang='lat' dir='ltr'><strong>LIBER</strong></span> <span class='ocrx_word' id='word_1_7' title='bbox 2297 362 2691 418; x_wconf 83' lang='lat' dir='ltr'><strong>VIGESIMUS.</strong></span> 
     </span>
    </p>
   </div>
   <div class='ocr_carea' id='block_1_3' title="bbox 3488 361 3623 415">
    <p class='ocr_par' dir='ltr' id='par_1_3' title="bbox 3488 361 3623 415">
     <span class='ocr_line' id='line_1_3' title="bbox 3488 361 3623 415; baseline 0 -1"><span class='ocrx_word' id='word_1_8' title='bbox 3488 361 3623 415; x_wconf 72' lang='grc'><strong>1042</strong></span> 
     </span>
    </p>
   </div>
   <div class='ocr_carea' id='block_1_4' title="bbox 116 483 3624 555">
    <p class='ocr_par' dir='ltr' id='par_1_4' title="bbox 116 483 3624 555">
     <span class='ocr_line' id='line_1_4' title="bbox 116 483 3624 555; baseline -0.001 -16"><span class='ocrx_word' id='word_1_9' title='bbox 116 487 376 555; x_wconf 87' lang='lat' dir='ltr'><strong>piuntur.</strong></span> <span class='ocrx_word' id='word_1_10' title='bbox 410 483 572 549; x_wconf 86' lang='lat' dir='ltr'><strong>Quod</strong></span> <span class='ocrx_word' id='word_1_11' title='bbox 596 486 653 537; x_wconf 91' lang='lat' dir='ltr'><strong>et</strong></span> <span class='ocrx_word' id='word_1_12' title='bbox 675 483 799 554; x_wconf 88' lang='lat' dir='ltr'><strong>ipsa</strong></span> <span class='ocrx_word' id='word_1_13' title='bbox 828 499 934 553; x_wconf 91' lang='lat' dir='ltr'><strong>per</strong></span> <span class='ocrx_word' id='word_1_14' title='bbox 962 500 1021 536; x_wconf 88' lang='lat' dir='ltr'><strong>se</strong></span> <span class='ocrx_word' id='word_1_15' title='bbox 1049 484 1267 537; x_wconf 90' lang='lat' dir='ltr'><strong>Veritas</strong></span> <span class='ocrx_word' id='word_1_16' title='bbox 1295 489 1556 551; x_wconf 83' lang='lat' dir='ltr'><strong>testatur,</strong></span> <span class='ocrx_word' id='word_1_17' title='bbox 1584 485 1809 540; x_wconf 89' lang='lat' dir='ltr'><strong>dicens:</strong></span> <span class='ocrx_word' id='word_1_18' title='bbox 1844 485 1888 538; x_wconf 83' lang='lat' dir='ltr'><strong>A</strong></span> <span class='ocrx_word' id='word_1_19' title='bbox 1927 484 2113 538; x_wconf 86' lang='lat' dir='ltr'><strong>verbis</strong></span> <span class='ocrx_word' id='word_1_20' title='bbox 2172 487 2365 554; x_wconf 86' lang='lat' dir='ltr'><strong>aperte</strong></span> <span class='ocrx_word' id='word_1_21' title='bbox 2420 484 2737 538; x_wconf 68' lang='lat' dir='ltr'><strong>declaratur</strong></span> <span class='ocrx_word' id='word_1_22' title='bbox 2796 483 2932 553; x_wconf 85' lang='lat' dir='ltr'><strong>quia</strong></span> <span class='ocrx_word' id='word_1_23' title='bbox 2989 488 3046 536; x_wconf 93' lang='lat' dir='ltr'><strong>et</strong></span> <span class='ocrx_word' id='word_1_24' title='bbox 3111 483 3248 537; x_wconf 92' lang='lat' dir='ltr'><strong>boni</strong></span> <span class='ocrx_word' id='word_1_25' title='bbox 3306 484 3507 551; x_wconf 90' lang='lat' dir='ltr'><strong>bonos,</strong></span> <span class='ocrx_word' id='word_1_26' title='bbox 3567 486 3624 537; x_wconf 92' lang='lat' dir='ltr'><strong>et</strong></span> 
     </span>
    </p>
   </div>
   <div class='ocr_carea' id='block_1_5' title="bbox 120 573 1810 644">
    <p class='ocr_par' dir='ltr' id='par_1_5' title="bbox 120 573 1810 644">
     <span class='ocr_line' id='line_1_5' title="bbox 120 573 1810 644; baseline -0.001 -16"><span class='ocrx_word' id='word_1_27' title='bbox 120 575 449 644; x_wconf 77' lang='lat' dir='ltr'><strong>Ubicunque</strong></span> <span class='ocrx_word' id='word_1_28' title='bbox 483 573 654 626; x_wconf 88' lang='lat' dir='ltr'><strong>fuerit</strong></span> <span class='ocrx_word' id='word_1_29' title='bbox 681 588 907 642; x_wconf 88' lang='lat' dir='ltr'><strong>corpus,</strong></span> <span class='ocrx_word' id='word_1_30' title='bbox 955 573 1088 626; x_wconf 91' lang='lat' dir='ltr'><strong>illuc</strong></span> <span class='ocrx_word' id='word_1_31' title='bbox 1118 574 1620 643; x_wconf 89' lang='lat' dir='ltr'><strong>congregabuntur</strong></span> <span class='ocrx_word' id='word_1_32' title='bbox 1648 573 1810 644; x_wconf 87' lang='lat' dir='ltr'><strong>aqui-</strong></span> 
     </span>
    </p>
   </div>
   <div class='ocr_carea' id='block_1_6' title="bbox 118 661 1809 732">
    <p class='ocr_par' dir='ltr' id='par_1_6' title="bbox 118 661 1809 732">
     <span class='ocr_line' id='line_1_6' title="bbox 118 661 1809 732; baseline 0 -17"><span class='ocrx_word' id='word_1_33' title='bbox 118 665 184 716; x_wconf 63' lang='lat' dir='ltr'><strong>las</strong></span> <span class='ocrx_word' id='word_1_34' title='bbox 222 679 235 717; x_wconf 89' lang='lat'><strong>:</strong></span> <span class='ocrx_word' id='word_1_35' title='bbox 274 662 411 732; x_wconf 87' lang='lat' dir='ltr'><strong>quia</strong></span> <span class='ocrx_word' id='word_1_36' title='bbox 456 662 552 714; x_wconf 92' lang='lat' dir='ltr'><strong>ubi</strong></span> <span class='ocrx_word' id='word_1_37' title='bbox 602 661 723 729; x_wconf 90' lang='lat' dir='ltr'><strong>ipse</strong></span> <span class='ocrx_word' id='word_1_38' title='bbox 773 662 1122 731; x_wconf 72' lang='lat' dir='ltr'><strong>Redemptor</strong></span> <span class='ocrx_word' id='word_1_39' title='bbox 1170 668 1367 715; x_wconf 87' lang='lat' dir='ltr'><strong>noster</strong></span> <span class='ocrx_word' id='word_1_40' title='bbox 1421 668 1506 716; x_wconf 90' lang='lat' dir='ltr'><strong>est</strong></span> <span class='ocrx_word' id='word_1_41' title='bbox 1550 678 1809 732; x_wconf 90' lang='lat' dir='ltr'><strong>corpore,</strong></span> 
     </span>
    </p>
   </div>
   <div class='ocr_carea' id='block_1_7' title="bbox 115 748 1808 819">
    <p class='ocr_par' dir='ltr' id='par_1_7' title="bbox 115 748 1808 819">
     <span class='ocr_line' id='line_1_7' title="bbox 115 748 1808 819; baseline -0.003 -15"><span class='ocrx_word' id='word_1_42' title='bbox 115 752 250 804; x_wconf 90' lang='lat' dir='ltr'><strong>illuc</strong></span> <span class='ocrx_word' id='word_1_43' title='bbox 292 750 492 819; x_wconf 87' lang='lat' dir='ltr'><strong>procul</strong></span> <span class='ocrx_word' id='word_1_44' title='bbox 542 750 716 802; x_wconf 91' lang='lat' dir='ltr'><strong>dubio</strong></span> <span class='ocrx_word' id='word_1_45' title='bbox 764 750 1119 819; x_wconf 89' lang='lat' dir='ltr'><strong>colliguntur</strong></span> <span class='ocrx_word' id='word_1_46' title='bbox 1148 754 1202 802; x_wconf 91' lang='lat' dir='ltr'><strong>et</strong></span> <span class='ocrx_word' id='word_1_47' title='bbox 1249 748 1457 801; x_wconf 67' lang='lat' dir='ltr'><strong>animas</strong></span> <span class='ocrx_word' id='word_1_48' title='bbox 1499 749 1808 818; x_wconf 91' lang='lat' dir='ltr'><strong>justorum.</strong></span> 
     </span>
    </p>
   </div>
   <div class='ocr_carea' id='block_1_8' title="bbox 117 837 1808 903">
    <p class='ocr_par' dir='ltr' id='par_1_8' title="bbox 117 837 1808 903">
     <span class='ocr_line' id='line_1_8' title="bbox 117 837 1808 903; baseline -0.005 -8"><span class='ocrx_word' id='word_1_49' title='bbox 117 843 181 895; x_wconf 87' lang='lat' dir='ltr'><strong>Et</strong></span> <span class='ocrx_word' id='word_1_50' title='bbox 234 840 442 894; x_wconf 81' lang='lat' dir='ltr'><strong>Paulus</strong></span> <span class='ocrx_word' id='word_1_51' title='bbox 490 838 723 893; x_wconf 61' lang='lat' dir='ltr'><strong>dissolvi</strong></span> <span class='ocrx_word' id='word_1_52' title='bbox 772 838 1075 903; x_wconf 82' lang='lat' dir='ltr'><strong>desiderat,</strong></span> <span class='ocrx_word' id='word_1_53' title='bbox 1128 843 1184 890; x_wconf 92' lang='lat' dir='ltr'><strong>et</strong></span> <span class='ocrx_word' id='word_1_54' title='bbox 1221 853 1348 889; x_wconf 90' lang='lat' dir='ltr'><strong>cum</strong></span> <span class='ocrx_word' id='word_1_55' title='bbox 1397 837 1618 891; x_wconf 76' lang='lat' dir='ltr'><strong>Christo</strong></span> <span class='ocrx_word' id='word_1_56' title='bbox 1667 850 1808 888; x_wconf 91' lang='lat' dir='ltr'><strong>esse.</strong></span> 
     </span>
    </p>
   </div>
   <div class='ocr_carea' id='block_1_9' title="bbox 118 924 1813 997">
    <p class='ocr_par' dir='ltr' id='par_1_9' title="bbox 118 924 1813 997">
     <span class='ocr_line' id='line_1_9' title="bbox 118 924 1813 997; baseline -0.002 -17"><span class='ocrx_word' id='word_1_57' title='bbox 118 928 223 992; x_wconf 86' lang='lat' dir='ltr'><strong>Qui</strong></span> <span class='ocrx_word' id='word_1_58' title='bbox 266 943 403 997; x_wconf 90' lang='lat' dir='ltr'><strong>ergo</strong></span> <span class='ocrx_word' id='word_1_59' title='bbox 457 926 743 981; x_wconf 87' lang='lat' dir='ltr'><strong>Christum</strong></span> <span class='ocrx_word' id='word_1_60' title='bbox 795 926 1007 979; x_wconf 90' lang='lat' dir='ltr'><strong>essein</strong></span> <span class='ocrx_word' id='word_1_61' title='bbox 1053 925 1207 979; x_wconf 69' lang='lat' dir='ltr'><strong>caelis</strong></span> <span class='ocrx_word' id='word_1_62' title='bbox 1242 941 1360 979; x_wconf 89' lang='lat' dir='ltr'><strong>non</strong></span> <span class='ocrx_word' id='word_1_63' title='bbox 1416 924 1657 991; x_wconf 86' lang='lat' dir='ltr'><strong>dubitat,</strong></span> <span class='ocrx_word' id='word_1_64' title='bbox 1708 938 1813 976; x_wconf 89' lang='lat' dir='ltr'><strong>nec</strong></span> 
     </span>
    </p>
   </div>
   <div class='ocr_carea' id='block_1_10' title="bbox 115 1012 1811 1084">
    <p class='ocr_par' dir='ltr' id='par_1_10' title="bbox 115 1012 1811 1084">
     <span class='ocr_line' id='line_1_10' title="bbox 115 1012 1811 1084; baseline -0.004 -14"><span class='ocrx_word' id='word_1_65' title='bbox 115 1016 278 1071; x_wconf 84' lang='lat' dir='ltr'><strong>Pauli</strong></span> <span class='ocrx_word' id='word_1_66' title='bbox 325 1016 577 1068; x_wconf 88' lang='lat' dir='ltr'><strong>animam</strong></span> <span class='ocrx_word' id='word_1_67' title='bbox 636 1030 757 1067; x_wconf 89' lang='lat' dir='ltr'><strong>esse</strong></span> <span class='ocrx_word' id='word_1_68' title='bbox 806 1014 867 1066; x_wconf 91' lang='lat' dir='ltr'><strong>in</strong></span> <span class='ocrx_word' id='word_1_69' title='bbox 913 1016 1054 1067; x_wconf 67' lang='lat' dir='ltr'><strong>caelo</strong></span> <span class='ocrx_word' id='word_1_70' title='bbox 1113 1019 1307 1084; x_wconf 90' lang='lat' dir='ltr'><strong>negat.</strong></span> <span class='ocrx_word' id='word_1_71' title='bbox 1357 1012 1465 1078; x_wconf 87' lang='lat' dir='ltr'><strong>Qui</strong></span> <span class='ocrx_word' id='word_1_72' title='bbox 1521 1013 1691 1065; x_wconf 89' lang='lat' dir='ltr'><strong>etiam</strong></span> <span class='ocrx_word' id='word_1_73' title='bbox 1744 1012 1811 1065; x_wconf 92' lang='lat' dir='ltr'><strong>de</strong></span> 
     </span>
    </p>
   </div>
   <div class='ocr_carea' id='block_1_11' title="bbox 120 1099 1811 1173">
    <p class='ocr_par' dir='ltr' id='par_1_11' title="bbox 120 1099 1811 1173">
     <span class='ocr_line' id='line_1_11' title="bbox 120 1099 1811 1173; baseline -0.004 -14"><span class='ocrx_word' id='word_1_74' title='bbox 120 1103 499 1159; x_wconf 82' lang='lat' dir='ltr'><strong>dissolutione</strong></span> <span class='ocrx_word' id='word_1_75' title='bbox 550 1102 636 1155; x_wconf 89' lang='lat' dir='ltr'><strong>sui</strong></span> <span class='ocrx_word' id='word_1_76' title='bbox 666 1102 939 1171; x_wconf 89' lang='lat' dir='ltr'><strong>corporis,</strong></span> <span class='ocrx_word' id='word_1_77' title='bbox 992 1108 1162 1173; x_wconf 87' lang='lat' dir='ltr'><strong>atque</strong></span> <span class='ocrx_word' id='word_1_78' title='bbox 1210 1102 1565 1155; x_wconf 86' lang='lat' dir='ltr'><strong>habitatione</strong></span> <span class='ocrx_word' id='word_1_79' title='bbox 1611 1099 1811 1171; x_wconf 68' lang='lat' dir='ltr'><strong>patria:</strong></span> 
     </span>
    </p>
   </div>
   <div class='ocr_carea' id='block_1_12' title="bbox 113 1188 1809 1259">
    <p class='ocr_par' dir='ltr' id='par_1_12' title="bbox 113 1188 1809 1259">
     <span class='ocr_line' id='line_1_12' title="bbox 113 1188 1809 1259; baseline -0.003 -13"><span class='ocrx_word' id='word_1_80' title='bbox 113 1190 355 1246; x_wconf 68' lang='lat' dir='ltr'><strong>caelestis</strong></span> <span class='ocrx_word' id='word_1_81' title='bbox 405 1189 542 1243; x_wconf 91' lang='lat' dir='ltr'><strong>dicit</strong></span> <span class='ocrx_word' id='word_1_82' title='bbox 576 1206 587 1242; x_wconf 88' lang='lat'><strong>:</strong></span> <span class='ocrx_word' id='word_1_83' title='bbox 623 1189 844 1243; x_wconf 87' lang='lat' dir='ltr'><strong>Scimus</strong></span> <span class='ocrx_word' id='word_1_84' title='bbox 892 1190 1028 1259; x_wconf 87' lang='lat' dir='ltr'><strong>quia</strong></span> <span class='ocrx_word' id='word_1_85' title='bbox 1059 1189 1104 1241; x_wconf 88' lang='lat' dir='ltr'><strong>si</strong></span> <span class='ocrx_word' id='word_1_86' title='bbox 1134 1188 1416 1242; x_wconf 88' lang='lat' dir='ltr'><strong>terrestris</strong></span> <span class='ocrx_word' id='word_1_87' title='bbox 1466 1188 1671 1243; x_wconf 91' lang='lat' dir='ltr'><strong>domus</strong></span> <span class='ocrx_word' id='word_1_88' title='bbox 1704 1202 1809 1241; x_wconf 91' lang='lat' dir='ltr'><strong>no-</strong></span> 
     </span>
    </p>
   </div>
   <div class='ocr_carea' id='block_1_13' title="bbox 114 1276 1810 1348">
    <p class='ocr_par' dir='ltr' id='par_1_13' title="bbox 114 1276 1810 1348">
     <span class='ocr_line' id='line_1_13' title="bbox 114 1276 1810 1348; baseline -0.003 -13"><span class='ocrx_word' id='word_1_89' title='bbox 114 1286 226 1335; x_wconf 89' lang='lat' dir='ltr'><strong>stra</strong></span> <span class='ocrx_word' id='word_1_90' title='bbox 284 1280 456 1348; x_wconf 84' lang='lat' dir='ltr'><strong>hujus</strong></span> <span class='ocrx_word' id='word_1_91' title='bbox 506 1277 875 1331; x_wconf 86' lang='lat' dir='ltr'><strong>habitationis</strong></span> <span class='ocrx_word' id='word_1_92' title='bbox 933 1277 1294 1344; x_wconf 86' lang='lat' dir='ltr'><strong>dissolvatur,</strong></span> <span class='ocrx_word' id='word_1_93' title='bbox 1358 1277 1511 1348; x_wconf 93' lang='lat' dir='ltr'><strong>quod</strong></span> <span class='ocrx_word' id='word_1_94' title='bbox 1566 1276 1810 1330; x_wconf 62' lang='lat' dir='ltr'><strong>aedifica-</strong></span> 
     </span>
    </p>
   </div>
   <div class='ocr_carea' id='block_1_14' title="bbox 112 1364 1808 1431">
    <p class='ocr_par' dir='ltr' id='par_1_14' title="bbox 112 1364 1808 1431">
     <span class='ocr_line' id='line_1_14' title="bbox 112 1364 1808 1431; baseline 0.002 -15"><span class='ocrx_word' id='word_1_95' title='bbox 112 1364 335 1418; x_wconf 85' lang='lat' dir='ltr'><strong>tionem</strong></span> <span class='ocrx_word' id='word_1_96' title='bbox 378 1366 655 1420; x_wconf 83' lang='lat' dir='ltr'><strong>habemus</strong></span> <span class='ocrx_word' id='word_1_97' title='bbox 684 1384 751 1421; x_wconf 89' lang='lat' dir='ltr'><strong>ex</strong></span> <span class='ocrx_word' id='word_1_98' title='bbox 784 1369 917 1431; x_wconf 92' lang='lat' dir='ltr'><strong>Deo,</strong></span> <span class='ocrx_word' id='word_1_99' title='bbox 971 1368 1207 1423; x_wconf 89' lang='lat' dir='ltr'><strong>domum</strong></span> <span class='ocrx_word' id='word_1_100' title='bbox 1240 1384 1357 1421; x_wconf 90' lang='lat' dir='ltr'><strong>non</strong></span> <span class='ocrx_word' id='word_1_101' title='bbox 1405 1366 1808 1431; x_wconf 87' lang='lat' dir='ltr'><strong>manufactam,</strong></span> 
     </span>
    </p>
   </div>
   <div class='ocr_carea' id='block_1_15' title="bbox 118 1454 814 1512">
    <p class='ocr_par' dir='ltr' id='par_1_15' title="bbox 118 1454 814 1512">
     <span class='ocr_line' id='line_1_15' title="bbox 118 1454 814 1512; baseline 0.004 -4"><span class='ocrx_word' id='word_1_102' title='bbox 118 1454 220 1508; x_wconf 84' lang='lat' dir='ltr'><strong>sed</strong></span> <span class='ocrx_word' id='word_1_103' title='bbox 248 1462 517 1509; x_wconf 62' lang='lat' dir='ltr'><strong>mternam</strong></span> <span class='ocrx_word' id='word_1_104' title='bbox 552 1456 609 1510; x_wconf 89' lang='lat' dir='ltr'><strong>in</strong></span> <span class='ocrx_word' id='word_1_105' title='bbox 641 1457 814 1512; x_wconf 74' lang='lat' dir='ltr'><strong>caelis.</strong></span> 
     </span>
    </p>
   </div>
   <div class='ocr_carea' id='block_1_16' title="bbox 114 1559 1813 1631">
    <p class='ocr_par' dir='ltr' id='par_1_16' title="bbox 114 1559 1813 1631">
     <span class='ocr_line' id='line_1_16' title="bbox 114 1559 1813 1631; baseline 0 -17"><span class='ocrx_word' id='word_1_106' title='bbox 114 1559 239 1614; x_wconf 80' lang='lat' dir='ltr'><strong>CAP.</strong></span> <span class='ocrx_word' id='word_1_107' title='bbox 282 1561 453 1615; x_wconf 83' lang='lat' dir='ltr'><strong>LXVI.</strong></span> <span class='ocrx_word' id='word_1_108' title='bbox 487 1590 557 1601; x_wconf 96' lang='lat'><em>—</em></span> <span class='ocrx_word' id='word_1_109' title='bbox 589 1561 741 1626; x_wconf 83' lang='lat' dir='ltr'><strong>Quod</strong></span> <span class='ocrx_word' id='word_1_110' title='bbox 754 1563 919 1631; x_wconf 84' lang='lat' dir='ltr'><strong>justi,</strong></span> <span class='ocrx_word' id='word_1_111' title='bbox 954 1565 1011 1617; x_wconf 86' lang='lat' dir='ltr'><strong>in</strong></span> <span class='ocrx_word' id='word_1_112' title='bbox 1042 1563 1127 1615; x_wconf 86' lang='lat' dir='ltr'><strong>die</strong></span> <span class='ocrx_word' id='word_1_113' title='bbox 1149 1563 1373 1630; x_wconf 74' lang='lat' dir='ltr'><strong>judicii,</strong></span> <span class='ocrx_word' id='word_1_114' title='bbox 1406 1565 1713 1616; x_wconf 87' lang='lat' dir='ltr'><strong>animarum</strong></span> <span class='ocrx_word' id='word_1_115' title='bbox 1742 1564 1813 1616; x_wconf 88' lang='lat' dir='ltr'><strong>si-</strong></span> 
     </span>
    </p>
   </div>
   <div class='ocr_carea' id='block_1_17' title="bbox 419 1632 1509 1701">
    <p class='ocr_par' dir='ltr' id='par_1_17' title="bbox 419 1632 1509 1701">
     <span class='ocr_line' id='line_1_17' title="bbox 419 1632 1509 1701; baseline -0.001 -16"><span class='ocrx_word' id='word_1_116' title='bbox 419 1632 536 1687; x_wconf 73' lang='lat' dir='ltr'><strong>mul</strong></span> <span class='ocrx_word' id='word_1_117' title='bbox 566 1639 616 1686; x_wconf 83' lang='lat' dir='ltr'><strong>et</strong></span> <span class='ocrx_word' id='word_1_118' title='bbox 646 1648 928 1701; x_wconf 73' lang='lat' dir='ltr'><strong>corporum</strong></span> <span class='ocrx_word' id='word_1_119' title='bbox 960 1635 1136 1700; x_wconf 82' lang='lat' dir='ltr'><strong>gloria</strong></span> <span class='ocrx_word' id='word_1_120' title='bbox 1166 1634 1509 1689; x_wconf 73' lang='lat' dir='ltr'><strong>laetabuntur.</strong></span> 
     </span>
    </p>
   </div>
   <div class='ocr_carea' id='block_1_18' title="bbox 187 1718 1882 1811">
    <p class='ocr_par' dir='ltr' id='par_1_18' title="bbox 187 1718 1882 1811">
     <span class='ocr_line' id='line_1_18' title="bbox 187 1718 1882 1811; baseline 0 -38"><span class='ocrx_word' id='word_1_121' title='bbox 187 1718 307 1790; x_wconf 78' lang='lat' dir='ltr'><strong>(Ea:</strong></span> <span class='ocrx_word' id='word_1_122' title='bbox 337 1719 534 1773; x_wconf 85' lang='lat' dir='ltr'><strong>eodem.</strong></span> <span class='ocrx_word' id='word_1_123' title='bbox 570 1723 709 1775; x_wconf 85' lang='lat' dir='ltr'><strong>Pet-r.</strong></span> <span class='ocrx_word' id='word_1_124' title='bbox 748 1724 848 1775; x_wconf 84' lang='lat' dir='ltr'><strong>int.</strong></span> <span class='ocrx_word' id='word_1_125' title='bbox 881 1720 1045 1789; x_wconf 85' lang='lat' dir='ltr'><strong>Greg.</strong></span> <span class='ocrx_word' id='word_1_126' title='bbox 1078 1721 1244 1791; x_wconf 76' lang='lat' dir='ltr'><strong>resp.)</strong></span> <span class='ocrx_word' id='word_1_127' title='bbox 1277 1722 1333 1775; x_wconf 93' lang='lat' dir='ltr'><strong>Si</strong></span> <span class='ocrx_word' id='word_1_128' title='bbox 1366 1721 1545 1792; x_wconf 84' lang='lat' dir='ltr'><strong>igitur</strong></span> <span class='ocrx_word' id='word_1_129' title='bbox 1570 1736 1723 1775; x_wconf 91' lang='lat' dir='ltr'><strong>nunc</strong></span> <span class='ocrx_word' id='word_1_130' title='bbox 1750 1720 1809 1773; x_wconf 91' lang='lat' dir='ltr'><strong>in</strong></span> <span class='ocrx_word' id='word_1_131' title='bbox 1840 1755 1882 1811; x_wconf 76' lang='grc' dir='ltr'>Β</span> 
     </span>
    </p>
   </div>
   <div class='ocr_carea' id='block_1_19' title="bbox 114 1808 1810 1881">
    <p class='ocr_par' dir='ltr' id='par_1_19' title="bbox 114 1808 1810 1881">
     <span class='ocr_line' id='line_1_19' title="bbox 114 1808 1810 1881; baseline 0.001 -20"><span class='ocrx_word' id='word_1_132' title='bbox 114 1809 254 1861; x_wconf 74' lang='grc' dir='ltr'><strong>εωιο</strong></span> <span class='ocrx_word' id='word_1_133' title='bbox 305 1813 440 1861; x_wconf 89' lang='lat' dir='ltr'><strong>sunt</strong></span> <span class='ocrx_word' id='word_1_134' title='bbox 487 1808 693 1862; x_wconf 61' lang='lat' dir='ltr'><strong>anima:</strong></span> <span class='ocrx_word' id='word_1_135' title='bbox 738 1809 1053 1879; x_wconf 90' lang='lat' dir='ltr'><strong>justorum,</strong></span> <span class='ocrx_word' id='word_1_136' title='bbox 1105 1811 1242 1881; x_wconf 88' lang='lat' dir='ltr'><strong>quid</strong></span> <span class='ocrx_word' id='word_1_137' title='bbox 1292 1816 1377 1863; x_wconf 91' lang='lat' dir='ltr'><strong>est</strong></span> <span class='ocrx_word' id='word_1_138' title='bbox 1424 1811 1529 1863; x_wconf 93' lang='lat' dir='ltr'><strong>hoc</strong></span> <span class='ocrx_word' id='word_1_139' title='bbox 1566 1809 1716 1880; x_wconf 91' lang='lat' dir='ltr'><strong>quod</strong></span> <span class='ocrx_word' id='word_1_140' title='bbox 1750 1809 1810 1863; x_wconf 89' lang='lat' dir='ltr'><strong>in</strong></span> 
     </span>
    </p>
   </div>
   <div class='ocr_carea' id='block_1_20' title="bbox 112 1895 1811 1967">
    <p class='ocr_par' dir='ltr' id='par_1_20' title="bbox 112 1895 1811 1967">
     <span class='ocr_line' id='line_1_20' title="bbox 112 1895 1811 1967; baseline 0.001 -17"><span class='ocrx_word' id='word_1_141' title='bbox 112 1896 202 1950; x_wconf 91' lang='lat' dir='ltr'><strong>die</strong></span> <span class='ocrx_word' id='word_1_142' title='bbox 228 1895 434 1963; x_wconf 85' lang='lat' dir='ltr'><strong>judicii</strong></span> <span class='ocrx_word' id='word_1_143' title='bbox 468 1913 571 1965; x_wconf 90' lang='lat' dir='ltr'><strong>pro</strong></span> <span class='ocrx_word' id='word_1_144' title='bbox 613 1897 854 1966; x_wconf 72' lang='lat' dir='ltr'><strong>justitise</strong></span> <span class='ocrx_word' id='word_1_145' title='bbox 898 1914 1016 1950; x_wconf 62' lang='lat' dir='ltr'><strong>sum</strong></span> <span class='ocrx_word' id='word_1_146' title='bbox 1062 1898 1435 1951; x_wconf 85' lang='lat' dir='ltr'><strong>retributione</strong></span> <span class='ocrx_word' id='word_1_147' title='bbox 1476 1898 1811 1967; x_wconf 86' lang='lat' dir='ltr'><strong>recipiunt?</strong></span> 
     </span>
    </p>
   </div>
   <div class='ocr_carea' id='block_1_21' title="bbox 111 1983 1810 2055">
    <p class='ocr_par' dir='ltr' id='par_1_21' title="bbox 111 1983 1810 2055">
     <span class='ocr_line' id='line_1_21' title="bbox 111 1983 1810 2055; baseline 0.001 -17"><span class='ocrx_word' id='word_1_148' title='bbox 111 2013 176 2024; x_wconf 91' lang='lat'>—</span> <span class='ocrx_word' id='word_1_149' title='bbox 211 1984 330 2038; x_wconf 81' lang='lat' dir='ltr'><strong>Hoc</strong></span> <span class='ocrx_word' id='word_1_150' title='bbox 364 1983 423 2036; x_wconf 86' lang='lat' dir='ltr'><strong>iu</strong></span> <span class='ocrx_word' id='word_1_151' title='bbox 456 1984 536 2038; x_wconf 90' lang='lat' dir='ltr'><strong>eis</strong></span> <span class='ocrx_word' id='word_1_152' title='bbox 568 1986 841 2039; x_wconf 83' lang='lat' dir='ltr'><strong>nimirum</strong></span> <span class='ocrx_word' id='word_1_153' title='bbox 874 1988 1075 2039; x_wconf 82' lang='lat' dir='ltr'><strong>crescit</strong></span> <span class='ocrx_word' id='word_1_154' title='bbox 1121 1986 1177 2039; x_wconf 93' lang='lat' dir='ltr'><strong>in</strong></span> <span class='ocrx_word' id='word_1_155' title='bbox 1204 1986 1440 2055; x_wconf 87' lang='lat' dir='ltr'><strong>judicio,</strong></span> <span class='ocrx_word' id='word_1_156' title='bbox 1477 1986 1626 2055; x_wconf 92' lang='lat' dir='ltr'><strong>quod</strong></span> <span class='ocrx_word' id='word_1_157' title='bbox 1659 2002 1810 2039; x_wconf 89' lang='lat' dir='ltr'><strong>nunc</strong></span> 
     </span>
    </p>
   </div>
   <div class='ocr_carea' id='block_1_22' title="bbox 111 2072 1807 2145">
    <p class='ocr_par' dir='ltr' id='par_1_22' title="bbox 111 2072 1807 2145">
     <span class='ocr_line' id='line_1_22' title="bbox 111 2072 1807 2145; baseline 0.002 -20"><span class='ocrx_word' id='word_1_158' title='bbox 111 2072 436 2127; x_wconf 87' lang='lat' dir='ltr'><strong>animarum</strong></span> <span class='ocrx_word' id='word_1_159' title='bbox 489 2074 627 2139; x_wconf 90' lang='lat' dir='ltr'><strong>sola,</strong></span> <span class='ocrx_word' id='word_1_160' title='bbox 682 2076 1045 2143; x_wconf 85' lang='lat' dir='ltr'><strong>postmodum</strong></span> <span class='ocrx_word' id='word_1_161' title='bbox 1094 2091 1225 2128; x_wconf 91' lang='lat' dir='ltr'><strong>vero</strong></span> <span class='ocrx_word' id='word_1_162' title='bbox 1273 2090 1577 2145; x_wconf 87' lang='lat' dir='ltr'><strong>corporum</strong></span> <span class='ocrx_word' id='word_1_163' title='bbox 1628 2074 1807 2128; x_wconf 87' lang='lat' dir='ltr'><strong>beati-</strong></span> 
     </span>
    </p>
   </div>
   <div class='ocr_carea' id='block_1_23' title="bbox 108 2161 1808 2233">
    <p class='ocr_par' dir='ltr' id='par_1_23' title="bbox 108 2161 1808 2233">
     <span class='ocr_line' id='line_1_23' title="bbox 108 2161 1808 2233; baseline 0 -18"><span class='ocrx_word' id='word_1_164' title='bbox 108 2161 310 2215; x_wconf 88' lang='lat' dir='ltr'><strong>tudine</strong></span> <span class='ocrx_word' id='word_1_165' title='bbox 360 2161 747 2231; x_wconf 79' lang='lat' dir='ltr'><strong>perfruantur,</strong></span> <span class='ocrx_word' id='word_1_166' title='bbox 796 2168 857 2216; x_wconf 93' lang='lat' dir='ltr'><strong>ut</strong></span> <span class='ocrx_word' id='word_1_167' title='bbox 902 2164 960 2216; x_wconf 92' lang='lat' dir='ltr'><strong>in</strong></span> <span class='ocrx_word' id='word_1_168' title='bbox 1007 2162 1129 2233; x_wconf 90' lang='lat' dir='ltr'><strong>ipsa</strong></span> <span class='ocrx_word' id='word_1_169' title='bbox 1178 2179 1409 2233; x_wconf 90' lang='lat' dir='ltr'><strong>quoque</strong></span> <span class='ocrx_word' id='word_1_170' title='bbox 1455 2178 1623 2216; x_wconf 86' lang='lat' dir='ltr'><strong>carne</strong></span> <span class='ocrx_word' id='word_1_171' title='bbox 1667 2178 1808 2232; x_wconf 81' lang='lat' dir='ltr'><strong>gau-</strong></span> 
     </span>
    </p>
   </div>
   <div class='ocr_carea' id='block_1_24' title="bbox 110 2250 1808 2322">
    <p class='ocr_par' dir='ltr' id='par_1_24' title="bbox 110 2250 1808 2322">
     <span class='ocr_line' id='line_1_24' title="bbox 110 2250 1808 2322; baseline 0.001 -19"><span class='ocrx_word' id='word_1_172' title='bbox 110 2250 300 2316; x_wconf 88' lang='lat' dir='ltr'><strong>deant,</strong></span> <span class='ocrx_word' id='word_1_173' title='bbox 371 2250 430 2303; x_wconf 91' lang='lat' dir='ltr'><strong>in</strong></span> <span class='ocrx_word' id='word_1_174' title='bbox 492 2267 604 2320; x_wconf 89' lang='lat' dir='ltr'><strong>qua</strong></span> <span class='ocrx_word' id='word_1_175' title='bbox 655 2252 881 2305; x_wconf 88' lang='lat' dir='ltr'><strong>dolores</strong></span> <span class='ocrx_word' id='word_1_176' title='bbox 944 2267 1045 2321; x_wconf 91' lang='lat' dir='ltr'><strong>pro</strong></span> <span class='ocrx_word' id='word_1_177' title='bbox 1105 2252 1347 2305; x_wconf 90' lang='lat' dir='ltr'><strong>Domino</strong></span> <span class='ocrx_word' id='word_1_178' title='bbox 1414 2251 1808 2322; x_wconf 86' lang='lat' dir='ltr'><strong>cruciatusque</strong></span> 
     </span>
    </p>
   </div>
   <div class='ocr_carea' id='block_1_25' title="bbox 109 2337 1810 2409">
    <p class='ocr_par' dir='ltr' id='par_1_25' title="bbox 109 2337 1810 2409">
     <span class='ocr_line' id='line_1_25' title="bbox 109 2337 1810 2409; baseline 0.001 -19"><span class='ocrx_word' id='word_1_179' title='bbox 109 2339 490 2407; x_wconf 76' lang='lat' dir='ltr'><strong>pertulerunt.</strong></span> <span class='ocrx_word' id='word_1_180' title='bbox 525 2340 632 2392; x_wconf 87' lang='lat' dir='ltr'><strong>Pro</strong></span> <span class='ocrx_word' id='word_1_181' title='bbox 684 2340 791 2393; x_wconf 87' lang='lat' dir='ltr'><strong>hac</strong></span> <span class='ocrx_word' id='word_1_182' title='bbox 819 2338 1032 2409; x_wconf 89' lang='lat' dir='ltr'><strong>quippe</strong></span> <span class='ocrx_word' id='word_1_183' title='bbox 1072 2339 1363 2409; x_wconf 86' lang='lat' dir='ltr'><strong>geminata</strong></span> <span class='ocrx_word' id='word_1_184' title='bbox 1393 2355 1591 2391; x_wconf 84' lang='lat' dir='ltr'><strong>eorum</strong></span> <span class='ocrx_word' id='word_1_185' title='bbox 1626 2337 1810 2407; x_wconf 86' lang='lat' dir='ltr'><strong>gloria</strong></span> 
     </span>
    </p>
   </div>
   <div class='ocr_carea' id='block_1_26' title="bbox 108 2426 1806 2498">
    <p class='ocr_par' dir='ltr' id='par_1_26' title="bbox 108 2426 1806 2498">
     <span class='ocr_line' id='line_1_26' title="bbox 108 2426 1806 2498; baseline 0.002 -19"><span class='ocrx_word' id='word_1_186' title='bbox 108 2426 387 2496; x_wconf 90' lang='lat' dir='ltr'><strong>scriptum</strong></span> <span class='ocrx_word' id='word_1_187' title='bbox 445 2432 527 2481; x_wconf 88' lang='lat' dir='ltr'><strong>est</strong></span> <span class='ocrx_word' id='word_1_188' title='bbox 571 2443 583 2480; x_wconf 88' lang='lat'><strong>:</strong></span> <span class='ocrx_word' id='word_1_189' title='bbox 628 2428 691 2481; x_wconf 91' lang='lat' dir='ltr'><strong>In</strong></span> <span class='ocrx_word' id='word_1_190' title='bbox 748 2432 899 2481; x_wconf 88' lang='lat' dir='ltr'><strong>terra</strong></span> <span class='ocrx_word' id='word_1_191' title='bbox 951 2445 1053 2481; x_wconf 90' lang='lat' dir='ltr'><strong>sua</strong></span> <span class='ocrx_word' id='word_1_192' title='bbox 1108 2428 1360 2497; x_wconf 89' lang='lat' dir='ltr'><strong>duplicia</strong></span> <span class='ocrx_word' id='word_1_193' title='bbox 1415 2428 1806 2498; x_wconf 88' lang='lat' dir='ltr'><strong>possidebunt.</strong></span> 
     </span>
    </p>
   </div>
   <div class='ocr_carea' id='block_1_27' title="bbox 110 2515 1809 2570">
    <p class='ocr_par' dir='ltr' id='par_1_27' title="bbox 110 2515 1809 2570">
     <span class='ocr_line' id='line_1_27' title="bbox 110 2515 1809 2570; baseline 0.002 -3"><span class='ocrx_word' id='word_1_194' title='bbox 110 2515 251 2567; x_wconf 87' lang='lat' dir='ltr'><strong>Hinc</strong></span> <span class='ocrx_word' id='word_1_195' title='bbox 283 2516 457 2568; x_wconf 89' lang='lat' dir='ltr'><strong>etiam</strong></span> <span class='ocrx_word' id='word_1_196' title='bbox 507 2521 637 2569; x_wconf 87' lang='lat' dir='ltr'><strong>ante</strong></span> <span class='ocrx_word' id='word_1_197' title='bbox 689 2517 1120 2570; x_wconf 89' lang='lat' dir='ltr'><strong>resurrectionis</strong></span> <span class='ocrx_word' id='word_1_198' title='bbox 1152 2516 1305 2570; x_wconf 91' lang='lat' dir='ltr'><strong>diem</strong></span> <span class='ocrx_word' id='word_1_199' title='bbox 1360 2516 1429 2569; x_wconf 91' lang='lat' dir='ltr'><strong>de</strong></span> <span class='ocrx_word' id='word_1_200' title='bbox 1480 2523 1809 2570; x_wconf 89' lang='lat' dir='ltr'><strong>sanctorum</strong></span> 
     </span>
    </p>
   </div>
   <div class='ocr_carea' id='block_1_28' title="bbox 107 2602 1807 2674">
    <p class='ocr_par' dir='ltr' id='par_1_28' title="bbox 107 2602 1807 2674">
     <span class='ocr_line' id='line_1_28' title="bbox 107 2602 1807 2674; baseline 0.002 -19"><span class='ocrx_word' id='word_1_201' title='bbox 107 2602 414 2657; x_wconf 91' lang='lat' dir='ltr'><strong>animabus</strong></span> <span class='ocrx_word' id='word_1_202' title='bbox 445 2604 717 2674; x_wconf 88' lang='lat' dir='ltr'><strong>scriptum</strong></span> <span class='ocrx_word' id='word_1_203' title='bbox 751 2610 873 2658; x_wconf 89' lang='lat' dir='ltr'><strong>est:</strong></span> <span class='ocrx_word' id='word_1_204' title='bbox 903 2606 1056 2659; x_wconf 57' lang='lat' dir='ltr'><strong>Data;</strong></span> <span class='ocrx_word' id='word_1_205' title='bbox 1087 2610 1222 2658; x_wconf 92' lang='lat' dir='ltr'><strong>sunt</strong></span> <span class='ocrx_word' id='word_1_206' title='bbox 1253 2604 1363 2657; x_wconf 90' lang='lat' dir='ltr'><strong>illis</strong></span> <span class='ocrx_word' id='word_1_207' title='bbox 1390 2604 1629 2674; x_wconf 71' lang='lat' dir='ltr'><strong>singulae</strong></span> <span class='ocrx_word' id='word_1_208' title='bbox 1652 2606 1807 2659; x_wconf 70' lang='lat' dir='ltr'><strong>stola:</strong></span> 
     </span>
    </p>
   </div>
   <div class='ocr_carea' id='block_1_29' title="bbox 111 2691 1809 2764">
    <p class='ocr_par' dir='ltr' id='par_1_29' title="bbox 111 2691 1809 2764">
     <span class='ocr_line' id='line_1_29' title="bbox 111 2691 1809 2764; baseline 0.001 -19"><span class='ocrx_word' id='word_1_209' title='bbox 111 2691 282 2755; x_wconf 68' lang='lat' dir='ltr'><strong>albae,</strong></span> <span class='ocrx_word' id='word_1_210' title='bbox 316 2697 373 2745; x_wconf 89' lang='lat' dir='ltr'><strong>et</strong></span> <span class='ocrx_word' id='word_1_211' title='bbox 420 2692 634 2746; x_wconf 90' lang='lat' dir='ltr'><strong>dictum</strong></span> <span class='ocrx_word' id='word_1_212' title='bbox 686 2698 772 2747; x_wconf 89' lang='lat' dir='ltr'><strong>est</strong></span> <span class='ocrx_word' id='word_1_213' title='bbox 817 2693 930 2745; x_wconf 88' lang='lat' dir='ltr'><strong>illis</strong></span> <span class='ocrx_word' id='word_1_214' title='bbox 984 2698 1045 2746; x_wconf 89' lang='lat' dir='ltr'><strong>ut</strong></span> <span class='ocrx_word' id='word_1_215' title='bbox 1096 2693 1523 2764; x_wconf 78' lang='lat' dir='ltr'><strong>requiescerent</strong></span> <span class='ocrx_word' id='word_1_216' title='bbox 1580 2700 1809 2763; x_wconf 86' lang='lat' dir='ltr'><strong>tempus</strong></span> 
     </span>
    </p>
   </div>
   <div class='ocr_carea' id='block_1_30' title="bbox 108 2779 1808 2850">
    <p class='ocr_par' dir='ltr' id='par_1_30' title="bbox 108 2779 1808 2850">
     <span class='ocr_line' id='line_1_30' title="bbox 108 2779 1808 2850; baseline 0.002 -18"><span class='ocrx_word' id='word_1_217' title='bbox 108 2779 299 2833; x_wconf 88' lang='lat' dir='ltr'><strong>adhuc</strong></span> <span class='ocrx_word' id='word_1_218' title='bbox 348 2780 660 2848; x_wconf 88' lang='lat' dir='ltr'><strong>modicum,</strong></span> <span class='ocrx_word' id='word_1_219' title='bbox 707 2781 885 2835; x_wconf 91' lang='lat' dir='ltr'><strong>donec</strong></span> <span class='ocrx_word' id='word_1_220' title='bbox 916 2781 1228 2850; x_wconf 87' lang='lat' dir='ltr'><strong>impleatur</strong></span> <span class='ocrx_word' id='word_1_221' title='bbox 1270 2797 1543 2835; x_wconf 89' lang='lat' dir='ltr'><strong>numerus</strong></span> <span class='ocrx_word' id='word_1_222' title='bbox 1582 2798 1808 2836; x_wconf 91' lang='lat' dir='ltr'><strong>conser-</strong></span> 
     </span>
    </p>
   </div>
   <div class='ocr_carea' id='block_1_31' title="bbox 107 2867 1810 2940">
    <p class='ocr_par' dir='ltr' id='par_1_31' title="bbox 107 2867 1810 2940">
     <span class='ocr_line' id='line_1_31' title="bbox 107 2867 1810 2940; baseline 0.003 -21"><span class='ocrx_word' id='word_1_223' title='bbox 107 2883 333 2932; x_wconf 87' lang='lat' dir='ltr'><strong>vorum,</strong></span> <span class='ocrx_word' id='word_1_224' title='bbox 366 2873 423 2922; x_wconf 88' lang='lat' dir='ltr'><strong>et</strong></span> <span class='ocrx_word' id='word_1_225' title='bbox 456 2867 701 2922; x_wconf 89' lang='lat' dir='ltr'><strong>fratrum</strong></span> <span class='ocrx_word' id='word_1_226' title='bbox 734 2885 954 2922; x_wconf 91' lang='lat' dir='ltr'><strong>eorum.</strong></span> <span class='ocrx_word' id='word_1_227' title='bbox 1000 2869 1107 2934; x_wconf 90' lang='lat' dir='ltr'><strong>Qui</strong></span> <span class='ocrx_word' id='word_1_228' title='bbox 1137 2869 1332 2940; x_wconf 88' lang='lat' dir='ltr'><strong>itaque</strong></span> <span class='ocrx_word' id='word_1_229' title='bbox 1375 2886 1526 2923; x_wconf 90' lang='lat' dir='ltr'><strong>nunc</strong></span> <span class='ocrx_word' id='word_1_230' title='bbox 1558 2871 1810 2940; x_wconf 88' lang='lat' dir='ltr'><strong>singulas</strong></span> 
     </span>
    </p>
   </div>
   <div class='ocr_carea' id='block_1_32' title="bbox 110 2957 1803 3025">
    <p class='ocr_par' dir='ltr' id='par_1_32' title="bbox 110 2957 1803 3025">
     <span class='ocr_line' id='line_1_32' title="bbox 110 2957 1803 3025; baseline 0.004 -17"><span class='ocrx_word' id='word_1_231' title='bbox 110 2960 479 3025; x_wconf 87' lang='lat' dir='ltr'><strong>acceperunt,</strong></span> <span class='ocrx_word' id='word_1_232' title='bbox 532 2957 591 3010; x_wconf 93' lang='lat' dir='ltr'><strong>in</strong></span> <span class='ocrx_word' id='word_1_233' title='bbox 625 2958 840 3025; x_wconf 89' lang='lat' dir='ltr'><strong>judicio</strong></span> <span class='ocrx_word' id='word_1_234' title='bbox 897 2958 1057 3012; x_wconf 89' lang='lat' dir='ltr'><strong>binas</strong></span> <span class='ocrx_word' id='word_1_235' title='bbox 1103 2960 1274 3011; x_wconf 87' lang='lat' dir='ltr'><strong>stolas</strong></span> <span class='ocrx_word' id='word_1_236' title='bbox 1321 2959 1570 3012; x_wconf 89' lang='lat' dir='ltr'><strong>habituri</strong></span> <span class='ocrx_word' id='word_1_237' title='bbox 1626 2964 1803 3014; x_wconf 89' lang='lat' dir='ltr'><strong>sunt:</strong></span> 
     </span>
    </p>
   </div>
   <div class='ocr_carea' id='block_1_33' title="bbox 112 3034 1882 3117">
    <p class='ocr_par' dir='ltr' id='par_1_33' title="bbox 112 3034 1882 3117">
     <span class='ocr_line' id='line_1_33' title="bbox 112 3034 1882 3117; baseline 0.004 -21"><span class='ocrx_word' id='word_1_238' title='bbox 112 3043 252 3113; x_wconf 88' lang='lat' dir='ltr'><strong>quia</strong></span> <span class='ocrx_word' id='word_1_239' title='bbox 296 3045 466 3098; x_wconf 89' lang='lat' dir='ltr'><strong>modo</strong></span> <span class='ocrx_word' id='word_1_240' title='bbox 500 3046 825 3100; x_wconf 88' lang='lat' dir='ltr'><strong>animarum</strong></span> <span class='ocrx_word' id='word_1_241' title='bbox 867 3062 953 3101; x_wconf 89' lang='lat' dir='ltr'><strong>res</strong></span> <span class='ocrx_word' id='word_1_242' title='bbox 985 3048 1383 3101; x_wconf 85' lang='lat' dir='ltr'><strong>tantummodo</strong></span> <span class='ocrx_word' id='word_1_243' title='bbox 1435 3048 1642 3117; x_wconf 85' lang='lat' dir='ltr'><strong>agitur,</strong></span> <span class='ocrx_word' id='word_1_244' title='bbox 1676 3054 1812 3103; x_wconf 91' lang='lat' dir='ltr'><strong>tunc</strong></span> <span class='ocrx_word' id='word_1_245' title='bbox 1843 3034 1882 3090; x_wconf 68' lang='grc' dir='ltr'>Ο</span> 
     </span>
    </p>
   </div>
   <div class='ocr_carea' id='block_1_34' title="bbox 108 3133 1807 3205">
    <p class='ocr_par' dir='ltr' id='par_1_34' title="bbox 108 3133 1807 3205">
     <span class='ocr_line' id='line_1_34' title="bbox 108 3133 1807 3205; baseline 0.004 -21"><span class='ocrx_word' id='word_1_246' title='bbox 108 3136 304 3185; x_wconf 88' lang='lat' dir='ltr'><strong>autem</strong></span> <span class='ocrx_word' id='word_1_247' title='bbox 350 3133 674 3187; x_wconf 88' lang='lat' dir='ltr'><strong>animarum</strong></span> <span class='ocrx_word' id='word_1_248' title='bbox 729 3133 902 3189; x_wconf 90' lang='lat' dir='ltr'><strong>simul</strong></span> <span class='ocrx_word' id='word_1_249' title='bbox 951 3140 1007 3189; x_wconf 90' lang='lat' dir='ltr'><strong>et</strong></span> <span class='ocrx_word' id='word_1_250' title='bbox 1062 3151 1366 3204; x_wconf 90' lang='lat' dir='ltr'><strong>corporum</strong></span> <span class='ocrx_word' id='word_1_251' title='bbox 1417 3136 1599 3205; x_wconf 85' lang='lat' dir='ltr'><strong>gloria</strong></span> <span class='ocrx_word' id='word_1_252' title='bbox 1646 3138 1807 3190; x_wconf 65' lang='lat' dir='ltr'><strong>laeta-</strong></span> 
     </span>
    </p>
   </div>
   <div class='ocr_carea' id='block_1_35' title="bbox 108 3220 347 3274">
    <p class='ocr_par' dir='ltr' id='par_1_35' title="bbox 108 3220 347 3274">
     <span class='ocr_line' id='line_1_35' title="bbox 108 3220 347 3274; baseline -0.004 0"><span class='ocrx_word' id='word_1_253' title='bbox 108 3220 347 3274; x_wconf 90' lang='lat' dir='ltr'><strong>buntur.</strong></span> 
     </span>
    </p>
   </div>
   <div class='ocr_carea' id='block_1_36' title="bbox 108 3326 1812 3397">
    <p class='ocr_par' dir='ltr' id='par_1_36' title="bbox 108 3326 1812 3397">
     <span class='ocr_line' id='line_1_36' title="bbox 108 3326 1812 3397; baseline 0.002 -17"><span class='ocrx_word' id='word_1_254' title='bbox 108 3327 241 3381; x_wconf 82' lang='lat' dir='ltr'><strong>CAP.</strong></span> <span class='ocrx_word' id='word_1_255' title='bbox 275 3327 477 3381; x_wconf 85' lang='lat' dir='ltr'><strong>LXVII.</strong></span> <span class='ocrx_word' id='word_1_256' title='bbox 529 3356 600 3368; x_wconf 97' lang='lat'><em>—</em></span> <span class='ocrx_word' id='word_1_257' title='bbox 630 3326 708 3380; x_wconf 86' lang='lat' dir='ltr'><strong>De</strong></span> <span class='ocrx_word' id='word_1_258' title='bbox 754 3327 868 3393; x_wconf 83' lang='lat' dir='ltr'><strong>hoc,</strong></span> <span class='ocrx_word' id='word_1_259' title='bbox 919 3330 970 3382; x_wconf 97' lang='lat' dir='ltr'><strong>si</strong></span> <span class='ocrx_word' id='word_1_260' title='bbox 997 3330 1121 3383; x_wconf 85' lang='lat' dir='ltr'><strong>boni</strong></span> <span class='ocrx_word' id='word_1_261' title='bbox 1152 3330 1309 3384; x_wconf 86' lang='lat' dir='ltr'><strong>bonos</strong></span> <span class='ocrx_word' id='word_1_262' title='bbox 1349 3332 1406 3382; x_wconf 84' lang='lat' dir='ltr'><strong>in</strong></span> <span class='ocrx_word' id='word_1_263' title='bbox 1437 3344 1618 3397; x_wconf 87' lang='lat' dir='ltr'><strong>regno,</strong></span> <span class='ocrx_word' id='word_1_264' title='bbox 1652 3330 1735 3384; x_wconf 83' lang='lat' dir='ltr'><strong>vel</strong></span> <span class='ocrx_word' id='word_1_265' title='bbox 1762 3331 1812 3384; x_wconf 92' lang='lat' dir='ltr'><strong>si</strong></span> 
     </span>
    </p>
   </div>
   <div class='ocr_carea' id='block_1_37' title="bbox 434 3399 1488 3469">
    <p class='ocr_par' dir='ltr' id='par_1_37' title="bbox 434 3399 1488 3469">
     <span class='ocr_line' id='line_1_37' title="bbox 434 3399 1488 3469; baseline 0.002 -18"><span class='ocrx_word' id='word_1_266' title='bbox 434 3399 567 3451; x_wconf 80' lang='lat' dir='ltr'><strong>mali</strong></span> <span class='ocrx_word' id='word_1_267' title='bbox 596 3399 765 3453; x_wconf 84' lang='lat' dir='ltr'><strong>malos</strong></span> <span class='ocrx_word' id='word_1_268' title='bbox 788 3401 846 3452; x_wconf 85' lang='lat' dir='ltr'><strong>in</strong></span> <span class='ocrx_word' id='word_1_269' title='bbox 874 3402 1143 3468; x_wconf 83' lang='lat' dir='ltr'><strong>supplicio</strong></span> <span class='ocrx_word' id='word_1_270' title='bbox 1173 3406 1488 3469; x_wconf 83' lang='lat' dir='ltr'><strong>agnoscant.</strong></span> 
     </span>
    </p>
   </div>
   <div class='ocr_carea' id='block_1_38' title="bbox 184 3485 1810 3557">
    <p class='ocr_par' dir='ltr' id='par_1_38' title="bbox 184 3485 1810 3557">
     <span class='ocr_line' id='line_1_38' title="bbox 184 3485 1810 3557; baseline 0.001 -17"><span class='ocrx_word' id='word_1_271' title='bbox 184 3486 293 3553; x_wconf 77' lang='lat' dir='ltr'><strong>(Em</strong></span> <span class='ocrx_word' id='word_1_272' title='bbox 324 3485 519 3539; x_wconf 88' lang='lat' dir='ltr'><strong>eodem.</strong></span> <span class='ocrx_word' id='word_1_273' title='bbox 556 3488 698 3540; x_wconf 86' lang='lat' dir='ltr'><strong>Petr.</strong></span> <span class='ocrx_word' id='word_1_274' title='bbox 736 3490 835 3541; x_wconf 88' lang='lat' dir='ltr'><strong>int.</strong></span> <span class='ocrx_word' id='word_1_275' title='bbox 874 3489 1035 3554; x_wconf 83' lang='lat' dir='ltr'><strong>Greg.</strong></span> <span class='ocrx_word' id='word_1_276' title='bbox 1087 3489 1255 3557; x_wconf 79' lang='lat' dir='ltr'><strong>resp.)</strong></span> <span class='ocrx_word' id='word_1_277' title='bbox 1292 3490 1461 3541; x_wconf 75' lang='lat' dir='ltr'><strong>Nosse</strong></span> <span class='ocrx_word' id='word_1_278' title='bbox 1502 3488 1722 3550; x_wconf 84' lang='lat' dir='ltr'><strong>vellem.</strong></span> <span class='ocrx_word' id='word_1_279' title='bbox 1763 3489 1810 3542; x_wconf 89' lang='lat' dir='ltr'><strong>si</strong></span> 
     </span>
    </p>
   </div>
   <div class='ocr_carea' id='block_1_39' title="bbox 110 3574 1810 3646">
    <p class='ocr_par' dir='ltr' id='par_1_39' title="bbox 110 3574 1810 3646">
     <span class='ocr_line' id='line_1_39' title="bbox 110 3574 1810 3646; baseline 0.001 -18"><span class='ocrx_word' id='word_1_280' title='bbox 110 3574 252 3628; x_wconf 91' lang='lat' dir='ltr'><strong>boni</strong></span> <span class='ocrx_word' id='word_1_281' title='bbox 296 3574 476 3626; x_wconf 91' lang='lat' dir='ltr'><strong>bonos</strong></span> <span class='ocrx_word' id='word_1_282' title='bbox 526 3574 582 3627; x_wconf 91' lang='lat' dir='ltr'><strong>in</strong></span> <span class='ocrx_word' id='word_1_283' title='bbox 624 3590 820 3645; x_wconf 88' lang='lat' dir='ltr'><strong>regno,</strong></span> <span class='ocrx_word' id='word_1_284' title='bbox 864 3577 953 3629; x_wconf 91' lang='lat' dir='ltr'><strong>vel</strong></span> <span class='ocrx_word' id='word_1_285' title='bbox 1002 3576 1138 3628; x_wconf 83' lang='lat' dir='ltr'><strong>mali</strong></span> <span class='ocrx_word' id='word_1_286' title='bbox 1182 3577 1361 3629; x_wconf 90' lang='lat' dir='ltr'><strong>malos</strong></span> <span class='ocrx_word' id='word_1_287' title='bbox 1410 3576 1469 3629; x_wconf 90' lang='lat' dir='ltr'><strong>in</strong></span> <span class='ocrx_word' id='word_1_288' title='bbox 1519 3577 1810 3646; x_wconf 88' lang='lat' dir='ltr'><strong>suppliciis</strong></span> 
     </span>
    </p>
   </div>
   <div class='ocr_carea' id='block_1_40' title="bbox 109 3662 1812 3732">
    <p class='ocr_par' dir='ltr' id='par_1_40' title="bbox 109 3662 1812 3732">
     <span class='ocr_line' id='line_1_40' title="bbox 109 3662 1812 3732; baseline 0.001 -16"><span class='ocrx_word' id='word_1_289' title='bbox 109 3667 443 3732; x_wconf 82' lang='lat' dir='ltr'><strong>agnoscant.</strong></span> <span class='ocrx_word' id='word_1_290' title='bbox 468 3690 539 3702; x_wconf 94' lang='lat'><em>—</em></span> <span class='ocrx_word' id='word_1_291' title='bbox 571 3662 754 3731; x_wconf 86' lang='lat' dir='ltr'><strong>Hujus</strong></span> <span class='ocrx_word' id='word_1_292' title='bbox 786 3663 867 3716; x_wconf 87' lang='lat' dir='ltr'><strong>rei</strong></span> <span class='ocrx_word' id='word_1_293' title='bbox 899 3664 1182 3717; x_wconf 88' lang='lat' dir='ltr'><strong>sententia</strong></span> <span class='ocrx_word' id='word_1_294' title='bbox 1214 3664 1270 3716; x_wconf 90' lang='lat' dir='ltr'><strong>in</strong></span> <span class='ocrx_word' id='word_1_295' title='bbox 1302 3664 1487 3717; x_wconf 90' lang='lat' dir='ltr'><strong>verbis</strong></span> <span class='ocrx_word' id='word_1_296' title='bbox 1513 3670 1598 3717; x_wconf 91' lang='lat' dir='ltr'><strong>est</strong></span> <span class='ocrx_word' id='word_1_297' title='bbox 1632 3665 1812 3718; x_wconf 80' lang='lat' dir='ltr'><strong>domi-</strong></span> 
     </span>
    </p>
   </div>
   <div class='ocr_carea' id='block_1_41' title="bbox 110 3750 1811 3820">
    <p class='ocr_par' dir='ltr' id='par_1_41' title="bbox 110 3750 1811 3820">
     <span class='ocr_line' id='line_1_41' title="bbox 110 3750 1811 3820; baseline 0.001 -17"><span class='ocrx_word' id='word_1_298' title='bbox 110 3750 282 3815; x_wconf 88' lang='lat' dir='ltr'><strong>nicis,</strong></span> <span class='ocrx_word' id='word_1_299' title='bbox 334 3766 505 3820; x_wconf 90' lang='lat' dir='ltr'><strong>quam</strong></span> <span class='ocrx_word' id='word_1_300' title='bbox 549 3750 668 3819; x_wconf 90' lang='lat' dir='ltr'><strong>jam</strong></span> <span class='ocrx_word' id='word_1_301' title='bbox 705 3751 967 3819; x_wconf 89' lang='lat' dir='ltr'><strong>superius</strong></span> <span class='ocrx_word' id='word_1_302' title='bbox 1016 3752 1382 3820; x_wconf 85' lang='lat' dir='ltr'><strong>protulimus,</strong></span> <span class='ocrx_word' id='word_1_303' title='bbox 1431 3753 1551 3805; x_wconf 91' lang='lat' dir='ltr'><strong>luce</strong></span> <span class='ocrx_word' id='word_1_304' title='bbox 1603 3753 1811 3806; x_wconf 89' lang='lat' dir='ltr'><strong>clarius</strong></span> 
     </span>
    </p>
   </div>
   <div class='ocr_carea' id='block_1_42' title="bbox 111 3839 1809 3909">
    <p class='ocr_par' dir='ltr' id='par_1_42' title="bbox 111 3839 1809 3909">
     <span class='ocr_line' id='line_1_42' title="bbox 111 3839 1809 3909; baseline 0 -15"><span class='ocrx_word' id='word_1_305' title='bbox 111 3840 522 3894; x_wconf 89' lang='lat' dir='ltr'><strong>demonstrata.</strong></span> <span class='ocrx_word' id='word_1_306' title='bbox 579 3839 640 3891; x_wconf 84' lang='lat' dir='ltr'><strong>In</strong></span> <span class='ocrx_word' id='word_1_307' title='bbox 693 3839 904 3909; x_wconf 91' lang='lat' dir='ltr'><strong>quibus</strong></span> <span class='ocrx_word' id='word_1_308' title='bbox 950 3856 1080 3892; x_wconf 90' lang='lat' dir='ltr'><strong>cum</strong></span> <span class='ocrx_word' id='word_1_309' title='bbox 1129 3841 1345 3894; x_wconf 88' lang='lat' dir='ltr'><strong>dictum</strong></span> <span class='ocrx_word' id='word_1_310' title='bbox 1397 3848 1590 3895; x_wconf 90' lang='lat' dir='ltr'><strong>esset:</strong></span> <span class='ocrx_word' id='word_1_311' title='bbox 1630 3842 1809 3894; x_wconf 86' lang='lat' dir='ltr'><strong>Homo</strong></span> 
     </span>
    </p>
   </div>
   <div class='ocr_carea' id='block_1_43' title="bbox 113 3926 1807 3999">
    <p class='ocr_par' dir='ltr' id='par_1_43' title="bbox 113 3926 1807 3999">
     <span class='ocr_line' id='line_1_43' title="bbox 113 3926 1807 3999; baseline 0.002 -19"><span class='ocrx_word' id='word_1_312' title='bbox 113 3928 351 3998; x_wconf 87' lang='lat' dir='ltr'><strong>quidam</strong></span> <span class='ocrx_word' id='word_1_313' title='bbox 385 3932 505 3980; x_wconf 90' lang='lat' dir='ltr'><strong>erat</strong></span> <span class='ocrx_word' id='word_1_314' title='bbox 555 3926 729 3992; x_wconf 89' lang='lat' dir='ltr'><strong>dives,</strong></span> <span class='ocrx_word' id='word_1_315' title='bbox 776 3932 831 3979; x_wconf 91' lang='lat' dir='ltr'><strong>et</strong></span> <span class='ocrx_word' id='word_1_316' title='bbox 860 3927 1209 3982; x_wconf 88' lang='lat' dir='ltr'><strong>induebatur</strong></span> <span class='ocrx_word' id='word_1_317' title='bbox 1247 3945 1501 3999; x_wconf 88' lang='lat' dir='ltr'><strong>purpura</strong></span> <span class='ocrx_word' id='word_1_318' title='bbox 1535 3934 1590 3982; x_wconf 92' lang='lat' dir='ltr'><strong>et</strong></span> <span class='ocrx_word' id='word_1_319' title='bbox 1618 3930 1807 3999; x_wconf 86' lang='lat' dir='ltr'><strong>bysso,</strong></span> 
     </span>
    </p>
   </div>
   <div class='ocr_carea' id='block_1_44' title="bbox 113 4015 1810 4088">
    <p class='ocr_par' dir='ltr' id='par_1_44' title="bbox 113 4015 1810 4088">
     <span class='ocr_line' id='line_1_44' title="bbox 113 4015 1810 4088; baseline 0.002 -19"><span class='ocrx_word' id='word_1_320' title='bbox 113 4021 173 4069; x_wconf 91' lang='lat' dir='ltr'><strong>et</strong></span> <span class='ocrx_word' id='word_1_321' title='bbox 216 4015 556 4086; x_wconf 83' lang='lat' dir='ltr'><strong>epulabatur</strong></span> <span class='ocrx_word' id='word_1_322' title='bbox 613 4015 870 4085; x_wconf 88' lang='lat' dir='ltr'><strong>quotidie</strong></span> <span class='ocrx_word' id='word_1_323' title='bbox 928 4017 1267 4087; x_wconf 89' lang='lat' dir='ltr'><strong>splendide:</strong></span> <span class='ocrx_word' id='word_1_324' title='bbox 1305 4023 1361 4070; x_wconf 86' lang='lat' dir='ltr'><strong>et</strong></span> <span class='ocrx_word' id='word_1_325' title='bbox 1409 4023 1529 4071; x_wconf 89' lang='lat' dir='ltr'><strong>erat</strong></span> <span class='ocrx_word' id='word_1_326' title='bbox 1577 4018 1810 4088; x_wconf 89' lang='lat' dir='ltr'><strong>quidam</strong></span> 
     </span>
    </p>
   </div>
   <div class='ocr_carea' id='block_1_45' title="bbox 114 4103 1810 4175">
    <p class='ocr_par' dir='ltr' id='par_1_45' title="bbox 114 4103 1810 4175">
     <span class='ocr_line' id='line_1_45' title="bbox 114 4103 1810 4175; baseline 0.001 -18"><span class='ocrx_word' id='word_1_327' title='bbox 114 4104 413 4157; x_wconf 86' lang='lat' dir='ltr'><strong>mendicus</strong></span> <span class='ocrx_word' id='word_1_328' title='bbox 449 4103 680 4156; x_wconf 89' lang='lat' dir='ltr'><strong>nomine</strong></span> <span class='ocrx_word' id='word_1_329' title='bbox 743 4104 1006 4169; x_wconf 89' lang='lat' dir='ltr'><strong>Lazarus,</strong></span> <span class='ocrx_word' id='word_1_330' title='bbox 1056 4105 1155 4175; x_wconf 90' lang='lat' dir='ltr'><strong>qui</strong></span> <span class='ocrx_word' id='word_1_331' title='bbox 1198 4105 1426 4174; x_wconf 90' lang='lat' dir='ltr'><strong>jacebat</strong></span> <span class='ocrx_word' id='word_1_332' title='bbox 1478 4106 1544 4158; x_wconf 90' lang='lat' dir='ltr'><strong>ad</strong></span> <span class='ocrx_word' id='word_1_333' title='bbox 1572 4106 1810 4174; x_wconf 87' lang='lat' dir='ltr'><strong>januam</strong></span> 
     </span>
    </p>
   </div>
   <div class='ocr_carea' id='block_1_46' title="bbox 113 4191 1811 4264">
    <p class='ocr_par' dir='ltr' id='par_1_46' title="bbox 113 4191 1811 4264">
     <span class='ocr_line' id='line_1_46' title="bbox 113 4191 1811 4264; baseline 0.001 -19"><span class='ocrx_word' id='word_1_334' title='bbox 113 4194 238 4262; x_wconf 83' lang='lat' dir='ltr'><strong>ejus</strong></span> <span class='ocrx_word' id='word_1_335' title='bbox 270 4191 555 4244; x_wconf 88' lang='lat' dir='ltr'><strong>ulceribus</strong></span> <span class='ocrx_word' id='word_1_336' title='bbox 586 4192 811 4260; x_wconf 90' lang='lat' dir='ltr'><strong>plenus,</strong></span> <span class='ocrx_word' id='word_1_337' title='bbox 855 4194 1090 4262; x_wconf 88' lang='lat' dir='ltr'><strong>cupiens</strong></span> <span class='ocrx_word' id='word_1_338' title='bbox 1121 4194 1361 4246; x_wconf 90' lang='lat' dir='ltr'><strong>saturari</strong></span> <span class='ocrx_word' id='word_1_339' title='bbox 1393 4195 1461 4246; x_wconf 84' lang='lat' dir='ltr'><strong>de</strong></span> <span class='ocrx_word' id='word_1_340' title='bbox 1493 4194 1650 4245; x_wconf 90' lang='lat' dir='ltr'><strong>micis</strong></span> <span class='ocrx_word' id='word_1_341' title='bbox 1682 4209 1811 4264; x_wconf 69' lang='lat' dir='ltr'><strong>quae</strong></span> 
     </span>
    </p>
   </div>
   <div class='ocr_carea' id='block_1_47' title="bbox 114 4280 1883 4367">
    <p class='ocr_par' dir='ltr' id='par_1_47' title="bbox 114 4280 1883 4367">
     <span class='ocr_line' id='line_1_47' title="bbox 114 4280 1883 4367; baseline 0.002 -33"><span class='ocrx_word' id='word_1_342' title='bbox 114 4280 392 4334; x_wconf 86' lang='lat' dir='ltr'><strong>cadebant</strong></span> <span class='ocrx_word' id='word_1_343' title='bbox 423 4281 489 4333; x_wconf 91' lang='lat' dir='ltr'><strong>de</strong></span> <span class='ocrx_word' id='word_1_344' title='bbox 540 4297 734 4333; x_wconf 86' lang='lat' dir='ltr'><strong>mensa</strong></span> <span class='ocrx_word' id='word_1_345' title='bbox 782 4281 993 4345; x_wconf 86' lang='lat' dir='ltr'><strong>divitis,</strong></span> <span class='ocrx_word' id='word_1_346' title='bbox 1028 4287 1085 4334; x_wconf 88' lang='lat' dir='ltr'><strong>et</strong></span> <span class='ocrx_word' id='word_1_347' title='bbox 1135 4294 1304 4335; x_wconf 84' lang='lat' dir='ltr'><strong>nemo</strong></span> <span class='ocrx_word' id='word_1_348' title='bbox 1337 4281 1420 4335; x_wconf 91' lang='lat' dir='ltr'><strong>illi</strong></span> <span class='ocrx_word' id='word_1_349' title='bbox 1463 4282 1657 4348; x_wconf 86' lang='lat' dir='ltr'><strong>dabat;</strong></span> <span class='ocrx_word' id='word_1_350' title='bbox 1710 4284 1807 4337; x_wconf 90' lang='lat' dir='ltr'><strong>sed</strong></span> <span class='ocrx_word' id='word_1_351' title='bbox 1841 4313 1883 4367; x_wconf 72' lang='grc' dir='ltr'>υ</span> 
     </span>
    </p>
   </div>
   <div class='ocr_carea' id='block_1_48' title="bbox 114 4369 1806 4440">
    <p class='ocr_par' dir='ltr' id='par_1_48' title="bbox 114 4369 1806 4440">
     <span class='ocr_line' id='line_1_48' title="bbox 114 4369 1806 4440; baseline 0.001 -17"><span class='ocrx_word' id='word_1_352' title='bbox 114 4376 173 4423; x_wconf 90' lang='lat' dir='ltr'><strong>et</strong></span> <span class='ocrx_word' id='word_1_353' title='bbox 220 4384 387 4422; x_wconf 91' lang='lat' dir='ltr'><strong>canes</strong></span> <span class='ocrx_word' id='word_1_354' title='bbox 420 4369 745 4437; x_wconf 87' lang='lat' dir='ltr'><strong>veniebant,</strong></span> <span class='ocrx_word' id='word_1_355' title='bbox 796 4375 850 4423; x_wconf 90' lang='lat' dir='ltr'><strong>et</strong></span> <span class='ocrx_word' id='word_1_356' title='bbox 880 4370 1175 4440; x_wconf 89' lang='lat' dir='ltr'><strong>lingebant</strong></span> <span class='ocrx_word' id='word_1_357' title='bbox 1222 4372 1413 4424; x_wconf 87' lang='lat' dir='ltr'><strong>ulcera</strong></span> <span class='ocrx_word' id='word_1_358' title='bbox 1456 4371 1616 4439; x_wconf 85' lang='lat' dir='ltr'><strong>ejus;</strong></span> <span class='ocrx_word' id='word_1_359' title='bbox 1669 4372 1806 4424; x_wconf 91' lang='lat' dir='ltr'><strong>sub-</strong></span> 
     </span>
    </p>
   </div>
   <div class='ocr_carea' id='block_1_49' title="bbox 108 4458 1812 4529">
    <p class='ocr_par' dir='ltr' id='par_1_49' title="bbox 108 4458 1812 4529">
     <span class='ocr_line' id='line_1_49' title="bbox 108 4458 1812 4529; baseline 0.002 -20"><span class='ocrx_word' id='word_1_360' title='bbox 108 4460 377 4529; x_wconf 89' lang='lat' dir='ltr'><strong>junctum</strong></span> <span class='ocrx_word' id='word_1_361' title='bbox 428 4463 527 4521; x_wconf 87' lang='lat' dir='ltr'><strong>est,</strong></span> <span class='ocrx_word' id='word_1_362' title='bbox 583 4458 736 4527; x_wconf 91' lang='lat' dir='ltr'><strong>quod</strong></span> <span class='ocrx_word' id='word_1_363' title='bbox 785 4459 1021 4511; x_wconf 82' lang='lat' dir='ltr'><strong>Lazarus</strong></span> <span class='ocrx_word' id='word_1_364' title='bbox 1073 4464 1330 4511; x_wconf 91' lang='lat' dir='ltr'><strong>mortuus</strong></span> <span class='ocrx_word' id='word_1_365' title='bbox 1389 4464 1713 4527; x_wconf 89' lang='lat' dir='ltr'><strong>portaretur</strong></span> <span class='ocrx_word' id='word_1_366' title='bbox 1745 4460 1812 4514; x_wconf 91' lang='lat' dir='ltr'><strong>ab</strong></span> 
     </span>
    </p>
   </div>
   <div class='ocr_carea' id='block_1_50' title="bbox 117 4546 1814 4617">
    <p class='ocr_par' dir='ltr' id='par_1_50' title="bbox 117 4546 1814 4617">
     <span class='ocr_line' id='line_1_50' title="bbox 117 4546 1814 4617; baseline 0.001 -16"><span class='ocrx_word' id='word_1_367' title='bbox 117 4546 341 4616; x_wconf 81' lang='lat' dir='ltr'><strong>angelis</strong></span> <span class='ocrx_word' id='word_1_368' title='bbox 377 4546 434 4599; x_wconf 91' lang='lat' dir='ltr'><strong>in</strong></span> <span class='ocrx_word' id='word_1_369' title='bbox 470 4547 659 4600; x_wconf 89' lang='lat' dir='ltr'><strong>sinum</strong></span> <span class='ocrx_word' id='word_1_370' title='bbox 693 4547 955 4614; x_wconf 69' lang='lat' dir='ltr'><strong>Abrahae,</strong></span> <span class='ocrx_word' id='word_1_371' title='bbox 990 4553 1045 4599; x_wconf 90' lang='lat' dir='ltr'><strong>et</strong></span> <span class='ocrx_word' id='word_1_372' title='bbox 1076 4552 1337 4600; x_wconf 90' lang='lat' dir='ltr'><strong>mortuus</strong></span> <span class='ocrx_word' id='word_1_373' title='bbox 1370 4547 1526 4601; x_wconf 86' lang='lat' dir='ltr'><strong>dives</strong></span> <span class='ocrx_word' id='word_1_374' title='bbox 1559 4549 1814 4617; x_wconf 90' lang='lat' dir='ltr'><strong>sepultus</strong></span> 
     </span>
    </p>
   </div>
   <div class='ocr_carea' id='block_1_51' title="bbox 118 4634 1813 4701">
    <p class='ocr_par' dir='ltr' id='par_1_51' title="bbox 118 4634 1813 4701">
     <span class='ocr_line' id='line_1_51' title="bbox 118 4634 1813 4701; baseline 0.001 -11"><span class='ocrx_word' id='word_1_375' title='bbox 118 4642 206 4690; x_wconf 91' lang='lat' dir='ltr'><strong>est</strong></span> <span class='ocrx_word' id='word_1_376' title='bbox 245 4636 301 4687; x_wconf 89' lang='lat' dir='ltr'><strong>in</strong></span> <span class='ocrx_word' id='word_1_377' title='bbox 352 4634 597 4688; x_wconf 85' lang='lat' dir='ltr'><strong>inferno.</strong></span> <span class='ocrx_word' id='word_1_378' title='bbox 645 4634 754 4699; x_wconf 88' lang='lat' dir='ltr'><strong>Qui</strong></span> <span class='ocrx_word' id='word_1_379' title='bbox 785 4636 1013 4688; x_wconf 90' lang='lat' dir='ltr'><strong>elevans</strong></span> <span class='ocrx_word' id='word_1_380' title='bbox 1061 4636 1252 4699; x_wconf 78' lang='lat' dir='ltr'><strong>oculos</strong></span> <span class='ocrx_word' id='word_1_381' title='bbox 1287 4651 1439 4701; x_wconf 89' lang='lat' dir='ltr'><strong>suos,</strong></span> <span class='ocrx_word' id='word_1_382' title='bbox 1489 4651 1619 4689; x_wconf 89' lang='lat' dir='ltr'><strong>cum</strong></span> <span class='ocrx_word' id='word_1_383' title='bbox 1667 4642 1813 4691; x_wconf 87' lang='lat' dir='ltr'><strong>esset</strong></span> 
     </span>
    </p>
   </div>
   <div class='ocr_carea' id='block_1_52' title="bbox 116 4724 1813 4793">
    <p class='ocr_par' dir='ltr' id='par_1_52' title="bbox 116 4724 1813 4793">
     <span class='ocr_line' id='line_1_52' title="bbox 116 4724 1813 4793; baseline 0.001 -15"><span class='ocrx_word' id='word_1_384' title='bbox 116 4725 177 4778; x_wconf 89' lang='lat' dir='ltr'><strong>in</strong></span> <span class='ocrx_word' id='word_1_385' title='bbox 210 4724 531 4789; x_wconf 89' lang='lat' dir='ltr'><strong>tormentis,</strong></span> <span class='ocrx_word' id='word_1_386' title='bbox 564 4724 706 4778; x_wconf 87' lang='lat' dir='ltr'><strong>vidit</strong></span> <span class='ocrx_word' id='word_1_387' title='bbox 752 4724 1038 4778; x_wconf 84' lang='lat' dir='ltr'><strong>Abraham</strong></span> <span class='ocrx_word' id='word_1_388' title='bbox 1068 4739 1099 4776; x_wconf 88' lang='lat' dir='ltr'><strong>a</strong></span> <span class='ocrx_word' id='word_1_389' title='bbox 1133 4724 1319 4793; x_wconf 90' lang='lat' dir='ltr'><strong>longe,</strong></span> <span class='ocrx_word' id='word_1_390' title='bbox 1365 4728 1419 4776; x_wconf 90' lang='lat' dir='ltr'><strong>et</strong></span> <span class='ocrx_word' id='word_1_391' title='bbox 1448 4724 1721 4779; x_wconf 90' lang='lat' dir='ltr'><strong>Lazarum</strong></span> <span class='ocrx_word' id='word_1_392' title='bbox 1754 4726 1813 4779; x_wconf 90' lang='lat' dir='ltr'><strong>in</strong></span> 
     </span>
    </p>
   </div>
   <div class='ocr_carea' id='block_1_53' title="bbox 119 4812 1810 4883">
    <p class='ocr_par' dir='ltr' id='par_1_53' title="bbox 119 4812 1810 4883">
     <span class='ocr_line' id='line_1_53' title="bbox 119 4812 1810 4883; baseline 0.001 -17"><span class='ocrx_word' id='word_1_393' title='bbox 119 4814 248 4867; x_wconf 91' lang='lat' dir='ltr'><strong>sinu</strong></span> <span class='ocrx_word' id='word_1_394' title='bbox 297 4813 441 4883; x_wconf 90' lang='lat' dir='ltr'><strong>ejus,</strong></span> <span class='ocrx_word' id='word_1_395' title='bbox 477 4817 532 4866; x_wconf 91' lang='lat' dir='ltr'><strong>et</strong></span> <span class='ocrx_word' id='word_1_396' title='bbox 574 4813 697 4883; x_wconf 90' lang='lat' dir='ltr'><strong>ipse</strong></span> <span class='ocrx_word' id='word_1_397' title='bbox 748 4813 1020 4879; x_wconf 85' lang='lat' dir='ltr'><strong>clamans,</strong></span> <span class='ocrx_word' id='word_1_398' title='bbox 1067 4812 1256 4866; x_wconf 87' lang='lat' dir='ltr'><strong>dixit:</strong></span> <span class='ocrx_word' id='word_1_399' title='bbox 1294 4815 1456 4866; x_wconf 90' lang='lat' dir='ltr'><strong>Pater</strong></span> <span class='ocrx_word' id='word_1_400' title='bbox 1503 4812 1810 4881; x_wconf 87' lang='lat' dir='ltr'><strong>Abraham,</strong></span> 
     </span>
    </p>
   </div>
   <div class='ocr_carea' id='block_1_54' title="bbox 120 4901 1811 4973">
    <p class='ocr_par' dir='ltr' id='par_1_54' title="bbox 120 4901 1811 4973">
     <span class='ocr_line' id='line_1_54' title="bbox 120 4901 1811 4973; baseline 0.001 -19"><span class='ocrx_word' id='word_1_401' title='bbox 120 4903 394 4955; x_wconf 88' lang='lat' dir='ltr'><strong>miserere</strong></span> <span class='ocrx_word' id='word_1_402' title='bbox 444 4901 579 4963; x_wconf 86' lang='lat' dir='ltr'><strong>mei,</strong></span> <span class='ocrx_word' id='word_1_403' title='bbox 615 4907 671 4955; x_wconf 90' lang='lat' dir='ltr'><strong>et</strong></span> <span class='ocrx_word' id='word_1_404' title='bbox 716 4903 878 4956; x_wconf 87' lang='lat' dir='ltr'><strong>mitte</strong></span> <span class='ocrx_word' id='word_1_405' title='bbox 914 4903 1209 4969; x_wconf 86' lang='lat' dir='ltr'><strong>Lazarum,</strong></span> <span class='ocrx_word' id='word_1_406' title='bbox 1259 4907 1321 4954; x_wconf 88' lang='lat' dir='ltr'><strong>ut</strong></span> <span class='ocrx_word' id='word_1_407' title='bbox 1353 4901 1600 4973; x_wconf 86' lang='lat' dir='ltr'><strong>iutingat</strong></span> <span class='ocrx_word' id='word_1_408' title='bbox 1629 4905 1811 4958; x_wconf 87' lang='lat' dir='ltr'><strong>extre-</strong></span> 
     </span>
    </p>
   </div>
   <div class='ocr_carea' id='block_1_55' title="bbox 122 4990 1809 5062">
    <p class='ocr_par' dir='ltr' id='par_1_55' title="bbox 122 4990 1809 5062">
     <span class='ocr_line' id='line_1_55' title="bbox 122 4990 1809 5062; baseline 0.001 -18"><span class='ocrx_word' id='word_1_409' title='bbox 122 5006 281 5044; x_wconf 89' lang='lat' dir='ltr'><strong>mum</strong></span> <span class='ocrx_word' id='word_1_410' title='bbox 304 4990 467 5061; x_wconf 80' lang='lat' dir='ltr'><strong>digiti</strong></span> <span class='ocrx_word' id='word_1_411' title='bbox 489 4991 577 5043; x_wconf 92' lang='lat' dir='ltr'><strong>sui</strong></span> <span class='ocrx_word' id='word_1_412' title='bbox 597 4992 653 5043; x_wconf 90' lang='lat' dir='ltr'><strong>in</strong></span> <span class='ocrx_word' id='word_1_413' title='bbox 675 5008 905 5062; x_wconf 89' lang='lat' dir='ltr'><strong>aquam,</strong></span> <span class='ocrx_word' id='word_1_414' title='bbox 932 4996 994 5044; x_wconf 88' lang='lat' dir='ltr'><strong>ut</strong></span> <span class='ocrx_word' id='word_1_415' title='bbox 1015 4990 1310 5059; x_wconf 80' lang='lat' dir='ltr'><strong>refrigeret</strong></span> <span class='ocrx_word' id='word_1_416' title='bbox 1334 4991 1584 5060; x_wconf 87' lang='lat' dir='ltr'><strong>linguam</strong></span> <span class='ocrx_word' id='word_1_417' title='bbox 1604 5008 1809 5048; x_wconf 91' lang='lat' dir='ltr'><strong>meam.</strong></span> 
     </span>
    </p>
   </div>
   <div class='ocr_carea' id='block_1_56' title="bbox 123 5078 1815 5151">
    <p class='ocr_par' dir='ltr' id='par_1_56' title="bbox 123 5078 1815 5151">
     <span class='ocr_line' id='line_1_56' title="bbox 123 5078 1815 5151; baseline 0 -17"><span class='ocrx_word' id='word_1_418' title='bbox 123 5078 228 5134; x_wconf 90' lang='lat' dir='ltr'><strong>Cui</strong></span> <span class='ocrx_word' id='word_1_419' title='bbox 269 5079 552 5133; x_wconf 86' lang='lat' dir='ltr'><strong>Abraham</strong></span> <span class='ocrx_word' id='word_1_420' title='bbox 605 5079 784 5134; x_wconf 90' lang='lat' dir='ltr'><strong>dicit:</strong></span> <span class='ocrx_word' id='word_1_421' title='bbox 821 5080 945 5145; x_wconf 86' lang='lat' dir='ltr'><strong>Fili,</strong></span> <span class='ocrx_word' id='word_1_422' title='bbox 1000 5080 1319 5143; x_wconf 89' lang='lat' dir='ltr'><strong>recordare,</strong></span> <span class='ocrx_word' id='word_1_423' title='bbox 1373 5080 1508 5151; x_wconf 91' lang='lat' dir='ltr'><strong>quia</strong></span> <span class='ocrx_word' id='word_1_424' title='bbox 1550 5081 1815 5150; x_wconf 88' lang='lat' dir='ltr'><strong>recepisti</strong></span> 
     </span>
    </p>
   </div>
   <div class='ocr_carea' id='block_1_57' title="bbox 121 5167 1816 5235">
    <p class='ocr_par' dir='ltr' id='par_1_57' title="bbox 121 5167 1816 5235">
     <span class='ocr_line' id='line_1_57' title="bbox 121 5167 1816 5235; baseline 0.001 -14"><span class='ocrx_word' id='word_1_425' title='bbox 121 5167 273 5221; x_wconf 90' lang='lat' dir='ltr'><strong>bona</strong></span> <span class='ocrx_word' id='word_1_426' title='bbox 304 5167 363 5221; x_wconf 90' lang='lat' dir='ltr'><strong>in</strong></span> <span class='ocrx_word' id='word_1_427' title='bbox 394 5168 508 5221; x_wconf 88' lang='lat' dir='ltr'><strong>vita</strong></span> <span class='ocrx_word' id='word_1_428' title='bbox 556 5174 673 5235; x_wconf 87' lang='lat' dir='ltr'><strong>tua,</strong></span> <span class='ocrx_word' id='word_1_429' title='bbox 722 5173 777 5221; x_wconf 90' lang='lat' dir='ltr'><strong>et</strong></span> <span class='ocrx_word' id='word_1_430' title='bbox 823 5168 1063 5222; x_wconf 87' lang='lat' dir='ltr'><strong>Lazarus</strong></span> <span class='ocrx_word' id='word_1_431' title='bbox 1116 5167 1379 5221; x_wconf 89' lang='lat' dir='ltr'><strong>similiter</strong></span> <span class='ocrx_word' id='word_1_432' title='bbox 1423 5168 1590 5221; x_wconf 86' lang='lat' dir='ltr'><strong>mala.</strong></span> <span class='ocrx_word' id='word_1_433' title='bbox 1652 5168 1816 5223; x_wconf 88' lang='lat' dir='ltr'><strong>Dives</strong></span> 
     </span>
    </p>
   </div>
   <div class='ocr_carea' id='block_1_58' title="bbox 123 5254 1815 5325">
    <p class='ocr_par' dir='ltr' id='par_1_58' title="bbox 123 5254 1815 5325">
     <span class='ocr_line' id='line_1_58' title="bbox 123 5254 1815 5325; baseline 0.002 -18"><span class='ocrx_word' id='word_1_434' title='bbox 123 5259 314 5307; x_wconf 88' lang='lat' dir='ltr'><strong>autem</strong></span> <span class='ocrx_word' id='word_1_435' title='bbox 347 5254 416 5307; x_wconf 91' lang='lat' dir='ltr'><strong>de</strong></span> <span class='ocrx_word' id='word_1_436' title='bbox 464 5255 649 5324; x_wconf 89' lang='lat' dir='ltr'><strong>seipso</strong></span> <span class='ocrx_word' id='word_1_437' title='bbox 689 5254 810 5325; x_wconf 89' lang='lat' dir='ltr'><strong>jam</strong></span> <span class='ocrx_word' id='word_1_438' title='bbox 860 5272 1020 5324; x_wconf 91' lang='lat' dir='ltr'><strong>spem</strong></span> <span class='ocrx_word' id='word_1_439' title='bbox 1056 5256 1253 5309; x_wconf 84' lang='lat' dir='ltr'><strong>salutis</strong></span> <span class='ocrx_word' id='word_1_440' title='bbox 1302 5272 1419 5309; x_wconf 90' lang='lat' dir='ltr'><strong>non</strong></span> <span class='ocrx_word' id='word_1_441' title='bbox 1475 5256 1714 5322; x_wconf 88' lang='lat' dir='ltr'><strong>habens,</strong></span> <span class='ocrx_word' id='word_1_442' title='bbox 1744 5257 1815 5311; x_wconf 89' lang='lat' dir='ltr'><strong>ad</strong></span> 
     </span>
    </p>
   </div>
   <div class='ocr_carea' id='block_1_59' title="bbox 125 5342 1814 5414">
    <p class='ocr_par' dir='ltr' id='par_1_59' title="bbox 125 5342 1814 5414">
     <span class='ocr_line' id='line_1_59' title="bbox 125 5342 1814 5414; baseline 0.001 -19"><span class='ocrx_word' id='word_1_443' title='bbox 125 5343 565 5414; x_wconf 89' lang='lat' dir='ltr'><strong>promerendam</strong></span> <span class='ocrx_word' id='word_1_444' title='bbox 618 5359 850 5397; x_wconf 89' lang='lat' dir='ltr'><strong>suorum</strong></span> <span class='ocrx_word' id='word_1_445' title='bbox 883 5345 1123 5398; x_wconf 88' lang='lat' dir='ltr'><strong>salutem</strong></span> <span class='ocrx_word' id='word_1_446' title='bbox 1172 5343 1541 5409; x_wconf 86' lang='lat' dir='ltr'><strong>convertitur,</strong></span> <span class='ocrx_word' id='word_1_447' title='bbox 1576 5342 1768 5397; x_wconf 88' lang='lat' dir='ltr'><strong>dicens</strong></span> <span class='ocrx_word' id='word_1_448' title='bbox 1800 5360 1814 5397; x_wconf 75' lang='grc' dir='ltr'>ε</span> 
     </span>
    </p>
   </div>
   <div class='ocr_carea' id='block_1_60' title="bbox 129 5432 1816 5502">
    <p class='ocr_par' dir='ltr' id='par_1_60' title="bbox 129 5432 1816 5502">
     <span class='ocr_line' id='line_1_60' title="bbox 129 5432 1816 5502; baseline -0.001 -16"><span class='ocrx_word' id='word_1_449' title='bbox 129 5432 284 5502; x_wconf 81' lang='lat' dir='ltr'><strong>Rogo</strong></span> <span class='ocrx_word' id='word_1_450' title='bbox 316 5436 393 5497; x_wconf 91' lang='lat' dir='ltr'><strong>te,</strong></span> <span class='ocrx_word' id='word_1_451' title='bbox 425 5440 608 5501; x_wconf 88' lang='lat' dir='ltr'><strong>pater,</strong></span> <span class='ocrx_word' id='word_1_452' title='bbox 637 5438 702 5486; x_wconf 93' lang='lat' dir='ltr'><strong>ut</strong></span> <span class='ocrx_word' id='word_1_453' title='bbox 731 5433 920 5486; x_wconf 88' lang='lat' dir='ltr'><strong>mittas</strong></span> <span class='ocrx_word' id='word_1_454' title='bbox 951 5448 1083 5486; x_wconf 90' lang='lat' dir='ltr'><strong>eum</strong></span> <span class='ocrx_word' id='word_1_455' title='bbox 1118 5434 1175 5487; x_wconf 90' lang='lat' dir='ltr'><strong>in</strong></span> <span class='ocrx_word' id='word_1_456' title='bbox 1199 5434 1434 5488; x_wconf 88' lang='lat' dir='ltr'><strong>domum</strong></span> <span class='ocrx_word' id='word_1_457' title='bbox 1459 5433 1635 5502; x_wconf 88' lang='lat' dir='ltr'><strong>patris</strong></span> <span class='ocrx_word' id='word_1_458' title='bbox 1666 5432 1816 5487; x_wconf 88' lang='lat' dir='ltr'><strong>mei:</strong></span> 
     </span>
    </p>
   </div>
   <div class='ocr_carea' id='block_1_61' title="bbox 128 5520 1822 5592">
    <p class='ocr_par' dir='ltr' id='par_1_61' title="bbox 128 5520 1822 5592">
     <span class='ocr_line' id='line_1_61' title="bbox 128 5520 1822 5592; baseline 0 -17"><span class='ocrx_word' id='word_1_459' title='bbox 128 5521 309 5575; x_wconf 87' lang='lat' dir='ltr'><strong>habeo</strong></span> <span class='ocrx_word' id='word_1_460' title='bbox 342 5520 496 5575; x_wconf 90' lang='lat' dir='ltr'><strong>enim</strong></span> <span class='ocrx_word' id='word_1_461' title='bbox 543 5522 799 5592; x_wconf 90' lang='lat' dir='ltr'><strong>quinque</strong></span> <span class='ocrx_word' id='word_1_462' title='bbox 854 5521 1075 5586; x_wconf 86' lang='lat' dir='ltr'><strong>fratres,</strong></span> <span class='ocrx_word' id='word_1_463' title='bbox 1112 5526 1173 5590; x_wconf 79' lang='lat' dir='ltr'><strong>ut</strong></span> <span class='ocrx_word' id='word_1_464' title='bbox 1217 5528 1455 5575; x_wconf 86' lang='lat' dir='ltr'><strong>testetur</strong></span> <span class='ocrx_word' id='word_1_465' title='bbox 1495 5520 1629 5584; x_wconf 91' lang='lat' dir='ltr'><strong>illis,</strong></span> <span class='ocrx_word' id='word_1_466' title='bbox 1664 5536 1734 5573; x_wconf 89' lang='lat' dir='ltr'><strong>ne</strong></span> <span class='ocrx_word' id='word_1_467' title='bbox 1764 5524 1822 5575; x_wconf 85' lang='lat' dir='ltr'><strong>et</strong></span> 
     </span>
    </p>
   </div>
   <div class='ocr_carea' id='block_1_62' title="bbox 129 5607 1821 5678">
    <p class='ocr_par' dir='ltr' id='par_1_62' title="bbox 129 5607 1821 5678">
     <span class='ocr_line' id='line_1_62' title="bbox 129 5607 1821 5678; baseline -0.001 -17"><span class='ocrx_word' id='word_1_468' title='bbox 129 5607 238 5678; x_wconf 90' lang='lat' dir='ltr'><strong>ipsi</strong></span> <span class='ocrx_word' id='word_1_469' title='bbox 287 5608 521 5662; x_wconf 87' lang='lat' dir='ltr'><strong>veniant</strong></span> <span class='ocrx_word' id='word_1_470' title='bbox 565 5608 623 5662; x_wconf 89' lang='lat' dir='ltr'><strong>in</strong></span> <span class='ocrx_word' id='word_1_471' title='bbox 671 5609 859 5663; x_wconf 91' lang='lat' dir='ltr'><strong>locum</strong></span> <span class='ocrx_word' id='word_1_472' title='bbox 908 5610 1061 5663; x_wconf 90' lang='lat' dir='ltr'><strong>hunc</strong></span> <span class='ocrx_word' id='word_1_473' title='bbox 1112 5614 1554 5664; x_wconf 87' lang='lat' dir='ltr'><strong>tormentorum.</strong></span> <span class='ocrx_word' id='word_1_474' title='bbox 1606 5607 1821 5672; x_wconf 89' lang='lat' dir='ltr'><strong>Quibus</strong></span> 
     </span>
    </p>
   </div>
   <div class='ocr_carea' id='block_1_63' title="bbox 1922 572 3620 643">
    <p class='ocr_par' dir='ltr' id='par_1_63' title="bbox 1922 572 3620 643">
     <span class='ocr_line' id='line_1_63' title="bbox 1922 572 3620 643; baseline 0 -17"><span class='ocrx_word' id='word_1_475' title='bbox 1922 573 2059 626; x_wconf 88' lang='lat' dir='ltr'><strong>mali</strong></span> <span class='ocrx_word' id='word_1_476' title='bbox 2112 577 2421 642; x_wconf 88' lang='lat' dir='ltr'><strong>agnoscant</strong></span> <span class='ocrx_word' id='word_1_477' title='bbox 2450 573 2652 627; x_wconf 88' lang='lat' dir='ltr'><strong>malos.</strong></span> <span class='ocrx_word' id='word_1_478' title='bbox 2708 572 2764 627; x_wconf 89' lang='lat' dir='ltr'><strong>Si</strong></span> <span class='ocrx_word' id='word_1_479' title='bbox 2803 573 2980 643; x_wconf 92' lang='lat' dir='ltr'><strong>igitur</strong></span> <span class='ocrx_word' id='word_1_480' title='bbox 3007 573 3295 627; x_wconf 86' lang='lat' dir='ltr'><strong>Abraham</strong></span> <span class='ocrx_word' id='word_1_481' title='bbox 3346 573 3620 627; x_wconf 86' lang='lat' dir='ltr'><strong>Lazarum</strong></span> 
     </span>
    </p>
   </div>
   <div class='ocr_carea' id='block_1_64' title="bbox 1922 661 3619 731">
    <p class='ocr_par' dir='ltr' id='par_1_64' title="bbox 1922 661 3619 731">
     <span class='ocr_line' id='line_1_64' title="bbox 1922 661 3619 731; baseline 0 -16"><span class='ocrx_word' id='word_1_482' title='bbox 1922 661 2163 715; x_wconf 90' lang='lat' dir='ltr'><strong>minime</strong></span> <span class='ocrx_word' id='word_1_483' title='bbox 2202 667 2656 731; x_wconf 85' lang='lat' dir='ltr'><strong>recognosceret,</strong></span> <span class='ocrx_word' id='word_1_484' title='bbox 2691 677 3058 731; x_wconf 83' lang='lat' dir='ltr'><strong>nequaquam</strong></span> <span class='ocrx_word' id='word_1_485' title='bbox 3105 662 3172 714; x_wconf 91' lang='lat' dir='ltr'><strong>ad</strong></span> <span class='ocrx_word' id='word_1_486' title='bbox 3207 662 3438 723; x_wconf 81' lang='lat' dir='ltr'><strong>divitem</strong></span> <span class='ocrx_word' id='word_1_487' title='bbox 3470 662 3619 731; x_wconf 91' lang='lat' dir='ltr'><strong>posi-</strong></span> 
     </span>
    </p>
   </div>
   <div class='ocr_carea' id='block_1_65' title="bbox 1920 749 3623 819">
    <p class='ocr_par' dir='ltr' id='par_1_65' title="bbox 1920 749 3623 819">
     <span class='ocr_line' id='line_1_65' title="bbox 1920 749 3623 819; baseline -0.001 -16"><span class='ocrx_word' id='word_1_488' title='bbox 1920 754 2044 803; x_wconf 90' lang='lat' dir='ltr'><strong>tum</strong></span> <span class='ocrx_word' id='word_1_489' title='bbox 2085 750 2147 803; x_wconf 90' lang='lat' dir='ltr'><strong>in</strong></span> <span class='ocrx_word' id='word_1_490' title='bbox 2192 750 2492 803; x_wconf 86' lang='lat' dir='ltr'><strong>tormentis</strong></span> <span class='ocrx_word' id='word_1_491' title='bbox 2541 751 2610 803; x_wconf 91' lang='lat' dir='ltr'><strong>de</strong></span> <span class='ocrx_word' id='word_1_492' title='bbox 2655 754 2939 803; x_wconf 84' lang='lat' dir='ltr'><strong>transacta</strong></span> <span class='ocrx_word' id='word_1_493' title='bbox 2982 750 3105 819; x_wconf 89' lang='lat' dir='ltr'><strong>ejus</strong></span> <span class='ocrx_word' id='word_1_494' title='bbox 3154 749 3497 803; x_wconf 89' lang='lat' dir='ltr'><strong>contritione</strong></span> <span class='ocrx_word' id='word_1_495' title='bbox 3542 750 3623 802; x_wconf 91' lang='lat' dir='ltr'><strong>lo-</strong></span> 
     </span>
    </p>
   </div>
   <div class='ocr_carea' id='block_1_66' title="bbox 1921 837 3620 907">
    <p class='ocr_par' dir='ltr' id='par_1_66' title="bbox 1921 837 3620 907">
     <span class='ocr_line' id='line_1_66' title="bbox 1921 837 3620 907; baseline -0.001 -17"><span class='ocrx_word' id='word_1_496' title='bbox 1921 843 2214 907; x_wconf 86' lang='lat' dir='ltr'><strong>queretur,</strong></span> <span class='ocrx_word' id='word_1_497' title='bbox 2258 838 2453 891; x_wconf 88' lang='lat' dir='ltr'><strong>dicens</strong></span> <span class='ocrx_word' id='word_1_498' title='bbox 2495 854 2506 891; x_wconf 89' lang='lat'>:</span> <span class='ocrx_word' id='word_1_499' title='bbox 2543 837 2704 902; x_wconf 89' lang='lat' dir='ltr'><strong>Quod</strong></span> <span class='ocrx_word' id='word_1_500' title='bbox 2757 839 2905 889; x_wconf 87' lang='lat' dir='ltr'><strong>mala</strong></span> <span class='ocrx_word' id='word_1_501' title='bbox 2938 838 3217 907; x_wconf 87' lang='lat' dir='ltr'><strong>receperit</strong></span> <span class='ocrx_word' id='word_1_502' title='bbox 3254 837 3312 890; x_wconf 91' lang='lat' dir='ltr'><strong>in</strong></span> <span class='ocrx_word' id='word_1_503' title='bbox 3354 838 3466 890; x_wconf 89' lang='lat' dir='ltr'><strong>vita</strong></span> <span class='ocrx_word' id='word_1_504' title='bbox 3498 853 3620 903; x_wconf 90' lang='lat' dir='ltr'><strong>sua,</strong></span> 
     </span>
    </p>
   </div>
   <div class='ocr_carea' id='block_1_67' title="bbox 1920 924 3624 995">
    <p class='ocr_par' dir='ltr' id='par_1_67' title="bbox 1920 924 3624 995">
     <span class='ocr_line' id='line_1_67' title="bbox 1920 924 3624 995; baseline -0.001 -16"><span class='ocrx_word' id='word_1_505' title='bbox 1920 924 1988 979; x_wconf 87' lang='lat' dir='ltr'><strong>Et</strong></span> <span class='ocrx_word' id='word_1_506' title='bbox 2017 924 2065 977; x_wconf 91' lang='lat' dir='ltr'><strong>si</strong></span> <span class='ocrx_word' id='word_1_507' title='bbox 2123 925 2259 978; x_wconf 88' lang='lat' dir='ltr'><strong>mali</strong></span> <span class='ocrx_word' id='word_1_508' title='bbox 2303 926 2485 979; x_wconf 86' lang='lat' dir='ltr'><strong>malos</strong></span> <span class='ocrx_word' id='word_1_509' title='bbox 2534 942 2649 978; x_wconf 89' lang='lat' dir='ltr'><strong>non</strong></span> <span class='ocrx_word' id='word_1_510' title='bbox 2701 931 3201 995; x_wconf 81' lang='lat' dir='ltr'><strong>recognoscereut,</strong></span> <span class='ocrx_word' id='word_1_511' title='bbox 3256 941 3624 995; x_wconf 83' lang='lat' dir='ltr'><strong>nequaquam</strong></span> 
     </span>
    </p>
   </div>
   <div class='ocr_carea' id='block_1_68' title="bbox 1920 1013 3619 1082">
    <p class='ocr_par' dir='ltr' id='par_1_68' title="bbox 1920 1013 3619 1082">
     <span class='ocr_line' id='line_1_68' title="bbox 1920 1013 3619 1082; baseline 0.001 -16"><span class='ocrx_word' id='word_1_512' title='bbox 1920 1013 2076 1067; x_wconf 89' lang='lat' dir='ltr'><strong>dives</strong></span> <span class='ocrx_word' id='word_1_513' title='bbox 2121 1013 2180 1068; x_wconf 90' lang='lat' dir='ltr'><strong>in</strong></span> <span class='ocrx_word' id='word_1_514' title='bbox 2237 1014 2540 1067; x_wconf 87' lang='lat' dir='ltr'><strong>tormentis</strong></span> <span class='ocrx_word' id='word_1_515' title='bbox 2590 1014 2811 1082; x_wconf 91' lang='lat' dir='ltr'><strong>positus</strong></span> <span class='ocrx_word' id='word_1_516' title='bbox 2867 1014 3109 1067; x_wconf 84' lang='lat' dir='ltr'><strong>fratrum</strong></span> <span class='ocrx_word' id='word_1_517' title='bbox 3163 1030 3397 1066; x_wconf 90' lang='lat' dir='ltr'><strong>suorum</strong></span> <span class='ocrx_word' id='word_1_518' title='bbox 3447 1014 3619 1067; x_wconf 86' lang='lat' dir='ltr'><strong>etiam</strong></span> 
     </span>
    </p>
   </div>
   <div class='ocr_carea' id='block_1_69' title="bbox 1920 1102 3623 1171">
    <p class='ocr_par' dir='ltr' id='par_1_69' title="bbox 1920 1102 3623 1171">
     <span class='ocr_line' id='line_1_69' title="bbox 1920 1102 3623 1171; baseline 0 -16"><span class='ocrx_word' id='word_1_519' title='bbox 1920 1102 2237 1156; x_wconf 87' lang='lat' dir='ltr'><strong>absentiam</strong></span> <span class='ocrx_word' id='word_1_520' title='bbox 2301 1102 2670 1155; x_wconf 80' lang='lat' dir='ltr'><strong>meminisset.</strong></span> <span class='ocrx_word' id='word_1_521' title='bbox 2731 1102 3028 1165; x_wconf 87' lang='lat' dir='ltr'><strong>Quomodo</strong></span> <span class='ocrx_word' id='word_1_522' title='bbox 3088 1102 3239 1155; x_wconf 93' lang='lat' dir='ltr'><strong>enim</strong></span> <span class='ocrx_word' id='word_1_523' title='bbox 3311 1107 3623 1171; x_wconf 63' lang='lat' dir='ltr'><strong>praesentes</strong></span> 
     </span>
    </p>
   </div>
   <div class='ocr_carea' id='block_1_70' title="bbox 1920 1189 3618 1261">
    <p class='ocr_par' dir='ltr' id='par_1_70' title="bbox 1920 1189 3618 1261">
     <span class='ocr_line' id='line_1_70' title="bbox 1920 1189 3618 1261; baseline 0 -18"><span class='ocrx_word' id='word_1_524' title='bbox 1920 1206 2034 1244; x_wconf 91' lang='lat' dir='ltr'><strong>non</strong></span> <span class='ocrx_word' id='word_1_525' title='bbox 2081 1195 2273 1261; x_wconf 89' lang='lat' dir='ltr'><strong>posset</strong></span> <span class='ocrx_word' id='word_1_526' title='bbox 2303 1206 2633 1259; x_wconf 86' lang='lat' dir='ltr'><strong>agnoscere,</strong></span> <span class='ocrx_word' id='word_1_527' title='bbox 2670 1190 2770 1259; x_wconf 88' lang='lat' dir='ltr'><strong>qui</strong></span> <span class='ocrx_word' id='word_1_528' title='bbox 2802 1190 2972 1243; x_wconf 90' lang='lat' dir='ltr'><strong>etiam</strong></span> <span class='ocrx_word' id='word_1_529' title='bbox 3007 1206 3110 1259; x_wconf 89' lang='lat' dir='ltr'><strong>pro</strong></span> <span class='ocrx_word' id='word_1_530' title='bbox 3140 1189 3463 1243; x_wconf 88' lang='lat' dir='ltr'><strong>absentium</strong></span> <span class='ocrx_word' id='word_1_531' title='bbox 3493 1207 3618 1244; x_wconf 89' lang='lat' dir='ltr'><strong>me-</strong></span> 
     </span>
    </p>
   </div>
   <div class='ocr_carea' id='block_1_71' title="bbox 1921 1278 3620 1349">
    <p class='ocr_par' dir='ltr' id='par_1_71' title="bbox 1921 1278 3620 1349">
     <span class='ocr_line' id='line_1_71' title="bbox 1921 1278 3620 1349; baseline -0.002 -15"><span class='ocrx_word' id='word_1_532' title='bbox 1921 1278 2103 1334; x_wconf 87' lang='lat' dir='ltr'><strong>moria</strong></span> <span class='ocrx_word' id='word_1_533' title='bbox 2131 1280 2351 1332; x_wconf 87' lang='lat' dir='ltr'><strong>curavit</strong></span> <span class='ocrx_word' id='word_1_534' title='bbox 2382 1278 2653 1332; x_wconf 86' lang='lat' dir='ltr'><strong>exorare?</strong></span> <span class='ocrx_word' id='word_1_535' title='bbox 2678 1278 2798 1343; x_wconf 92' lang='lat' dir='ltr'><strong>Qua</strong></span> <span class='ocrx_word' id='word_1_536' title='bbox 2824 1279 2881 1331; x_wconf 90' lang='lat' dir='ltr'><strong>in</strong></span> <span class='ocrx_word' id='word_1_537' title='bbox 2920 1295 2979 1332; x_wconf 90' lang='lat' dir='ltr'><strong>re</strong></span> <span class='ocrx_word' id='word_1_538' title='bbox 3009 1279 3145 1332; x_wconf 92' lang='lat' dir='ltr'><strong>illud</strong></span> <span class='ocrx_word' id='word_1_539' title='bbox 3174 1295 3403 1349; x_wconf 87' lang='lat' dir='ltr'><strong>quoque</strong></span> <span class='ocrx_word' id='word_1_540' title='bbox 3435 1284 3620 1332; x_wconf 89' lang='lat' dir='ltr'><strong>osten-</strong></span> 
     </span>
    </p>
   </div>
   <div class='ocr_carea' id='block_1_72' title="bbox 1919 1367 3619 1439">
    <p class='ocr_par' dir='ltr' id='par_1_72' title="bbox 1919 1367 3619 1439">
     <span class='ocr_line' id='line_1_72' title="bbox 1919 1367 3619 1439; baseline 0 -18"><span class='ocrx_word' id='word_1_541' title='bbox 1919 1368 2094 1433; x_wconf 91' lang='lat' dir='ltr'><strong>ditur,</strong></span> <span class='ocrx_word' id='word_1_542' title='bbox 2129 1368 2279 1439; x_wconf 90' lang='lat' dir='ltr'><strong>quod</strong></span> <span class='ocrx_word' id='word_1_543' title='bbox 2316 1384 2677 1439; x_wconf 86' lang='lat' dir='ltr'><strong>nequaquam</strong></span> <span class='ocrx_word' id='word_1_544' title='bbox 2712 1369 2833 1437; x_wconf 92' lang='lat' dir='ltr'><strong>ipse</strong></span> <span class='ocrx_word' id='word_1_545' title='bbox 2866 1368 3158 1437; x_wconf 88' lang='lat' dir='ltr'><strong>requisisti</strong></span> <span class='ocrx_word' id='word_1_546' title='bbox 3189 1383 3200 1421; x_wconf 93' lang='lat'>:</span> <span class='ocrx_word' id='word_1_547' title='bbox 3232 1368 3368 1438; x_wconf 88' lang='lat' dir='ltr'><strong>quia</strong></span> <span class='ocrx_word' id='word_1_548' title='bbox 3397 1373 3454 1420; x_wconf 90' lang='lat' dir='ltr'><strong>et</strong></span> <span class='ocrx_word' id='word_1_549' title='bbox 3481 1367 3619 1421; x_wconf 90' lang='lat' dir='ltr'><strong>boni</strong></span> 
     </span>
    </p>
   </div>
   <div class='ocr_carea' id='block_1_73' title="bbox 1919 1455 3618 1525">
    <p class='ocr_par' dir='ltr' id='par_1_73' title="bbox 1919 1455 3618 1525">
     <span class='ocr_line' id='line_1_73' title="bbox 1919 1455 3618 1525; baseline 0.001 -16"><span class='ocrx_word' id='word_1_550' title='bbox 1919 1455 2121 1521; x_wconf 87' lang='lat' dir='ltr'><strong>malos,</strong></span> <span class='ocrx_word' id='word_1_551' title='bbox 2174 1459 2231 1509; x_wconf 90' lang='lat' dir='ltr'><strong>et</strong></span> <span class='ocrx_word' id='word_1_552' title='bbox 2261 1457 2397 1509; x_wconf 87' lang='lat' dir='ltr'><strong>mali</strong></span> <span class='ocrx_word' id='word_1_553' title='bbox 2432 1462 2787 1525; x_wconf 84' lang='lat' dir='ltr'><strong>cognoscunt</strong></span> <span class='ocrx_word' id='word_1_554' title='bbox 2832 1456 3032 1511; x_wconf 89' lang='lat' dir='ltr'><strong>bonos.</strong></span> <span class='ocrx_word' id='word_1_555' title='bbox 3088 1458 3227 1509; x_wconf 85' lang='lat' dir='ltr'><strong>Nam</strong></span> <span class='ocrx_word' id='word_1_556' title='bbox 3276 1460 3330 1508; x_wconf 91' lang='lat' dir='ltr'><strong>et</strong></span> <span class='ocrx_word' id='word_1_557' title='bbox 3362 1456 3517 1510; x_wconf 91' lang='lat' dir='ltr'><strong>dives</strong></span> <span class='ocrx_word' id='word_1_558' title='bbox 3548 1456 3618 1510; x_wconf 91' lang='lat' dir='ltr'><strong>ab</strong></span> 
     </span>
    </p>
   </div>
   <div class='ocr_carea' id='block_1_74' title="bbox 1920 1544 3616 1614">
    <p class='ocr_par' dir='ltr' id='par_1_74' title="bbox 1920 1544 3616 1614">
     <span class='ocr_line' id='line_1_74' title="bbox 1920 1544 3616 1614; baseline -0.001 -15"><span class='ocrx_word' id='word_1_559' title='bbox 1920 1544 2210 1599; x_wconf 79' lang='lat' dir='ltr'><strong>Abraham</strong></span> <span class='ocrx_word' id='word_1_560' title='bbox 2258 1546 2643 1614; x_wconf 89' lang='lat' dir='ltr'><strong>cognoscitur,</strong></span> <span class='ocrx_word' id='word_1_561' title='bbox 2677 1561 2805 1598; x_wconf 91' lang='lat' dir='ltr'><strong>cum</strong></span> <span class='ocrx_word' id='word_1_562' title='bbox 2858 1545 3070 1598; x_wconf 89' lang='lat' dir='ltr'><strong>dictum</strong></span> <span class='ocrx_word' id='word_1_563' title='bbox 3114 1549 3199 1597; x_wconf 89' lang='lat' dir='ltr'><strong>est</strong></span> <span class='ocrx_word' id='word_1_564' title='bbox 3232 1562 3244 1598; x_wconf 89' lang='lat'><strong>:</strong></span> <span class='ocrx_word' id='word_1_565' title='bbox 3277 1544 3616 1611; x_wconf 84' lang='lat' dir='ltr'><strong>Recordare,</strong></span> 
     </span>
    </p>
   </div>
   <div class='ocr_carea' id='block_1_75' title="bbox 1921 1632 3622 1703">
    <p class='ocr_par' dir='ltr' id='par_1_75' title="bbox 1921 1632 3622 1703">
     <span class='ocr_line' id='line_1_75' title="bbox 1921 1632 3622 1703; baseline 0 -18"><span class='ocrx_word' id='word_1_566' title='bbox 1921 1632 2053 1703; x_wconf 85' lang='lat' dir='ltr'><strong>quia</strong></span> <span class='ocrx_word' id='word_1_567' title='bbox 2106 1632 2371 1702; x_wconf 89' lang='lat' dir='ltr'><strong>recepisti</strong></span> <span class='ocrx_word' id='word_1_568' title='bbox 2421 1632 2568 1686; x_wconf 90' lang='lat' dir='ltr'><strong>bona</strong></span> <span class='ocrx_word' id='word_1_569' title='bbox 2616 1632 2675 1685; x_wconf 90' lang='lat' dir='ltr'><strong>in</strong></span> <span class='ocrx_word' id='word_1_570' title='bbox 2709 1633 2822 1686; x_wconf 89' lang='lat' dir='ltr'><strong>vita</strong></span> <span class='ocrx_word' id='word_1_571' title='bbox 2850 1638 2987 1686; x_wconf 88' lang='lat' dir='ltr'><strong>tua:</strong></span> <span class='ocrx_word' id='word_1_572' title='bbox 3017 1639 3073 1685; x_wconf 90' lang='lat' dir='ltr'><strong>et</strong></span> <span class='ocrx_word' id='word_1_573' title='bbox 3121 1634 3334 1686; x_wconf 89' lang='lat' dir='ltr'><strong>electus</strong></span> <span class='ocrx_word' id='word_1_574' title='bbox 3381 1633 3622 1687; x_wconf 89' lang='lat' dir='ltr'><strong>Lazarus</strong></span> 
     </span>
    </p>
   </div>
   <div class='ocr_carea' id='block_1_76' title="bbox 1920 1720 3622 1791">
    <p class='ocr_par' dir='ltr' id='par_1_76' title="bbox 1920 1720 3622 1791">
     <span class='ocr_line' id='line_1_76' title="bbox 1920 1720 3622 1791; baseline 0.001 -17"><span class='ocrx_word' id='word_1_575' title='bbox 1920 1736 1954 1774; x_wconf 88' lang='lat' dir='ltr'><strong>a</strong></span> <span class='ocrx_word' id='word_1_576' title='bbox 1983 1720 2227 1791; x_wconf 89' lang='lat' dir='ltr'><strong>reprobo</strong></span> <span class='ocrx_word' id='word_1_577' title='bbox 2280 1725 2364 1774; x_wconf 84' lang='lat' dir='ltr'><strong>est</strong></span> <span class='ocrx_word' id='word_1_578' title='bbox 2393 1720 2568 1774; x_wconf 91' lang='lat' dir='ltr'><strong>divite</strong></span> <span class='ocrx_word' id='word_1_579' title='bbox 2617 1721 2900 1791; x_wconf 87' lang='lat' dir='ltr'><strong>cognitus,</strong></span> <span class='ocrx_word' id='word_1_580' title='bbox 2943 1737 3116 1791; x_wconf 88' lang='lat' dir='ltr'><strong>quem</strong></span> <span class='ocrx_word' id='word_1_581' title='bbox 3152 1721 3300 1774; x_wconf 89' lang='lat' dir='ltr'><strong>mitti</strong></span> <span class='ocrx_word' id='word_1_582' title='bbox 3356 1725 3622 1791; x_wconf 86' lang='lat' dir='ltr'><strong>precatur</strong></span> 
     </span>
    </p>
   </div>
   <div class='ocr_carea' id='block_1_77' title="bbox 1923 1808 3622 1878">
    <p class='ocr_par' dir='ltr' id='par_1_77' title="bbox 1923 1808 3622 1878">
     <span class='ocr_line' id='line_1_77' title="bbox 1923 1808 3622 1878; baseline 0.001 -15"><span class='ocrx_word' id='word_1_583' title='bbox 1923 1826 1990 1863; x_wconf 90' lang='lat' dir='ltr'><strong>ex</strong></span> <span class='ocrx_word' id='word_1_584' title='bbox 2055 1808 2313 1877; x_wconf 89' lang='lat' dir='ltr'><strong>nomine,</strong></span> <span class='ocrx_word' id='word_1_585' title='bbox 2380 1809 2572 1864; x_wconf 90' lang='lat' dir='ltr'><strong>dicens</strong></span> <span class='ocrx_word' id='word_1_586' title='bbox 2624 1826 2637 1864; x_wconf 92' lang='lat'><strong>:</strong></span> <span class='ocrx_word' id='word_1_587' title='bbox 2690 1810 2841 1864; x_wconf 84' lang='lat' dir='ltr'><strong>Mitte</strong></span> <span class='ocrx_word' id='word_1_588' title='bbox 2902 1811 3197 1874; x_wconf 90' lang='lat' dir='ltr'><strong>Lazarum,</strong></span> <span class='ocrx_word' id='word_1_589' title='bbox 3256 1815 3317 1862; x_wconf 91' lang='lat' dir='ltr'><strong>ut</strong></span> <span class='ocrx_word' id='word_1_590' title='bbox 3376 1810 3622 1878; x_wconf 90' lang='lat' dir='ltr'><strong>iutingat</strong></span> 
     </span>
    </p>
   </div>
   <div class='ocr_carea' id='block_1_78' title="bbox 1922 1897 3618 1969">
    <p class='ocr_par' dir='ltr' id='par_1_78' title="bbox 1922 1897 3618 1969">
     <span class='ocr_line' id='line_1_78' title="bbox 1922 1897 3618 1969; baseline -0.001 -17"><span class='ocrx_word' id='word_1_591' title='bbox 1922 1903 2240 1953; x_wconf 87' lang='lat' dir='ltr'><strong>extremum</strong></span> <span class='ocrx_word' id='word_1_592' title='bbox 2293 1897 2458 1967; x_wconf 89' lang='lat' dir='ltr'><strong>digiti</strong></span> <span class='ocrx_word' id='word_1_593' title='bbox 2516 1898 2604 1951; x_wconf 91' lang='lat' dir='ltr'><strong>sui</strong></span> <span class='ocrx_word' id='word_1_594' title='bbox 2654 1898 2715 1951; x_wconf 89' lang='lat' dir='ltr'><strong>in</strong></span> <span class='ocrx_word' id='word_1_595' title='bbox 2770 1914 2999 1969; x_wconf 88' lang='lat' dir='ltr'><strong>aquam,</strong></span> <span class='ocrx_word' id='word_1_596' title='bbox 3034 1904 3097 1951; x_wconf 89' lang='lat' dir='ltr'><strong>ut</strong></span> <span class='ocrx_word' id='word_1_597' title='bbox 3145 1898 3449 1967; x_wconf 86' lang='lat' dir='ltr'><strong>refrigeret</strong></span> <span class='ocrx_word' id='word_1_598' title='bbox 3508 1898 3618 1951; x_wconf 91' lang='lat' dir='ltr'><strong>lin-</strong></span> 
     </span>
    </p>
   </div>
   <div class='ocr_carea' id='block_1_79' title="bbox 1920 1986 3617 2058">
    <p class='ocr_par' dir='ltr' id='par_1_79' title="bbox 1920 1986 3617 2058">
     <span class='ocr_line' id='line_1_79' title="bbox 1920 1986 3617 2058; baseline 0.002 -20"><span class='ocrx_word' id='word_1_599' title='bbox 1920 2001 2094 2058; x_wconf 89' lang='lat' dir='ltr'><strong>guam</strong></span> <span class='ocrx_word' id='word_1_600' title='bbox 2145 2002 2350 2040; x_wconf 90' lang='lat' dir='ltr'><strong>meam.</strong></span> <span class='ocrx_word' id='word_1_601' title='bbox 2386 1988 2446 2041; x_wconf 92' lang='lat' dir='ltr'><strong>In</strong></span> <span class='ocrx_word' id='word_1_602' title='bbox 2483 2003 2598 2057; x_wconf 90' lang='lat' dir='ltr'><strong>qua</strong></span> <span class='ocrx_word' id='word_1_603' title='bbox 2639 1987 2898 2040; x_wconf 90' lang='lat' dir='ltr'><strong>videlicet</strong></span> <span class='ocrx_word' id='word_1_604' title='bbox 2946 1986 3271 2053; x_wconf 88' lang='lat' dir='ltr'><strong>cognitione</strong></span> <span class='ocrx_word' id='word_1_605' title='bbox 3321 1986 3617 2056; x_wconf 89' lang='lat' dir='ltr'><strong>utriusque</strong></span> 
     </span>
    </p>
   </div>
   <div class='ocr_carea' id='block_1_80' title="bbox 1920 2074 3621 2145">
    <p class='ocr_par' dir='ltr' id='par_1_80' title="bbox 1920 2074 3621 2145">
     <span class='ocr_line' id='line_1_80' title="bbox 1920 2074 3621 2145; baseline 0.001 -18"><span class='ocrx_word' id='word_1_606' title='bbox 1920 2074 2099 2145; x_wconf 89' lang='lat' dir='ltr'><strong>partis</strong></span> <span class='ocrx_word' id='word_1_607' title='bbox 2130 2075 2394 2129; x_wconf 90' lang='lat' dir='ltr'><strong>cumulus</strong></span> <span class='ocrx_word' id='word_1_608' title='bbox 2426 2074 2820 2129; x_wconf 87' lang='lat' dir='ltr'><strong>retributionis</strong></span> <span class='ocrx_word' id='word_1_609' title='bbox 2850 2076 3139 2142; x_wconf 88' lang='lat' dir='ltr'><strong>excrescit,</strong></span> <span class='ocrx_word' id='word_1_610' title='bbox 3175 2081 3230 2128; x_wconf 91' lang='lat' dir='ltr'><strong>et</strong></span> <span class='ocrx_word' id='word_1_611' title='bbox 3253 2080 3313 2127; x_wconf 89' lang='lat' dir='ltr'><strong>ut</strong></span> <span class='ocrx_word' id='word_1_612' title='bbox 3340 2075 3473 2129; x_wconf 91' lang='lat' dir='ltr'><strong>boni</strong></span> <span class='ocrx_word' id='word_1_613' title='bbox 3503 2090 3621 2128; x_wconf 82' lang='lat' dir='ltr'><strong>am-</strong></span> 
     </span>
    </p>
   </div>
   <div class='ocr_carea' id='block_1_81' title="bbox 1919 2162 3612 2233">
    <p class='ocr_par' dir='ltr' id='par_1_81' title="bbox 1919 2162 3612 2233">
     <span class='ocr_line' id='line_1_81' title="bbox 1919 2162 3612 2233; baseline -0.001 -17"><span class='ocrx_word' id='word_1_614' title='bbox 1919 2163 2072 2232; x_wconf 88' lang='lat' dir='ltr'><strong>plius</strong></span> <span class='ocrx_word' id='word_1_615' title='bbox 2112 2162 2404 2233; x_wconf 87' lang='lat' dir='ltr'><strong>gaudeant</strong></span> <span class='ocrx_word' id='word_1_616' title='bbox 2436 2179 2448 2216; x_wconf 90' lang='lat'><strong>:</strong></span> <span class='ocrx_word' id='word_1_617' title='bbox 2483 2163 2622 2232; x_wconf 90' lang='lat' dir='ltr'><strong>quia</strong></span> <span class='ocrx_word' id='word_1_618' title='bbox 2652 2179 2840 2216; x_wconf 90' lang='lat' dir='ltr'><strong>secum</strong></span> <span class='ocrx_word' id='word_1_619' title='bbox 2878 2179 2972 2215; x_wconf 89' lang='lat' dir='ltr'><strong>eos</strong></span> <span class='ocrx_word' id='word_1_620' title='bbox 3006 2162 3186 2216; x_wconf 67' lang='lat' dir='ltr'><strong>laetari</strong></span> <span class='ocrx_word' id='word_1_621' title='bbox 3233 2163 3612 2233; x_wconf 89' lang='lat' dir='ltr'><strong>conspiciunt,</strong></span> 
     </span>
    </p>
   </div>
   <div class='ocr_carea' id='block_1_82' title="bbox 1921 2251 3614 2323">
    <p class='ocr_par' dir='ltr' id='par_1_82' title="bbox 1921 2251 3614 2323">
     <span class='ocr_line' id='line_1_82' title="bbox 1921 2251 3614 2323; baseline 0 -20"><span class='ocrx_word' id='word_1_622' title='bbox 1921 2268 2067 2323; x_wconf 89' lang='lat' dir='ltr'><strong>quos</strong></span> <span class='ocrx_word' id='word_1_623' title='bbox 2115 2256 2453 2306; x_wconf 88' lang='lat' dir='ltr'><strong>amaverunt</strong></span> <span class='ocrx_word' id='word_1_624' title='bbox 2484 2269 2496 2305; x_wconf 91' lang='lat'>:</span> <span class='ocrx_word' id='word_1_625' title='bbox 2531 2258 2587 2305; x_wconf 88' lang='lat' dir='ltr'><strong>et</strong></span> <span class='ocrx_word' id='word_1_626' title='bbox 2620 2252 2754 2305; x_wconf 88' lang='lat' dir='ltr'><strong>mali</strong></span> <span class='ocrx_word' id='word_1_627' title='bbox 2783 2251 2918 2305; x_wconf 90' lang='lat' dir='ltr'><strong>dum</strong></span> <span class='ocrx_word' id='word_1_628' title='bbox 2949 2267 3077 2305; x_wconf 91' lang='lat' dir='ltr'><strong>cum</strong></span> <span class='ocrx_word' id='word_1_629' title='bbox 3124 2251 3206 2304; x_wconf 90' lang='lat' dir='ltr'><strong>eis</strong></span> <span class='ocrx_word' id='word_1_630' title='bbox 3248 2256 3614 2322; x_wconf 89' lang='lat' dir='ltr'><strong>torquentur,</strong></span> 
     </span>
    </p>
   </div>
   <div class='ocr_carea' id='block_1_83' title="bbox 1920 2338 3619 2411">
    <p class='ocr_par' dir='ltr' id='par_1_83' title="bbox 1920 2338 3619 2411">
     <span class='ocr_line' id='line_1_83' title="bbox 1920 2338 3619 2411; baseline 0.002 -21"><span class='ocrx_word' id='word_1_631' title='bbox 1920 2355 2061 2411; x_wconf 89' lang='lat' dir='ltr'><strong>quos</strong></span> <span class='ocrx_word' id='word_1_632' title='bbox 2088 2338 2148 2393; x_wconf 93' lang='lat' dir='ltr'><strong>in</strong></span> <span class='ocrx_word' id='word_1_633' title='bbox 2179 2340 2288 2393; x_wconf 93' lang='lat' dir='ltr'><strong>hoc</strong></span> <span class='ocrx_word' id='word_1_634' title='bbox 2317 2340 2533 2394; x_wconf 90' lang='lat' dir='ltr'><strong>mundo</strong></span> <span class='ocrx_word' id='word_1_635' title='bbox 2559 2340 2825 2409; x_wconf 82' lang='lat' dir='ltr'><strong>despecto</strong></span> <span class='ocrx_word' id='word_1_636' title='bbox 2859 2340 2972 2392; x_wconf 91' lang='lat' dir='ltr'><strong>Deo</strong></span> <span class='ocrx_word' id='word_1_637' title='bbox 3004 2340 3346 2403; x_wconf 86' lang='lat' dir='ltr'><strong>dilexerunt,</strong></span> <span class='ocrx_word' id='word_1_638' title='bbox 3378 2355 3473 2392; x_wconf 92' lang='lat' dir='ltr'><strong>eos</strong></span> <span class='ocrx_word' id='word_1_639' title='bbox 3503 2355 3619 2394; x_wconf 92' lang='lat' dir='ltr'><strong>non</strong></span> 
     </span>
    </p>
   </div>
   <div class='ocr_carea' id='block_1_84' title="bbox 1920 2428 3621 2497">
    <p class='ocr_par' dir='ltr' id='par_1_84' title="bbox 1920 2428 3621 2497">
     <span class='ocr_line' id='line_1_84' title="bbox 1920 2428 3621 2497; baseline 0 -16"><span class='ocrx_word' id='word_1_640' title='bbox 1920 2428 2108 2482; x_wconf 92' lang='lat' dir='ltr'><strong>solum</strong></span> <span class='ocrx_word' id='word_1_641' title='bbox 2158 2444 2279 2495; x_wconf 87' lang='lat' dir='ltr'><strong>sna,</strong></span> <span class='ocrx_word' id='word_1_642' title='bbox 2340 2428 2437 2482; x_wconf 89' lang='lat' dir='ltr'><strong>sed</strong></span> <span class='ocrx_word' id='word_1_643' title='bbox 2471 2430 2646 2482; x_wconf 88' lang='lat' dir='ltr'><strong>etiam</strong></span> <span class='ocrx_word' id='word_1_644' title='bbox 2697 2444 2897 2482; x_wconf 91' lang='lat' dir='ltr'><strong>eorum</strong></span> <span class='ocrx_word' id='word_1_645' title='bbox 2946 2443 3116 2497; x_wconf 76' lang='lat' dir='ltr'><strong>pcena</strong></span> <span class='ocrx_word' id='word_1_646' title='bbox 3162 2432 3481 2481; x_wconf 89' lang='lat' dir='ltr'><strong>consumat.</strong></span> <span class='ocrx_word' id='word_1_647' title='bbox 3532 2428 3621 2482; x_wconf 89' lang='lat' dir='ltr'><strong>Fit</strong></span> 
     </span>
    </p>
   </div>
   <div class='ocr_carea' id='block_1_85' title="bbox 1920 2516 3615 2587">
    <p class='ocr_par' dir='ltr' id='par_1_85' title="bbox 1920 2516 3615 2587">
     <span class='ocr_line' id='line_1_85' title="bbox 1920 2516 3615 2587; baseline 0 -17"><span class='ocrx_word' id='word_1_648' title='bbox 1920 2522 2114 2570; x_wconf 89' lang='lat' dir='ltr'><strong>autem</strong></span> <span class='ocrx_word' id='word_1_649' title='bbox 2160 2517 2221 2570; x_wconf 90' lang='lat' dir='ltr'><strong>in</strong></span> <span class='ocrx_word' id='word_1_650' title='bbox 2254 2516 2445 2571; x_wconf 91' lang='lat' dir='ltr'><strong>electis</strong></span> <span class='ocrx_word' id='word_1_651' title='bbox 2492 2517 2766 2587; x_wconf 89' lang='lat' dir='ltr'><strong>quiddam</strong></span> <span class='ocrx_word' id='word_1_652' title='bbox 2817 2516 3135 2571; x_wconf 90' lang='lat' dir='ltr'><strong>mirabilius</strong></span> <span class='ocrx_word' id='word_1_653' title='bbox 3168 2533 3181 2570; x_wconf 90' lang='lat'><strong>:</strong></span> <span class='ocrx_word' id='word_1_654' title='bbox 3216 2516 3353 2585; x_wconf 88' lang='lat' dir='ltr'><strong>quia</strong></span> <span class='ocrx_word' id='word_1_655' title='bbox 3379 2532 3493 2570; x_wconf 91' lang='lat' dir='ltr'><strong>non</strong></span> <span class='ocrx_word' id='word_1_656' title='bbox 3525 2533 3615 2570; x_wconf 88' lang='lat' dir='ltr'><strong>so-</strong></span> 
     </span>
    </p>
   </div>
   <div class='ocr_carea' id='block_1_86' title="bbox 1927 2604 3616 2676">
    <p class='ocr_par' dir='ltr' id='par_1_86' title="bbox 1927 2604 3616 2676">
     <span class='ocr_line' id='line_1_86' title="bbox 1927 2604 3616 2676; baseline -0.002 -18"><span class='ocrx_word' id='word_1_657' title='bbox 1927 2606 2047 2659; x_wconf 89' lang='lat' dir='ltr'><strong>lum</strong></span> <span class='ocrx_word' id='word_1_658' title='bbox 2097 2621 2195 2659; x_wconf 90' lang='lat' dir='ltr'><strong>eos</strong></span> <span class='ocrx_word' id='word_1_659' title='bbox 2225 2611 2580 2676; x_wconf 89' lang='lat' dir='ltr'><strong>cognoscunt</strong></span> <span class='ocrx_word' id='word_1_660' title='bbox 2632 2622 2772 2675; x_wconf 91' lang='lat' dir='ltr'><strong>quos</strong></span> <span class='ocrx_word' id='word_1_661' title='bbox 2821 2605 2881 2657; x_wconf 93' lang='lat' dir='ltr'><strong>in</strong></span> <span class='ocrx_word' id='word_1_662' title='bbox 2912 2605 3019 2658; x_wconf 93' lang='lat' dir='ltr'><strong>hoc</strong></span> <span class='ocrx_word' id='word_1_663' title='bbox 3049 2604 3263 2658; x_wconf 90' lang='lat' dir='ltr'><strong>mundo</strong></span> <span class='ocrx_word' id='word_1_664' title='bbox 3314 2607 3616 2668; x_wconf 88' lang='lat' dir='ltr'><strong>noverunt,</strong></span> 
     </span>
    </p>
   </div>
   <div class='ocr_carea' id='block_1_87' title="bbox 1920 2691 3617 2763">
    <p class='ocr_par' dir='ltr' id='par_1_87' title="bbox 1920 2691 3617 2763">
     <span class='ocr_line' id='line_1_87' title="bbox 1920 2691 3617 2763; baseline -0.002 -16"><span class='ocrx_word' id='word_1_665' title='bbox 1920 2694 2017 2748; x_wconf 91' lang='lat' dir='ltr'><strong>sed</strong></span> <span class='ocrx_word' id='word_1_666' title='bbox 2046 2693 2201 2747; x_wconf 89' lang='lat' dir='ltr'><strong>velut</strong></span> <span class='ocrx_word' id='word_1_667' title='bbox 2228 2693 2377 2747; x_wconf 89' lang='lat' dir='ltr'><strong>visos</strong></span> <span class='ocrx_word' id='word_1_668' title='bbox 2407 2709 2471 2746; x_wconf 86' lang='lat' dir='ltr'><strong>ac</strong></span> <span class='ocrx_word' id='word_1_669' title='bbox 2499 2693 2761 2761; x_wconf 88' lang='lat' dir='ltr'><strong>cognitos</strong></span> <span class='ocrx_word' id='word_1_670' title='bbox 2791 2698 3207 2763; x_wconf 90' lang='lat' dir='ltr'><strong>recognoscunt</strong></span> <span class='ocrx_word' id='word_1_671' title='bbox 3241 2691 3439 2759; x_wconf 90' lang='lat' dir='ltr'><strong>bonos,</strong></span> <span class='ocrx_word' id='word_1_672' title='bbox 3473 2707 3617 2761; x_wconf 88' lang='lat' dir='ltr'><strong>quos</strong></span> 
     </span>
    </p>
   </div>
   <div class='ocr_carea' id='block_1_88' title="bbox 1921 2779 3617 2851">
    <p class='ocr_par' dir='ltr' id='par_1_88' title="bbox 1921 2779 3617 2851">
     <span class='ocr_line' id='line_1_88' title="bbox 1921 2779 3617 2851; baseline -0.001 -16"><span class='ocrx_word' id='word_1_673' title='bbox 1921 2796 2219 2851; x_wconf 88' lang='lat' dir='ltr'><strong>nunquam</strong></span> <span class='ocrx_word' id='word_1_674' title='bbox 2251 2780 2532 2834; x_wconf 90' lang='lat' dir='ltr'><strong>viderunt.</strong></span> <span class='ocrx_word' id='word_1_675' title='bbox 2574 2782 2715 2835; x_wconf 88' lang='lat' dir='ltr'><strong>Nam</strong></span> <span class='ocrx_word' id='word_1_676' title='bbox 2747 2797 2875 2834; x_wconf 92' lang='lat' dir='ltr'><strong>cum</strong></span> <span class='ocrx_word' id='word_1_677' title='bbox 2909 2780 3176 2850; x_wconf 90' lang='lat' dir='ltr'><strong>antiquos</strong></span> <span class='ocrx_word' id='word_1_678' title='bbox 3204 2788 3398 2850; x_wconf 88' lang='lat' dir='ltr'><strong>patres</strong></span> <span class='ocrx_word' id='word_1_679' title='bbox 3430 2780 3486 2831; x_wconf 89' lang='lat' dir='ltr'><strong>in</strong></span> <span class='ocrx_word' id='word_1_680' title='bbox 3517 2779 3617 2833; x_wconf 91' lang='lat' dir='ltr'><strong>illa</strong></span> 
     </span>
    </p>
   </div>
   <div class='ocr_carea' id='block_1_89' title="bbox 1921 2866 3619 2938">
    <p class='ocr_par' dir='ltr' id='par_1_89' title="bbox 1921 2866 3619 2938">
     <span class='ocr_line' id='line_1_89' title="bbox 1921 2866 3619 2938; baseline -0.001 -15"><span class='ocrx_word' id='word_1_681' title='bbox 1921 2874 2133 2924; x_wconf 65' lang='lat' dir='ltr'><strong>aeterna</strong></span> <span class='ocrx_word' id='word_1_682' title='bbox 2159 2868 2498 2923; x_wconf 69' lang='lat' dir='ltr'><strong>haereditate</strong></span> <span class='ocrx_word' id='word_1_683' title='bbox 2518 2868 2787 2932; x_wconf 87' lang='lat' dir='ltr'><strong>viderint,</strong></span> <span class='ocrx_word' id='word_1_684' title='bbox 2810 2868 2891 2922; x_wconf 92' lang='lat' dir='ltr'><strong>eis</strong></span> <span class='ocrx_word' id='word_1_685' title='bbox 2920 2868 3195 2938; x_wconf 90' lang='lat' dir='ltr'><strong>incogniti</strong></span> <span class='ocrx_word' id='word_1_686' title='bbox 3216 2883 3320 2937; x_wconf 92' lang='lat' dir='ltr'><strong>per</strong></span> <span class='ocrx_word' id='word_1_687' title='bbox 3339 2866 3619 2922; x_wconf 87' lang='lat' dir='ltr'><strong>visionem</strong></span> 
     </span>
    </p>
   </div>
   <div class='ocr_carea' id='block_1_90' title="bbox 1922 2955 3619 3028">
    <p class='ocr_par' dir='ltr' id='par_1_90' title="bbox 1922 2955 3619 3028">
     <span class='ocr_line' id='line_1_90' title="bbox 1922 2955 3619 3028; baseline -0.001 -16"><span class='ocrx_word' id='word_1_688' title='bbox 1922 2975 2035 3012; x_wconf 89' lang='lat' dir='ltr'><strong>non</strong></span> <span class='ocrx_word' id='word_1_689' title='bbox 2087 2961 2276 3025; x_wconf 89' lang='lat' dir='ltr'><strong>erunt,</strong></span> <span class='ocrx_word' id='word_1_690' title='bbox 2334 2974 2477 3028; x_wconf 89' lang='lat' dir='ltr'><strong>quos</strong></span> <span class='ocrx_word' id='word_1_691' title='bbox 2529 2957 2589 3011; x_wconf 91' lang='lat' dir='ltr'><strong>in</strong></span> <span class='ocrx_word' id='word_1_692' title='bbox 2622 2974 2796 3027; x_wconf 89' lang='lat' dir='ltr'><strong>opere</strong></span> <span class='ocrx_word' id='word_1_693' title='bbox 2844 2973 3072 3027; x_wconf 86' lang='lat' dir='ltr'><strong>semper</strong></span> <span class='ocrx_word' id='word_1_694' title='bbox 3120 2962 3424 3009; x_wconf 89' lang='lat' dir='ltr'><strong>noverunt.</strong></span> <span class='ocrx_word' id='word_1_695' title='bbox 3475 2955 3619 3020; x_wconf 91' lang='lat' dir='ltr'><strong>Quia</strong></span> 
     </span>
    </p>
   </div>
   <div class='ocr_carea' id='block_1_91' title="bbox 1921 3043 3616 3113">
    <p class='ocr_par' dir='ltr' id='par_1_91' title="bbox 1921 3043 3616 3113">
     <span class='ocr_line' id='line_1_91' title="bbox 1921 3043 3616 3113; baseline -0.002 -14"><span class='ocrx_word' id='word_1_696' title='bbox 1921 3047 2076 3100; x_wconf 88' lang='lat' dir='ltr'><strong>enim</strong></span> <span class='ocrx_word' id='word_1_697' title='bbox 2122 3045 2239 3100; x_wconf 93' lang='lat' dir='ltr'><strong>illic</strong></span> <span class='ocrx_word' id='word_1_698' title='bbox 2268 3061 2467 3099; x_wconf 90' lang='lat' dir='ltr'><strong>omnes</strong></span> <span class='ocrx_word' id='word_1_699' title='bbox 2515 3045 2812 3099; x_wconf 90' lang='lat' dir='ltr'><strong>communi</strong></span> <span class='ocrx_word' id='word_1_700' title='bbox 2863 3045 3116 3098; x_wconf 88' lang='lat' dir='ltr'><strong>claritate</strong></span> <span class='ocrx_word' id='word_1_701' title='bbox 3150 3046 3329 3098; x_wconf 90' lang='lat' dir='ltr'><strong>Deum</strong></span> <span class='ocrx_word' id='word_1_702' title='bbox 3385 3043 3616 3113; x_wconf 89' lang='lat' dir='ltr'><strong>conspi-</strong></span> 
     </span>
    </p>
   </div>
   <div class='ocr_carea' id='block_1_92' title="bbox 1921 3132 3618 3205">
    <p class='ocr_par' dir='ltr' id='par_1_92' title="bbox 1921 3132 3618 3205">
     <span class='ocr_line' id='line_1_92' title="bbox 1921 3132 3618 3205; baseline -0.002 -17"><span class='ocrx_word' id='word_1_703' title='bbox 1921 3134 2098 3199; x_wconf 89' lang='lat' dir='ltr'><strong>ciunt,</strong></span> <span class='ocrx_word' id='word_1_704' title='bbox 2132 3133 2269 3205; x_wconf 88' lang='lat' dir='ltr'><strong>quid</strong></span> <span class='ocrx_word' id='word_1_705' title='bbox 2303 3139 2389 3187; x_wconf 90' lang='lat' dir='ltr'><strong>est</strong></span> <span class='ocrx_word' id='word_1_706' title='bbox 2409 3134 2560 3203; x_wconf 90' lang='lat' dir='ltr'><strong>quod</strong></span> <span class='ocrx_word' id='word_1_707' title='bbox 2589 3134 2664 3187; x_wconf 91' lang='lat' dir='ltr'><strong>ibi</strong></span> <span class='ocrx_word' id='word_1_708' title='bbox 2692 3134 2961 3196; x_wconf 86' lang='lat' dir='ltr'><strong>nesciant,</strong></span> <span class='ocrx_word' id='word_1_709' title='bbox 2996 3133 3091 3187; x_wconf 89' lang='lat' dir='ltr'><strong>ubi</strong></span> <span class='ocrx_word' id='word_1_710' title='bbox 3126 3133 3399 3186; x_wconf 87' lang='lat' dir='ltr'><strong>scientem</strong></span> <span class='ocrx_word' id='word_1_711' title='bbox 3424 3132 3618 3185; x_wconf 89' lang='lat' dir='ltr'><strong>omnia</strong></span> 
     </span>
    </p>
   </div>
   <div class='ocr_carea' id='block_1_93' title="bbox 1921 3220 3611 3293">
    <p class='ocr_par' dir='ltr' id='par_1_93' title="bbox 1921 3220 3611 3293">
     <span class='ocr_line' id='line_1_93' title="bbox 1921 3220 3611 3293; baseline -0.004 -16"><span class='ocrx_word' id='word_1_712' title='bbox 1921 3221 2154 3277; x_wconf 86' lang='lat' dir='ltr'><strong>sciunt?</strong></span> <span class='ocrx_word' id='word_1_713' title='bbox 2203 3223 2344 3277; x_wconf 88' lang='lat' dir='ltr'><strong>Nam</strong></span> <span class='ocrx_word' id='word_1_714' title='bbox 2379 3223 2612 3293; x_wconf 89' lang='lat' dir='ltr'><strong>quidam</strong></span> <span class='ocrx_word' id='word_1_715' title='bbox 2648 3228 2841 3275; x_wconf 89' lang='lat' dir='ltr'><strong>noster</strong></span> <span class='ocrx_word' id='word_1_716' title='bbox 2872 3227 2927 3273; x_wconf 88' lang='lat' dir='ltr'><strong>et</strong></span> <span class='ocrx_word' id='word_1_717' title='bbox 2957 3221 3086 3275; x_wconf 78' lang='lat' dir='ltr'><strong>vitae</strong></span> <span class='ocrx_word' id='word_1_718' title='bbox 3135 3220 3474 3274; x_wconf 87' lang='lat' dir='ltr'><strong>venerabilis</strong></span> <span class='ocrx_word' id='word_1_719' title='bbox 3507 3221 3611 3287; x_wconf 87' lang='lat' dir='ltr'><strong>vir,</strong></span> 
     </span>
    </p>
   </div>
   <div class='ocr_carea' id='block_1_94' title="bbox 1920 3308 3613 3381">
    <p class='ocr_par' dir='ltr' id='par_1_94' title="bbox 1920 3308 3613 3381">
     <span class='ocr_line' id='line_1_94' title="bbox 1920 3308 3613 3381; baseline -0.001 -17"><span class='ocrx_word' id='word_1_720' title='bbox 1920 3311 2338 3381; x_wconf 89' lang='lat' dir='ltr'><strong>religiosusque</strong></span> <span class='ocrx_word' id='word_1_721' title='bbox 2387 3311 2548 3363; x_wconf 89' lang='lat' dir='ltr'><strong>valde</strong></span> <span class='ocrx_word' id='word_1_722' title='bbox 2599 3316 2657 3364; x_wconf 89' lang='lat' dir='ltr'><strong>et</strong></span> <span class='ocrx_word' id='word_1_723' title='bbox 2703 3309 3028 3377; x_wconf 90' lang='lat' dir='ltr'><strong>laudabilis,</strong></span> <span class='ocrx_word' id='word_1_724' title='bbox 3072 3324 3205 3362; x_wconf 89' lang='lat' dir='ltr'><strong>cum</strong></span> <span class='ocrx_word' id='word_1_725' title='bbox 3256 3315 3386 3361; x_wconf 90' lang='lat' dir='ltr'><strong>ante</strong></span> <span class='ocrx_word' id='word_1_726' title='bbox 3431 3308 3613 3362; x_wconf 88' lang='lat' dir='ltr'><strong>trien-</strong></span> 
     </span>
    </p>
   </div>
   <div class='ocr_carea' id='block_1_95' title="bbox 1918 3396 3612 3467">
    <p class='ocr_par' dir='ltr' id='par_1_95' title="bbox 1918 3396 3612 3467">
     <span class='ocr_line' id='line_1_95' title="bbox 1918 3396 3612 3467; baseline -0.002 -15"><span class='ocrx_word' id='word_1_727' title='bbox 1918 3399 2083 3453; x_wconf 90' lang='lat' dir='ltr'><strong>nium</strong></span> <span class='ocrx_word' id='word_1_728' title='bbox 2130 3403 2473 3457; x_wconf 84' lang='lat' dir='ltr'><strong>moreretur,</strong></span> <span class='ocrx_word' id='word_1_729' title='bbox 2524 3397 2668 3451; x_wconf 88' lang='lat' dir='ltr'><strong>sicut</strong></span> <span class='ocrx_word' id='word_1_730' title='bbox 2716 3396 2969 3467; x_wconf 89' lang='lat' dir='ltr'><strong>religiosi</strong></span> <span class='ocrx_word' id='word_1_731' title='bbox 3012 3397 3127 3463; x_wconf 89' lang='lat' dir='ltr'><strong>alii,</strong></span> <span class='ocrx_word' id='word_1_732' title='bbox 3176 3397 3273 3466; x_wconf 90' lang='lat' dir='ltr'><strong>qui</strong></span> <span class='ocrx_word' id='word_1_733' title='bbox 3309 3401 3612 3465; x_wconf 83' lang='lat' dir='ltr'><strong>praesentes</strong></span> 
     </span>
    </p>
   </div>
   <div class='ocr_carea' id='block_1_96' title="bbox 1918 3484 3613 3552">
    <p class='ocr_par' dir='ltr' id='par_1_96' title="bbox 1918 3484 3613 3552">
     <span class='ocr_line' id='line_1_96' title="bbox 1918 3484 3613 3552; baseline -0.002 -12"><span class='ocrx_word' id='word_1_734' title='bbox 1918 3486 2167 3552; x_wconf 88' lang='lat' dir='ltr'><strong>fuerunt,</strong></span> <span class='ocrx_word' id='word_1_735' title='bbox 2235 3485 2428 3540; x_wconf 86' lang='lat' dir='ltr'><strong>testati</strong></span> <span class='ocrx_word' id='word_1_736' title='bbox 2492 3490 2640 3552; x_wconf 92' lang='lat' dir='ltr'><strong>sunt,</strong></span> <span class='ocrx_word' id='word_1_737' title='bbox 2698 3485 2756 3537; x_wconf 90' lang='lat' dir='ltr'><strong>in</strong></span> <span class='ocrx_word' id='word_1_738' title='bbox 2823 3485 2964 3538; x_wconf 90' lang='lat' dir='ltr'><strong>hora</strong></span> <span class='ocrx_word' id='word_1_739' title='bbox 3031 3484 3121 3538; x_wconf 90' lang='lat' dir='ltr'><strong>sui</strong></span> <span class='ocrx_word' id='word_1_740' title='bbox 3169 3484 3351 3537; x_wconf 86' lang='lat' dir='ltr'><strong>exitus</strong></span> <span class='ocrx_word' id='word_1_741' title='bbox 3411 3485 3613 3538; x_wconf 83' lang='lat' dir='ltr'><strong>Jonam</strong></span> 
     </span>
    </p>
   </div>
   <div class='ocr_carea' id='block_1_97' title="bbox 1918 3571 3615 3645">
    <p class='ocr_par' dir='ltr' id='par_1_97' title="bbox 1918 3571 3615 3645">
     <span class='ocr_line' id='line_1_97' title="bbox 1918 3571 3615 3645; baseline -0.001 -19"><span class='ocrx_word' id='word_1_742' title='bbox 1918 3574 2281 3645; x_wconf 89' lang='lat' dir='ltr'><strong>prophetam,</strong></span> <span class='ocrx_word' id='word_1_743' title='bbox 2333 3573 2685 3627; x_wconf 90' lang='lat' dir='ltr'><strong>Ezechielem</strong></span> <span class='ocrx_word' id='word_1_744' title='bbox 2735 3588 2966 3643; x_wconf 90' lang='lat' dir='ltr'><strong>quoque</strong></span> <span class='ocrx_word' id='word_1_745' title='bbox 2998 3578 3053 3625; x_wconf 89' lang='lat' dir='ltr'><strong>et</strong></span> <span class='ocrx_word' id='word_1_746' title='bbox 3102 3572 3395 3626; x_wconf 89' lang='lat' dir='ltr'><strong>Danielem</strong></span> <span class='ocrx_word' id='word_1_747' title='bbox 3443 3571 3615 3641; x_wconf 69' lang='lat' dir='ltr'><strong>coepit</strong></span> 
     </span>
    </p>
   </div>
   <div class='ocr_carea' id='block_1_98' title="bbox 1922 3660 3613 3733">
    <p class='ocr_par' dir='ltr' id='par_1_98' title="bbox 1922 3660 3613 3733">
     <span class='ocr_line' id='line_1_98' title="bbox 1922 3660 3613 3733; baseline -0.002 -17"><span class='ocrx_word' id='word_1_748' title='bbox 1922 3663 2194 3733; x_wconf 89' lang='lat' dir='ltr'><strong>aspicere.</strong></span> <span class='ocrx_word' id='word_1_749' title='bbox 2255 3661 2406 3726; x_wconf 91' lang='lat' dir='ltr'><strong>Quos</strong></span> <span class='ocrx_word' id='word_1_750' title='bbox 2454 3661 2592 3715; x_wconf 91' lang='lat' dir='ltr'><strong>dum</strong></span> <span class='ocrx_word' id='word_1_751' title='bbox 2648 3660 2867 3714; x_wconf 91' lang='lat' dir='ltr'><strong>venisse</strong></span> <span class='ocrx_word' id='word_1_752' title='bbox 2920 3660 2987 3714; x_wconf 89' lang='lat' dir='ltr'><strong>ad</strong></span> <span class='ocrx_word' id='word_1_753' title='bbox 3036 3676 3094 3713; x_wconf 92' lang='lat' dir='ltr'><strong>se</strong></span> <span class='ocrx_word' id='word_1_754' title='bbox 3124 3660 3354 3724; x_wconf 88' lang='lat' dir='ltr'><strong>diceret,</strong></span> <span class='ocrx_word' id='word_1_755' title='bbox 3412 3664 3470 3713; x_wconf 90' lang='lat' dir='ltr'><strong>et</strong></span> <span class='ocrx_word' id='word_1_756' title='bbox 3514 3660 3613 3714; x_wconf 91' lang='lat' dir='ltr'><strong>de-</strong></span> 
     </span>
    </p>
   </div>
   <div class='ocr_carea' id='block_1_99' title="bbox 1918 3748 3612 3821">
    <p class='ocr_par' dir='ltr' id='par_1_99' title="bbox 1918 3748 3612 3821">
     <span class='ocr_line' id='line_1_99' title="bbox 1918 3748 3612 3821; baseline -0.001 -17"><span class='ocrx_word' id='word_1_757' title='bbox 1918 3750 2132 3821; x_wconf 87' lang='lat' dir='ltr'><strong>pressis</strong></span> <span class='ocrx_word' id='word_1_758' title='bbox 2159 3750 2472 3803; x_wconf 90' lang='lat' dir='ltr'><strong>luminibus</strong></span> <span class='ocrx_word' id='word_1_759' title='bbox 2494 3750 2574 3803; x_wconf 91' lang='lat' dir='ltr'><strong>eis</strong></span> <span class='ocrx_word' id='word_1_760' title='bbox 2594 3748 2926 3803; x_wconf 65' lang='lat' dir='ltr'><strong>reverentiae</strong></span> <span class='ocrx_word' id='word_1_761' title='bbox 2948 3748 3286 3818; x_wconf 91' lang='lat' dir='ltr'><strong>obsequium</strong></span> <span class='ocrx_word' id='word_1_762' title='bbox 3310 3748 3612 3818; x_wconf 63' lang='lat' dir='ltr'><strong>preberet,</strong></span> 
     </span>
    </p>
   </div>
   <div class='ocr_carea' id='block_1_100' title="bbox 1921 3836 3610 3907">
    <p class='ocr_par' dir='ltr' id='par_1_100' title="bbox 1921 3836 3610 3907">
     <span class='ocr_line' id='line_1_100' title="bbox 1921 3836 3610 3907; baseline -0.002 -14"><span class='ocrx_word' id='word_1_763' title='bbox 1921 3856 1985 3894; x_wconf 89' lang='lat' dir='ltr'><strong>ex</strong></span> <span class='ocrx_word' id='word_1_764' title='bbox 2012 3855 2182 3893; x_wconf 86' lang='lat' dir='ltr'><strong>carne</strong></span> <span class='ocrx_word' id='word_1_765' title='bbox 2213 3839 2447 3893; x_wconf 91' lang='lat' dir='ltr'><strong>eductus</strong></span> <span class='ocrx_word' id='word_1_766' title='bbox 2467 3842 2569 3892; x_wconf 91' lang='lat' dir='ltr'><strong>est.</strong></span> <span class='ocrx_word' id='word_1_767' title='bbox 2603 3838 2726 3902; x_wconf 91' lang='lat' dir='ltr'><strong>Qua</strong></span> <span class='ocrx_word' id='word_1_768' title='bbox 2748 3837 2803 3890; x_wconf 91' lang='lat' dir='ltr'><strong>in</strong></span> <span class='ocrx_word' id='word_1_769' title='bbox 2838 3854 2897 3889; x_wconf 89' lang='lat' dir='ltr'><strong>re</strong></span> <span class='ocrx_word' id='word_1_770' title='bbox 2928 3842 3122 3907; x_wconf 89' lang='lat' dir='ltr'><strong>aperte</strong></span> <span class='ocrx_word' id='word_1_771' title='bbox 3146 3838 3313 3891; x_wconf 89' lang='lat' dir='ltr'><strong>datur</strong></span> <span class='ocrx_word' id='word_1_772' title='bbox 3342 3836 3610 3905; x_wconf 88' lang='lat' dir='ltr'><strong>intelligi,</strong></span> 
     </span>
    </p>
   </div>
   <div class='ocr_carea' id='block_1_101' title="bbox 1920 3925 3614 3999">
    <p class='ocr_par' dir='ltr' id='par_1_101' title="bbox 1920 3925 3614 3999">
     <span class='ocr_line' id='line_1_101' title="bbox 1920 3925 3614 3999; baseline -0.003 -17"><span class='ocrx_word' id='word_1_773' title='bbox 1920 3944 2049 3999; x_wconf 76' lang='lat' dir='ltr'><strong>quae.</strong></span> <span class='ocrx_word' id='word_1_774' title='bbox 2080 3927 2189 3982; x_wconf 88' lang='lat' dir='ltr'><strong>erit</strong></span> <span class='ocrx_word' id='word_1_775' title='bbox 2219 3927 2278 3981; x_wconf 93' lang='lat' dir='ltr'><strong>in</strong></span> <span class='ocrx_word' id='word_1_776' title='bbox 2308 3927 2405 3981; x_wconf 92' lang='lat' dir='ltr'><strong>illa</strong></span> <span class='ocrx_word' id='word_1_777' title='bbox 2455 3925 2873 3995; x_wconf 89' lang='lat' dir='ltr'><strong>incorruptibili</strong></span> <span class='ocrx_word' id='word_1_778' title='bbox 2903 3926 3015 3979; x_wconf 88' lang='lat' dir='ltr'><strong>vita</strong></span> <span class='ocrx_word' id='word_1_779' title='bbox 3049 3925 3271 3991; x_wconf 88' lang='lat' dir='ltr'><strong>notitia,</strong></span> <span class='ocrx_word' id='word_1_780' title='bbox 3304 3925 3348 3978; x_wconf 89' lang='lat' dir='ltr'><strong>si</strong></span> <span class='ocrx_word' id='word_1_781' title='bbox 3393 3925 3479 3977; x_wconf 91' lang='lat' dir='ltr'><strong>vir</strong></span> <span class='ocrx_word' id='word_1_782' title='bbox 3508 3925 3614 3978; x_wconf 89' lang='lat' dir='ltr'><strong>iste</strong></span> 
     </span>
    </p>
   </div>
   <div class='ocr_carea' id='block_1_102' title="bbox 1920 4014 3616 4085">
    <p class='ocr_par' dir='ltr' id='par_1_102' title="bbox 1920 4014 3616 4085">
     <span class='ocr_line' id='line_1_102' title="bbox 1920 4014 3616 4085; baseline -0.004 -14"><span class='ocrx_word' id='word_1_783' title='bbox 1920 4018 2107 4071; x_wconf 90' lang='lat' dir='ltr'><strong>adhuc</strong></span> <span class='ocrx_word' id='word_1_784' title='bbox 2147 4017 2207 4070; x_wconf 90' lang='lat' dir='ltr'><strong>in</strong></span> <span class='ocrx_word' id='word_1_785' title='bbox 2236 4032 2405 4069; x_wconf 89' lang='lat' dir='ltr'><strong>carne</strong></span> <span class='ocrx_word' id='word_1_786' title='bbox 2451 4015 2808 4085; x_wconf 89' lang='lat' dir='ltr'><strong>corruptibili</strong></span> <span class='ocrx_word' id='word_1_787' title='bbox 2858 4018 3095 4083; x_wconf 87' lang='lat' dir='ltr'><strong>positus,</strong></span> <span class='ocrx_word' id='word_1_788' title='bbox 3136 4014 3445 4083; x_wconf 84' lang='lat' dir='ltr'><strong>prophetas</strong></span> <span class='ocrx_word' id='word_1_789' title='bbox 3492 4029 3616 4065; x_wconf 89' lang='lat' dir='ltr'><strong>san-</strong></span> 
     </span>
    </p>
   </div>
   <div class='ocr_carea' id='block_1_103' title="bbox 1920 4101 3615 4175">
    <p class='ocr_par' dir='ltr' id='par_1_103' title="bbox 1920 4101 3615 4175">
     <span class='ocr_line' id='line_1_103' title="bbox 1920 4101 3615 4175; baseline -0.003 -16"><span class='ocrx_word' id='word_1_790' title='bbox 1920 4112 2059 4172; x_wconf 88' lang='lat' dir='ltr'><strong>ctos,</strong></span> <span class='ocrx_word' id='word_1_791' title='bbox 2112 4120 2257 4175; x_wconf 88' lang='lat' dir='ltr'><strong>quos</strong></span> <span class='ocrx_word' id='word_1_792' title='bbox 2291 4104 2560 4157; x_wconf 89' lang='lat' dir='ltr'><strong>nimirum</strong></span> <span class='ocrx_word' id='word_1_793' title='bbox 2610 4119 2905 4171; x_wconf 89' lang='lat' dir='ltr'><strong>nunquam</strong></span> <span class='ocrx_word' id='word_1_794' title='bbox 2938 4102 3099 4165; x_wconf 88' lang='lat' dir='ltr'><strong>vidit,</strong></span> <span class='ocrx_word' id='word_1_795' title='bbox 3155 4101 3408 4167; x_wconf 81' lang='lat' dir='ltr'><strong>agnovit.</strong></span> <span class='ocrx_word' id='word_1_796' title='bbox 3462 4101 3615 4155; x_wconf 90' lang='lat' dir='ltr'><strong>Solet</strong></span> 
     </span>
    </p>
   </div>
   <div class='ocr_carea' id='block_1_104' title="bbox 1921 4189 3613 4261">
    <p class='ocr_par' dir='ltr' id='par_1_104' title="bbox 1921 4189 3613 4261">
     <span class='ocr_line' id='line_1_104' title="bbox 1921 4189 3613 4261; baseline -0.002 -16"><span class='ocrx_word' id='word_1_797' title='bbox 1921 4199 2108 4247; x_wconf 89' lang='lat' dir='ltr'><strong>autem</strong></span> <span class='ocrx_word' id='word_1_798' title='bbox 2156 4193 2495 4261; x_wconf 92' lang='lat' dir='ltr'><strong>plerumque</strong></span> <span class='ocrx_word' id='word_1_799' title='bbox 2544 4191 2901 4259; x_wconf 87' lang='lat' dir='ltr'><strong>contingere,</strong></span> <span class='ocrx_word' id='word_1_800' title='bbox 2953 4198 3016 4243; x_wconf 89' lang='lat' dir='ltr'><strong>ut</strong></span> <span class='ocrx_word' id='word_1_801' title='bbox 3068 4205 3365 4260; x_wconf 88' lang='lat' dir='ltr'><strong>egressura</strong></span> <span class='ocrx_word' id='word_1_802' title='bbox 3423 4189 3613 4243; x_wconf 87' lang='lat' dir='ltr'><strong>anima</strong></span> 
     </span>
    </p>
   </div>
   <div class='ocr_carea' id='block_1_105' title="bbox 1923 4277 3614 4348">
    <p class='ocr_par' dir='ltr' id='par_1_105' title="bbox 1923 4277 3614 4348">
     <span class='ocr_line' id='line_1_105' title="bbox 1923 4277 3614 4348; baseline -0.004 -13"><span class='ocrx_word' id='word_1_803' title='bbox 1923 4298 2020 4335; x_wconf 86' lang='lat' dir='ltr'><strong>eos</strong></span> <span class='ocrx_word' id='word_1_804' title='bbox 2068 4281 2239 4334; x_wconf 90' lang='lat' dir='ltr'><strong>etiam</strong></span> <span class='ocrx_word' id='word_1_805' title='bbox 2288 4283 2655 4348; x_wconf 88' lang='lat' dir='ltr'><strong>recognoscat</strong></span> <span class='ocrx_word' id='word_1_806' title='bbox 2707 4293 2835 4330; x_wconf 92' lang='lat' dir='ltr'><strong>cum</strong></span> <span class='ocrx_word' id='word_1_807' title='bbox 2880 4278 3088 4347; x_wconf 91' lang='lat' dir='ltr'><strong>quibus</strong></span> <span class='ocrx_word' id='word_1_808' title='bbox 3130 4294 3234 4347; x_wconf 89' lang='lat' dir='ltr'><strong>pro</strong></span> <span class='ocrx_word' id='word_1_809' title='bbox 3285 4277 3614 4347; x_wconf 68' lang='lat' dir='ltr'><strong>aequalitate</strong></span> 
     </span>
    </p>
   </div>
   <div class='ocr_carea' id='block_1_106' title="bbox 1925 4365 3615 4440">
    <p class='ocr_par' dir='ltr' id='par_1_106' title="bbox 1925 4365 3615 4440">
     <span class='ocr_line' id='line_1_106' title="bbox 1925 4365 3615 4440; baseline -0.004 -17"><span class='ocrx_word' id='word_1_810' title='bbox 1925 4370 2243 4440; x_wconf 87' lang='lat' dir='ltr'><strong>culparum,</strong></span> <span class='ocrx_word' id='word_1_811' title='bbox 2296 4367 2382 4420; x_wconf 89' lang='lat' dir='ltr'><strong>vel</strong></span> <span class='ocrx_word' id='word_1_812' title='bbox 2432 4366 2602 4420; x_wconf 89' lang='lat' dir='ltr'><strong>etiam</strong></span> <span class='ocrx_word' id='word_1_813' title='bbox 2638 4366 3034 4435; x_wconf 67' lang='lat' dir='ltr'><strong>prmmiorum,</strong></span> <span class='ocrx_word' id='word_1_814' title='bbox 3083 4365 3144 4417; x_wconf 89' lang='lat' dir='ltr'><strong>in</strong></span> <span class='ocrx_word' id='word_1_815' title='bbox 3171 4382 3286 4418; x_wconf 92' lang='lat' dir='ltr'><strong>una</strong></span> <span class='ocrx_word' id='word_1_816' title='bbox 3331 4371 3415 4418; x_wconf 91' lang='lat' dir='ltr'><strong>est</strong></span> <span class='ocrx_word' id='word_1_817' title='bbox 3447 4381 3615 4418; x_wconf 89' lang='lat' dir='ltr'><strong>man-</strong></span> 
     </span>
    </p>
   </div>
   <div class='ocr_carea' id='block_1_107' title="bbox 1924 4453 3616 4526">
    <p class='ocr_par' dir='ltr' id='par_1_107' title="bbox 1924 4453 3616 4526">
     <span class='ocr_line' id='line_1_107' title="bbox 1924 4453 3616 4526; baseline -0.003 -14"><span class='ocrx_word' id='word_1_818' title='bbox 1924 4458 2083 4512; x_wconf 82' lang='lat' dir='ltr'><strong>sione</strong></span> <span class='ocrx_word' id='word_1_819' title='bbox 2114 4455 2438 4526; x_wconf 90' lang='lat' dir='ltr'><strong>deputanda</strong></span> <span class='ocrx_word' id='word_1_820' title='bbox 2472 4472 2485 4509; x_wconf 88' lang='lat'><strong>:</strong></span> <span class='ocrx_word' id='word_1_821' title='bbox 2522 4455 2671 4525; x_wconf 92' lang='lat' dir='ltr'><strong>quod</strong></span> <span class='ocrx_word' id='word_1_822' title='bbox 2705 4454 2870 4507; x_wconf 87' lang='lat' dir='ltr'><strong>multi</strong></span> <span class='ocrx_word' id='word_1_823' title='bbox 2907 4454 2967 4506; x_wconf 90' lang='lat' dir='ltr'><strong>in</strong></span> <span class='ocrx_word' id='word_1_824' title='bbox 2998 4470 3064 4506; x_wconf 90' lang='lat' dir='ltr'><strong>eo</strong></span> <span class='ocrx_word' id='word_1_825' title='bbox 3097 4453 3251 4506; x_wconf 84' lang='lat' dir='ltr'><strong>exitu</strong></span> <span class='ocrx_word' id='word_1_826' title='bbox 3294 4453 3489 4506; x_wconf 89' lang='lat' dir='ltr'><strong>vident</strong></span> <span class='ocrx_word' id='word_1_827' title='bbox 3516 4453 3616 4523; x_wconf 91' lang='lat' dir='ltr'><strong>qui</strong></span> 
     </span>
    </p>
   </div>
   <div class='ocr_carea' id='block_1_108' title="bbox 1924 4540 3456 4613">
    <p class='ocr_par' dir='ltr' id='par_1_108' title="bbox 1924 4540 3456 4613">
     <span class='ocr_line' id='line_1_108' title="bbox 1924 4540 3456 4613; baseline -0.004 -14"><span class='ocrx_word' id='word_1_828' title='bbox 1924 4550 2021 4600; x_wconf 90' lang='lat' dir='ltr'><strong>aut</strong></span> <span class='ocrx_word' id='word_1_829' title='bbox 2048 4545 2107 4598; x_wconf 92' lang='lat' dir='ltr'><strong>in</strong></span> <span class='ocrx_word' id='word_1_830' title='bbox 2136 4559 2315 4613; x_wconf 90' lang='lat' dir='ltr'><strong>regno</strong></span> <span class='ocrx_word' id='word_1_831' title='bbox 2345 4548 2443 4596; x_wconf 88' lang='lat' dir='ltr'><strong>aut</strong></span> <span class='ocrx_word' id='word_1_832' title='bbox 2474 4543 2531 4596; x_wconf 88' lang='lat' dir='ltr'><strong>in</strong></span> <span class='ocrx_word' id='word_1_833' title='bbox 2562 4542 2843 4612; x_wconf 88' lang='lat' dir='ltr'><strong>supplicio</strong></span> <span class='ocrx_word' id='word_1_834' title='bbox 2879 4556 3045 4610; x_wconf 87' lang='lat' dir='ltr'><strong>pares</strong></span> <span class='ocrx_word' id='word_1_835' title='bbox 3076 4540 3456 4594; x_wconf 89' lang='lat' dir='ltr'><strong>habebuntur.</strong></span> 
     </span>
    </p>
   </div>
   <div class='ocr_carea' id='block_1_109' title="bbox 1925 4646 3617 4715">
    <p class='ocr_par' dir='ltr' id='par_1_109' title="bbox 1925 4646 3617 4715">
     <span class='ocr_line' id='line_1_109' title="bbox 1925 4646 3617 4715; baseline -0.004 -8"><span class='ocrx_word' id='word_1_836' title='bbox 1925 4653 2050 4707; x_wconf 77' lang='lat' dir='ltr'><strong>CAP.</strong></span> <span class='ocrx_word' id='word_1_837' title='bbox 2099 4651 2333 4705; x_wconf 88' lang='lat' dir='ltr'><strong>LXVIII.</strong></span> <span class='ocrx_word' id='word_1_838' title='bbox 2370 4679 2431 4690; x_wconf 96' lang='lat'><strong><em>—</em></strong></span> <span class='ocrx_word' id='word_1_839' title='bbox 2469 4653 2541 4704; x_wconf 85' lang='lat' dir='ltr'><strong>De</strong></span> <span class='ocrx_word' id='word_1_840' title='bbox 2573 4650 2686 4713; x_wconf 85' lang='lat' dir='ltr'><strong>hoc,</strong></span> <span class='ocrx_word' id='word_1_841' title='bbox 2718 4651 2769 4702; x_wconf 86' lang='lat' dir='ltr'><strong>si</strong></span> <span class='ocrx_word' id='word_1_842' title='bbox 2806 4650 2951 4713; x_wconf 85' lang='lat' dir='ltr'><strong>ignis</strong></span> <span class='ocrx_word' id='word_1_843' title='bbox 2999 4649 3357 4715; x_wconf 61' lang='lat' dir='ltr'><strong>purgator-ius</strong></span> <span class='ocrx_word' id='word_1_844' title='bbox 3390 4646 3617 4701; x_wconf 79' lang='lat' dir='ltr'><strong>creden—</strong></span> 
     </span>
    </p>
   </div>
   <div class='ocr_carea' id='block_1_110' title="bbox 1924 4721 3613 4791">
    <p class='ocr_par' dir='ltr' id='par_1_110' title="bbox 1924 4721 3613 4791">
     <span class='ocr_line' id='line_1_110' title="bbox 1924 4721 3613 4791; baseline -0.004 -14"><span class='ocrx_word' id='word_1_845' title='bbox 1924 4724 2026 4783; x_wconf 84' lang='lat' dir='ltr'><strong>dus</strong></span> <span class='ocrx_word' id='word_1_846' title='bbox 2054 4725 2146 4789; x_wconf 89' lang='lat' dir='ltr'><strong>sit,</strong></span> <span class='ocrx_word' id='word_1_847' title='bbox 2191 4724 2287 4791; x_wconf 89' lang='lat' dir='ltr'><strong>qui</strong></span> <span class='ocrx_word' id='word_1_848' title='bbox 2324 4725 2448 4790; x_wconf 91' lang='lat' dir='ltr'><strong>post</strong></span> <span class='ocrx_word' id='word_1_849' title='bbox 2476 4726 2694 4775; x_wconf 84' lang='lat' dir='ltr'><strong>mortem</strong></span> <span class='ocrx_word' id='word_1_850' title='bbox 2740 4723 2956 4773; x_wconf 87' lang='lat' dir='ltr'><strong>animas</strong></span> <span class='ocrx_word' id='word_1_851' title='bbox 2987 4734 3018 4771; x_wconf 90' lang='lat' dir='ltr'><strong>a</strong></span> <span class='ocrx_word' id='word_1_852' title='bbox 3060 4721 3292 4787; x_wconf 81' lang='lat' dir='ltr'><strong>peccatis</strong></span> <span class='ocrx_word' id='word_1_853' title='bbox 3331 4722 3613 4788; x_wconf 71' lang='lat' dir='ltr'><strong>expurget.</strong></span> 
     </span>
    </p>
   </div>
   <div class='ocr_carea' id='block_1_111' title="bbox 1995 4805 3619 4880">
    <p class='ocr_par' dir='ltr' id='par_1_111' title="bbox 1995 4805 3619 4880">
     <span class='ocr_line' id='line_1_111' title="bbox 1995 4805 3619 4880; baseline -0.006 -14"><span class='ocrx_word' id='word_1_854' title='bbox 1995 4810 2102 4880; x_wconf 77' lang='lat' dir='ltr'><strong>(Ea:</strong></span> <span class='ocrx_word' id='word_1_855' title='bbox 2131 4809 2328 4864; x_wconf 87' lang='lat' dir='ltr'><strong>eodem.</strong></span> <span class='ocrx_word' id='word_1_856' title='bbox 2366 4811 2509 4863; x_wconf 85' lang='lat' dir='ltr'><strong>Petr.</strong></span> <span class='ocrx_word' id='word_1_857' title='bbox 2554 4810 2655 4861; x_wconf 87' lang='lat' dir='ltr'><strong>int.</strong></span> <span class='ocrx_word' id='word_1_858' title='bbox 2693 4808 2850 4874; x_wconf 83' lang='lat' dir='ltr'><strong>Greg.</strong></span> <span class='ocrx_word' id='word_1_859' title='bbox 2882 4807 3053 4876; x_wconf 84' lang='lat' dir='ltr'><strong>resp.)</strong></span> <span class='ocrx_word' id='word_1_860' title='bbox 3090 4805 3311 4861; x_wconf 90' lang='lat' dir='ltr'><strong>Discere</strong></span> <span class='ocrx_word' id='word_1_861' title='bbox 3338 4807 3537 4859; x_wconf 90' lang='lat' dir='ltr'><strong>vellem</strong></span> <span class='ocrx_word' id='word_1_862' title='bbox 3571 4805 3619 4858; x_wconf 92' lang='lat' dir='ltr'><strong>si</strong></span> 
     </span>
    </p>
   </div>
   <div class='ocr_carea' id='block_1_112' title="bbox 1923 4894 3621 4970">
    <p class='ocr_par' dir='ltr' id='par_1_112' title="bbox 1923 4894 3621 4970">
     <span class='ocr_line' id='line_1_112' title="bbox 1923 4894 3621 4970; baseline -0.002 -18"><span class='ocrx_word' id='word_1_863' title='bbox 1923 4904 2049 4970; x_wconf 89' lang='lat' dir='ltr'><strong>post</strong></span> <span class='ocrx_word' id='word_1_864' title='bbox 2080 4903 2321 4951; x_wconf 90' lang='lat' dir='ltr'><strong>mortem</strong></span> <span class='ocrx_word' id='word_1_865' title='bbox 2358 4898 2507 4968; x_wconf 89' lang='lat' dir='ltr'><strong>ignis</strong></span> <span class='ocrx_word' id='word_1_866' title='bbox 2533 4896 2900 4966; x_wconf 88' lang='lat' dir='ltr'><strong>purgatorius</strong></span> <span class='ocrx_word' id='word_1_867' title='bbox 2931 4910 3053 4949; x_wconf 90' lang='lat' dir='ltr'><strong>esse</strong></span> <span class='ocrx_word' id='word_1_868' title='bbox 3082 4894 3400 4948; x_wconf 91' lang='lat' dir='ltr'><strong>credendus</strong></span> <span class='ocrx_word' id='word_1_869' title='bbox 3428 4898 3529 4949; x_wconf 90' lang='lat' dir='ltr'><strong>est.</strong></span> <span class='ocrx_word' id='word_1_870' title='bbox 3548 4922 3621 4935; x_wconf 94' lang='lat'>—</span> 
     </span>
    </p>
   </div>
   <div class='ocr_carea' id='block_1_113' title="bbox 1924 4982 3619 5055">
    <p class='ocr_par' dir='ltr' id='par_1_113' title="bbox 1924 4982 3619 5055">
     <span class='ocr_line' id='line_1_113' title="bbox 1924 4982 3619 5055; baseline -0.004 -13"><span class='ocrx_word' id='word_1_871' title='bbox 1924 4989 1985 5042; x_wconf 91' lang='lat' dir='ltr'><strong>In</strong></span> <span class='ocrx_word' id='word_1_872' title='bbox 2016 4985 2318 5055; x_wconf 88' lang='lat' dir='ltr'><strong>Evangelio</strong></span> <span class='ocrx_word' id='word_1_873' title='bbox 2368 4984 2641 5039; x_wconf 89' lang='lat' dir='ltr'><strong>Dominus</strong></span> <span class='ocrx_word' id='word_1_874' title='bbox 2685 4984 2821 5038; x_wconf 91' lang='lat' dir='ltr'><strong>dicit</strong></span> <span class='ocrx_word' id='word_1_875' title='bbox 2854 5000 2868 5037; x_wconf 90' lang='lat'><strong>:</strong></span> <span class='ocrx_word' id='word_1_876' title='bbox 2900 4984 3218 5047; x_wconf 86' lang='lat' dir='ltr'><strong>Ambulate,</strong></span> <span class='ocrx_word' id='word_1_877' title='bbox 3261 4982 3398 5036; x_wconf 88' lang='lat' dir='ltr'><strong>dum</strong></span> <span class='ocrx_word' id='word_1_878' title='bbox 3433 4982 3619 5035; x_wconf 89' lang='lat' dir='ltr'><strong>lucem</strong></span> 
     </span>
    </p>
   </div>
   <div class='ocr_carea' id='block_1_114' title="bbox 1925 5072 3617 5144">
    <p class='ocr_par' dir='ltr' id='par_1_114' title="bbox 1925 5072 3617 5144">
     <span class='ocr_line' id='line_1_114' title="bbox 1925 5072 3617 5144; baseline -0.005 -14"><span class='ocrx_word' id='word_1_879' title='bbox 1925 5074 2165 5130; x_wconf 87' lang='lat' dir='ltr'><strong>habetis.</strong></span> <span class='ocrx_word' id='word_1_880' title='bbox 2200 5076 2308 5128; x_wconf 86' lang='lat' dir='ltr'><strong>Per</strong></span> <span class='ocrx_word' id='word_1_881' title='bbox 2349 5074 2686 5144; x_wconf 87' lang='lat' dir='ltr'><strong>prophetam</strong></span> <span class='ocrx_word' id='word_1_882' title='bbox 2729 5088 2960 5143; x_wconf 90' lang='lat' dir='ltr'><strong>quoque</strong></span> <span class='ocrx_word' id='word_1_883' title='bbox 2991 5073 3072 5126; x_wconf 89' lang='lat' dir='ltr'><strong>ait</strong></span> <span class='ocrx_word' id='word_1_884' title='bbox 3107 5086 3121 5124; x_wconf 90' lang='lat'><strong>:</strong></span> <span class='ocrx_word' id='word_1_885' title='bbox 3150 5072 3427 5141; x_wconf 91' lang='lat' dir='ltr'><strong>Tempore</strong></span> <span class='ocrx_word' id='word_1_886' title='bbox 3460 5085 3617 5123; x_wconf 90' lang='lat' dir='ltr'><strong>acce-</strong></span> 
     </span>
    </p>
   </div>
   <div class='ocr_carea' id='block_1_115' title="bbox 1924 5158 3621 5235">
    <p class='ocr_par' dir='ltr' id='par_1_115' title="bbox 1924 5158 3621 5235">
     <span class='ocr_line' id='line_1_115' title="bbox 1924 5158 3621 5235; baseline -0.004 -17"><span class='ocrx_word' id='word_1_887' title='bbox 1924 5169 2022 5235; x_wconf 91' lang='lat' dir='ltr'><strong>pto</strong></span> <span class='ocrx_word' id='word_1_888' title='bbox 2072 5162 2335 5217; x_wconf 89' lang='lat' dir='ltr'><strong>exaudivi</strong></span> <span class='ocrx_word' id='word_1_889' title='bbox 2367 5167 2437 5224; x_wconf 87' lang='lat' dir='ltr'><strong>te,</strong></span> <span class='ocrx_word' id='word_1_890' title='bbox 2495 5161 2641 5216; x_wconf 91' lang='lat' dir='ltr'><strong>etin</strong></span> <span class='ocrx_word' id='word_1_891' title='bbox 2691 5160 2782 5215; x_wconf 91' lang='lat' dir='ltr'><strong>die</strong></span> <span class='ocrx_word' id='word_1_892' title='bbox 2834 5160 3033 5215; x_wconf 89' lang='lat' dir='ltr'><strong>salutis</strong></span> <span class='ocrx_word' id='word_1_893' title='bbox 3089 5159 3281 5229; x_wconf 89' lang='lat' dir='ltr'><strong>adjuvi</strong></span> <span class='ocrx_word' id='word_1_894' title='bbox 3328 5164 3403 5212; x_wconf 91' lang='lat' dir='ltr'><strong>te.</strong></span> <span class='ocrx_word' id='word_1_895' title='bbox 3459 5158 3621 5221; x_wconf 89' lang='lat' dir='ltr'><strong>Quod</strong></span> 
     </span>
    </p>
   </div>
   <div class='ocr_carea' id='block_1_116' title="bbox 1925 5248 3619 5320">
    <p class='ocr_par' dir='ltr' id='par_1_116' title="bbox 1925 5248 3619 5320">
     <span class='ocr_line' id='line_1_116' title="bbox 1925 5248 3619 5320; baseline -0.005 -12"><span class='ocrx_word' id='word_1_896' title='bbox 1925 5253 2133 5308; x_wconf 85' lang='lat' dir='ltr'><strong>Paulus</strong></span> <span class='ocrx_word' id='word_1_897' title='bbox 2162 5252 2453 5320; x_wconf 90' lang='lat' dir='ltr'><strong>apostolus</strong></span> <span class='ocrx_word' id='word_1_898' title='bbox 2483 5266 2795 5318; x_wconf 88' lang='lat' dir='ltr'><strong>exponens,</strong></span> <span class='ocrx_word' id='word_1_899' title='bbox 2827 5248 2969 5303; x_wconf 88' lang='lat' dir='ltr'><strong>dixit</strong></span> <span class='ocrx_word' id='word_1_900' title='bbox 3002 5266 3013 5303; x_wconf 92' lang='lat'><strong>:</strong></span> <span class='ocrx_word' id='word_1_901' title='bbox 3041 5249 3175 5302; x_wconf 88' lang='lat' dir='ltr'><strong>Ecce</strong></span> <span class='ocrx_word' id='word_1_902' title='bbox 3205 5263 3358 5301; x_wconf 90' lang='lat' dir='ltr'><strong>nunc</strong></span> <span class='ocrx_word' id='word_1_903' title='bbox 3390 5251 3619 5318; x_wconf 89' lang='lat' dir='ltr'><strong>tempus</strong></span> 
     </span>
    </p>
   </div>
   <div class='ocr_carea' id='block_1_117' title="bbox 1927 5336 3621 5411">
    <p class='ocr_par' dir='ltr' id='par_1_117' title="bbox 1927 5336 3621 5411">
     <span class='ocr_line' id='line_1_117' title="bbox 1927 5336 3621 5411; baseline -0.004 -17"><span class='ocrx_word' id='word_1_904' title='bbox 1927 5339 2291 5411; x_wconf 89' lang='lat' dir='ltr'><strong>acceptabile,</strong></span> <span class='ocrx_word' id='word_1_905' title='bbox 2339 5345 2444 5393; x_wconf 89' lang='lat' dir='ltr'><strong>etc.</strong></span> <span class='ocrx_word' id='word_1_906' title='bbox 2498 5340 2768 5393; x_wconf 88' lang='lat' dir='ltr'><strong>Salomon</strong></span> <span class='ocrx_word' id='word_1_907' title='bbox 2802 5353 3032 5408; x_wconf 92' lang='lat' dir='ltr'><strong>quoque</strong></span> <span class='ocrx_word' id='word_1_908' title='bbox 3064 5336 3143 5390; x_wconf 90' lang='lat' dir='ltr'><strong>ait</strong></span> <span class='ocrx_word' id='word_1_909' title='bbox 3185 5353 3197 5390; x_wconf 91' lang='lat'>:</span> <span class='ocrx_word' id='word_1_910' title='bbox 3234 5336 3621 5406; x_wconf 76' lang='lat' dir='ltr'><strong>Quodcunque</strong></span> 
     </span>
    </p>
   </div>
   <div class='ocr_carea' id='block_1_118' title="bbox 1928 5423 3623 5500">
    <p class='ocr_par' dir='ltr' id='par_1_118' title="bbox 1928 5423 3623 5500">
     <span class='ocr_line' id='line_1_118' title="bbox 1928 5423 3623 5500; baseline -0.004 -18"><span class='ocrx_word' id='word_1_911' title='bbox 1928 5432 2111 5500; x_wconf 90' lang='lat' dir='ltr'><strong>potest</strong></span> <span class='ocrx_word' id='word_1_912' title='bbox 2134 5444 2340 5482; x_wconf 89' lang='lat' dir='ltr'><strong>manus</strong></span> <span class='ocrx_word' id='word_1_913' title='bbox 2368 5432 2467 5481; x_wconf 85' lang='lat' dir='ltr'><strong>tua</strong></span> <span class='ocrx_word' id='word_1_914' title='bbox 2495 5427 2699 5491; x_wconf 88' lang='lat' dir='ltr'><strong>facere,</strong></span> <span class='ocrx_word' id='word_1_915' title='bbox 2730 5425 3007 5479; x_wconf 89' lang='lat' dir='ltr'><strong>instanter</strong></span> <span class='ocrx_word' id='word_1_916' title='bbox 3034 5439 3271 5494; x_wconf 87' lang='lat' dir='ltr'><strong>operare</strong></span> <span class='ocrx_word' id='word_1_917' title='bbox 3307 5440 3319 5477; x_wconf 89' lang='lat'>:</span> <span class='ocrx_word' id='word_1_918' title='bbox 3355 5423 3491 5494; x_wconf 91' lang='lat' dir='ltr'><strong>quia</strong></span> <span class='ocrx_word' id='word_1_919' title='bbox 3518 5439 3623 5476; x_wconf 91' lang='lat' dir='ltr'><strong>nec</strong></span> 
     </span>
    </p>
   </div>
   <div class='ocr_carea' id='block_1_119' title="bbox 1929 5512 3622 5588">
    <p class='ocr_par' dir='ltr' id='par_1_119' title="bbox 1929 5512 3622 5588">
     <span class='ocr_line' id='line_1_119' title="bbox 1929 5512 3622 5588; baseline -0.005 -15"><span class='ocrx_word' id='word_1_920' title='bbox 1929 5534 2092 5588; x_wconf 91' lang='lat' dir='ltr'><strong>opus,</strong></span> <span class='ocrx_word' id='word_1_921' title='bbox 2124 5533 2229 5572; x_wconf 90' lang='lat' dir='ltr'><strong>nec</strong></span> <span class='ocrx_word' id='word_1_922' title='bbox 2256 5516 2424 5581; x_wconf 86' lang='lat' dir='ltr'><strong>ratio,</strong></span> <span class='ocrx_word' id='word_1_923' title='bbox 2453 5531 2557 5569; x_wconf 89' lang='lat' dir='ltr'><strong>nec</strong></span> <span class='ocrx_word' id='word_1_924' title='bbox 2597 5514 2857 5581; x_wconf 87' lang='lat' dir='ltr'><strong>scientia,</strong></span> <span class='ocrx_word' id='word_1_925' title='bbox 2887 5530 2989 5567; x_wconf 91' lang='lat' dir='ltr'><strong>nec</strong></span> <span class='ocrx_word' id='word_1_926' title='bbox 3020 5512 3301 5583; x_wconf 88' lang='lat' dir='ltr'><strong>sapientia</strong></span> <span class='ocrx_word' id='word_1_927' title='bbox 3331 5512 3442 5565; x_wconf 87' lang='lat' dir='ltr'><strong>erit</strong></span> <span class='ocrx_word' id='word_1_928' title='bbox 3470 5512 3622 5581; x_wconf 87' lang='lat' dir='ltr'><strong>apud</strong></span> 
     </span>
    </p>
   </div>
   <div class='ocr_carea' id='block_1_120' title="bbox 1929 5600 3624 5676">
    <p class='ocr_par' dir='ltr' id='par_1_120' title="bbox 1929 5600 3624 5676">
     <span class='ocr_line' id='line_1_120' title="bbox 1929 5600 3624 5676; baseline -0.004 -16"><span class='ocrx_word' id='word_1_929' title='bbox 1929 5606 2158 5672; x_wconf 88' lang='lat' dir='ltr'><strong>inferos,</strong></span> <span class='ocrx_word' id='word_1_930' title='bbox 2193 5622 2309 5676; x_wconf 91' lang='lat' dir='ltr'><strong>quo</strong></span> <span class='ocrx_word' id='word_1_931' title='bbox 2339 5609 2403 5659; x_wconf 89' lang='lat' dir='ltr'><strong>tu</strong></span> <span class='ocrx_word' id='word_1_932' title='bbox 2435 5618 2726 5675; x_wconf 88' lang='lat' dir='ltr'><strong>properas.</strong></span> <span class='ocrx_word' id='word_1_933' title='bbox 2754 5603 2927 5657; x_wconf 86' lang='lat' dir='ltr'><strong>David</strong></span> <span class='ocrx_word' id='word_1_934' title='bbox 2948 5618 3178 5674; x_wconf 92' lang='lat' dir='ltr'><strong>quoque</strong></span> <span class='ocrx_word' id='word_1_935' title='bbox 3200 5602 3279 5655; x_wconf 90' lang='lat' dir='ltr'><strong>ait</strong></span> <span class='ocrx_word' id='word_1_936' title='bbox 3302 5618 3314 5655; x_wconf 92' lang='lat'>:</span> <span class='ocrx_word' id='word_1_937' title='bbox 3339 5600 3624 5665; x_wconf 88' lang='lat' dir='ltr'><strong>Quoniam</strong></span> 
     </span>
    </p>
   </div>
  </div>
