3950 6318
1742 195 1763 224 Ἣ

273 381 404 435 1043

1351 377 1758 433 BURCHARDI
1796 374 2329 432 WORMACIENSIS
2365 373 2695 430 EPISCOPI.

3643 372 3780 425 104’s

267 504 329 558 in
359 504 630 559 saeculum
681 502 1075 557 misericordia
1122 502 1262 571 ejus.
1314 502 1389 555 Ex
1432 500 1641 572 quibus
1689 501 1962 555 nimirum
1991 503 2038 554 A
2079 501 2238 554 valde
2275 499 2467 568 bonis,
2519 503 2584 553 ut
2611 499 2784 571 plena
2830 497 3096 553 remissio
3145 497 3265 552 ﬁat.
3299 499 3407 551 Pro
3454 513 3568 551 non
3615 496 3783 550 valde

270 592 570 647 sententiis
620 596 844 645 constat
889 591 1238 662 quiaqualis
1268 589 1400 643 hinc
1448 589 1694 661 quisque
1740 589 1969 659 egredi-

270 685 385 746 tur,
423 681 552 733 talis
583 680 642 733 in
664 679 884 750 judicio
925 683 1322 749 praesentatur.
1356 679 1464 732 Sed
1496 683 1688 732 tamen
1734 679 1802 732 de
1833 677 1969 748 qui—

269 768 512 822 busdam
561 767 778 822 levibus
809 767 991 837 culpis
1035 783 1155 820 esse
1187 771 1316 820 ante
1354 766 1640 837 judicium
1689 771 1967 838 purgato-

272 857 394 911 rius
449 856 599 927 ignis
646 856 963 910 credendus
1021 859 1125 924 est,
1178 871 1243 908 eo
1301 855 1453 925 quod
1513 855 1732 908 Veritas
1790 855 1966 908 dicit:

275 945 412 1015 quia
453 944 498 997 si
529 943 660 1014 quis
693 943 753 996 in
800 942 1074 1013 Spiritum
1123 947 1383 996 sanctum
1431 942 1848 1012 blasphemiam
1891 942 1972 996 di-

274 1032 439 1098 xerit,
489 1047 594 1084 nec
648 1031 706 1084 in
765 1031 874 1084 hoc
920 1031 1128 1084 saeculo
1180 1029 1503 1084 remittetur
1551 1031 1624 1097 ei,
1673 1047 1862 1101 neque
1911 1031 1973 1085 in

276 1121 488 1175 futuro.
561 1121 621 1172 In
671 1135 785 1190 qua
829 1119 1111 1172 sententia
1161 1118 1329 1172 datur
1379 1118 1642 1189 intelligi,
1694 1118 1972 1189 quasdam

277 1207 473 1276 culpas
502 1207 563 1259 in
593 1207 700 1259 hoc
747 1206 977 1271 seculo,
1010 1205 1288 1276 quasdam
1318 1220 1449 1259 vero
1479 1205 1538 1259 in
1587 1206 1780 1259 futuro
1809 1221 1973 1276 posse

280 1295 540 1348 relaxari.
609 1294 772 1358 Quod
856 1294 1010 1347 enim
1077 1294 1148 1348 de
1234 1310 1352 1347 uno
1433 1298 1709 1363 negatur,
1775 1309 1972 1347 conse-

270 1389 521 1454 quenter
551 1383 870 1436 intellectus
925 1386 1084 1452 patet
1139 1382 1274 1453 quia
1313 1383 1380 1436 de
1437 1381 1780 1454 quibusdam
1833 1399 1973 1436 con-

279 1472 517 1526 ceditur.
551 1471 659 1526 Sed
689 1476 904 1538 tamen,
950 1476 1014 1524 ut
1043 1470 1304 1540 praedixi,
1334 1471 1442 1525 hoc
1481 1471 1549 1525 de
1581 1471 1770 1541 parvis
1800 1471 1974 1524 mini-

281 1561 504 1630 misque
556 1560 799 1630 peccatis
846 1559 973 1614 ﬁeri
1019 1575 1186 1630 posse
1239 1559 1588 1613 credendum
1636 1563 1720 1614 est
1769 1576 1782 1613 :
1833 1560 1978 1613 sicut

281 1655 365 1702 est
408 1647 671 1702 assiduus
704 1647 922 1701 otiosus
968 1663 1176 1712 sermo,
1228 1647 1638 1700 immoderatus
1686 1646 1855 1714 risus,
1886 1647 1976 1700 vel

281 1739 579 1807 peccatum
607 1751 755 1789 cura:
784 1735 870 1788 rei
907 1735 1248 1789 familiaris:
1277 1750 1407 1805 quae
1436 1734 1528 1787 vix
1562 1735 1682 1788 sine
1709 1736 1876 1805 culpa
1907 1734 1976 1788 ab

281 1823 422 1894 ipsis
469 1822 676 1894 agitur,
746 1823 846 1894 qui
887 1823 1082 1893 culpas
1129 1823 1374 1893 qualiter
1423 1821 1697 1876 declinari
1735 1822 1981 1876 debeant

283 1911 489 1979 sciunt,
522 1916 622 1965 aut
651 1927 769 1964 non
812 1911 872 1964 in
902 1910 1170 1982 gravibus
1199 1909 1369 1965 rebus
1418 1926 1579 1964 error
1614 1910 1976 1981 ignorantiae,

285 2015 415 2072 qum
463 2003 666 2054 cuncta
713 1999 885 2053 etiam
934 2003 1065 2070 post
1113 2004 1360 2052 mortem
1407 2005 1668 2068 gravant,
1701 1999 1747 2052 si
1794 1999 1981 2054 adhuc

287 2089 345 2142 iu
377 2088 485 2142 hac
513 2086 626 2140 vita
669 2087 872 2157 positis
903 2087 1140 2141 minime
1185 2087 1401 2141 fuerint
1445 2087 1716 2141 relaxata.
1756 2087 1896 2141 Nam
1927 2091 1984 2142 et

286 2192 415 2230 cum
481 2175 690 2230 Paulus
759 2175 910 2230 dicat
987 2175 1275 2230 Christum
1341 2191 1464 2228 esse
1520 2176 1979 2243 fundamentum,

287 2269 459 2335 atque
489 2264 800 2334 subjungat
833 2280 845 2316 :
879 2263 937 2318 Si
967 2263 1094 2335 quis
1116 2264 1656 2333 superaediﬁcaverit
1683 2279 1855 2333 super
1878 2265 1983 2318 hoc

286 2352 748 2419 fundamentum,
801 2367 1006 2405 aurum
1050 2356 1105 2406 et
1135 2357 1460 2422 argentum,
1513 2351 1730 2422 lapides
1769 2352 1982 2423 pretio-

288 2456 402 2508 sos,
458 2439 637 2510 ligna,
689 2439 929 2505 faenum,
995 2440 1288 2510 stipulam,
1337 2439 1788 2510 uniuscujusque
1839 2456 1984 2510 opus

289 2528 460 2600 quale
508 2527 580 2581 sit
625 2528 775 2599 ignis
818 2528 1118 2598 probabit;
1155 2528 1200 2581 si
1249 2530 1412 2598 cujus
1450 2545 1595 2599 opus
1642 2528 1847 2582 arserit.
1885 2529 1983 2582 de-

287 2617 624 2671 trimentum
657 2616 929 2686 patietur,
956 2617 1078 2687 ipse
1109 2622 1297 2671 autem
1332 2617 1518 2670 salvus
1538 2618 1664 2680 erit,
1690 2619 1768 2670 sic
1792 2621 1984 2671 tamen

289 2704 453 2777 quasi
492 2721 596 2776 per
621 2705 846 2774 ignem;
892 2705 1154 2777 quamvis
1196 2706 1303 2760 hoc
1335 2705 1404 2759 de
1436 2706 1570 2776 igne
1600 2706 1985 2760 tribulationis

289 2793 349 2847 in
379 2794 485 2847 hac
514 2793 681 2847 nobis
708 2792 822 2846 vita
851 2793 1124 2848 adhibitio
1152 2794 1331 2865 possit
1359 2794 1622 2864 intelligi,
1657 2799 1908 2848 attamen
1939 2795 1985 2848 si

291 2881 418 2952 quis
447 2881 568 2936 hinc
606 2881 677 2935 de
710 2881 844 2952 igne
886 2882 1095 2937 futurae
1144 2883 1503 2954 purgationis
1551 2883 1809 2953 accipiat,
1841 2899 1984 2954 pen-

291 2971 530 3024 sandum
582 2970 820 3025 sollicite
887 2976 1016 3026 est:
1051 2972 1187 3043 quia
1252 2972 1415 3024 illum
1478 2972 1620 3026 dixit
1671 2988 1833 3042 posse
1886 2987 1988 3042 per

292 3059 486 3131 ignem
515 3059 740 3126 salvari,
773 3075 886 3113 non
918 3059 1018 3130 qui
1050 3076 1223 3130 super
1252 3060 1362 3114 hoc
1385 3060 1826 3114 fundamentum
1868 3061 1984 3114 fer-
2018 3052 2058 3108 C

292 3165 442 3215 rum,
474 3164 574 3212 aes,
621 3149 706 3202 vel
738 3149 1038 3218 plumbum
1095 3149 1358 3210 aediﬁcat,
1395 3149 1452 3203 id
1483 3153 1566 3203 est
1608 3154 1840 3218 peccata
1869 3165 1982 3201 ma-

285 3237 434 3308 jora,
479 3241 536 3290 et
561 3237 770 3291 idcirco
814 3237 1067 3304 duriora,
1101 3242 1270 3309 atque
1305 3239 1427 3310 jam
1458 3241 1596 3291 tunc
1626 3237 1984 3306 insolubilia;

293 3323 391 3378 sed
425 3323 602 3395 ligna,
653 3325 892 3396 foenum,
944 3325 1236 3398 stipulam,
1281 3325 1340 3380 id
1372 3329 1456 3378 est
1485 3330 1717 3395 peccata
1748 3324 1988 3378 minima

292 3417 465 3484 atque
512 3413 822 3480 levissima,
889 3430 1017 3486 quas
1065 3415 1220 3484 ignis
1281 3413 1445 3469 facile
1504 3413 1808 3467 consumit.
1873 3413 1989 3468 Hoc

293 3505 486 3555 tamen
535 3500 827 3556 sciendum
875 3506 962 3557 est
993 3519 1006 3555 :
1034 3501 1172 3574 quia
1196 3501 1313 3557 illic
1377 3502 1576 3556 saltem
1615 3502 1684 3555 de
1733 3501 1989 3554 minimis

295 3590 374 3643 nil
419 3589 667 3660 quisque
736 3590 1100 3662 purgationis
1155 3590 1454 3656 obtinebit,
1509 3589 1618 3644 nisi
1676 3589 1843 3643 bonis
1881 3589 1991 3643 hoc

295 3679 516 3733 actibus
564 3679 623 3732 in
657 3678 762 3733 hac
805 3679 992 3735 adhuc
1039 3681 1156 3734 vita
1186 3681 1423 3751 positus,
1455 3685 1520 3734 ut
1548 3678 1665 3733 illic
1711 3677 1986 3744 obtineat,

290 3771 712 3838 promereatur.

293 3873 422 3927 CAP.
461 3873 633 3928 LXIX.
669 3903 738 3913 —
785 3873 937 3939 Quod
970 3889 1108 3928 unus
1157 3877 1232 3929 sit
1270 3876 1520 3942 gehennae
1547 3875 1713 3942 ignis,
1764 3873 1858 3928 sed
1884 3888 1991 3928 non

767 3959 874 3998 uno
904 3945 1059 3998 modo
1089 3960 1267 4000 omnes
1297 3947 1516 3999 cruciet.

366 4033 477 4099 (Ea:
492 4031 672 4087 eodem
698 4034 834 4088 Petr.
860 4037 962 4086 int.
989 4033 1146 4100 Greg.
1174 4034 1346 4103 resp.)
1379 4034 1581 4098 Quaeso
1601 4037 1676 4101 te,
1701 4048 1851 4087 unus
1869 4049 1990 4087 esse

297 4119 576 4191 gehennae
605 4119 754 4192 ignis
793 4121 1109 4175 credendus
1137 4126 1240 4190 est,
1278 4139 1349 4176 an
1382 4127 1594 4194 quanta
1626 4127 1989 4193 peccatorum

294 4208 594 4263 diversitas
612 4208 801 4276 fuerit,
827 4213 983 4263 tanta
1005 4225 1236 4281 quoque
1271 4215 1325 4264 et
1351 4211 1475 4280 ipsa
1503 4210 1839 4264 aestimanda
1859 4213 1993 4264 sunt

2080 589 2246 642 malis
2274 588 2716 658 propitiationes
2753 593 2906 654 sunt,
2949 592 3011 641 ut
3035 587 3390 640 tolerabilior
3417 585 3518 640 ﬁat
3543 586 3782 640 damna-

2079 677 2180 731 tio.
2235 678 2340 733 Pro
2388 677 2548 730 valde
2597 677 2787 745 malis,
2831 692 2948 730 non
3001 677 3336 746 adjumenta
3393 679 3781 741 mortuorum,

2081 765 2180 818 sed
2211 769 2432 818 tantum
2465 765 2881 818 consolationes
2903 765 3160 818 vivorum
3197 768 3349 817 sunt.

2082 854 2210 908 CAP.
2245 854 2417 908 LXXI.
2451 881 2517 894 —
2543 855 2660 907 Cur
2690 859 2998 908 sanctorum
3028 856 3223 907 anime
3264 869 3363 922 pro
3409 853 3644 906 inimicis
3669 851 3782 906 suis

2149 940 2258 978 non
2307 929 2478 992 orent,
2510 925 2730 994 quando
2776 940 2860 980 eos
2909 928 2966 978 in
3014 929 3139 992 igne
3166 927 3362 979 aelemo
3409 924 3601 977 ardere
3647 937 3783 992 pro-

2152 998 2449 1062 spemerint.

2155 1066 2262 1134 (Ea:
2287 1067 2488 1120 eodem.
2539 1068 2684 1122 Petr.
2729 1067 2831 1120 int.
2869 1066 3028 1134 Greg.
3060 1065 3229 1136 resp.)
3265 1066 3331 1118 Et
3373 1064 3472 1118 ubi
3501 1069 3585 1118 est
3627 1063 3786 1133 quod

2083 1155 2262 1207 sancti
2294 1159 2448 1220 sunt,
2497 1153 2542 1207 si
2574 1170 2677 1223 pro
2735 1153 2984 1207 inimicis
3040 1153 3157 1206 suis
3187 1169 3330 1224 quos
3379 1158 3517 1206 tunc
3578 1151 3784 1206 ardere

2083 1240 2348 1305 viderint,
2386 1256 2503 1294 non
2534 1239 2817 1294 orabunt?
2847 1269 2917 1280 —
2941 1239 3159 1304 Quibus
3193 1240 3391 1310 utique
3417 1239 3634 1294 dictum
3657 1241 3742 1291 est
3762 1236 3782 1290 ’;

2085 1329 2194 1382 Pro
2222 1328 2470 1382 inimicis
2497 1328 2696 1381 vestris
2726 1333 2905 1382 orate.
2939 1329 3114 1382 Orant
3147 1344 3250 1398 pro
3283 1327 3531 1380 inimicis
3565 1326 3682 1379 suis
3712 1342 3782 1378 eo

2083 1421 2342 1486 tempore
2405 1433 2518 1487 quo
2580 1421 2824 1486 possunt
2869 1416 2939 1470 ad
2990 1417 3334 1470 fructuosam
3384 1414 3782 1485 paenitentiam

2086 1520 2284 1558 eorum
2343 1505 2517 1558 corda
2581 1510 2933 1571 convertere,
3006 1510 3178 1574 atque
3234 1503 3357 1574 ipsa
3412 1503 3784 1556 conversione

2087 1595 2322 1646 salvare.
2362 1592 2508 1657 Quid
2543 1593 2694 1646 enim
2723 1593 2877 1646 aliud
2910 1609 3015 1662 pro
3057 1592 3304 1645 inimicis
3344 1591 3460 1645 suis
3499 1591 3787 1644 orandum

2088 1685 2192 1746 est,
2243 1680 2352 1734 nisi
2401 1682 2509 1734 hoc
2554 1681 2707 1750 quod
2755 1681 2832 1734 ait
2860 1681 3168 1750 Apostolus
3203 1697 3214 1734 :
3255 1681 3322 1734 Ut
3365 1679 3462 1733 det
3491 1679 3603 1732 illis
3635 1679 3787 1732 Deus

2087 1769 2484 1840 paenitentiam
2553 1769 2624 1822 ad
2667 1768 3124 1839 cognoscendam
3191 1767 3510 1837 veritatem,
3557 1770 3612 1820 et
3652 1765 3790 1818 resi-

2089 1857 2311 1928 piscant
2340 1873 2373 1910 a
2418 1857 2636 1911 diaboli
2683 1856 2925 1926 laqueis,
2957 1873 2987 1909 a
3013 1872 3127 1926 quo
3175 1855 3381 1925 captivi
3412 1859 3684 1908 tenentur
3715 1852 3788 1906 ad

2089 1945 2270 2016 ipsius
2299 1946 2653 1999 voluntatem
2673 1948 2700 1998 ?
2731 1946 2797 1999 Et
2823 1945 3116 2014 quomodo
3146 1960 3252 2014 pro
3290 1943 3403 1997 illis
3431 1947 3568 1996 tunc
3600 1941 3790 1996 orabi-

2089 2039 2205 2101 tur,
2238 2033 2336 2104 qui
2363 2033 2484 2102 jam
2515 2035 2842 2086 nullatenus
2874 2038 3114 2103 possunt
3140 2033 3209 2086 ad
3236 2031 3473 2102 justitiaa
3505 2047 3682 2101 opera
3711 2029 3787 2083 ab

2089 2122 2394 2193 iniquitate
2442 2120 2833 2175 commutari?
2884 2121 3089 2174 Eadem
3141 2121 3334 2190 itaque
3369 2135 3539 2173 causa
3570 2123 3656 2172 est
3684 2134 3788 2172 cur

2091 2227 2208 2263 non
2240 2215 2434 2263 oretur
2465 2215 2600 2262 tunc
2630 2225 2735 2278 pro
2767 2208 3098 2262 hominibus
3127 2213 3340 2262 aeterno
3376 2207 3510 2278 igne
3542 2206 3791 2260 damna-

2090 2297 2183 2362 tis,
2217 2313 2345 2366 quae
2387 2312 2538 2348 nunc
2587 2296 2759 2349 etiam
2810 2311 2978 2348 causa
3016 2300 3121 2361 est,
3161 2300 3226 2349 ut
3269 2311 3384 2348 non
3447 2300 3645 2349 oretur
3684 2311 3792 2365 pro

2091 2385 2344 2451 diabolo,
2386 2383 2720 2455 angelisque
2769 2384 2893 2455 ejus
2923 2388 3136 2438 aeterno
3166 2384 3448 2454 supplicio
3480 2383 3790 2453 deputatis.

2091 2475 2228 2540 Quae
2267 2491 2420 2529 nunc
2449 2475 2622 2528 etiam
2670 2491 2837 2528 causa
2882 2479 2967 2527 est
2997 2479 3060 2527 ut
3089 2490 3203 2527 non
3236 2479 3401 2528 orent
3455 2473 3634 2527 sancti
3681 2473 3795 2526 bo-

2093 2565 2294 2628 mines,
2338 2581 2442 2633 pro
2487 2563 2821 2617 hominibus
2851 2562 2909 2615 in
2950 2563 3217 2616 fidelibus
3252 2563 3556 2632 impiisque
3595 2562 3796 2616 defun-

2097 2653 2202 2707 ctis
2235 2669 2248 2707 :
2278 2652 2387 2705 nisi
2418 2651 2553 2722 quia
2602 2651 2671 2706 de
2714 2650 2794 2704 eis
2827 2667 2970 2722 quos
3010 2652 3210 2721 utique
3243 2651 3542 2721 deputatus
3575 2654 3797 2704 aeterno

2095 2742 2374 2813 supplicio
2399 2742 2520 2812 jam
2568 2739 2857 2806 noverint,
2899 2745 3029 2792 ante
3061 2739 3224 2793 illum
3251 2739 3462 2809 judicis
3485 2739 3623 2808 justi
3654 2755 3796 2792 con-

2095 2836 2296 2901 spectu
2357 2828 2632 2883 orationis
2694 2845 2811 2882 suae
2869 2828 3138 2882 meritum
3190 2827 3399 2880 cassari
3455 2827 3798 2897 refugiunt?

2096 2920 2258 2985 Quod
2303 2918 2350 2972 si
2397 2935 2552 2972 nunc
2612 2933 2842 2989 quoque
2903 2918 3154 2970 viventes
3205 2917 3367 2987 justi,
3431 2917 3672 2970 mortuis
3737 2922 3799 2969 et

2097 3007 2384 3062 damnatis
2449 3006 2677 3077 injustis
2744 3006 2982 3060 minime
3049 3004 3498 3076 compatiuntur,
3563 3005 3797 3075 quando

2100 3098 2284 3151 adhuc
2325 3095 2542 3167 aliquid
2586 3095 2896 3166 judicabile
2944 3095 3011 3148 de
3061 3111 3163 3148 sua
3201 3110 3370 3148 carne
3410 3109 3530 3146 sese
3567 3093 3798 3163 perpeti

2098 3185 2270 3238 etiam
2296 3184 2406 3254 ipsi
2437 3183 2699 3237 noverint
2731 3200 2744 3238 :
2777 3187 2991 3253 quanto
3023 3181 3334 3237 districtius
3375 3187 3509 3235 tunc
3556 3180 3796 3252 iniquo-

2097 3290 2226 3327 rum
2265 3276 2552 3326 tormenta
2582 3271 2914 3342 respiciunt,
2948 3270 3177 3343 quando
3228 3270 3297 3324 ab
3326 3270 3484 3323 omni
3515 3269 3642 3324 vitae
3673 3286 3799 3324 cor-

2099 3361 2366 3432 ruptione
2429 3359 2612 3426 exuti,
2671 3359 2780 3429 ipsi
2835 3360 2957 3428 jam
3019 3358 3257 3429 justitiae
3314 3357 3555 3411 vicinius
3623 3362 3800 3427 atque

2099 3466 2163 3504 ar
2199 3449 2312 3502 tius
2354 3446 2759 3502 inhaerebunt?
2784 3447 2873 3501 Sic
2922 3447 3138 3518 quippe
3171 3462 3371 3500 eorum
3418 3451 3662 3510 mentes,
3697 3462 3804 3516 per

2098 3541 2208 3595 hoc
2235 3537 2385 3609 quod
2412 3536 2728 3607 justissimo
2758 3535 2940 3590 Judici
2975 3536 3276 3602 inhaerent,
3302 3537 3396 3606 jus
3425 3534 3800 3590 districtionis

2100 3626 2383 3693 absorbet,
2418 3629 2481 3678 ut
2542 3624 2777 3678 omnino
2811 3624 2891 3677 eis
2957 3640 3073 3678 non
3142 3623 3333 3690 libeat,
3402 3623 3685 3694 quidquid
3727 3623 3799 3677 ab

2099 3715 2253 3770 illius
2283 3720 2512 3768 aeternae
2541 3714 2754 3783 regulae
2791 3712 3102 3766 subtilitate
3128 3712 3437 3767 discordat.

2100 3805 2227 3860 CAP.
2258 3803 2456 3858 LXXII.
2503 3831 2573 3841 —
2613 3801 2765 3867 Quod
2793 3801 2999 3855 duobus
3029 3801 3202 3855 modis
3234 3803 3352 3855 vita
3389 3801 3630 3866 dicatur,
3662 3800 3798 3855 duo-

2516 3873 2611 3926 bus
2641 3874 2808 3926 etiam
2837 3887 2979 3926 mors
3020 3874 3380 3940 intelligatur.

2172 3962 2282 4033 (Ea:
2308 3961 2504 4016 eadem.
2541 3963 2684 4016 Petr.
2714 3963 2817 4015 int.
2852 3962 3017 4027 Greg.
3043 3963 3214 4029 resp.)
3243 3961 3365 4014 Non
3393 3963 3477 4014 est
3495 3960 3617 4030 jam
3643 3959 3799 4030 quod

2100 4051 2435 4121 responderi
2503 4049 2710 4104 debeat
2774 4053 2981 4119 apertae
3030 4048 3239 4102 rationi
3305 4049 3402 4103 sed
3458 4048 3580 4102 haec
3645 4064 3801 4102 nunc

2101 4138 2343 4210 quaestio
2375 4142 2629 4191 mentem
2661 4141 2870 4202 movet,
2905 4137 3192 4208 quomodo
3235 4137 3427 4191 anima
3457 4137 3802 4191 immortalis

2101 4227 2330 4294 dicitur,
2370 4226 2506 4280 dum
2557 4231 2777 4280 constat
2823 4225 2979 4296 quod
3012 4225 3072 4279 in
3103 4232 3382 4296 perpetuo
3431 4227 3563 4295 igne
3595 4226 3802 4280 moria-

294 4297 562 4351 incendia
581 4313 702 4351 esse
724 4300 1168 4368 praeparata?—
1187 4300 1341 4354 Unus
1359 4299 1589 4371 quidem
1609 4306 1693 4354 est
1713 4300 1989 4371 gehennae

2163 4331 2216 4368 r.
2244 4344 2312 4353 —-
2343 4313 2488 4378 Quia
2509 4313 2733 4368 duobus
2761 4314 2942 4368 modis
2967 4313 3082 4367 vita
3115 4313 3342 4381 dicitur,
3375 4313 3596 4368 duobus
3624 4315 3801 4371 etiam

295 4384 467 4456 ignis,
503 4385 602 4439 sed
640 4401 759 4439 non
786 4402 902 4440 uno
946 4387 1115 4441 modo
1155 4403 1353 4442 omnes
1401 4388 1615 4442 cruciat
1645 4393 1985 4459 peccatores.

300 4473 757 4543 Uniuscujusque
788 4473 1002 4528 etenim
1033 4479 1312 4545 quantum
1345 4475 1520 4547 exigit
1547 4476 1735 4546 culpa,
1766 4479 1991 4528 tantum

298 4560 416 4615 illic
449 4560 728 4614 sentietur
757 4577 945 4631 poena.
997 4562 1137 4616 Nam
1187 4563 1336 4618 sicut
1382 4568 1442 4618 in
1473 4563 1579 4618 hoc
1620 4563 1838 4618 mundo
1885 4563 1991 4616 sub

298 4663 414 4701 uno
446 4648 563 4702 sole
614 4649 779 4703 multi
812 4650 1149 4720 consistunt,
1191 4667 1294 4706 nec
1341 4657 1536 4706 tamen
1567 4652 1820 4723 ejusdem
1861 4650 1993 4703 solis

299 4734 561 4789 ardorem
594 4736 894 4807 aequaliter
926 4737 1179 4793 sentiunt
1207 4755 1220 4793 :
1258 4739 1394 4809 quia
1423 4739 1568 4792 alius
1612 4739 1741 4808 plus
1771 4741 1992 4804 aestuat,

298 4827 472 4896 atque
525 4823 672 4878 alius
704 4825 913 4892 minus,
947 4826 1026 4880 ita
1073 4826 1189 4882 illic
1234 4827 1293 4881 in
1340 4843 1456 4880 uno
1495 4827 1628 4897 igne
1676 4843 1791 4880 non
1845 4842 1994 4880 unus

300 4917 386 4968 est
434 4912 640 4968 modus
686 4913 939 4969 incendii
971 4931 984 4969 :
1016 4915 1152 4987 quia
1197 4916 1349 4986 quod
1396 4914 1490 4969 hic
1532 4915 1828 4970 diversitas
1876 4930 1994 4968 cor-

301 5017 510 5073 porum
557 5002 664 5056 hoc
693 5002 809 5058 illic
858 5003 976 5075 agit
1038 5003 1334 5058 diversitas
1379 5008 1771 5074 peccatorum;
1815 5007 1878 5057 ut
1939 5007 1995 5057 et

302 5091 496 5161 ignem
544 5107 664 5145 non
731 5091 1068 5147 dissimilem
1115 5091 1383 5159 habeant,
1433 5097 1490 5147 et
1538 5097 1730 5146 tamen
1763 5091 1994 5146 eosdem

299 5179 556 5250 singulos
583 5179 940 5235 dissimiliter
962 5183 1178 5234 exuret.

304 5285 432 5340 CAP.
468 5285 612 5340 LXX.
647 5316 714 5327 —
742 5289 884 5354 Quot
910 5289 1245 5426 genirasinit
1280 5288 1566 5342 oblationis
1593 5303 1696 5356 pro
1721 5287 1996 5355 defunctis

1043 5374 1192 5413 aczen
1233 5374 1286 5412 α.

1043 5374 1286 5413 aczenda.

379 5443 502 5513 (Ea:
531 5443 692 5499 dictis
745 5445 1006 5514 August.)
1041 5445 1297 5511 Quatuor
1332 5460 1543 5516 genera
1574 5449 1707 5500 sunt
1751 5444 1995 5500 oblatio-

309 5530 419 5585 nis.
474 5533 582 5585 Pro
626 5532 790 5587 valde
819 5533 1003 5601 bonis,
1051 5535 1362 5606 gratiarum
1412 5535 1660 5588 actiones
1690 5539 1842 5602 sunt,
1889 5536 1997 5589 hoc

310 5621 414 5684 est,
449 5619 562 5672 Deo
594 5620 806 5689 gratias
831 5627 1009 5690 agunt
1044 5639 1056 5675 :
1090 5623 1225 5693 quia
1253 5623 1400 5678 bene
1433 5623 1707 5677 vixerunt.
1743 5624 1851 5677 Pro
1878 5639 1994 5676 non

2103 4401 2288 4456 modis
2319 4417 2472 4454 mors
2517 4400 2686 4454 debet
2729 4400 2997 4471 intelligi.
3045 4400 3214 4455 Aliud
3246 4406 3330 4455 est
3360 4417 3611 4473 namque
3642 4405 3799 4474 quod

2102 4491 2162 4544 in
2192 4492 2301 4544 Deo
2333 4489 2596 4555 vivimus,
2631 4489 2784 4543 aliud
2820 4504 2952 4542 vero
2983 4489 3136 4561 quod
3171 4489 3227 4542 in
3264 4489 3373 4544 hoc
3400 4490 3555 4560 quod
3587 4492 3803 4546 conditi

2101 4581 2191 4634 vel
2237 4578 2412 4633 creati
2466 4594 2684 4645 sumus,
2741 4578 2798 4633 id
2861 4583 2968 4646 est,
3023 4577 3182 4633 aliud
3239 4579 3402 4632 beate
3469 4579 3682 4644 vivere,
3745 4587 3803 4636 et

2103 4665 2258 4721 aliud
2307 4666 2702 4721 essentialiter.
2760 4667 2963 4722 Anima
3018 4667 3230 4738 itaque,
3273 4672 3328 4721 et
3389 4667 3647 4721 mortalis
3681 4679 3802 4721 esse

2102 4755 2462 4826 intelligitur,
2524 4760 2582 4810 et
2633 4754 3000 4810 immortalis.
3059 4756 3308 4810 Mortalis
3365 4755 3606 4827 quippe,
3664 4755 3805 4826 quia

2103 4845 2266 4898 beate
2297 4843 2486 4897 vivere
2519 4842 2755 4910 amittit;
2797 4843 3141 4898 immortalis
3170 4848 3389 4909 autem,
3422 4843 3559 4913 quia
3598 4857 3801 4896 esseu-

2103 4932 2316 4986 tialiter
2376 4932 2564 4986 vivere
2620 4948 2917 5003 nunquam
2978 4932 3187 4986 desinit
3238 4949 3250 4986 :
3299 4937 3356 4986 et
3403 4937 3624 4986 natura:
3683 4947 3801 4987 suae

2103 5020 2279 5074 vitam
2309 5021 2548 5091 perdere
2583 5037 2700 5073 non
2733 5021 2900 5086 valet,
2935 5036 3038 5073 nec
3069 5036 3199 5074 cum
3237 5019 3295 5072 in
3329 5023 3604 5089 perpetua
3631 5019 3805 5073 fuerit

2105 5113 2290 5163 morte
2321 5109 2611 5163 damnata.
2645 5108 2766 5162 Illic
2797 5108 2952 5162 enim
2986 5109 3173 5179 posita
3201 5108 3364 5162 beate
3395 5122 3515 5162 esse
3547 5108 3751 5177 perdet
3785 5125 3796 5161 :

2106 5201 2162 5250 et
2202 5212 2322 5251 esse
2352 5212 2468 5250 non
2514 5197 2736 5267 perdet.
2788 5198 2862 5250 Ex
2895 5213 3008 5268 qua
3046 5214 3106 5251 re
3141 5212 3368 5267 semper
3399 5196 3626 5267 cogitur
3655 5202 3719 5251 ut
3747 5200 3802 5250 et

2105 5291 2350 5340 mortem
2381 5286 2503 5340 sine
2548 5289 2754 5353 morte,
2791 5291 2847 5340 et
2895 5286 3230 5341 defunctum
3274 5285 3394 5340 sine
3433 5285 3701 5340 defuncto
3745 5290 3804 5339 et

2105 5376 2276 5429 tinem
2297 5375 2418 5428 sine
2447 5374 2561 5429 ﬁne
2590 5375 2856 5446 patiatur.

2107 5464 2232 5519 CAP.
2269 5464 2494 5519 LXXIII.
2540 5492 2611 5504 —
2641 5464 2797 5529 Quod
2824 5465 2978 5518 electi
3007 5479 3099 5519 seu
3126 5464 3349 5533 reprobi
3377 5463 3451 5517 ad
3497 5464 3614 5519 loca
3656 5478 3800 5518 com-

2472 5537 2662 5588 munia
2690 5535 3028 5589 deducantur
3049 5537 3108 5589 in
3138 5537 3432 5590 tormentis.

2179 5624 2289 5690 (Ea:
2335 5622 2531 5676 eodem.
2591 5623 2731 5676 Petr.
2765 5622 2891 5693 int.)
2947 5624 3107 5688 Quod
3157 5639 3292 5677 vero
3346 5622 3462 5676 sive
3502 5622 3668 5676 electi
3701 5637 3798 5675 seu
