3950 6342
169 370 301 422 1045

1107 368 1577 426 DECRETORUM
1624 373 1812 427 LIBRI
1849 374 1955 428 XX.
2000 403 2067 412 —
2105 372 2321 429 LIBER
2362 372 2754 432 VIGESIMUS.

3526 382 3660 434 1046

160 492 416 564 reprobi,
455 508 701 564 quorum
752 492 1074 546 communis
1103 509 1272 547 causa
1318 495 1377 548 in
1430 510 1602 565 opere
1668 496 1860 564 fuerit,
1889 498 1935 549 Α
1978 495 2344 570 CA13.LXXVI.
2366 497 2603 563 —0uod
2625 500 2764 570 Deus
2787 498 3004 552 dicatur
3024 500 3659 570 zelans,dicaturiratus,

163 582 235 635 ad
272 583 394 635 loca
425 580 594 635 etiam
643 585 973 634 communia
1004 581 1374 636 deducantur.
1408 584 1670 636 Veritatis
1694 584 1860 638 nobis

157 673 335 724 verba
368 670 776 735 satisfacerent,
810 669 977 723 etiam
1011 670 1058 722 si
1100 672 1359 741 exempla
1409 672 1688 726 deessent.
1735 675 1860 743 Ipsa

157 761 374 831 quippe
408 759 625 812 Ve'ritas
680 764 917 829 propter
960 760 1166 812 electos
1212 760 1268 812 in
1318 761 1623 829 Evangelio
1672 760 1854 816 dicit:

156 850 224 903 In
256 849 427 902 domo
459 848 640 902 Patris
675 850 787 900 mei
818 849 1013 901 multae
1060 849 1382 901 mansiones
1412 855 1563 903 sunt.
1597 849 1653 903 Si
1703 849 1858 904 enim

161 936 360 1006 dispar
390 936 452 989 in
482 936 576 988 illa
606 936 961 989 beatitudine
984 942 1199 989 aeterna
1222 936 1524 990 retributio
1550 954 1665 990 non
1689 943 1857 1007 esset,

159 1041 279 1078 una
308 1024 499 1095 potius
532 1023 749 1077 mansio
783 1039 955 1093 quam
999 1025 1196 1077 multae
1237 1029 1444 1078 essent.
1503 1025 1689 1078 Multae
1723 1030 1858 1095 ergo

158 1112 490 1166 mansiones
518 1118 669 1178 sunt,
696 1113 755 1164 in
780 1112 986 1182 quibus
1011 1117 1066 1165 et
1113 1111 1365 1165 distincti
1400 1113 1681 1167 bonorum
1706 1113 1855 1167 ordi-

158 1217 263 1255 nes
322 1206 556 1271 propter
640 1201 979 1253 meritorum
1046 1200 1398 1253 consortium
1474 1202 1859 1255 communiter

160 1290 464 1355 laetentur;
496 1294 552 1342 et
586 1293 777 1343 tamen
810 1305 990 1342 unum
1018 1289 1318 1343 denarium
1362 1306 1558 1343 omnes
1594 1290 1856 1345 laboran-

159 1382 247 1429 tes
280 1377 587 1447 accipiunt,
624 1377 721 1446 qui
755 1377 949 1429 multis
994 1378 1387 1431 mansionibus
1436 1378 1807 1448 distinguitur
1840 1395 1852 1433 :

159 1464 299 1534 quia
332 1469 386 1518 et
420 1481 533 1517 una
566 1470 650 1517 est
700 1465 991 1518 beatitudo
1040 1482 1213 1535 quam
1263 1466 1375 1519 illic
1405 1467 1749 1538 percipiunt,
1803 1474 1858 1522 et

158 1553 357 1622 dispar
384 1554 774 1606 retributionis
806 1554 1047 1622 qualitas
1076 1570 1245 1624 quam
1280 1571 1380 1624 per
1407 1572 1578 1625 opera
1635 1556 1859 1611 diversa

160 1647 613 1712 consequuntur.
648 1642 785 1705 Qum
808 1643 1082 1696 nimirum
1116 1644 1328 1697 Veritas
1354 1644 1557 1713 judicii
1585 1645 1671 1698 sui
1703 1646 1855 1698 diem

161 1730 515 1784 denuntians
546 1732 623 1784 ait
661 1747 673 1785 :
721 1732 875 1784 Tunc
923 1732 1104 1785 dicam
1141 1733 1490 1786 messoribus
1522 1750 1534 1787 :
1591 1734 1855 1803 Colligite

159 1820 402 1884 zizania,
448 1825 505 1873 et
561 1819 731 1890 ligate
788 1836 854 1872 ea
909 1819 1190 1873 fasciculis
1249 1822 1319 1875 ad
1376 1822 1852 1877 comburendum.

157 1908 434 1962 Messores
465 1908 678 1978 quippe
708 1907 897 1977 angeli
928 1915 1089 1974 sunt;
1124 1908 1337 1962 zizania
1370 1910 1429 1962 in
1469 1909 1751 1963 fasciculis
1783 1910 1857 1964 ad

156 1997 618 2051 comburendum
662 1996 858 2066 ligant,
893 2012 1021 2049 cum
1056 2013 1220 2066 pares
1259 1998 1621 2067 comparibus
1652 1998 1711 2051 in
1738 2004 1855 2051 tor-

154 2085 373 2138 mentis
407 2085 691 2138 similibus
757 2084 990 2150 sociant,
1026 2090 1085 2138 nt
1139 2085 1371 2154 superbi
1397 2101 1525 2138 cum
1575 2084 1854 2155 superbis,

155 2171 440 2226 luxuriosi
470 2188 598 2225 cum
632 2170 954 2238 luxuriosis,
995 2172 1147 2225 avari
1192 2188 1342 2239 cum,
1378 2172 1580 2234 avaris,
1631 2173 1857 2226 fallaces

159 2277 296 2315 cum
342 2260 657 2324 fallacibus,
715 2260 893 2313 invidi
924 2276 1055 2314 cum
1114 2260 1341 2326 invidis,
1409 2261 1670 2315 inﬁdeles
1727 2276 1855 2314 cum

157 2350 515 2415 inﬁdelibus,
545 2349 765 2402 ardent.
823 2349 963 2404 Cum
1021 2365 1157 2417 ergo
1208 2349 1420 2403 similes
1466 2350 1522 2402 in
1565 2350 1751 2418 culpa,
1788 2349 1859 2404 ad

158 2442 452 2491 termenta
475 2437 685 2490 similia
714 2437 1087 2502 adducantur,
1124 2437 1219 2507 qui
1248 2454 1341 2490 eos
1369 2439 1506 2491 locis
1536 2438 1858 2509 poenalibus

157 2526 358 2597 angeli
414 2526 711 2595 deputant,
778 2526 940 2596 quasi
1000 2526 1352 2581 zizaniorum
1431 2527 1729 2581 fasciculos
1787 2528 1857 2582 ad

160 2615 616 2670 comburendum
650 2614 848 2683 ligant.

161 2722 295 2776 Car.
335 2720 555 2775 LXXIV.
587 2749 655 2760 —-
688 2722 759 2773 De
790 2721 883 2773 hoc
914 2719 1057 2787 quod
1089 2722 1147 2773 in
1178 2720 1331 2774 domo
1362 2722 1458 2773 Dei
1487 2721 1667 2775 multa
1697 2734 1853 2774 man-

841 2794 1013 2844 siones
1052 2792 1182 2844 sint.

238 2879 422 2947 (Greg.
454 2880 511 2932 in
540 2881 652 2932 suis
682 2880 874 2933 Morat.
926 2878 1061 2931 dicit
1100 2880 1139 2945 :)
1190 2879 1252 2931 In
1296 2878 1593 2947 evangelio
1637 2879 1857 2932 Veritas

164 2968 345 3023 dicit:
382 2969 441 3021 In
474 2968 644 3020 domo
678 2967 856 3020 Patris
890 2968 1214 3019 mansiones
1245 2968 1441 3020 multae
1469 2973 1620 3020 sunt.
1659 2968 1764 3021 Sed
1797 2968 1858 3021 in

163 3057 383 3111 eisdem
430 3054 625 3108 multis
675 3054 1070 3108 mansionibus
1116 3055 1224 3108 erit
1268 3055 1461 3126 aliquo
1513 3056 1684 3108 modo
1736 3056 1859 3127 ipsa

164 3144 615 3198 retributionum
664 3142 961 3196 diversitas
992 3159 1261 3197 concors:
1310 3144 1445 3214 quia
1497 3150 1652 3198 tanta
1685 3145 1767 3197 vis
1800 3146 1859 3199 in

164 3234 265 3287 illa
293 3248 431 3302 pace
464 3248 567 3285 nos
600 3232 794 3296 sociat,
829 3237 891 3285 ut
919 3234 1073 3302 quod
1110 3234 1168 3286 in
1192 3249 1248 3285 se
1276 3233 1520 3303 quisque
1555 3249 1668 3286 non
1697 3250 1859 3287 acce-

164 3321 337 3391 perit,
375 3320 484 3374 hoc
515 3336 573 3371 se
604 3319 885 3389 accepisse
934 3319 994 3372 in
1024 3319 1135 3372 alio
1176 3321 1435 3373 exsultet.
1472 3320 1627 3374 Unde
1659 3326 1716 3373 et
1747 3337 1860 3374 non

164 3425 331 3480 mque
377 3408 697 3461 laborantes
747 3408 805 3461 in
846 3407 1043 3476 vinea,
1100 3424 1262 3477 mque
1318 3408 1505 3461 cuncti
1561 3409 1860 3464 denarium

164 3498 496 3551 sortiuntur.
534 3496 598 3549 Et
627 3495 858 3565 quidem
894 3496 1040 3566 apud
1069 3498 1289 3550 Putrem
1314 3496 1641 3550 mansiones
1668 3499 1860 3552 multa:

166 3590 321 3650 sunt,
355 3590 410 3637 et
438 3589 629 3637 tamen
663 3584 926 3638 eumdem
957 3584 1255 3639 denarium
1293 3585 1547 3655 dispares
1575 3585 1859 3639 laborato~

169 3692 260 3730 res
289 3673 610 3743 accipiunt:
646 3672 781 3743 quia
808 3689 921 3726 una
962 3674 1179 3728 cunctis
1236 3674 1345 3726 erit
1377 3674 1672 3727 beatitudo
1722 3676 1863 3729 lwti-

166 3764 283 3828 tim,
314 3760 574 3832 quamvis
613 3776 727 3814 non
768 3777 882 3814 una
921 3762 993 3816 sit
1024 3763 1293 3817 omnibus
1343 3763 1661 3817 sublimitas
1708 3765 1857 3818 vitae.

168 3869 298 3924 CAP.
332 3867 521 3922 LXXV.
557 3897 621 3905 —
649 3866 800 3932 Quod
828 3868 981 3922 illum
1008 3884 1163 3937 quem
1183 3870 1342 3923 semel
1361 3871 1523 3938 culpa
1550 3870 1625 3923 ad
1650 3887 1862 3939 pmnam

234 3941 529 4008 pertrahit,
570 3939 949 3993 misericordia
995 3942 1228 3994 ulterius
1261 3940 1335 3994 ad
1390 3944 1598 3995 veniam
1630 3958 1736 3996 non
1777 3959 1860 3996 re-

238 4009 420 4063 ducat.

240 4117 423 4184 (Greg.
475 4118 535 4171 in
599 4117 713 4169 suis
777 4117 972 4170 Moral.
1041 4116 1224 4185 dicitz)
1285 4117 1441 4172 Sicut
1506 4119 1863 4172 consumitur

167 4205 368 4270 nubes,
402 4209 457 4257 et
483 4202 808 4273 pertransit,
843 4204 924 4257 sic
952 4204 1051 4275 qui
1082 4204 1377 4259 descendit
1406 4205 1473 4258 ad
1508 4205 1722 4259 inferos
1749 4222 1863 4259 non

170 4293 441 4347 ascendit.
493 4293 679 4348 Nubes
710 4291 923 4381 quippe
972 4292 1040 4345 ad
1072 4292 1277 4345 altiora
1327 4291 1717 4381 suspenditur,
1762 4293 1859 4381 sed
1902 4327 1945 4381 Β

170 4382 405 4435 densata
430 4387 595 4434 vento
626 4380 941 4452 impellitur
969 4385 1033 4433 ut
1066 4384 1275 4446 currat,
1316 4382 1503 4433 calore
1526 4380 1661 4433 solis
1692 4380 1858 4433 dissi-

169 4475 338 4540 patur
368 4474 430 4523 ut
467 4473 780 4523 evanescat.
834 4468 925 4523 Sic
983 4468 1259 4522 nimirum
1292 4469 1465 4522 corda
1518 4474 1650 4522 sunt
1682 4469 1862 4522 homi-

169 4574 329 4624 num,
364 4574 491 4627 quae
542 4573 646 4628 per
688 4561 933 4626 acceptae
977 4556 1211 4609 rationis
1268 4556 1565 4626 ingenium
1625 4557 1693 4610 ad
1752 4556 1863 4610 alia

170 4646 489 4716 emigrant:
549 4645 791 4715 impulsa
855 4648 1048 4697 autem
1104 4643 1341 4714 maligni
1400 4644 1635 4713 spiritus
1698 4645 1858 4711 ﬂatu,

172 4734 358 4805 pravis
410 4733 826 4788 desideriorum
874 4748 1105 4785 suorum
1158 4732 1409 4786 motibus
1461 4733 1571 4786 huc
1615 4734 1863 4804 illucque

172 4822 608 4894 pertrahuntur.
648 4821 755 4876 Sed
787 4821 1043 4874 districta
1090 4825 1352 4890 respectu
1384 4820 1617 4889 superni
1653 4821 1862 4891 judicis

174 4912 334 4984 quasi
374 4911 510 4964 solis
541 4911 726 4963 calore
768 4909 1094 4980 liquefiunt,
1148 4914 1204 4961 et
1234 4908 1408 4961 semel
1441 4909 1579 4962 locis
1624 4911 1861 4979 poenali-

172 5000 277 5054 bus
306 4999 532 5062 tradita,
575 5000 641 5051 ad
676 4998 1025 5069 operationis
1057 5013 1223 5051 usum
1252 4999 1398 5049 ultra
1442 5013 1557 5049 non
1598 4998 1859 5052 redeunt.

174 5088 267 5141 Vir
314 5087 489 5157 igitur
545 5093 772 5141 sanctus
845 5086 1111 5140 elationis
1170 5101 1398 5138 cursum
1460 5086 1863 5158 defectumque

174 5176 411 5232 humani
443 5176 668 5245 generis
717 5175 1044 5245 exprimens
1075 5173 1247 5227 dicit:
1300 5172 1458 5227 Sicut
1508 5176 1865 5230 consumitur

176 5264 374 5330 nubes,
433 5270 489 5318 et
537 5264 867 5334 pertransit,
926 5262 1005 5316 sic
1058 5262 1158 5333 qui
1196 5261 1484 5315 descendit
1533 5262 1599 5315 ad
1648 5263 1863 5318 inferos

175 5370 288 5408 non
317 5352 588 5407 ascendit.
647 5355 723 5405 Ac
779 5352 826 5405 si
884 5358 1077 5421 aperte
1150 5352 1482 5421 loqueretur
1519 5350 1748 5406 dicens:
1800 5353 1863 5407 In

177 5444 353 5497 altum
385 5441 665 5496 currendo
695 5440 904 5507 deﬁcit,
929 5440 1027 5511 qui
1049 5439 1433 5510 superbiendo
1467 5439 1531 5493 ad
1564 5439 1862 5497 interitum

178 5531 376 5587 tendit.
429 5530 612 5595 Quem
659 5530 707 5584 si
738 5530 915 5584 semel
966 5529 1134 5597 culpa
1182 5528 1254 5582 ad
1288 5543 1512 5598 pennam
1562 5529 1860 5599 pertrahit,

182 5618 572 5676 misericordia
605 5618 844 5673 ulterius
874 5618 941 5673 ad
970 5616 1193 5672 veniam
1231 5632 1350 5672 non
1378 5616 1617 5672 reducit.

2043 567 2263 650 dicatur
2311 574 2593 637 pwmteus,
2652 569 2869 624 dicatur
2904 567 3228 639 misericors,
3274 573 3490 627 dicatur
3519 567 3659 643 pra;

2037 652 2199 692 scius.

2039 743 2223 811 (Greg.
2258 745 2316 798 in
2350 747 2464 799 suis
2490 746 2680 800 Moral.
2714 746 2849 799 dicit
2879 746 2920 817 :)
2975 748 3123 800 Deus
3180 763 3315 819 ergo
3375 751 3660 821 quomodo

1968 833 2158 885 zelans
2188 840 2292 899 est,
2322 833 2422 903 qui
2453 834 2511 885 in
2560 834 2935 888 custodienda
2978 836 3235 889 castitate
3280 844 3473 891 nostra
3503 841 3661 893 nullo

1969 921 2177 974 mentis
2204 922 2459 975 cruciatu
2493 923 2783 993 tangitur?
2824 924 3124 987 Quomodo
3158 925 3438 993 irascitur,
3473 928 3569 997 qui
3602 928 3662 982 in

1968 1009 2314 1063 ulciscendis
2348 1010 2493 1062 vitiis
2539 1012 2747 1064 nostris
2798 1013 2953 1065 nulla
3001 1013 3434 1081 perturbatione
3486 1016 3665 1069 animi

1967 1097 2398 1151 commovetur?
2447 1099 2745 1162 Quomodo
2778 1104 2863 1152 est
2893 1100 3198 1168 pmnitens,
3233 1102 3371 1171 quid
3424 1103 3477 1155 id
3513 1104 3659 1173 quod

1967 1188 2139 1239 semel
2174 1186 2389 1252 fecerit,
2424 1192 2478 1239 et
2504 1187 2700 1240 fecisse
2729 1204 3093 1258 nequaquam
3126 1190 3322 1243 dolet?
3359 1191 3660 1254 Quomodo

1966 1275 2139 1329 habet
2166 1276 2641 1340 misericordiam,
2671 1277 2770 1346 qui
2810 1293 2906 1329 cor
2954 1277 3231 1331 miserum
3283 1295 3397 1332 non
3448 1280 3662 1335 habet?

1968 1364 2263 1428 Quomodo
2291 1368 2373 1416 est
2404 1366 2699 1433 praescius,
2738 1366 2874 1419 dum
2933 1367 3090 1419 nulla
3146 1366 3255 1420 nisi
3308 1383 3437 1436 quae
3466 1367 3665 1421 futura

1966 1452 2078 1505 sint
2118 1452 2529 1521 praesciantur‘?
2562 1452 2630 1505 Et
2660 1454 2870 1507 scimus
2904 1454 3037 1524 quia
3065 1456 3177 1508 Deo
3210 1454 3354 1507 nihil
3404 1455 3661 1509 futurum

1965 1544 2066 1608 est,
2105 1546 2236 1593 ante
2268 1541 2428 1611 cujus
2456 1542 2651 1594 oculos
2684 1543 2970 1611 prazterita
3010 1544 3168 1597 nulla
3216 1548 3369 1612 sunt,
3411 1561 3662 1614 praisen-

1965 1630 2040 1683 tia
2072 1646 2189 1683 non
2210 1634 2524 1692 transeunt,
2576 1630 2768 1683 futura
2813 1648 2927 1684 non
2971 1632 3230 1685 veniunt.
3274 1633 3495 1703 Quippe
3527 1633 3664 1703 quia

1967 1718 2120 1788 quod
2152 1717 2317 1771 nobis
2348 1718 2474 1783 fuit,
2507 1723 2563 1771 et
2620 1719 2748 1781 erit,
2805 1719 2862 1772 in
2914 1720 3037 1789 ejus
3090 1724 3397 1790 prospectu
3454 1725 3663 1790 praesto

1971 1811 2054 1860 est
2088 1822 2099 1859 :
2135 1810 2191 1860 et
2220 1821 2391 1859 omne
2421 1807 2576 1876 quod
2608 1822 2859 1877 praesens
2894 1811 2979 1860 est
3037 1808 3167 1860 sciri
3221 1812 3423 1876 potest,
3473 1809 3665 1878 potius

1970 1910 2141 1965 quam
2198 1893 2471 1964 praesciri.
2536 1895 2600 1947 Et
2674 1899 2865 1947 tamen
2919 1895 3128 1948 dicitur
3179 1897 3387 1961 zelans,
3458 1896 3665 1950 dicitur

1967 1982 2163 2043 iratus,
2196 1982 2405 2036 dicitur
2442 1982 2742 2053 pmnitens,
2793 1982 3002 2038 dicitur
3050 1984 3395 2050 misericors,
3456 1985 3666 2038 dicitur

1967 2071 2241 2141 praescius
2276 2087 2288 2124 :
2341 2074 2404 2123 ut
2460 2071 2594 2141 quia
2626 2071 2942 2124 castitatem
2973 2071 3180 2125 anima:
3216 2072 3664 2143 uniuscujusque

1968 2159 2237 2225 custodit,
2299 2159 2553 2212 humano
2615 2160 2789 2213 modo
2846 2161 3034 2213 zelans
3082 2165 3336 2227 vocetur,
3406 2162 3664 2232 quamvis

1968 2247 2175 2301 mentis
2222 2247 2475 2301 cruciatu
2534 2264 2648 2301 non
2689 2249 2973 2315 tangitur;
3025 2248 3161 2319 quia
3213 2249 3408 2319 culpas
3459 2266 3662 2319 percu-

1965 2336 2057 2401 tit,
2091 2336 2299 2389 dicitur
2336 2336 2523 2402 irasci,
2581 2337 2841 2406 quamvis
2890 2338 3045 2391 nulla
3096 2338 3273 2391 animi
3336 2338 3664 2392 turbatione

1968 2430 2299 2492 moveatur;
2340 2430 2397 2479 et
2425 2426 2558 2495 quia
2598 2426 2717 2496 ipse
2750 2426 3147 2493 immutabilis,
3183 2428 3237 2481 id
3266 2427 3423 2497 quod
3468 2428 3662 2481 volue-

1968 2512 2042 2566 rit
2094 2518 2300 2579 mutat,
2357 2514 2637 2582 paenitere
2691 2515 2922 2580 dicitur,
2980 2515 3241 2585 quamvis
3280 2531 3403 2569 rem
3461 2519 3660 2582 mutet,

1966 2600 2266 2655 consilium
2301 2617 2417 2653 non
2451 2607 2649 2655 mutet.
2686 2603 2751 2655 Et
2781 2618 2911 2655 cum
2946 2603 3191 2655 miseriae
3226 2607 3430 2657 nostrae
3462 2603 3661 2667 subve-

1967 2689 2071 2756 nit,
2107 2689 2430 2742 misericors
2483 2694 2738 2757 vocatur,
2782 2691 3044 2760 quamvis
3096 2690 3319 2743 miseris
3378 2690 3660 2757 subvenit,

1969 2782 2023 2831 et
2049 2793 2148 2831 cor
2203 2777 2478 2831 miserum
2540 2762 2841 2848 nunquam
2898 2777 3048 2831 facit.
3108 2780 3171 2831 Et
3228 2778 3364 2848 quia
3423 2794 3488 2831 ea
3535 2795 3664 2849 quas

1968 2865 2130 2919 nobis
2157 2866 2347 2919 futura
2406 2870 2539 2918 sunt
2567 2866 2743 2932 videt,
2804 2882 2931 2936 quae
2984 2871 3208 2919 tantum
3263 2867 3371 2937 ipsi
3437 2882 3664 2935 semper

1967 2958 2175 3023 praesto
2206 2959 2359 3019 sunt,
2391 2952 2662 3024 praescius
2694 2953 2904 3007 dicitur
2936 2971 2949 3007 :
2985 2953 3245 3023 quamvis
3296 2970 3662 3025 nequaquam

1891 3047 1931 3101 C
1971 3042 2225 3096 futurum
2260 3041 2589 3111 praevideat,
2622 3043 2773 3112 quod
2804 3058 3058 3112 preesens
3098 3041 3271 3095 videt.

1972 3149 2095 3201 CAP.
2131 3147 2384 3203 LXXVII.
2400 3178 2467 3186 —
2486 3148 2595 3203 Cur
2608 3150 2744 3201 Deus
2758 3163 2881 3202 suos
2894 3148 3079 3201 electos
3100 3149 3175 3200 sic
3203 3149 3484 3215 permittat
3505 3149 3660 3212 mori,

2006 3225 2067 3271 ut
2094 3234 2202 3273 non
2224 3221 2283 3271 in
2308 3222 2423 3271 vita
2454 3219 2671 3272 illorum
2695 3219 2941 3272 ostendat
2970 3221 3124 3286 cujus
3155 3220 3465 3272 sanctitatis
3495 3216 3625 3271 sint.

2042 3324 2149 3393 (Ea:
2176 3325 2375 3378 eodem.
2396 3326 2538 3379 Petr.
2564 3327 2667 3377 int.
2695 3324 2850 3391 Grig.
2873 3324 3040 3393 resP.)
3057 3323 3201 3387 Quid
3218 3324 3448 3389 esthoc,
3468 3338 3663 3390 quaeso

1970 3419 2047 3482 te,
2076 3412 2232 3484 quod
2264 3413 2633 3482 omnipotens
2671 3415 2816 3467 Deus
2868 3414 2947 3465 sic
2976 3412 3257 3482 permittit
3305 3411 3474 3478 mori,
3519 3427 3663 3481 quos

1971 3508 2164 3556 tamen
2221 3506 2351 3571 post
2395 3507 2635 3555 mortem
2687 3502 2853 3572 cujus
2911 3501 3226 3554 sanctitatis
3281 3500 3495 3553 fuerint
3548 3516 3662 3554 non

1970 3589 2320 3659 compatitur
2347 3589 2538 3643 celari.
2602 3588 2743 3642 Cum
2785 3589 3058 3657 scriptum
3115 3588 3185 3641 sit
3218 3591 3261 3640 ε⁴
3291 3588 3484 3642 Justus
3526 3602 3663 3657 qua-

1971 3693 2199 3748 cunque
2246 3681 2432 3730 morte
2480 3683 2801 3746 praeventus
2862 3676 3053 3742 fuerit,
3088 3676 3311 3745 justitia
3364 3676 3487 3745 ejus
3544 3689 3661 3729 non

1972 3764 2262 3819 auferetur
2290 3765 2360 3819 ab
2381 3765 2488 3819 eo?
2519 3794 2585 3806 —
2608 3764 2782 3819 Electi
2812 3764 2909 3836 qui
2937 3764 3135 3833 procul
3160 3764 3331 3818 dubio
3362 3763 3432 3816 ad
3454 3779 3657 3833 perpe-

1971 3859 2127 3907 tuam
2159 3853 2331 3908 vitam
2360 3854 2624 3920 tendunt,
2670 3854 2807 3925 quid
2854 3854 2935 3906 eis
2974 3853 3133 3907 obest
3173 3852 3218 3905 si
3249 3853 3317 3906 ad
3367 3852 3659 3907 modicum

1970 3942 2111 3997 dure
2138 3942 2503 3998 moriantur?
2534 3942 2599 3996 Et
2629 3946 2713 3995 est
2743 3942 2978 3995 fortasse
3011 3956 3428 4011 nonnunquam
3460 3954 3662 3995 eorum

1974 4032 2160 4100 culpa,
2219 4029 2349 4086 licet
2389 4030 2648 4095 minima,
2701 4045 2831 4100 quae
2878 4030 2934 4082 in
2985 4029 3184 4083 eadem
3216 4029 3421 4082 debeat
3476 4032 3660 4082 morte
3722 4086 3732 4095 ,

1974 4119 2235 4172 resecari.
2300 4118 2455 4173 Unde
2517 4117 2581 4171 ﬁt
2638 4122 2701 4170 ut
2751 4116 2978 4187 reprobi
3024 4117 3257 4187 quidem
3315 4121 3657 4186 potestatem

1973 4213 2171 4261 contra
2202 4206 2453 4259 viventes
2483 4205 2787 4275 accipiant,
2836 4206 2932 4259 sed
2965 4205 3077 4259 illis
3118 4204 3497 4259 morientibus
3556 4203 3663 4257 hoc

1974 4294 2032 4348 in
2063 4293 2145 4347 eis
2175 4293 2402 4364 gravius
2433 4293 2772 4359 vindicetur,
2823 4293 2975 4364 quod
3006 4298 3202 4346 contra
3259 4293 3437 4346 bonos
3492 4296 3663 4361 pote-

1972 4385 2174 4436 statem
2269 4398 2386 4435 suae
2442 4382 2794 4436 crudelitatis
2852 4387 3234 4452 acceperunt:
3307 4380 3453 4433 sicut
3508 4380 3661 4433 idem

1972 4469 2220 4524 carnifex
2242 4471 2340 4541 qui
2364 4470 2629 4525 eumdem
2655 4470 3033 4524 venerabilem
3059 4469 3356 4523 diaconem
3382 4468 3663 4522 viventem

1971 4557 2142 4612 ferire
2178 4557 2492 4627 permissus
2549 4560 2651 4623 est,
2687 4555 2938 4626 gaudere
2987 4571 3159 4624 super
3210 4558 3503 4607 mortuum
3535 4568 3663 4623 per-

1973 4646 2183 4700 missus
2225 4661 2342 4699 non
2384 4650 2486 4699 est.
2530 4645 2691 4710 Quod
2737 4660 2893 4698 sacra
2937 4660 3166 4713 quoque
3218 4647 3499 4695 testantur
3547 4642 3664 4694 elo-

1973 4734 2126 4806 quia.
2160 4734 2298 4787 Nam
2351 4733 2435 4787 vir
2501 4734 2600 4787 Dei
2650 4738 2847 4786 contra
2900 4732 3217 4786 Samariam
3273 4731 3498 4797 missus,
3532 4732 3667 4800 quia

1971 4839 2076 4894 per
2106 4822 2552 4876 inohedientiam
2586 4821 2645 4874 in
2676 4821 2877 4874 itinere
2898 4820 3166 4888 comedit,
3196 4820 3347 4874 hunc
3376 4819 3437 4872 in
3463 4819 3666 4873 eodem

1973 4912 2180 4965 itinere
2213 4911 2301 4964 leo
2343 4909 2566 4965 occidit.
2609 4908 2715 4965 Sed
2774 4909 2963 4962 statim
3022 4908 3136 4962 illic
3196 4909 3468 4977 scriptum
3535 4912 3663 4962 est:

1974 4998 2117 5063 Quia
2148 4998 2305 5051 stetit
2333 4998 2419 5051 leo
2445 4998 2609 5069 juxta
2644 4998 2893 5064 asinum,
2926 5002 2981 5051 et
3024 5014 3141 5051 non
3190 4996 3440 5051 comedit
3476 4997 3543 5050 de
3575 5012 3668 5050 ca-

1977 5089 2201 5142 davere.
2241 5089 2315 5141 Ex
2345 5103 2456 5157 qua
2492 5103 2551 5140 re
2580 5088 2919 5153 ostenditur,
2947 5087 3098 5155 quod
3133 5090 3429 5154 peccatum
3476 5084 3670 5137 inobe-

1976 5175 2211 5230 dientiaa
2243 5175 2303 5228 in
2329 5174 2451 5245 ipsa
2497 5180 2679 5229 morte
2725 5175 2830 5228 fuit
2888 5176 3158 5240 laxatum,
3195 5172 3327 5243 quia
3380 5172 3531 5226 idem
3578 5171 3668 5226 leo

1975 5262 2075 5333 qui
2105 5261 2388 5314 viventem
2424 5260 2790 5332 praesumpsit
2846 5260 3119 5323 occidere,
3177 5259 3506 5328 contingere
3556 5274 3670 5312 non

1974 5350 2343 5421 praesumpsit
2392 5350 2663 5404 occisum.
2726 5349 2833 5413 Qui
2902 5349 3052 5401 enim
3108 5346 3407 5401 occidendi
3467 5361 3670 5398 ausum

1974 5438 2197 5506 habuit,
2223 5439 2289 5491 de
2323 5438 2492 5492 occisi
2519 5438 2793 5492 cadavere
2831 5436 3169 5491 comedendi
3216 5434 3502 5489 licentiam
3552 5450 3671 5487 non

1976 5527 2235 5597 accepit:
2270 5527 2403 5598 quia
2452 5526 2499 5581 is
2533 5527 2631 5598 qui
2663 5525 2960 5598 culpabilis
3010 5524 3071 5578 in
3125 5523 3238 5577 vita
3282 5522 3407 5589 fuit,
3467 5522 3673 5592 punita

1977 5615 2388 5679 inobedientia,
2421 5622 2541 5671 erat
2586 5616 2704 5686 jam
2754 5616 2943 5686 justus
2997 5630 3061 5667 ex
3122 5617 3327 5669 morte.
3380 5612 3489 5666 Leo
3539 5626 3675 5681 ergo
