3950 6370
274 329 410 382 1047

1349 320 1751 379 BUBCHARDI
1787 318 2320 376 WOBMACIENSIS
2361 318 2694 374 EPISCOPI.

3649 320 3796 372 l0i8

275 451 374 523 qui
406 450 563 521 prius
591 447 903 520 peccatoris
945 447 1121 501 vitam
1159 447 1400 515 necavit,
1459 445 1765 500 custodivit
1818 447 1971 514 post-
2000 444 2050 499 A
2087 458 2336 514 namque
2370 457 2702 512 corporeus,
2737 444 2800 495 ut
2856 456 2980 494 esse
3027 440 3215 494 valeat
3261 441 3411 510 ignis
3443 483 3458 509 ,
3493 441 3800 513 corporeis

276 539 516 593 modum
549 539 788 592 cadaver
811 535 971 607 justi.

350 628 480 682 CAP.
507 626 771 682 LXXVIII.
799 655 868 664 ——
891 624 1044 690 Quod
1061 625 1273 678 miseris
1293 637 1441 678 mors
1461 624 1560 690 ﬁat
1579 623 1694 676 sine
1714 625 1899 674 morte.

353 715 605 785 (Gregor.
649 716 707 768 in
745 715 858 767 suis
910 713 1104 766 Moral.
1157 710 1354 780 dicitz)
1415 710 1503 764 Fit
1562 725 1700 780 ergo
1751 707 1976 762 miseris

283 817 439 855 mors
468 801 588 855 sine
611 803 816 866 morte,
850 798 981 852 ﬁnis
1026 797 1146 850 sine
1184 797 1453 850 defunctu
1490 813 1502 851 :
1537 797 1670 866 quia
1713 799 1769 850 et
1821 811 1977 849 mors

285 887 447 953 vivit,
500 893 555 940 et
609 887 741 941 ﬁnis
792 901 1019 955 semper
1064 883 1285 954 incipit,
1318 889 1374 938 et
1404 883 1645 937 deficere
1675 883 1976 938 defunctus

288 975 485 1030 nescit.
521 975 664 1039 Quia
685 974 884 1044 igitur,
915 979 972 1027 et
993 989 1148 1026 mors
1169 973 1402 1042 perimit
1422 979 1479 1026 et
1515 989 1630 1026 non
1675 971 1973 1042 extinguit,

288 1065 454 1118 dolor
482 1063 714 1128 cruciat,
747 1063 843 1116 sed
875 1063 1204 1115 nullatenus
1235 1077 1502 1130 pavorem
1533 1061 1711 1133 fugat,
1745 1061 1980 1115 ﬂamma

288 1152 591 1216 comburit,
627 1151 722 1204 sed
756 1166 1119 1221 nequaquam
1155 1150 1418 1202 tenebras
1461 1149 1692 1203 decutit.

290 1241 417 1296 CAP.
471 1241 683 1296 LXXIX.
716 1269 777 1280 —
809 1239 960 1305 Quod
979 1240 1036 1292 in
1066 1240 1278 1305 inferno
1305 1238 1671 1306 peccatoribus
1702 1238 1776 1291 ad
1804 1251 1982 1292 conso-

396 1331 647 1383 lationem
676 1330 820 1397 ignis
849 1343 955 1382 non
986 1328 1177 1390 luceat,
1209 1327 1303 1381 sed
1334 1331 1393 1380 ut
1412 1329 1585 1394 magis
1605 1331 1870 1396 torqueat.

361 1417 600 1486 (Gregor.
634 1419 693 1470 in
739 1417 854 1470 suis
884 1417 1076 1470 Moral.
1119 1415 1255 1469 dicit
1289 1414 1327 1484 :)
1370 1414 1638 1479 Quamvis
1683 1415 1802 1468 illic
1829 1413 1980 1483 ignis

291 1509 347 1559 et
376 1505 448 1560 ad
488 1505 939 1559 consolationem
994 1505 1310 1571 noulucet,
1367 1509 1621 1557 attamen
1680 1507 1742 1557 ut
1799 1503 1981 1573 magis

289 1599 574 1665 torqueat,
607 1594 675 1647 ad
719 1593 939 1664 aliquid
972 1592 1142 1646 lucet.
1200 1593 1340 1646 Nam
1399 1608 1667 1663 sequaces
1723 1607 1981 1662 quosque

293 1699 426 1737 suos
454 1698 647 1736 secum
678 1681 738 1735 in
770 1683 1059 1736 tormento
1089 1681 1322 1750 reprobi
1374 1681 1608 1735 ﬂamma
1657 1681 1980 1734 illustrante

291 1769 469 1823 visuri
499 1773 652 1834 sunt,
687 1783 934 1838 quorum
995 1784 1188 1821 amore
1223 1767 1589 1838 deliquerunt
1623 1783 1636 1822 :
1703 1773 1985 1838 quatenus

295 1857 396 1928 qui
426 1872 625 1910 eorum
660 1857 835 1910 vitam
879 1856 1186 1909 carnaliter
1217 1861 1414 1909 contra
1444 1860 1728 1925 praecepta
1777 1855 1984 1909 Condi-

293 1945 436 2001 toris
489 1947 846 2013 amaverunt,
879 1943 1136 2014 ipsorum
1182 1959 1413 2015 quoque
1465 1960 1561 1998 eos
1607 1943 1872 1998 interitus
1926 1943 1987 1997 in

295 2037 608 2104 augmento
639 2049 756 2088 suae
786 2031 1418 2102 damnationisafﬂigat.

700 2121 830 2175 CAP.
864 2121 1050 2176 LXXX.
1084 2150 1155 2160 —
1185 2122 1266 2174 De
1293 2120 1476 2175 eadem
1501 2135 1584 2176 re.

366 2210 616 2278 (Gregor.
651 2211 712 2262 in
739 2211 854 2264 suis
897 2209 1101 2264 Moral.
1153 2209 1288 2263 dicit
1321 2212 1355 2274 :)
1395 2207 1549 2263 Sicut
1605 2223 1742 2278 ergo
1800 2207 1991 2263 electis

296 2298 448 2369 ignis
477 2297 678 2352 ardere
705 2297 863 2351 novit
888 2297 958 2350 ad
987 2296 1275 2362 solatium,
1325 2301 1382 2350 et
1406 2301 1602 2350 tamen
1655 2298 1856 2352 ardere
1921 2297 1990 2352 ad

298 2385 643 2458 supplicium
678 2385 896 2438 nescit:
927 2385 1006 2438 ita
1056 2400 1086 2436 e
1142 2371 1362 2438 diverso
1421 2385 1699 2454 gehennae
1760 2385 1990 2440 ﬂamma

297 2473 581 2545 reprobis,
613 2476 668 2526 et
697 2488 1064 2543 nequaquam
1091 2473 1241 2526 lucet
1285 2472 1358 2526 ad
1401 2473 1813 2526 consolationis
1861 2489 1991 2544 gra-

298 2565 459 2629 tiam,
476 2567 736 2615 ettamen
758 2562 909 2615 lucet
932 2561 1000 2614 ad
1021 2575 1251 2630 pcenam
1278 2577 1292 2614 :
1319 2565 1383 2614 ut
1401 2560 1801 2615 damnatorum
1815 2563 1993 2616 oculis

298 2649 666 2722 supplicium,
699 2654 756 2703 et
784 2650 944 2703 nulla
992 2648 1267 2702 cbaritate
1297 2649 1556 2716 candeat,
1612 2655 1669 2703 et
1717 2650 1787 2703 ad
1842 2650 1994 2704 dolo-

298 2740 379 2795 ris
408 2739 706 2792 cumulum
740 2737 988 2808 qualiter
1019 2737 1348 2791 cruciantur
1385 2739 1666 2804 ostendat,
1708 2738 1853 2802 Quid
1900 2739 1992 2793 hic

300 2828 536 2891 mirum,
571 2827 617 2880 si
647 2827 926 2898 gehennae
951 2826 1145 2896 ignem
1186 2826 1473 2880 credimus
1521 2826 1731 2881 habere
1773 2827 1993 2897 suppli-

302 2917 476 2982 cium,
511 2915 678 2968 simul
740 2915 1100 2969 obscuritatis
1131 2919 1189 2969 et
1242 2913 1520 2969 luminis?
1560 2915 1709 2985 quod
1766 2914 1991 2985 experi-

2080 531 2300 601 indiget
2330 531 2617 584 fomentis.
2651 529 2760 594 Qui
2810 545 2939 582 cum
2983 545 3212 582 necesse
3248 536 3334 584 est
3382 536 3445 584 ut
3498 537 3793 596 servetur,

2082 636 2185 691 per
2213 619 2657 690 congestaligna
2683 619 2884 688 procul
2924 618 3099 672 dubio
3132 618 3408 687 nutritur,
3469 635 3574 672 nec
3637 619 3800 672 valet

2083 707 2195 761 nisi
2252 723 2553 760 succensus
2607 723 2746 768 esse,
2803 711 2858 759 et
2886 705 2996 758 nisi
3052 705 3268 758 refotus
3319 705 3646 759 subsistere.
3717 709 3798 759 At

2084 801 2281 849 contra
2318 796 2598 866 gehennae
2634 794 2785 864 ignis
2813 809 2942 846 cum
2997 793 3071 846 sit
3122 809 3450 862 corporeus,
3510 801 3566 847 et
3622 793 3683 846 in
3725 809 3789 847 se

2085 885 2283 937 missos
2345 883 2618 954 reprobos
2685 881 3059 951 corporaliter
3138 886 3359 948 exurat,
3421 898 3527 936 nec
3593 881 3797 935 studio

2084 974 2337 1027 humauo
2405 971 2790 1038 succenditur,
2869 987 2975 1024 nec
3057 971 3232 1042 lignis
3296 972 3615 1026 nutritur:
3685 971 3797 1025 sed

2084 1066 2305 1115 creatus
2345 1061 2521 1114 semel
2564 1061 2731 1114 durat
2767 1059 3245 1130 inextinguibilis,
3309 1067 3366 1114 et
3398 1060 3799 1114 succensione

2085 1166 2204 1205 non
2234 1150 2474 1219 indiget,
2504 1154 2561 1202 et
2590 1149 2790 1202 ardore
2824 1165 2939 1202 non
2971 1153 3140 1203 caret.
3199 1150 3348 1202 Bene
3397 1166 3535 1220 ergo
3577 1150 3645 1204 de
3679 1149 3801 1203 hoc

2085 1239 2285 1309 iniquo
2319 1238 2571 1292 dicitur:
2612 1237 2912 1291 Devorabit
2962 1253 3092 1289 eum
3134 1237 3292 1305 ignis
3339 1237 3438 1306 qui
3477 1254 3592 1290 non
3655 1253 3798 1290 suc-

2087 1327 2402 1380 cenditur:
2473 1327 2610 1396 quia
2666 1325 3090 1396 Omnipotentis
3151 1326 3392 1395 justitia,
3457 1326 3799 1380 futurorum

2090 1414 2345 1486 praescia,
2379 1414 2448 1467 ab
2474 1413 2596 1483 ipsa
2626 1414 2826 1467 mundi
2855 1414 3078 1483 origine
3109 1415 3392 1484 gehennae
3423 1415 3614 1485 ignem
3640 1429 3800 1467 crea-

2090 1503 2216 1557 vit:
2251 1503 2349 1574 qui
2377 1503 2435 1555 in
2465 1518 2630 1571 paena
2685 1501 3060 1572 reproborum
3113 1518 3234 1554 esse
3293 1503 3468 1555 semel
3529 1501 3799 1570 incipiet,

2091 1592 2188 1646 sed
2223 1592 2482 1645 ardorem
2516 1606 2682 1643 suum
2708 1591 2880 1643 etiam
2916 1589 3038 1643 sine
3070 1590 3242 1660 lignis
3273 1606 3569 1660 nunquam
3606 1590 3796 1644 ﬁniet.

2093 1679 2394 1736 Sciendum
2422 1695 2555 1732 vero
2607 1683 2711 1744 est,
2772 1678 2928 1749 quod
2988 1695 3187 1732 omnes
3244 1679 3492 1749 reprobi,
3548 1679 3684 1749 quia
3742 1681 3804 1732 et

2095 1769 2157 1822 in
2182 1768 2374 1821 anima
2403 1767 2572 1820 simul
2603 1771 2659 1820 et
2679 1783 2844 1820 carne
2873 1773 3278 1837 peccaverunt,
3331 1766 3449 1822 illic
3494 1767 3553 1820 in
3599 1767 3803 1822 anima

2096 1863 2154 1911 et
2179 1872 2346 1910 carne
2376 1856 2595 1925 pariter
2624 1855 2969 1909 cruciantur.

2098 1963 2225 2018 CAP.
2257 1962 2523 2017 LXXXIII.
2558 1990 2625 2002 —
2653 1963 2772 2014 Cur
2785 1963 3040 2014 animuin
3067 1975 3287 2028 corpore
3299 1975 3540 2027 manens,
3569 1965 3619 2014 et
3643 1975 3796 2029 egre-

2592 2033 2746 2086 diens
2772 2032 2952 2086 videri
2972 2047 3077 2085 non
3097 2034 3286 2100 possit.

2168 2121 2314 2186 Quid
2351 2119 2584 2186 mirum,
2613 2121 2798 2185 Petre,
2842 2120 2888 2172 si
2934 2121 3324 2190 egredientem
3385 2119 3638 2173 animam
3673 2134 3795 2172 non

2099 2210 2311 2274 vidisti,
2343 2225 2516 2280 quam
2555 2214 2611 2262 et
2653 2214 2983 2262 manentem
3032 2209 3090 2261 in
3136 2224 3378 2278 corpore
3427 2224 3544 2261 non
3593 2207 3800 2262 vides?

2101 2297 2512 2368 Numquidnam
2578 2298 2751 2350 modo
2810 2313 2937 2351 cum
3025 2313 3250 2350 mecum
3323 2296 3594 2367 loqueris,
3658 2297 3802 2366 quia

2101 2386 2290 2440 videre
2319 2386 2380 2439 in
2415 2401 2505 2438 me
2530 2401 2648 2439 non
2684 2386 2834 2438 vales
2868 2385 3120 2439 animam
3171 2400 3379 2452 meam,
3442 2384 3654 2437 idcirco
3704 2399 3799 2437 me

2100 2490 2220 2532 esse
2255 2474 2581 2528 exanimem
2630 2473 2850 2528 credis?
2906 2475 3115 2527 Natura
3175 2473 3390 2543 quippe
3443 2473 3651 2526 animm
3701 2471 3800 2524 in-

2099 2562 2339 2616 visibilis
2404 2567 2506 2630 est,
2575 2565 2747 2632 atque
2812 2561 2889 2614 ita
2957 2578 3022 2614 ex
3125 2577 3358 2631 corpore
3434 2559 3803 2613 invisibiliter

2102 2652 2393 2721 egreditur
2415 2650 2560 2704 sicut
2588 2650 2648 2704 in
2687 2665 2920 2720 corpore
2945 2649 3304 2703 invisibiliter
3325 2653 3535 2701 manet.
3570 2650 3799 2702 Petrus:

2102 2740 2210 2795 Sed
2243 2740 2415 2794 vitam
2449 2739 2658 2793 animm
2688 2738 2748 2792 in
2771 2755 3008 2809 corpore
3049 2737 3334 2792 manentis
3383 2752 3622 2808 pensare
3656 2753 3800 2806 pos-

2102 2845 2227 2882 sum
2259 2845 2325 2882 ex
2377 2827 2518 2898 ipsis
2573 2827 2823 2880 motibus
2883 2827 3138 2896 corporis
3172 2843 3184 2879 τ
3217 2825 3353 2897 quia
3401 2825 3510 2878 nisi
3570 2824 3805 2894 corpori

2102 2917 2294 2971 anima
2338 2917 2582 2983 adesset,
2643 2916 2901 2986 ejusdem
2961 2915 3221 2968 membra
3271 2913 3526 2984 corporis
3580 2913 3807 2967 moveri

303 3009 496 3060 mento
525 3003 993 3073 novimus:quia
1033 3008 1090 3057 et
1137 3019 1287 3056 nunc
1344 3003 1488 3056 dura
1544 3003 1797 3071 ﬂamma,
1851 3004 1995 3057 lucet
2029 3001 2069 3057 C
2108 3024 2224 3063 non
2287 3011 2542 3078 possent.
2608 3006 2732 3060 Vita
2798 3022 2932 3060 vero
2981 3005 3188 3059 animae
3254 3010 3384 3075 post
3439 3019 3671 3057 carnem
3743 3003 3803 3057 in

303 3094 560 3148 obscura.
601 3092 757 3145 Tunc
810 3091 954 3145 edax
1012 3091 1248 3145 ﬂamma
1301 3091 1605 3158 comburit,
1653 3107 1799 3161 quos
1847 3108 1998 3146 nunc

304 3180 548 3236 carnalis
587 3179 887 3233 delectatio
911 3179 1137 3250 polluit.
1173 3180 1329 3233 Tunc
1357 3178 1578 3233 inﬁnite
1601 3185 1799 3246 patens
1828 3180 2000 3234 infer-

306 3269 368 3324 ni
397 3270 690 3324 baratrum
722 3268 975 3330 devorat,
1012 3283 1154 3338 qcos
1181 3283 1332 3320 nunc
1356 3267 1545 3320 inanis
1579 3267 1746 3320 elatio
1774 3269 1998 3323 exaltat.

305 3363 487 3429 Atque
531 3356 632 3428 qui
680 3357 938 3426 quolibet
976 3372 1042 3410 ex
1092 3355 1232 3410 vitio
1283 3355 1378 3410 hic
1402 3357 1757 3410 voluntatem
1811 3357 1999 3412 callidi

305 3444 658 3520 persuaseris
693 3445 1086 3514 expleverunt,
1120 3449 1256 3498 tunc
1292 3461 1424 3498 cum
1455 3461 1555 3498 suo
1584 3446 1725 3499 duce
1768 3445 2002 3514 reprobi

309 3535 378 3589 ad
428 3537 717 3588 tormenta
771 3533 1163 3603 perveniunt:
1222 3537 1280 3587 et
1332 3533 1593 3604 quamvis
1664 3534 2000 3604 angelorum

308 3628 479 3692 atque
543 3620 848 3675 hominum
907 3620 1078 3690 longe
1129 3619 1202 3674 sit
1258 3625 1466 3674 natura
1520 3619 1831 3690 dissimilis,
1889 3637 2004 3675 una

308 3715 503 3764 tamen
531 3725 704 3779 paena
729 3707 1005 3780 implicat,
1041 3725 1187 3779 quos
1237 3725 1383 3762 unus
1429 3708 1490 3762 in
1520 3708 1759 3763 crimine
1813 3715 2003 3764 reatus

309 3797 471 3868 ligat.

313 3902 440 3958 CAP.
475 3901 692 3957 LXXXI.
715 3930 788 3942 —
809 3901 962 3970 Quod
982 3902 1221 3954 humana
1249 3902 1436 3954 anima
1463 3903 1544 3955 ita
1567 3903 1888 3958 immortalis
1908 3905 2002 3968 sit,

703 3977 764 4026 ut
789 3977 840 4026 et
869 3974 1009 4025 mori
1024 3974 1196 4040 possit
1219 3977 1269 4025 et
1297 3987 1403 4025 non
1421 3975 1610 4040 possit.

385 4060 628 4132 (Gregor.
659 4063 719 4114 in
747 4063 862 4114 suis
905 4061 1101 4114 Moral.
1143 4058 1277 4114 dicit
1310 4059 1350 4129 :)
1408 4059 1551 4124 Quia
1609 4077 1743 4129 ergo
1793 4067 2004 4116 nostras

311 4148 762 4204 immortalitatis
792 4149 900 4202 hoc
935 4153 1160 4219 tempus
1193 4164 1307 4202 non
1353 4148 1431 4201 ita
1477 4152 1541 4202 ut
1597 4151 1746 4204 male
1782 4151 1870 4215 sit,
1909 4151 2003 4205 sed

311 4239 390 4293 ita
414 4238 565 4310 perit
594 4242 660 4293 ut
691 4253 808 4292 non
840 4236 932 4303 sit,
972 4237 1351 4308 quaerendum
1380 4240 1465 4290 est
1513 4238 1647 4307 quid
1702 4239 1796 4305 sit,
1848 4240 2003 4310 quod

312 4343 432 4382 non
465 4331 526 4380 ut
552 4327 629 4380 ita
659 4341 773 4379 non
826 4325 917 4392 sit,
954 4326 1048 4380 sed
1088 4327 1169 4379 ita
1221 4325 1410 4396 perire
1459 4331 1687 4396 optatur
1742 4333 1807 4380 ut
1858 4329 2005 4382 male

315 4415 408 4470 sit.
438 4416 700 4469 Humana
730 4415 884 4468 enim
941 4413 1132 4468 anima
1164 4430 1263 4468 seu
1323 4415 1612 4485 angelicus
1661 4415 1898 4485 spiritus
1928 4417 2007 4470 ita

314 4503 660 4558 immortalis
709 4507 814 4570 est,
897 4506 962 4556 ut
995 4503 1143 4556 mori
1193 4503 1414 4574 possit:
1478 4503 1558 4557 ita
1613 4503 1890 4570 mortalis,
1942 4510 2008 4560 ut

317 4591 466 4646 mori
496 4607 608 4645 non
641 4591 839 4661 possit.
862 4591 1005 4645 Nam
1036 4592 1198 4645 beate
1233 4592 1446 4657 vivere,
1500 4591 1615 4645 sive
1648 4607 1752 4662 per
1781 4591 2004 4658 vitium,

317 4696 416 4735 seu
449 4695 553 4750 per
578 4679 923 4750 supplicium
956 4680 1182 4750 perdit:
1208 4679 1587 4733 essentialiter
1614 4685 1806 4733 autem
1848 4679 2004 4734 vive-

318 4783 404 4837 re,
439 4783 627 4836 neque
654 4783 756 4837 per
781 4767 1006 4830 vitium,
1037 4783 1226 4839 neque
1257 4783 1361 4836 per
1390 4767 1735 4838 supplicium
1771 4768 2004 4822 amittit.

317 4859 364 4912 A
415 4855 691 4927 qualitate
725 4855 876 4910 enim
919 4856 1144 4911 vivendi
1199 4854 1412 4920 deﬁcit,
1474 4855 1569 4909 sed
1613 4856 2008 4910 omnimodum

319 4944 663 4999 subsistendi
738 4943 1036 4999 interitum
1081 4959 1188 4998 nec
1247 4943 1494 4998 moriens
1542 4945 1732 4998 sentit.
1769 4946 1839 5000 Ut
1871 4961 2008 5014 ergo

317 5033 565 5089 breviter
601 5032 866 5098 dixerim,
928 5037 983 5086 et
1038 5031 1444 5086 immortaliter
1503 5032 1762 5088 mortalis
1818 5037 1920 5101 est,
1955 5037 2010 5088 et

319 5121 640 5178 mortaliter
656 5120 1015 5176 immortalis.

319 5230 446 5286 CAP.
482 5229 716 5284 LXXXII.
750 5258 817 5269 —-
871 5227 1026 5297 Quod
1055 5242 1338 5296 corporeus
1380 5228 1455 5282 sit
1496 5230 1641 5296 ignis
1673 5229 1942 5295 gehennae,
1961 5233 2009 5282 et

387 5316 495 5356 non
534 5301 780 5370 indigeat
844 5301 957 5353 alia
1013 5299 1263 5364 materia,
1313 5299 1426 5352 nisi
1477 5299 1836 5368 reproborum
1886 5314 2011 5353 cru-

388 5375 555 5427 ciatu.

391 5475 582 5547 (Greg.
617 5479 674 5530 in
704 5475 822 5532 suis
859 5476 1150 5530 Moralibus
1182 5474 1315 5529 dicit
1360 5479 1396 5542 :)
1432 5475 1567 5529 Miro
1615 5474 1776 5528 valde
1819 5476 2006 5541 modo,

322 5565 519 5634 paucis
571 5565 759 5620 verbis
806 5577 1106 5635 expressus
1162 5570 1248 5618 est
1287 5563 1437 5636 ignis
1508 5564 1807 5635 gehennae.
1858 5565 2010 5637 Ignis

2107 3096 2314 3167 quibus
2351 3095 2600 3148 motibus
2631 3095 2908 3165 quibusve
2926 3093 3198 3164 operibus
3227 3093 3318 3158 sit,
3347 3109 3462 3146 non
3493 3092 3655 3145 video
3693 3109 3704 3145 :
3739 3096 3807 3145 ut

2108 3200 2173 3238 ex
2205 3184 2374 3236 rebus
2399 3182 2720 3237 visibilibus
2752 3198 2871 3236 esse
2899 3182 3186 3252 colligam,
3239 3180 3390 3252 quod
3443 3180 3639 3234 videre
3683 3196 3802 3234 non

2108 3288 2361 3342 possum.

2110 3377 2239 3432 CAP.
2276 3377 2535 3431 LXXXIV.
2563 3406 2632 3414 —
2653 3377 2738 3431 'Ut
2766 3377 2947 3430 nullus
2975 3375 3228 3430 dubitare
3243 3375 3450 3439 debeat,
3483 3390 3548 3428 ea
3577 3390 3688 3430 esse
3715 3378 3804 3429 in-

2284 3449 2546 3515 visibilia,
2581 3463 2699 3515 qua:
2741 3450 2845 3501 Deo
2877 3447 3145 3500 invisibili
3179 3447 3620 3500 subministrant.
3783 3455 3786 3458 ’

2181 3536 2290 3603 (Ea:
2319 3535 2521 3603 dialog.
2597 3534 2778 3605 Greg.)
2831 3535 2988 3588 Sicut
3039 3534 3121 3587 vis
3181 3534 3388 3588 animae
3443 3533 3693 3587 viviﬁcat
3749 3539 3806 3587 et

2110 3629 2299 3678 movet
2354 3639 2582 3693 corpus,
2645 3623 2724 3676 sic
2775 3623 2854 3675 vis
2905 3622 3098 3676 divina
3154 3621 3358 3693 implet
3415 3638 3542 3692 quae
3592 3619 3806 3674 creavit

2112 3712 2324 3766 omnia.
2359 3713 2424 3766 Et
2452 3711 2561 3765 alia
2583 3711 2918 3782 inspirando
2950 3710 3215 3776 viviﬁcat,
3261 3710 3390 3764 aliis
3435 3725 3564 3763 vero
3603 3709 3808 3763 tribuit

2115 3807 2176 3854 ut
2241 3801 2454 3863 vivant,
2507 3799 2634 3854 aliis
2692 3800 2799 3853 hoc
2855 3799 3217 3853 solummodo
3276 3803 3510 3869 praestat
3558 3801 3621 3852 ut
3671 3796 3802 3850 sint.

2113 3887 2256 3953 Quia
2286 3903 2482 3942 verum
2515 3903 2637 3941 esse
2673 3903 2786 3940 non
2841 3887 3088 3956 dubitas,
3135 3892 3444 3952 creantem,
3503 3891 3560 3939 et
3598 3901 3804 3956 regen-

2113 3981 2249 4040 tem,
2287 3976 2647 4046 implentem,
2683 3982 2739 4030 et
2769 3974 3350 4046 circumplectentem,
3397 3975 3807 4028 transcenden-

2113 4068 2250 4127 tem,
2281 4069 2337 4118 et
2364 4064 2762 4124 sustinentem,
2795 4063 3376 4133 incircumscriptum,
3407 4067 3578 4133 atque
3607 4061 3808 4116 invisi-

2115 4153 2288 4208 bilem
2325 4154 2533 4219 Deum;
2566 4152 2642 4206 ita
2682 4152 2942 4206 dubitare
2973 4168 3089 4206 non
3146 4152 3340 4215 debes,
3400 4151 3553 4205 hunc
3609 4150 3806 4204 invisi-

2114 4241 2252 4294 bilia
2278 4241 2552 4311 obsequia
2584 4240 2815 4294 habere.
2861 4240 3076 4294 Debent
3121 4240 3337 4311 quippe
3390 4255 3456 4292 ea
3507 4254 3638 4308 quas
3699 4237 3806 4292 mi-

2114 4330 2361 4384 nistrant
2417 4329 2484 4383 ad
2540 4329 2661 4398 ejus
2709 4328 3150 4383 similitudinem
3213 4328 3451 4382 tendere
3494 4327 3584 4382 cui
3634 4327 3803 4381 mini-

2114 4423 2316 4484 strant,
2366 4421 2429 4471 ut
2489 4433 2617 4487 quas
2665 4417 2939 4470 invisibili
2990 4417 3265 4483 serviunt,
3322 4432 3445 4471 esse
3501 4415 3804 4470 invisibilia

2114 4523 2232 4560 non
2283 4505 2636 4560 dubitentur.
2691 4507 2820 4559 Haec
2895 4511 3088 4560 autem
3143 4522 3271 4576 qua!
3317 4521 3442 4559 esse
3495 4505 3799 4570 credimus,

2115 4593 2225 4648 nisi
2273 4598 2496 4647 sanctos
2565 4594 2822 4664 angelos,
2874 4599 2927 4648 et
2981 4595 3215 4664 spiritus
3258 4595 3591 4664 justorum?
3654 4593 3803 4647 Sicut

2115 4698 2252 4753 ergo
2287 4686 2509 4735 motum
2534 4681 2905 4736 considerans
2937 4683 3211 4752 corporis,
3263 4682 3433 4736 vitam
3484 4681 3689 4735 animas
3742 4681 3802 4734 in

2116 4785 2356 4841 corpore
2385 4769 2669 4823 manentis
2697 4769 3005 4840 perpendis
3034 4770 3229 4823 animo
3257 4786 3270 4824 :
3306 4769 3384 4822 ita
3400 4770 3576 4823 vitam
3604 4769 3801 4822 animae

2117 4859 2378 4913 exeuntis
2442 4875 2476 4911 a
2540 4874 2776 4928 corpore
2826 4858 3184 4929 perpendere
3237 4858 3410 4912 debes
3449 4874 3483 4911 a
3534 4873 3798 4910 summo:

2119 4947 2256 5018 quia
2306 4951 2497 5016 potest
2542 4946 2904 5000 invisibiliter
2975 4947 3164 5000 vivere
3241 4962 3414 5016 quam
3469 4950 3691 5015 oportet
3746 4945 3802 4998 in

2119 5035 2398 5104 obsequio
2443 5034 2746 5088 invisibilis
2802 5051 3058 5090 manere.
3122 5037 3361 5090 Petrus:
3416 5035 3588 5089 Recte
3631 5039 3802 5087 totum

2120 5123 2330 5178 dicitur
2361 5140 2375 5178 :
2410 5123 2507 5178 sed
2537 5139 2700 5177 mens
2746 5123 2959 5191 refugit
3011 5124 3264 5190 credere,
3319 5123 3474 5194 quod
3524 5122 3803 5193 corporeis

2121 5212 2300 5266 oculis
2334 5228 2451 5266 non
2479 5213 2629 5266 valet
2654 5213 2870 5268 videre.

2120 5319 2250 5374 CAP.
2284 5318 2614 5374 LXXXV.—
2644 5319 2797 5385 Quod
2824 5319 2977 5372 nulla
2997 5319 3242 5373 visibilia
3270 5318 3450 5373 videri
3469 5319 3553 5373 vel
3571 5319 3804 5385 cognosci

2538 5395 2768 5459 possunt
2795 5393 2907 5444 nisi
2934 5407 3030 5460 per
3062 5390 3382 5445 invisibilia.

2191 5479 2312 5545 (Ea:
2344 5477 2551 5546 dialog.
2597 5478 2780 5550 Greg.)
2814 5479 2955 5533 Cum
3008 5480 3216 5532 Paulus
3265 5478 3462 5532 dicat:
3514 5478 3608 5531 Est
3659 5476 3797 5531 enim

2123 5566 2262 5621 ﬁdes
2311 5566 2725 5636 sperandarum
2777 5567 3094 5622 substantia
3149 5583 3342 5621 rerum
3401 5572 3798 5637 argumentum
