3950 6308
224 351 357 403 1049

1150 346 1622 405 DECRETORUM
1664 348 1849 403 LIBRI
1887 348 1996 403 XX.
2030 377 2099 389 —
2138 347 2345 403 LIBER
2384 348 2775 404 VIGESIMUS.

3576 348 3709 403 1050

220 490 335 528 non
362 472 765 544 apparentium
802 489 815 526 :
862 473 972 526 hoc
1001 471 1277 525 veraciter
1320 472 1528 525 dicitur
1552 471 1724 538 credi,
1759 471 1910 541 quod
1941 474 1987 525 Α
2025 470 2282 524 insinuat
2329 488 2435 524 vox
2483 471 2692 537 divitis,
2745 472 2845 543 qui
2896 471 3180 525 Abraham
3234 472 3572 542 deprecatur
3616 470 3709 524 di-

218 578 336 615 non
385 563 535 615 valet
583 560 780 614 videri.
836 561 973 614 Nam
1020 560 1174 614 credi
1217 561 1339 630 jam
1382 576 1494 613 non
1526 565 1713 630 potest
1759 560 1910 629 quod

217 649 398 703 videri
449 653 662 719 potest.
738 650 805 703 Ut
862 656 1052 703 tamen
1108 655 1161 702 te
1222 649 1472 703 breviter
1526 648 1793 701 reducam
1842 647 1911 701 ad

214 739 505 792 te:nulla
569 738 816 790 visibilia
893 738 1003 790 nisi
1070 754 1173 807 per
1238 737 1549 791 invisibilia
1622 737 1908 790 videntur.

220 827 352 879 Ecce
415 826 570 879 enim
636 832 840 879 cuncta
906 842 1185 895 corporea
1250 828 1447 879 oculus
1511 826 1596 879 tui
1659 826 1911 895 corporis

215 914 436 983 aspicit,
471 929 573 966 nec
602 919 796 966 tamen
824 913 945 982 ipse
977 929 1289 982 corporeus
1320 914 1518 966 oculus
1572 913 1786 983 aliquid
1835 913 1913 965 vi-

217 1002 377 1055 deret
421 1018 780 1072 corporeum,
834 1001 940 1054 nisi
992 1002 1146 1055 hunc
1209 1018 1295 1055 res
1346 1001 1683 1072 incorporea
1714 1003 1784 1055 ad
1838 1001 1913 1054 vi—

216 1090 471 1143 dendum
491 1095 736 1144 acueret.
766 1092 905 1143 Nam
929 1091 1065 1143 tolle
1090 1096 1340 1143 mentem
1369 1107 1495 1160 quae
1524 1106 1640 1143 non
1662 1090 1908 1157 videtur,

217 1185 276 1232 et
334 1178 619 1233 incassum
682 1185 839 1249 patet
902 1182 1097 1233 oculus
1157 1180 1256 1250 qui
1318 1180 1563 1233 videbat.
1633 1179 1911 1232 Subtrahe

218 1266 469 1320 animam
519 1268 766 1333 corpori,
827 1274 1127 1321 remanent
1171 1268 1369 1338 procul
1428 1267 1602 1321 dubio
1657 1268 1807 1321 oculi
1852 1268 1913 1320 in

218 1372 457 1426 corpore
489 1357 691 1427 aperti.
716 1356 773 1411 Si
806 1356 982 1425 igitur
1020 1374 1122 1427 per
1163 1373 1220 1409 se
1251 1357 1538 1423 videbant,
1573 1372 1675 1409 cur
1727 1356 1911 1409 disce-

219 1445 388 1498 dente
420 1444 612 1497 anima
645 1444 721 1496 nil
754 1443 985 1497 vident?
1042 1444 1182 1497 Hinc
1236 1460 1373 1514 ergo
1430 1444 1687 1512 intellige
1721 1461 1733 1498 :
1777 1443 1913 1514 quia

217 1533 342 1603 ipsa
370 1548 601 1602 quoque
632 1532 898 1596 visibilia,
932 1549 1043 1585 non
1088 1532 1197 1586 nisi
1229 1549 1331 1603 per
1373 1532 1683 1586 invisibilia
1713 1532 1909 1585 viden-

217 1626 330 1674 tur.
368 1622 653 1674 Ponamus
691 1637 923 1691 quoque
979 1627 1108 1675 ante
1156 1622 1346 1674 oculos
1403 1620 1629 1686 mentis,
1672 1620 1910 1673 domum

217 1708 521 1775 mdiﬁcare,
553 1708 863 1762 immensas
919 1710 1097 1762 moles
1139 1710 1345 1775 levare,
1386 1709 1634 1779 pendere
1678 1725 1912 1776 magnas
1943 1745 1982 1798 Β

216 1798 277 1851 in
337 1797 614 1851 machinis
671 1799 1009 1851 columnas:
1048 1798 1194 1868 quis.
1256 1814 1451 1868 quaeso
1514 1803 1587 1863 te,
1623 1798 1731 1851 hoc
1769 1814 1913 1867 opus

219 1888 537 1955 operatur?
568 1887 789 1955 Corpus
820 1886 1043 1939 visibile
1071 1886 1222 1957 quod
1259 1886 1383 1939 illas
1422 1887 1601 1940 moles
1648 1887 1914 1939 manibus

217 1974 436 2029 trahit:
473 1990 547 2027 an
601 1974 903 2028 invisibilis
955 1976 1145 2027 anima
1195 1991 1321 2045 qum
1368 1975 1612 2028 viviticat
1669 1973 1913 2044 corpus?

216 2064 371 2118 Tolle
410 2064 565 2116 enim
617 2063 771 2133 quod
824 2080 939 2116 non
997 2062 1222 2115 videtur
1267 2062 1326 2115 in
1376 2078 1658 2131 corpore:
1694 2067 1752 2116 et
1782 2078 1911 2116 mox

216 2150 543 2206 immobilia
570 2157 869 2205 remanent
900 2159 1105 2204 cuncta
1151 2168 1278 2221 quas
1315 2152 1530 2204 moveri
1570 2151 1914 2204 videbantur

219 2239 467 2293 visibilia
524 2256 767 2310 corpora
813 2240 1197 2295 metallorum.
1227 2240 1347 2304 Qua
1374 2239 1429 2292 in
1474 2255 1532 2292 re
1562 2240 1913 2309 pensandum

220 2334 328 2393 est,
361 2327 497 2398 quia
527 2329 584 2381 in
615 2328 723 2381 hoc
772 2345 1000 2399 quoque
1049 2327 1264 2381 mundo
1318 2327 1549 2393 visibili,
1603 2327 1745 2380 nihil
1804 2326 1913 2380 nisi

219 2432 324 2487 per
355 2422 672 2471 creaturam
704 2416 1046 2469 invisibilem
1081 2415 1305 2485 disponi
1333 2418 1538 2484 potest.
1576 2415 1716 2469 Nam
1772 2416 1915 2469 sicut

221 2504 589 2573 omnipotens
647 2506 794 2558 Deus
842 2504 1144 2573 aspirando
1188 2504 1274 2557 vel
1333 2503 1624 2573 implendo
1673 2519 1739 2555 ea
1784 2520 1913 2573 quae
1960 2506 1963 2507 ⁷

217 2592 440 2646 ratione
468 2593 799 2655 subsistunt,
837 2598 900 2645 ut
949 2592 1195 2645 viviticat
1216 2596 1271 2645 et
1318 2598 1506 2646 movet
1553 2592 1909 2646 invisibilia:

216 2680 297 2735 ita
328 2680 449 2750 ipsa
481 2698 707 2752 quoque
742 2679 1071 2742 invisibilia.
1134 2680 1429 2748 implendo
1480 2685 1711 2733 movent
1740 2687 1913 2751 atque

220 2770 435 2823 sensim
506 2770 791 2823 viviticant
845 2768 1096 2822 carnalia
1153 2784 1397 2838 corpora
1450 2785 1579 2839 qua:
1627 2769 1908 2822 videntur.

221 2859 461 2912 Petrus:
500 2857 647 2922 Istis,
679 2858 883 2925 fateor,
933 2856 1369 2927 allegationibus
1418 2856 1664 2909 libenter
1710 2857 1910 2925 victus,

220 2962 400 3017 prope
429 2946 583 2999 nulla
603 2946 721 3015 jam
755 2962 877 2998 esse
910 2945 1029 2998 haec
1067 2944 1313 2998 visibilia
1359 2945 1671 3014 compellor
1720 2945 1914 2999 existi-

220 3051 400 3102 mare,
433 3035 530 3106 qui
554 3040 712 3105 prius
744 3034 799 3087 in
834 3050 923 3087 me
952 3033 1369 3087 infirmantium
1420 3050 1692 3103 personas
1742 3033 1915 3088 susci-
1945 3023 1985 3079 C

221 3123 405 3195 piens,
467 3124 537 3177 de
594 3122 974 3177 invisibilibus
1026 3121 1375 3175 dubitabam.
1436 3124 1632 3193 Itaque
1690 3123 1917 3193 placent

224 3218 427 3266 cuncta
461 3227 589 3281 qua:
616 3211 756 3264 dicis
793 3227 807 3264 :
840 3211 939 3265 sed
972 3212 1161 3263 tamen
1218 3210 1366 3264 sicut
1397 3210 1567 3264 vitam
1613 3212 1818 3264 animae
1854 3212 1915 3265 in

222 3316 460 3370 corpore
510 3299 791 3353 manentis
851 3316 917 3353 ex
974 3304 1135 3353 motu
1183 3299 1433 3370 corporis
1486 3316 1779 3370 agnosco:
1837 3300 1917 3353 ita

222 3389 395 3443 vitam
428 3389 630 3443 animae
662 3393 788 3458 post
817 3403 1042 3458 corpus,
1091 3388 1301 3457 apertis
1347 3388 1689 3458 quibusdam
1746 3388 1914 3442 rebus

226 3478 649 3540 attestantibus,
682 3492 993 3547 agnoscere
1025 3476 1216 3545 cupio.

223 3566 351 3621 CAP.
388 3566 651 3621 LXXXVI.
680 3595 744 3605 —
776 3565 927 3630 Quod
964 3567 1310 3633 incorporeus
1330 3566 1582 3633 spiritus,
1614 3566 1674 3618 in
1705 3566 1916 3631 inferno

650 3670 684 3708 α
721 3670 969 3723 corporeo
991 3657 1111 3721 igne
1132 3655 1439 3722 afﬂigatur.

297 3743 405 3813 (Ea:
430 3742 631 3808 dialog.
667 3742 961 3811 Gregorii.)
997 3742 1055 3797 Si
1084 3742 1322 3796 viventis
1370 3741 1617 3796 hominis
1647 3742 1915 3813 incorpo-

225 3846 356 3886 reus
385 3830 620 3900 spiritus
650 3836 878 3884 tenetur
908 3830 967 3883 in
998 3846 1254 3901 corpore,
1290 3846 1391 3884 cur
1420 3846 1536 3883 non
1577 3836 1706 3900 post
1761 3846 1915 3884 mor-

224 3926 343 3974 tem
384 3935 515 3972 cum
556 3918 925 3989 incorporeus
973 3919 1046 3973 sit
1096 3919 1351 3989 spiritus,
1414 3919 1586 3973 etiam
1644 3935 1917 3991 corporeo

225 4008 362 4078 igne
393 4006 698 4061 teneatur?
738 4009 936 4061 Petrus
979 4023 991 4061 :
1028 4007 1089 4061 In
1142 4006 1359 4062 vivente
1406 4008 1664 4078 quolibet
1705 4007 1917 4063 idcirco

226 4096 597 4166 incorporeus
628 4096 862 4166 spiritus
888 4101 1117 4150 tenetur
1146 4095 1206 4149 in
1239 4112 1496 4167 corpore,
1546 4096 1683 4168 quia
1729 4096 1918 4151 viviti-

226 4190 317 4239 cat
342 4201 569 4255 corpus.

229 4273 357 4328 CAP.
405 4274 683 4327 LXXXVII.
717 4304 785 4312 —-
807 4272 958 4339 Quod
994 4275 1339 4341 incorporeus
1374 4274 1609 4341 spiritus
1637 4270 1918 4341 uivi/icare

293 4364 490 4431 possit,
523 4366 573 4415 et
603 4362 683 4415 ibi
715 4364 882 4414 teneri
927 4362 1022 4414 ubi
1070 4376 1105 4414 a
1159 4376 1408 4429 corporeo
1467 4362 1745 4414 cruciatur
1773 4362 1915 4427 igne.

300 4450 408 4520 (Ea:
474 4450 679 4517 dialog.
746 4450 1039 4517 Gregorii.)
1110 4450 1167 4504 Si
1235 4448 1606 4517 incorporeus
1664 4448 1917 4518 spiritus,

231 4541 414 4605 Petre,
445 4539 503 4592 in
532 4539 638 4592 hoc
677 4539 857 4592 teneri
888 4540 1073 4609 potest
1102 4536 1254 4607 quod
1288 4536 1552 4602 viviticat,
1596 4552 1772 4606 quare
1804 4552 1920 4591 non

228 4627 531 4698 poenaliter
560 4632 615 4680 et
646 4627 725 4680 ibi
746 4631 1007 4681 teneatur
1035 4625 1129 4679 ubi
1155 4624 1574 4679 mortiﬁcatur?
1600 4625 1801 4677 Teneri
1819 4642 1918 4678 au-

228 4720 345 4770 tem
375 4732 475 4786 per
506 4715 698 4785 ignem
732 4715 994 4785 spiritum
1028 4714 1275 4768 hominis
1318 4713 1561 4766 dicimus
1595 4729 1607 4766 :
1642 4713 1776 4766 utin
1804 4719 1920 4767 tor-

228 4810 424 4857 mento
455 4803 603 4875 ignis
634 4803 705 4856 sit
734 4803 972 4857 vivendo
994 4808 1165 4872 atque
1189 4801 1505 4854 sentiendo.
1535 4801 1731 4871 Ignem
1756 4816 1911 4854 nam-

227 4908 338 4963 que
368 4908 433 4945 eo
465 4893 588 4961 ipso
618 4892 828 4962 patitur
856 4908 968 4962 quo
994 4891 1145 4945 videt
1171 4908 1182 4943 :
1219 4896 1274 4943 et
1297 4890 1432 4960 quia
1464 4890 1819 4943 concremari
1862 4906 1920 4943 se

226 4981 446 5051 aspicit,
477 4988 781 5034 crematur.
815 4982 1019 5051 Sicque
1050 4980 1115 5034 ﬁt
1146 4984 1210 5033 ut
1238 4995 1327 5033 res
1358 4980 1696 5049 incorporea
1734 4979 1919 5033 incor-

223 5086 456 5139 poream
483 5076 701 5135 exurat,
730 5070 863 5124 dum
897 5086 959 5123 ex
982 5071 1112 5141 igne
1133 5068 1340 5122 visibili
1364 5069 1535 5123 ardor
1555 5085 1619 5121 ac
1640 5068 1803 5122 dolor
1831 5068 1919 5121 in-

222 5158 461 5213 visibilis
491 5159 762 5212 trahitur:
787 5164 846 5213 ut
862 5176 963 5229 per
977 5159 1167 5229 ignem
1181 5175 1522 5229 corporeum
1551 5174 1710 5212 mens
1731 5159 1918 5212 incor-

222 5263 417 5317 porea,
451 5247 622 5301 etiam
656 5247 993 5318 incorporea
1045 5249 1277 5303 ﬂamma
1309 5248 1610 5301 crucietur.
1654 5247 1921 5312 Quamvis

226 5336 495 5407 colligere
526 5337 689 5391 dictis
711 5337 1049 5407 evangelicis
1072 5353 1374 5407 possumus
1399 5351 1410 5390 :
1437 5336 1571 5407 quia
1593 5336 1920 5390 incendium

226 5424 548 5479 animarum
582 5442 699 5479 non
730 5426 917 5480 solum
943 5425 1210 5493 videndo,
1246 5426 1343 5479 sed
1371 5426 1544 5479 etiam
1576 5426 1921 5496 experiendo

224 5514 459 5583 patitur.
485 5515 746 5567 Veritatis
764 5514 975 5568 etenim
998 5531 1151 5583 voce,
1167 5515 1323 5569 dives
1338 5520 1598 5567 mortuus
1617 5515 1673 5567 in
1696 5514 1918 5567 inferno

228 5602 437 5658 dicitur
466 5605 740 5674 sepultus.
772 5605 945 5674 Cujus
978 5603 1173 5657 anima
1198 5603 1331 5674 quia
1364 5603 1425 5657 in
1469 5602 1603 5673 igne
1632 5607 1916 5667 teneatur,

2022 576 2199 614 cens:
2235 561 2388 613 Mitte
2422 561 2715 625 Lazarum,
2767 566 2830 614 ut
2873 561 3123 631 intingat
3174 566 3487 614 extremum
3545 558 3709 629 digiti

2021 650 2108 703 sui
2134 650 2191 702 in
2225 666 2456 720 aquam,
2507 655 2570 703 ut
2616 650 2916 720 refrigeret
2962 650 3219 719 linguam
3286 664 3518 701 meam:
3577 647 3713 718 quia

2021 739 2246 793 crucior
2275 740 2333 793 in
2367 741 2470 793 hac
2500 739 2753 793 ﬂamma.
2792 741 2935 793 Dum
2981 753 3118 809 ergo
3169 737 3400 791 divitem
3448 741 3709 805 peccato-

2023 846 2143 884 rem
2199 830 2534 882 damnatum
2591 830 2806 882 Veritas
2852 829 2911 881 in
2958 828 3189 897 ignibus
3239 826 3519 896 perhibet,
3582 823 3711 893 quis

2015 916 2135 986 jam
2196 915 2424 985 sapiens
2489 915 2869 983 reproborum
2957 914 3181 968 animas
3239 912 3423 966 teneri
3481 911 3711 980 ignibus

2023 1004 2238 1072 negat?
2272 1004 2469 1056 Petrus
2503 1018 2515 1055 :
2553 1004 2685 1054 Ecce
2732 1002 2953 1056 ratione
2986 1008 3039 1054 et
3095 1000 3427 1054 testimonio
3475 999 3543 1052 ad
3589 1014 3705 1051 cre-

2022 1092 2321 1146 dulitatem
2352 1091 2601 1145 ﬂectitur
2630 1092 2854 1144 animus
2883 1107 2896 1145 :
2946 1091 3043 1143 sed
3095 1090 3362 1143 dimissus
3394 1089 3604 1140 iterum
3641 1085 3710 1139 ad

2021 1180 2271 1251 rigorem
2300 1181 2462 1234 redit.
2494 1180 2794 1245 Quomodo
2840 1180 2994 1234 enim
3043 1195 3130 1231 res
3184 1178 3521 1246 incorporea
3575 1192 3608 1228 a
3650 1190 3712 1228 re

2020 1285 2293 1339 corporea
2323 1268 2507 1321 teneri
2539 1275 2709 1339 atque
2738 1269 2917 1337 afﬂigi
2956 1268 3154 1338 possit,
3185 1268 3406 1336 ignoro.

2022 1378 2145 1432 CAP.
2181 1377 2487 1433 LXXXVIII.
2522 1405 2587 1414 —
2614 1378 2684 1429 De
2706 1377 2973 1445 apostatis
3014 1374 3325 1443 spiritibus,
3354 1369 3498 1440 quod
3530 1371 3708 1423 incor-

2575 1451 2725 1519 porei
2754 1447 3007 1502 credendi
3031 1449 3159 1499 sint.

2077 1542 2194 1611 (Ea:
2219 1543 2421 1607 dialog.
2457 1538 2741 1606 Gregorii.)
2774 1537 2889 1602 Dic,
2924 1551 3117 1605 quaeso
3140 1538 3214 1597 te,
3240 1524 3711 1600 apostatas?spiri-

2024 1638 2111 1684 tus
2144 1649 2173 1683 a
2203 1628 2417 1684 cmlesti
2448 1628 2625 1698 gloria
2674 1626 2942 1695 dejectos,
2971 1636 3277 1690 corporeus
3329 1634 3400 1670 an
3452 1616 3712 1683 incorpo-

2024 1738 2151 1775 reos
2180 1736 2300 1772 esse
2329 1716 2671 1787 suspicaris?
2706 1716 2906 1767 Petrus
2950 1725 2963 1766 ε
2999 1710 3135 1774 Quis
3167 1723 3301 1761 sane
3336 1704 3562 1775 sapiens
3591 1717 3711 1756 esse

2026 1810 2257 1881 spiritus
2288 1822 2590 1872 corporeos
2618 1802 2864 1857 dixerit?

2024 1916 2149 1970 CAP.
2177 1915 2427 1969 LXXXIX.
2451 1942 2519 1951 —
2552 1911 2704 1977 Quod
2722 1910 2972 1976 gehennae
3001 1907 3145 1972 ignis
3174 1915 3453 1971 corporeus
3471 1914 3580 1953 esse
3599 1912 3713 1952 cre-

2704 1980 2910 2033 dendus
2935 1980 3027 2032 sit.

2094 2074 2201 2144 (Ea:
2230 2074 2446 2139 dialogo
2476 2068 3073 2138 Gregorii.)Gebenna3
3100 2064 3291 2134 ignem
3343 2075 3463 2112 esse
3511 2072 3713 2127 corpo-

2022 2178 2186 2216 reum
2230 2178 2301 2215 an
2348 2161 2748 2230 incorporeum
2798 2156 3027 2211 fateris?
3078 2156 3309 2207 Petrus:
3360 2150 3556 2219 Ignem
3612 2161 3711 2215 ge-

2022 2250 2228 2304 hennze
2265 2264 2603 2320 corporeum
2634 2263 2757 2301 esse
2798 2261 2911 2298 non
2942 2243 3191 2311 ambigo,
3227 2240 3285 2291 in
3318 2253 3431 2308 quo
3473 2249 3713 2304 corpora

2022 2346 2239 2392 certum
2274 2344 2358 2392 est
2386 2337 2648 2391 cruciari.

2022 2445 2151 2499 CAP.
2175 2444 2276 2497 XC.
2310 2472 2378 2481 —-
2402 2445 2473 2496 De
2514 2442 2609 2494 hoc
2650 2438 2793 2509 quod
2833 2436 3149 2509 scribitur:
3177 2437 3345 2509 Deurn
3393 2443 3544 2509 nemo
3572 2425 3715 2481 vidit

2200 2529 2460 2581 unquam,
2487 2517 2537 2564 et
2566 2502 2803 2579 qudiiler
2833 2509 2971 2562 illud
3000 2503 3409 2569 intelligendum
3437 2502 3529 2553 sit.

2095 2603 2403 2673 (Gregorius
2431 2605 2485 2653 in
2514 2602 2627 2653 suis
2658 2598 2851 2653 Moral.
2903 2597 3036 2649 dicit
3070 2594 3107 2663 :)
3156 2594 3331 2646 Deum
3375 2604 3541 2641 nemo
3571 2584 3715 2639 vidit

2023 2707 2297 2761 unquam.
2330 2691 2693 2758 Rursumque
2724 2702 2853 2739 cum
2883 2681 3229 2738 Testeimenti
3270 2678 3485 2733 Veteris
3524 2680 3713 2746 patres

2023 2781 2275 2846 intueor,
2332 2779 2541 2831 multos
2593 2777 2799 2829 horum
2850 2779 2991 2827 teste
3044 2772 3166 2841 ipsa
3222 2783 3395 2822 sacra:
3454 2762 3713 2819 lectionis

2024 2867 2261 2921 historia
2293 2868 2469 2920 Deum
2500 2864 2706 2918 vidisse
2735 2878 3033 2931 cognosco.
3085 2858 3237 2912 Vidit
3284 2856 3499 2928 quippe
3543 2851 3713 2906 Jacob

2024 2957 2351 3016 Dominum,
2387 2963 2443 3009 et
2472 2954 2551 3007 ait
2584 2970 2595 3007 :
2634 2953 2756 3006 Vidi
2792 2951 3096 3005 Dominum
3132 2947 3270 3002 facie
3303 2946 3368 2999 ad
3403 2944 3629 3007 faciem,
3660 2945 3714 2994 et

2027 3048 2178 3099 salva
2208 3045 2352 3098 facta
2384 3049 2469 3096 est
2508 3042 2699 3095 anima
2742 3056 2888 3094 mea.
2946 3038 3101 3091 Vidit
3154 3038 3328 3090 Moses
3384 3032 3713 3095 Dominum,

2025 3134 2093 3188 de
2125 3150 2240 3203 quo
2274 3132 2548 3202 scriptum
2580 3137 2665 3184 est
2693 3147 2705 3183 :
2735 3127 3095 3199 Loquebatur
3128 3124 3404 3179 Dominus
3434 3121 3501 3174 ad
3525 3120 3716 3173 Mosen

2026 3222 2167 3276 facie
2198 3224 2265 3274 ad
2298 3221 2523 3285 faciem,
2557 3220 2701 3272 sicut
2734 3217 2895 3287 loqui
2936 3218 3077 3268 solet
3120 3213 3293 3266 homo
3340 3211 3406 3264 ad
3468 3207 3716 3261 amicum

2026 3326 2215 3363 suum.
2250 3309 2401 3363 Vidit
2436 3309 2539 3362 Job
2590 3306 2895 3362 Dominum
2933 3303 3033 3374 qui
3079 3302 3258 3356 dicit:
3302 3298 3517 3355 Auditu
3560 3294 3717 3348 auris

2027 3398 2219 3453 audivi
2251 3403 2328 3463 te,
2363 3412 2517 3450 nunc
2558 3400 2749 3449 autem
2795 3394 2991 3447 oculus
3036 3406 3198 3445 meus
3246 3388 3397 3442 videt
3444 3392 3519 3439 te.
3566 3382 3717 3437 Vidit

2027 3487 2216 3540 Esaias
2251 3485 2556 3540 Dominum
2591 3483 2689 3554 qui
2719 3482 2797 3535 ait
2832 3499 2845 3536 :
2879 3486 3041 3535 Anno
3070 3496 3183 3549 quo
3216 3481 3474 3530 mortuus
3505 3478 3588 3527 est
3618 3488 3715 3526 rex

2028 3576 2212 3643 Ozias,
2240 3574 2357 3628 vidi
2389 3571 2693 3627 Dominum
2742 3570 3033 3624 sedentem
3075 3582 3248 3637 super
3293 3563 3503 3619 solium
3538 3561 3718 3617 excel-

2028 3679 2177 3729 sum,
2203 3668 2261 3717 et
2289 3662 2596 3716 elevatum.
2623 3659 2775 3713 Vidit
2804 3658 3044 3713 Micheas
3072 3654 3381 3709 Dominum
3411 3651 3511 3723 qui
3542 3649 3714 3704 dicit:

2028 3752 2153 3807 Vidi
2199 3751 2504 3806 Dominum
2566 3748 2855 3803 sedentem
2901 3762 3072 3817 super
3120 3744 3326 3797 solium
3393 3756 3607 3794 suum:
3665 3742 3721 3792 et

2029 3856 2262 3896 omnem
2313 3839 2624 3894 exercitum
2673 3837 2798 3891 coeli
2849 3841 3127 3889 astantem
3158 3833 3273 3887 eia
3321 3830 3550 3894 dextris,
3586 3831 3643 3882 et
3688 3842 3721 3879 a

2030 3931 2296 3985 sinistris.
2319 3929 2462 3993 Quid
2490 3933 2574 3982 est
2589 3942 2726 3997 ergo
2746 3926 2899 3997 quod
2922 3920 3364 3978 totTestamenti
3384 3918 3596 3973 Veteris
3613 3932 3719 3987 pa-

2030 4025 2146 4074 tres
2196 4020 2375 4073 Deum
2419 4034 2476 4069 se
2513 4016 2721 4070 vidisse
2758 4014 2948 4068 testati
2993 4017 3146 4080 sunt,
3192 4015 3247 4064 et
3272 4018 3469 4064 tamen
3516 4011 3585 4062 de
3618 4007 3722 4060 bac

2030 4108 2313 4178 sapientia
2340 4122 2468 4176 quae
2502 4106 2650 4159 Deus
2698 4108 2784 4156 est
2832 4102 3038 4156 dicitur
3075 4118 3088 4155 :
3138 4096 3487 4154 Abscondita
3529 4100 3615 4149 est.
3650 4093 3720 4149 ab

2031 4196 2208 4250 oculis
2267 4193 2528 4248 omnium
2586 4191 2922 4257 viventium,
2978 4195 3036 4244 et
3069 4190 3315 4244 Joannes
3360 4186 3485 4239 ait:
3542 4185 3720 4238 Deum

1948 4305 1992 4359 ι)
2031 4301 2200 4339 nemo
2231 4284 2373 4337 vidit
2402 4297 2689 4352 unquam;
2742 4279 2849 4334 nisi
2905 4280 3013 4333 hoc
3058 4277 3207 4348 quod
3252 4280 3515 4346 patenter
3557 4272 3723 4326 datur

2028 4371 2292 4442 intelligi,
2324 4370 2459 4442 quia
2483 4370 2761 4440 quamdiu
2790 4368 2882 4422 hic
2912 4367 3231 4421 mortaliter
3272 4364 3499 4431 vivitur,
3544 4359 3723 4415 videri

2028 4477 2134 4532 per
2165 4460 2438 4531 quasdam
2470 4458 2750 4528 imagines
2803 4458 2951 4512 Deus
2990 4459 3201 4527 potest,
3243 4453 3337 4506 sed
3387 4467 3490 4523 per
3539 4450 3721 4521 ipsam

2031 4556 2250 4603 naturae
2298 4565 2414 4602 sua:
2463 4548 2709 4619 speciem
2752 4562 2867 4599 non
2914 4548 3138 4615 potest:
3191 4547 3254 4597 ut
3295 4541 3486 4595 anima
3538 4537 3725 4607 gratia

2028 4638 2264 4708 spiritus
2287 4637 2501 4703 afﬂata,
2552 4650 2652 4707 per
2700 4635 2912 4704 ﬁguras
2958 4633 3235 4704 quasdam
3284 4632 3463 4684 Deum
3510 4627 3721 4693 videat,

2029 4727 2124 4780 sed
2178 4726 2251 4779 ad
2295 4726 2478 4797 ipsam
2534 4724 2647 4777 vim
2713 4723 2836 4795 ejus
2897 4722 3160 4777 essentia;
3220 4736 3336 4774 non
3393 4716 3723 4789 pertingat?

2032 4814 2174 4870 Hinc
2219 4818 2301 4868 est
2357 4813 2513 4867 enim
2573 4812 2727 4883 quod
2786 4811 2959 4867 Iacob
3016 4810 3116 4882 qui
3172 4812 3351 4865 Deum
3402 4823 3461 4861 se
3518 4805 3724 4859 vidisse

2031 4908 2294 4968 testatur,
2355 4902 2449 4955 hic
2506 4918 2623 4955 non
2685 4900 2793 4955 nisi
2846 4900 3115 4969 angelum
3195 4898 3355 4951 vidit.
3443 4895 3603 4963 Hinc“
3640 4897 3726 4945 est

2030 4987 2183 5058 quod
2254 4988 2433 5040 Moses
2490 4986 2591 5057 qui
2658 5001 2788 5039 cum
2854 4986 2967 5039 Deo
3024 4984 3165 5038 facie
3233 4982 3304 5035 ad
3365 4980 3566 5034 faciem
3636 4979 3721 5031 lo-

2032 5074 2248 5145 quitur,
2296 5075 2443 5129 sicut
2493 5074 2649 5145 loqui
2692 5074 2835 5128 solet
2884 5074 3057 5127 homo
3108 5071 3177 5125 ad
3234 5068 3481 5123 amicum
3532 5081 3721 5131 suum,

2030 5164 2183 5216 inter
2237 5163 2361 5234 ipsa
2417 5165 2585 5217 verba
2637 5180 2753 5218 suae
2826 5160 3130 5217 locutionis
3182 5158 3363 5213 dicit:
3420 5157 3477 5211 Si
3530 5155 3725 5209 inveni

2029 5250 2270 5319 gratiam
2302 5250 2361 5303 in
2389 5256 2695 5321 conspectu
2727 5256 2848 5315 tuo,
2900 5248 3133 5303 ostende
3185 5245 3325 5299 mihi
3357 5244 3726 5312 temetipsum

2030 5338 2350 5399 manifeste,
2401 5344 2466 5393 ut
2522 5339 2742 5393 videam
2793 5344 2869 5391 te.
2927 5338 3087 5392 Certe
3138 5335 3288 5389 enim
3326 5333 3370 5387 si
3421 5334 3569 5387 Deus
3612 5348 3726 5384 non

2030 5431 2171 5492 erat,
2214 5443 2341 5480 cum
2401 5442 2516 5498 quo
2589 5426 2977 5497 loquebatur:
3036 5423 3280 5480 Ostende
3354 5422 3494 5476 mihi
3544 5422 3725 5476 Deum

2029 5516 2259 5582 diceret,
2295 5519 2350 5568 et
2376 5530 2510 5579 non,
2545 5514 2789 5568 Ostende
2817 5513 3089 5583 teipsum.
3112 5512 3166 5567 Si
3192 5517 3379 5565 autem
3409 5512 3554 5564 Deus
3580 5514 3721 5575 erat,

2030 5620 2157 5658 cum
2191 5620 2305 5674 quo
2337 5604 2681 5674 loquebatur
2710 5603 2850 5658 facie
2908 5603 2977 5657 ad
3008 5601 3229 5667 faciem,
3280 5616 3380 5654 cur
3432 5599 3726 5671 repetebat
