3950 6340
239 406 365 459 1051

1311 402 1715 460 BURCHARDI
1758 400 2287 459 WORMACIENSIS
2327 400 2658 458 EPISCOPI.

3597 406 3724 457 1052

239 528 432 582 videre
454 543 626 598 quem
657 526 919 581 videbat?
948 527 1058 582 Sed
1089 542 1153 580 ex
1186 527 1291 581 hac
1320 527 1443 598 ejus
1492 526 1770 596 petitione
1811 525 1926 579 col-
1957 527 2004 579 Α
2043 525 2364 590 hominum,
2399 542 2526 580 cum
2572 524 2653 578 eis
2699 524 2801 596 qui
2853 524 2922 579 de
2957 528 3122 596 patre
3180 526 3305 596 ejus
3352 531 3536 591 erant,
3599 527 3726 598 igne

233 616 455 686 ligitur,
490 617 624 686 quia
655 633 786 670 eum
838 616 1066 670 sitiebat
1113 632 1214 686 per
1259 615 1766 684 incircumscriptus
1820 631 1926 668 na-

236 711 384 760 tura:
417 721 535 759 sum
567 687 880 758 claritatém
914 720 1164 771 cernere,
1191 720 1360 774 quem
1383 705 1503 773 jam
1536 709 1784 774 coeperat
1830 719 1932 774 per

238 795 515 865 quasdam
556 793 835 863 imagines
885 793 1094 858 videre,
1173 798 1228 846 et
1273 793 1353 845 sic
1395 808 1643 861 superna
1686 792 1932 846 essentia

239 882 450 936 mentis
479 883 600 952 ejus
626 883 802 935 oculis
840 882 1084 946 adesset,
1117 887 1397 952 quatenus
1438 880 1490 934 ei
1521 881 1591 934 ad
1642 883 1930 934 aeternita-

237 970 310 1024 tis
339 971 617 1024 visionem
650 961 811 1024 nulla
843 970 1034 1040 imago
1066 975 1254 1024 creata
1300 970 1696 1039 temporaliter
1747 970 1928 1023 inter-

238 1064 404 1113 esset.
462 1061 525 1114 Et
571 1059 836 1112 viderunt
894 1075 1030 1128 ergo
1083 1060 1274 1113 Patres
1319 1059 1666 1112 Testamenti
1719 1058 1931 1112 Veteris

240 1149 570 1213 Dominum,
604 1153 660 1201 et
697 1152 914 1215 tamen,
941 1148 1103 1218 juxta
1151 1147 1389 1202 Joannis
1447 1163 1642 1201 vocem
1677 1165 1690 1202 :
1751 1149 1930 1201 Deum

239 1252 410 1289 nemo
439 1235 582 1290 vidit
609 1252 895 1306 unquam;
937 1237 1171 1306 etjuxta
1221 1236 1373 1290 beati
1411 1236 1516 1290 Job
1564 1236 1928 1302 sententiam,

239 1324 524 1394 sapientia
573 1340 702 1394 quae
763 1326 911 1378 Deus
957 1329 1062 1392 est,
1118 1325 1446 1378 abscondita
1501 1329 1586 1378 est
1641 1325 1710 1378 ab
1754 1325 1931 1378 oculis

241 1418 500 1470 omnium
533 1417 868 1481 viventium,
901 1416 1036 1487 quia
1067 1417 1127 1470 in
1157 1417 1262 1472 hac
1292 1417 1520 1470 mortali
1569 1432 1740 1470 carne
1789 1432 1931 1470 con-

239 1501 573 1555 sistentibus
630 1505 687 1554 et
734 1501 913 1554 videri
979 1501 1166 1570 potuit
1219 1516 1322 1571 per
1363 1501 1631 1570 quasdam
1690 1501 1932 1554 circum-

238 1591 476 1659 scriptas
508 1590 808 1658 imagines,
833 1596 890 1644 et
925 1590 1101 1643 videri
1133 1606 1245 1643 non
1278 1596 1461 1660 potest
1492 1607 1594 1661 per
1624 1591 1930 1643 incircum-

237 1679 514 1748 scriptum
572 1679 765 1732 lumen
814 1678 1167 1733 aeternitatis.
1216 1679 1316 1734 Sin
1345 1695 1478 1733 vero
1522 1695 1555 1732 a
1588 1680 1929 1748 quibusdam

238 1782 352 1820 non
385 1770 572 1836 potest
599 1765 660 1819 in
703 1767 808 1820 hac
837 1767 1024 1820 adhuc
1083 1767 1309 1820 mortali
1355 1782 1523 1820 carne
1573 1767 1930 1821 consistenti-
1962 1805 2001 1859 Β

238 1855 368 1919 bus,
429 1854 529 1909 sed
581 1858 773 1907 tamen
853 1854 1240 1908 inmstimabili
1289 1855 1496 1909 virtute
1548 1857 1930 1909 crescentibus

238 1943 492 2014 quodam
525 1942 1024 2014 contemplationis
1074 1942 1336 1996 acumine
1383 1947 1597 1996 aeterna
1634 1944 1735 1997 Dei
1766 1942 1931 1996 clari-

235 2037 321 2086 tas
354 2031 533 2086 videri
560 2035 767 2101 potest.

415 2120 544 2174 CAP.
571 2119 700 2174 XCI.
725 2148 792 2160 —
824 2122 903 2174 De
920 2119 1131 2188 duplici
1161 2134 1323 2188 paena
1350 2119 1751 2174 damnatorum.

310 2209 415 2279 (Ea:
441 2208 604 2262 dictis
633 2207 880 2276 Isidori.)
941 2208 1156 2278 Duplex
1204 2208 1607 2262 damnatorum
1645 2222 1818 2278 pmna
1847 2211 1934 2262 est

236 2297 298 2352 in
361 2297 646 2366 gehenna.
705 2296 958 2361 Quorum
1006 2301 1062 2349 et
1117 2302 1367 2350 mentem
1409 2297 1524 2351 urit
1575 2297 1827 2362 tristitia,
1878 2301 1935 2350 et

239 2401 449 2455 corpus
477 2385 712 2440 ﬂamma
741 2401 754 2438 :
781 2386 948 2454 juxta
972 2385 1443 2446 vicissitudinem,
1471 2391 1534 2438 ut
1562 2386 1715 2456 quod
1743 2391 1933 2439 mente

237 2478 643 2537 tractaverunt,
716 2473 868 2542 quod
924 2473 1267 2543 perficerent
1326 2489 1588 2544 corpore,
1649 2474 1820 2528 simul
1879 2479 1936 2528 et

237 2561 430 2614 animo
459 2562 778 2632 puniantur
807 2565 862 2614 et
899 2576 1152 2631 corpore.
1187 2563 1380 2630 Ignem
1415 2562 1693 2630 gehennae
1721 2561 1792 2615 ad
1823 2561 1932 2615 ali-

238 2649 373 2719 quid
402 2650 598 2703 lumen
636 2649 862 2714 habere,
915 2649 984 2703 ad
1017 2649 1235 2718 aliquid
1269 2665 1385 2702 non
1427 2649 1658 2704 habere.
1693 2652 1807 2705 Hoc
1847 2653 1936 2703 est

239 2737 448 2792 habere
491 2738 688 2793 lumen
743 2737 813 2792 ad
871 2737 1320 2804 damnationem,
1385 2743 1446 2791 ut
1491 2738 1720 2791 videant
1768 2737 1934 2806 impii

239 2825 392 2879 unde
422 2825 671 2892 doleant,
700 2831 901 2880 etnon
944 2826 1154 2880 habere
1208 2825 1276 2879 ad
1323 2826 1798 2890 consolationem,
1862 2841 1934 2880 ne

238 2913 468 2967 videant
496 2915 649 2967 unde
678 2914 987 2984 gaudeant.
1021 2917 1168 2983 Apta
1208 2914 1282 2968 sit
1311 2914 1664 2985 comparatio
1709 2915 1934 2968 camino

243 3001 418 3055 trium
451 3017 764 3071 puerorum
797 3003 868 3056 ad
899 3003 1224 3071 examplum
1256 3001 1406 3072 ignis
1444 3003 1744 3073 gehenum.
1793 3003 1934 3056 Nam

2042 621 2256 669 aeterno
2299 615 2607 669 mittendus
2650 619 2754 677 est,
2788 613 2923 667 dum
2977 615 3234 668 sublatus
3264 615 3438 668 fuerit
3473 616 3726 670 diabolus

2040 709 2104 757 ut
2133 703 2476 758 damnetur:
2513 702 2680 757 multi
2712 703 2872 755 electi
2923 702 3023 770 qui
3054 703 3114 756 in
3154 719 3389 773 corpore
3413 709 3546 757 sunt
3575 705 3726 757 inve-

2040 792 2258 855 niendi,
2295 793 2538 846 Domino
2582 792 2647 844 ad
2685 789 2960 860 judicium
3005 791 3290 859 veniente,
3340 797 3494 845 metu
3523 807 3728 846 concu-

2041 881 2220 934 tiendi
2279 886 2429 943 sunt,
2491 879 2746 933 videntes
2801 880 2900 933 tali
2971 880 3251 934 sententia
3307 880 3552 950 impium
3614 897 3729 934 esse

2039 969 2343 1038 punitum;
2373 985 2485 1038 quo
2512 976 2727 1021 terrore
2757 968 3041 1037 purgandi
3069 974 3220 1034 sunt,
3248 969 3384 1039 quia
3412 969 3458 1021 si
3489 967 3626 1038 quid
3651 968 3729 1021 eis

2039 1073 2106 1111 ex
2174 1073 2408 1127 corpore
2463 1057 2649 1110 adhuc
2702 1056 2919 1126 peccati
2975 1057 3336 1122 remanserit,
3391 1061 3544 1110 metu
3607 1056 3727 1126 ipso

2040 1146 2193 1216 quod
2217 1145 2507 1198 diabolum
2558 1145 2822 1198 damnari
2868 1144 3250 1214 conspiciunt,
3299 1146 3718 1215 purgabuntur.

2043 1234 2181 1287 Hinc
2211 1239 2296 1286 est
2327 1233 2480 1305 quod
2513 1233 2590 1286 ait
2617 1233 2721 1287 Job
2751 1249 2763 1286 :
2823 1234 2963 1288 Cum
3008 1233 3266 1287 sublatus
3312 1233 3504 1296 fuerit,
3563 1233 3728 1286 time-

2039 1323 2186 1377 bunt
2215 1322 2426 1391 angeli,
2459 1326 2516 1374 et
2551 1320 2802 1375 exterriti
2862 1323 3278 1391 purgabantur.
3335 1322 3538 1376 Multos
3571 1337 3731 1391 posse

2039 1412 2230 1481 perire
2261 1426 2328 1464 ex
2369 1409 2449 1463 eis
2479 1409 2539 1463 in
2570 1410 2663 1464 die
2685 1409 2908 1478 judicii,
2938 1409 3037 1480 qui
3080 1425 3231 1463 nunc
3276 1411 3438 1464 electi
3488 1426 3608 1463 esse
3655 1408 3728 1462 vi-

2041 1502 2251 1554 dentur
2299 1504 2355 1554 et
2398 1499 2597 1566 sancti,
2672 1500 2834 1552 docet
2886 1499 3221 1567 Propheta:
3262 1499 3494 1552 Vocavit
3547 1497 3734 1552 Domi-

2042 1605 2150 1642 nus
2171 1588 2454 1658 judicium
2485 1587 2554 1640 ad
2597 1587 2810 1656 ignem,
2844 1592 2900 1639 et
2927 1586 3222 1639 dei-orabit
3277 1587 3542 1657 abyssum
3585 1587 3730 1640 mul-

2042 1683 2179 1743 tam,
2207 1682 2263 1729 et
2289 1676 2550 1729 comedet
2579 1679 2798 1744 partem
2847 1675 3069 1728 domus.
3121 1677 3254 1728 Pars
3284 1676 3497 1745 quippe
3529 1675 3732 1728 domus

2042 1764 2430 1830 devorabitur,
2482 1763 2614 1834 quia
2672 1763 2800 1815 illos
2853 1762 3025 1815 etiam
3072 1761 3331 1815 infernus
3386 1761 3731 1828 absorbebit,

2042 1854 2138 1925 qui
2163 1868 2315 1906 nunc
2344 1869 2402 1905 se
2431 1852 2492 1904 in
2550 1850 2850 1921 praeceptis
2880 1849 3204 1904 caelestibus
3255 1850 3594 1919 gloriantur.
3659 1851 3736 1904 De

2041 1942 2251 2012 quibus
2281 1946 2337 1994 et
2363 1940 2641 1994 Dominus
2670 1939 2806 1992 dicit
2838 1955 2851 1993 :
2882 1938 3040 1992 Multi
3087 1938 3276 1992 dicent
3324 1939 3468 1993 mihi
3523 1939 3583 1992 in
3642 1939 3739 1993 illa

2041 2030 2179 2084 die:
2217 2029 2474 2092 Domine,
2535 2026 2794 2091 Domine,
2839 2042 3032 2080 nonne
3085 2026 3143 2080 in
3180 2027 3415 2080 nomine
3439 2031 3539 2080 tuo
3599 2042 3737 2095 pro-

2039 2116 2442 2187 phetavimus?
2500 2116 2561 2169 in
2618 2115 2851 2169 nomine
2917 2120 3018 2168 tuo
3075 2115 3358 2170 daemonia
3426 2115 3736 2185 ejecimus?

2039 2205 2278 2258 virtutes
2313 2204 2521 2257 multas
2551 2203 2826 2256 fecimus?
2862 2205 3018 2257 Tunc
3060 2202 3379 2258 conﬁtebor
3416 2203 3550 2268 illis,
3605 2203 3742 2273 quia

2039 2309 2340 2363 nunquam
2374 2292 2501 2345 novi
2533 2307 2638 2346 vos
2671 2311 2684 2346 :
2720 2292 2993 2345 discedite
3025 2308 3056 2345 a
3088 2308 3200 2357 me,
3263 2291 3363 2362 qui
3417 2292 3740 2362 operamini

2040 2383 2427 2453 iniquitatem,
2458 2379 2648 2434 nescio
2679 2380 2777 2448 qui
2807 2379 2960 2433 estis.

2417 2470 2545 2524 CAP.
2595 2469 2770 2523 XClll.
2807 2500 2873 2509 —
2903 2471 2977 2524 De
3005 2469 3367 2524 Antichristo.

2113 2559 2221 2630 (Ea:
2279 2559 2442 2613 dictis
2497 2557 2778 2628 ejusdem.)
2834 2558 3030 2613 Omnis
3079 2558 3180 2629 qui
3237 2558 3552 2612 secundum
3602 2574 3730 2628 pro-

2041 2647 2304 2702 fessionis
2363 2663 2480 2701 suaa
2538 2661 2822 2714 normam,
2902 2652 3000 2700 aut
3064 2663 3180 2700 non
3247 2646 3406 2712 vivit,
3474 2651 3571 2700 aut
3631 2646 3738 2700 ali-

2040 2741 2128 2790 ter
2187 2736 2367 2803 docet,
2426 2734 2810 2788 Antichristus
2871 2739 2973 2788 est.
3044 2735 3309 2804 Plerique
3360 2740 3553 2789 autem
3605 2741 3743 2789 sunt

2043 2824 2143 2895 qui
2163 2823 2492 2878 Antichristi
2524 2830 2788 2892 tempora
2818 2839 2932 2876 non
2961 2821 3131 2875 visuri
3165 2826 3318 2887 sunt,
3351 2827 3408 2876 et
3435 2829 3628 2875 tamen
3678 2822 3740 2875 in

2043 2912 2314 2968 membris
2347 2911 2676 2965 Antichristi
2711 2911 3043 2964 inveniendi
3076 2916 3226 2965 sunt.
3268 2913 3590 2980 Antequam
3643 2926 3739 2964 ve-

2046 3001 2165 3055 niat
2190 2999 2594 3065 Antichristus,
2631 3000 2809 3053 multa
2839 3001 3095 3053 membra
3133 3001 3254 3070 ejus
3304 3003 3739 3070 praecesserunt,

242 3089 389 3142 sicut
417 3090 516 3142 ille
544 3089 697 3158 ignis
719 3106 835 3142 non
869 3089 1006 3143 arsit
1044 3091 1115 3144 ad
1161 3091 1336 3143 trium
1372 3106 1680 3160 puerorum
1725 3090 1937 3160 suppli—
1968 3079 2009 3134 (ἒ
2048 3096 2105 3144 et
2133 3105 2319 3160 pravae
2349 3088 2588 3143 actionis
2628 3088 2834 3142 merito
2890 3093 3061 3157 caput
3117 3088 3414 3159 proprium
3445 3104 3740 3158 praevene-

242 3177 418 3244 cium,
453 3181 510 3230 et
537 3176 678 3230 arsit
714 3178 786 3231 ad
807 3177 1196 3232 comburenda
1227 3178 1503 3248 ligamina
1532 3177 1893 3231 vinculorum
1920 3194 1933 3232 :

240 3264 322 3318 ita
345 3264 497 3336 ignis
525 3265 828 3335 gehennae,
861 3271 917 3320 et
945 3266 1158 3320 lucebit
1187 3266 1410 3320 miseris
1439 3266 1511 3320 ad
1559 3271 1932 3335 augmentum

241 3369 563 3424 poenarum,
597 3359 662 3408 ut
691 3355 917 3409 videant
946 3355 1097 3409 unde
1119 3355 1371 3420 doleant,
1402 3359 1457 3409 et
1488 3371 1602 3408 non
1628 3355 1838 3409 lucebit
1867 3354 1936 3409 ad

239 3443 709 3509 consolationem,
792 3459 865 3497 ne
921 3443 1147 3498 videant
1203 3444 1355 3498 unde
1412 3444 1720 3513 gaudeant.
1785 3445 1938 3498 Inter

236 3530 410 3600 hujus
461 3531 590 3585 vita:
641 3536 698 3585 et
745 3531 955 3586 futuras
1000 3532 1347 3586 infelicitatis
1395 3532 1707 3599 miseriam,
1755 3533 1938 3586 multa

239 3618 504 3674 discretio
537 3624 639 3674 est.
676 3620 796 3674 lllic
827 3621 982 3674 enim
1031 3626 1088 3674 et
1129 3621 1360 3674 miseria
1401 3625 1486 3675 est
1531 3626 1768 3692 propter
1807 3637 1936 3674 cru-

237 3706 550 3761 ciatiouem
601 3706 886 3772 dolorum,
936 3711 995 3760 et
1021 3708 1270 3762 tenebrae
1311 3714 1546 3778 propter
1588 3709 1731 3762 lucis
1785 3724 1939 3762 aver-

237 3794 482 3849 siouem.
511 3795 768 3859 Quorum
801 3810 981 3849 unum
1008 3795 1066 3848 in
1121 3795 1227 3849 hac
1273 3796 1405 3863 vita,
1454 3796 1511 3851 id
1551 3803 1658 3864 est,
1707 3797 1940 3851 miseria

239 3887 344 3948 est,
380 3882 532 3937 aliud
566 3898 683 3936 non
716 3887 821 3936 est.
857 3885 920 3936 ln
946 3883 1172 3936 inferno
1203 3889 1396 3938 autem
1431 3889 1761 3956 utrumque.

551 3972 681 4027 CAP.
717 3973 874 4027 XCII.
905 4002 973 4011 —
1006 3975 1078 4026 De
1103 3975 1276 4043 panis
1311 3975 1622 4042 impiorum.

310 4059 420 4130 (Ea:
467 4061 629 4115 dictis
675 4059 960 4131 ejusdem.)
1013 4059 1168 4115 Sicut
1214 4059 1468 4115 fasciculi
1532 4061 1822 4132 lignorum
1866 4063 1940 4117 ad

240 4149 696 4204 combustionem
742 4149 1028 4204 similibus
1081 4150 1446 4220 colligantur,
1497 4151 1575 4204 ita
1623 4151 1683 4205 in
1735 4150 1938 4222 judicii

237 4237 329 4290 die
361 4237 563 4291 similis
593 4238 775 4309 culpae
798 4240 881 4293 rei
912 4238 1029 4292 suis
1064 4239 1347 4293 similibus
1377 4239 1718 4309 jungentur,
1767 4245 1831 4294 ut
1869 4255 1937 4294 ex

2046 3185 2202 3244 runt,
2236 3178 2549 3231 secundum
2600 3176 2856 3246 Apostoli
2913 3176 3278 3235 sententiam,
3339 3176 3437 3246 qui
3465 3177 3583 3246 jam
3637 3176 3745 3229 ini-

2047 3267 2282 3338 quitatis
2310 3265 2646 3336 mysterium
2672 3264 2898 3333 operari
2928 3265 3092 3318 illum
3137 3265 3402 3331 affirmat,
3437 3265 3609 3318 etiam
3641 3280 3744 3318 an-

2045 3361 2278 3426 tequam
2342 3355 2640 3408 reveletur.
2701 3353 3029 3422 Magnitudo
3071 3353 3366 3423 signorum
3412 3353 3579 3407 faciet
3637 3353 3745 3407 sub

2044 3443 2416 3512 Antichristo,
2451 3447 2516 3496 ut
2560 3441 2762 3506 electi,
2811 3441 2858 3496 si
2916 3441 3044 3496 ﬁeri
3099 3447 3302 3511 potest,
3366 3441 3424 3494 in
3484 3458 3743 3496 errorem

2046 3532 2366 3586 mittantur.
2400 3530 2507 3584 Sed
2539 3530 2585 3584 si
2617 3530 2802 3596 electi,
2831 3530 3124 3601 quomodo
3179 3535 3313 3582 sunt
3368 3529 3428 3582 in
3483 3546 3744 3584 errorem

2045 3619 2353 3673 mittendi?
2388 3620 2530 3688 Ergo
2564 3618 2730 3672 ibunt
2755 3618 2815 3671 in
2845 3634 3096 3672 errorem
3131 3617 3483 3671 titubationis
3505 3618 3588 3687 lad
3625 3635 3742 3672 mo-

2045 3710 2236 3764 dicum
2267 3725 2371 3780 pro
2403 3708 2769 3762 multitudine
2801 3707 3194 3778 prodigiorum
3229 3724 3375 3761 :uon
3409 3714 3602 3760 tamen
3634 3709 3744 3761 de-

2038 3799 2274 3870 jiciendi
2314 3803 2446 3851 sunt
2501 3798 2570 3851 ab
2597 3797 2906 3850 stabilitate
2953 3813 3076 3864 sua,
3130 3799 3414 3850 terrorum
3463 3796 3742 3867 impulsu,

2048 3893 2216 3958 atque
2248 3887 2563 3956 signorum.
2595 3885 2754 3940 Unde
2786 3891 2839 3938 et
2861 3884 2991 3938 ideo
3010 3885 3262 3956 ponitur,
3287 3884 3332 3938 si
3365 3884 3491 3938 ﬁeri
3515 3889 3741 3955 potest:

2045 3976 2181 4048 quia
2206 3975 2369 4030 electi
2400 3975 2593 4045 perire
2622 3989 2737 4028 non
2768 3978 3026 4044 possunt,
3060 3974 3152 4028 sed
3189 3974 3298 4027 cito
3344 3973 3749 4043 resipiscentes

2045 4063 2232 4119 cordis
2263 4079 2518 4117 errorem
2548 4061 2824 4132 religione
2877 4063 3219 4116 coercebunt
3252 4078 3265 4116 :
3320 4062 3558 4115 scientes
3589 4078 3749 4132 pras-

2046 4153 2263 4208 dictum
2289 4167 2322 4205 a
2351 4151 2593 4206 Domino
2623 4166 2764 4219 esse,
2819 4155 2882 4204 ut
2911 4151 3048 4204 dum
3103 4151 3212 4204 hoc
3265 4150 3504 4204 fecerint
3541 4150 3747 4204 adver-

2046 4241 2204 4310 sarii,
2235 4255 2352 4293 non
2382 4238 2798 4292 conturbantur
2853 4237 3048 4292 sancti.
3105 4239 3227 4292 .lam
3286 4237 3432 4292 mira
3490 4237 3750 4293 facturus

241 4341 408 4397 aequo
440 4342 607 4396 poena
653 4328 1007 4398 constringat
1051 4327 1216 4398 quasi
1273 4327 1334 4381 in
1382 4327 1735 4395 fasciculum,
1794 4345 1936 4399 quos
1965 4361 2008 4416 Β
2049 4335 2134 4384 est
2165 4310 2428 4400 prodigia
2454 4332 2510 4383 et
2554 4327 2737 4397 signa,
2791 4327 2927 4382 dum
2973 4327 3193 4381 venerit
3221 4327 3599 4381 Antichristus
3632 4345 3646 4382 :
3684 4333 3752 4381 ut

238 4415 384 4469 actio
439 4415 652 4470 similes
707 4415 839 4470 fecit
905 4415 967 4468 in
1021 4416 1258 4470 malum.
1327 4415 1482 4471 Slcut
1540 4417 1934 4488 unusquisque

239 4509 465 4557 sanctus
528 4504 588 4558 in
657 4505 852 4558 futuro
915 4503 1131 4573 judicio
1187 4519 1292 4574 pro
1357 4505 1676 4575 quantitate
1756 4505 1957 4578 virtu-Y

239 4597 359 4646 tum
414 4591 850 4661 glorificabitur,
912 4591 992 4645 ita
1037 4595 1094 4646 et
1127 4592 1522 4664 unusquisque
1568 4593 1782 4663 impius
1827 4611 1933 4665 pro

241 4679 563 4750 quantitate
620 4678 941 4733 facinorum
1021 4681 1519 4735 condemnabitur.
1574 4683 1684 4737 Nec
1754 4683 1936 4738 deerit

240 4768 300 4821 in
328 4764 606 4836 supplicio
661 4764 887 4819 futurus
949 4768 1332 4823 damnationis
1385 4771 1543 4824 ordo.
1607 4771 1714 4826 Sed
1768 4772 1935 4842 juxta

242 4855 578 4926 qualitatem
664 4854 971 4909 criminum
1065 4856 1330 4912 discretio
1413 4859 1521 4913 erit
1610 4875 1929 4932 pcenarum,

239 4943 522 5015 propheta
553 4941 866 4998 ﬁrmante:
931 4945 1006 4998 De
1055 4945 1359 5000 charorum
1415 4963 1646 5020 quoque
1699 4965 1932 5005 suorum

240 5031 553 5104 suppliciis,
588 5033 819 5087 additur
845 5031 1017 5086 etiam
1049 5049 1217 5104 poena
1241 5034 1540 5090 defunctis.
1575 5036 1731 5091 Sicut
1784 5039 1935 5109 apud

240 5121 453 5176 inferos
483 5121 645 5176 diviti
675 5138 863 5176 sermo
921 5123 1192 5192 praedicat
1234 5124 1592 5192 evangelicus
1622 5143 1639 5178 :
1701 5125 1780 5178 sic
1833 5143 1935 5197 pro

242 5210 502 5281 augendo
529 5211 690 5265 ludas
721 5209 1024 5282 supplicio,
1057 5211 1196 5265 dicit
1225 5211 1400 5265 etiam
1433 5213 1688 5267 Psalmus
1720 5230 1731 5267 :
1768 5215 1931 5269 Com-

238 5298 383 5354 moti
406 5303 744 5354 moveantur
771 5300 874 5355 lilii
902 5300 1046 5367 ejus,
1075 5305 1132 5354 et
1154 5301 1500 5356 mendicent.
1535 5301 1700 5373 lmpii
1731 5318 1794 5354 ex
1829 5302 1933 5356 hoc

239 5387 438 5442 durius
468 5387 528 5442 in
554 5388 771 5459 judicio
820 5389 1100 5460 puniendi
1160 5393 1291 5442 sunt
1338 5391 1546 5443 mentis
1603 5391 1819 5458 dolore,
1868 5407 1931 5445 ex

241 5492 356 5548 quo
387 5475 561 5531 visuri
589 5483 723 5531 sunt
743 5478 924 5548 justos
953 5477 1150 5550 gloriae
1180 5477 1600 5533 beatitudinem
1631 5480 1926 5536 meruisse.

241 5563 470 5619 Cunctis
533 5565 858 5622 videntibus
941 5573 1027 5622 est
1110 5567 1559 5638 praecipitandus
1649 5567 1927 5639 diabolus,

243 5653 474 5720 quando
504 5653 606 5706 sub
656 5658 886 5724 aspectu
945 5656 1204 5710 omnium
1259 5656 1538 5711 bonorum
1589 5659 1929 5729 angelorum

2049 4418 2222 4473 etiam
2253 4417 2447 4471 electis
2477 4415 2767 4486 quoddam
2821 4415 3010 4470 cordis
3058 4417 3332 4486 gignatur
3383 4415 3746 4486 scrupulum,

2046 4508 2200 4580 quod
2232 4513 2348 4562 tam
2379 4506 2490 4560 cito
2517 4509 2816 4576 exsuperet
2849 4505 2905 4559 in
2937 4505 3050 4559 illis
3082 4505 3248 4572 ratio,
3283 4521 3386 4575 pro
3419 4521 3531 4576 qua
3563 4505 3750 4558 scient

2044 4597 2105 4651 in
2131 4595 2466 4666 deceptione
2496 4593 2898 4664 reproborum,
2953 4599 3008 4646 et
3038 4595 3348 4648 electorum
3405 4593 3750 4664 probatione

2045 4686 2242 4741 eadem
2278 4683 2404 4739 ﬁeri
2463 4682 2643 4755 signa,
2673 4682 2732 4736 in
2803 4698 2917 4753 quo
2963 4687 3222 4754 tempore
3253 4699 3354 4752 per
3405 4681 3745 4753 patientiam

2045 4773 2276 4848 gloriosi
2308 4776 2478 4826 erunt
2507 4771 2706 4838 sancti,
2738 4775 2857 4823 non
2884 4786 2988 4840 per
3032 4771 3326 4839 miracula,
3357 4770 3504 4824 sicut
3559 4771 3750 4826 sancti

2046 4869 2324 4934 martyres
2353 4861 2588 4917 fuerunt
2630 4860 2849 4931 priores
2881 4877 2894 4915 :
2928 4860 3014 4914 illi
3043 4861 3197 4914 enim
3253 4867 3305 4915 et
3351 4867 3751 4931 persecutores

2046 4953 2458 5008 sustinuerunt.
2490 4955 2546 5004 et
2573 4949 2843 5026 facientes
2875 4949 3159 5020 prodigia.
3196 4947 3438 5003 Proinde
3467 4954 3522 5003 et
3545 4949 3750 5003 durius

2046 5043 2262 5096 bellum
2297 5039 2660 5095 sustinebunt
2692 5038 2867 5108 :quia
2923 5054 3043 5092 non
3098 5039 3284 5092 solum
3329 5043 3525 5092 contra
3548 5054 3746 5108 perse-

2046 5135 2306 5201 quentes,
2340 5128 2434 5183 sed
2463 5127 2636 5182 etiam
2666 5133 2864 5180 contra
2907 5126 3197 5180 miraculis
3242 5132 3599 5181 coruscantes
3658 5127 3746 5181 di-

2048 5217 2308 5272 micaturi
2362 5221 2513 5271 sunt.
2549 5216 2782 5270 Gravius
2835 5215 2941 5268 sub
2993 5215 3328 5269 Antichristi
3383 5215 3750 5285 temporibus

2043 5311 2244 5361 contra
2274 5304 2576 5360 Ecclesiam
2608 5302 2887 5358 deserviet
2918 5301 3241 5374 Syuagoga,
3301 5320 3474 5374 quam
3530 5303 3588 5357 in
3621 5303 3751 5374 ipso

2043 5396 2291 5449 adventu
2322 5393 2625 5449 Salvatoris
2679 5392 3032 5447 Christianos
3062 5399 3210 5446 esset
3242 5397 3556 5463 persecuta.
3599 5393 3752 5447 Dum

2042 5484 2103 5538 in
2133 5489 2410 5555 martyres
2438 5482 2702 5536 diabolus
2729 5481 2849 5552 jam
2883 5482 3200 5535 exercuerit
3247 5497 3512 5552 magnam
3547 5480 3755 5536 crude-

2045 5573 2262 5628 litatem
2295 5572 2470 5626 etiam
2500 5571 2733 5642 ligatus,
2768 5569 3058 5625 crudelior
3090 5576 3282 5625 tamen
3332 5571 3441 5624 erit
3474 5573 3579 5625 sub
3622 5573 3751 5625 An—
3824 5633 3836 5640 ,

2041 5658 2288 5714 tichristi
2319 5658 2696 5730 temporibus,
2736 5658 2967 5730 quando
3025 5658 3198 5713 etiam
3253 5658 3361 5713 erit
3411 5659 3746 5714 solvendus.
