3950 6298
192 374 322 429 1058

1105 372 1577 431 DECRETORUM
1621 375 1810 431 LIBRI
1845 374 1953 429 XX.
1987 404 2054 412 —
2089 374 2299 429 LIBER
2340 373 2724 429 VICESIMUS.

3542 376 3678 429 1054

185 496 325 549 Nam
357 496 403 549 si
433 499 591 549 tanta
614 495 826 565 ligatus
864 497 1046 550 facere
1104 497 1312 567 potuit,
1369 502 1584 568 quanta
1648 500 1869 552 solutus
1897 500 1939 552 A
1977 496 2211 551 ditionis
2240 498 2411 569 rapit,
2441 497 2539 568 qui
2571 502 2626 550 et
2648 512 2800 550 nunc
2821 496 3153 567 priusquam
3186 502 3477 567 appareat,
3509 497 3678 551 innu-

181 583 384 639 faciet?
442 585 664 648 Quanto
716 586 1096 656 propinquius
1143 586 1315 639 tinem
1360 586 1560 640 mundi
1609 586 1871 640 diabolus

180 672 353 738 videt,
389 678 549 726 tanto
581 674 869 727 crudelius
901 675 1328 744 persecutiones
1358 680 1598 728 exercet.
1641 677 1707 729 Ut
1736 676 1871 746 quia

179 778 238 815 se
265 763 541 815 continuo
573 763 960 817 damnandum
993 764 1290 833 conscipit,
1324 765 1503 818 socios
1534 765 1642 817 sibi
1676 764 1871 817 multi-

182 850 372 920 plicet,
406 867 536 904 cum
564 852 772 921 quibus
805 854 1083 921 gehennae
1116 854 1264 922 ignis
1303 854 1615 907 addicatur.
1650 854 1871 917 Quanto

177 938 350 991 breve
380 943 607 1009 tempus
633 941 787 994 videt
816 941 1078 996 diabolus
1108 941 1217 995 sibi
1267 948 1497 1008 restare,
1544 947 1607 995 ut
1636 941 1870 995 damne-

181 1031 293 1093 tur,
335 1033 492 1081 tanto
541 1028 600 1082 in
650 1046 856 1099 magna
896 1031 1307 1103 persecutionis
1338 1031 1421 1083 ira
1473 1035 1751 1095 movetur,
1783 1030 1870 1084 di-

180 1115 553 1186 vinajustitia
585 1118 971 1187 permittente,
1007 1124 1084 1184 ut_
1122 1120 1517 1189 gloriﬁcentur
1556 1119 1716 1189 justi,
1750 1134 1870 1171 sor-

182 1202 452 1257 didentur
485 1204 671 1275 iniqui
700 1222 712 1259 :
751 1211 807 1259 et
840 1211 901 1259 ut
919 1206 1146 1261 diabolo
1167 1208 1367 1261 durior
1395 1213 1607 1261 crescat
1635 1208 1871 1261 damna-

176 1291 352 1345 tionis
380 1293 680 1347 sententia.

179 1398 308 1452 CAP.
340 1398 515 1453 XCIV.
545 1429 612 1440 —-
636 1400 792 1464 Quod
803 1406 926 1453 ante
942 1401 1083 1455 diem
1104 1403 1328 1470 judicii,
1353 1405 1513 1457 etiam
1526 1405 1677 1458 electi
1687 1405 1874 1457 casuri

604 1474 716 1524 sint
740 1474 797 1524 in
826 1472 1061 1525 adventu
1096 1476 1443 1527 Antichristi.

254 1559 437 1625 (Greg.
472 1561 531 1612 in
550 1563 663 1613 suis
694 1562 990 1613 litoralibus
1019 1562 1153 1614 dicit
1183 1566 1218 1627 :)
1266 1563 1327 1615 In
1375 1563 1574 1615 diebus
1605 1563 1725 1632 ejus
1757 1566 1872 1614 stu-

180 1646 401 1715 pebunt
450 1648 764 1713 novissimi,
796 1655 852 1702 et
903 1650 1123 1718 primos
1171 1650 1401 1703 invadet
1433 1653 1654 1705 horror.
1696 1652 1875 1705 Tanta

179 1734 333 1787 enim
365 1739 502 1788 tunc
547 1742 745 1790 contra
791 1737 976 1805 justos
1025 1739 1329 1809 iniquitate
1387 1739 1778 1805 effrenabitur,
1813 1744 1873 1791 ut

179 1821 351 1874 etiam
385 1823 695 1878 electorum
740 1826 913 1879 corda
953 1842 1071 1880 non
1122 1843 1295 1896 parvo
1330 1844 1537 1897 pavore
1577 1828 1871 1882 feriantur.

183 1911 340 1965 Unde
373 1912 647 1981 scriptum
680 1919 764 1967 est
798 1931 810 1968 :
846 1916 927 1967 Ita
958 1920 1021 1967 ut
1050 1916 1107 1968 in
1146 1932 1400 1969 errorem
1432 1917 1798 1982 inducantur,
1826 1916 1873 1968 si

178 1996 307 2051 ﬁeri
337 2005 545 2069 potest,
582 2001 753 2054 etiam
787 2002 971 2055 electi.
1006 2003 1165 2067 Quod
1197 2004 1457 2056 videlicet
1486 2004 1713 2064 dicitur,
1756 2018 1873 2056 non

182 2086 318 2156 quia
369 2088 535 2141 electi
567 2090 753 2143 casuri
808 2090 940 2156 sint,
976 2091 1069 2144 sed
1120 2092 1301 2162 magis
1328 2091 1643 2145 terroribus
1690 2088 1870 2159 trepi-

181 2175 391 2229 daturi.
425 2177 578 2231 Tunc
621 2194 752 2231 vero
801 2183 998 2232 contra
1046 2195 1175 2233 eum
1213 2187 1499 2233 certamen
1527 2178 1786 2250 justitiaa,
1819 2180 1873 2229 et

177 2264 471 2318 novissimi
499 2266 661 2319 electi
694 2267 903 2320 habere
934 2273 1260 2331 narrantur,
1288 2273 1342 2321 et
1364 2268 1537 2338 primi
1578 2286 1591 2323 :
1619 2272 1754 2341 quia
1774 2274 1875 2327 sci-

179 2351 313 2405 licet
345 2356 399 2405 et
433 2354 493 2407 hi
533 2355 632 2419 qui
680 2354 736 2409 in
770 2356 883 2409 fine
940 2356 1140 2410 mundi
1197 2357 1360 2410 electi
1392 2358 1778 2428 reperiuntur,
1814 2362 1873 2416 in

178 2446 366 2495 morte
390 2444 793 2511 prosternendi
818 2450 973 2514 sunt,
995 2450 1056 2498 ut
1087 2445 1171 2499 illi
1203 2446 1373 2499 etiam
1407 2449 1506 2517 qui
1528 2465 1558 2500 ει
1588 2449 1875 2517 prioribus

180 2530 384 2583 mundi
427 2532 685 2599 partibus
731 2539 1144 2601 processerunt.
1190 2534 1379 2587 Enoch
1427 2534 1639 2589 scilicet
1669 2542 1725 2589 et
1764 2539 1872 2591 He-

176 2618 305 2679 lias,
327 2619 397 2672 ad
424 2620 675 2673 medium
706 2627 1044 2674 revocantur
1065 2623 1415 2676 crudelitatis
1442 2624 1565 2693 ejus
1595 2626 1873 2680 saevitiam

178 2707 241 2760 in
272 2723 374 2760 sua
396 2708 579 2761 adhuc
611 2711 837 2763 mortali
867 2726 1034 2764 carne
1074 2711 1297 2781 passuri
1330 2718 1482 2765 sunt.
1520 2714 1696 2783 Hujus
1725 2716 1872 2769 vires

178 2795 239 2849 in
294 2800 452 2850 tanta
503 2801 779 2866 potestate
834 2799 1049 2852 laxatae
1104 2800 1398 2854 novissimi
1438 2802 1871 2872 obstupescunt,

179 2888 237 2937 et
266 2884 437 2954 primi
483 2890 748 2938 metuunt
782 2902 793 2939 :
827 2887 963 2958 quia
1000 2887 1133 2941 licet
1156 2888 1319 2958 juxta
1348 2889 1454 2942 hoc
1475 2890 1627 2961 quod
1667 2892 1873 2961 spiritu

178 2973 461 3042 superbiae
498 2973 844 3043 sublevatur,
891 2991 1121 3029 omnem
1172 2979 1547 3047 temporalem
1602 2980 1726 3050 ejus
1768 2997 1870 3050 po-

1909 1772 1945 1824 Β

1983 586 2285 640 merabiles
2319 586 2573 656 quidem,
2606 602 2724 639 non
2746 591 2940 639 tamen
2970 602 3169 639 omnes
3198 587 3450 640 carnales
3480 589 3670 643 trahit.

1983 675 2126 740 Quia
2149 674 2403 745 quotidie
2432 675 2641 728 carnali
2672 691 2844 743 opere
2867 674 2935 728 ad
2960 674 3131 727 vitam
3158 675 3321 727 multi
3345 682 3679 730 revocantur

1982 771 2152 834 atque
2182 764 2251 818 ad
2277 768 2482 816 statum
2508 763 2767 833 justitiaa,
2792 763 2888 816 alii
2911 780 3012 832 per
3030 763 3276 827 brevem,
3297 764 3392 816 alii
3419 780 3551 816 vero
3574 780 3677 834 per

1984 855 2214 924 longam
2254 851 2651 924 paenitentiam
2703 853 2945 905 redeunt
2984 868 2996 905 :
3038 857 3092 904 et
3144 867 3296 905 nunc
3341 852 3672 905 innumera-

1982 942 2124 996 biles
2158 941 2325 1012 rapit,
2368 957 2496 994 cum
2550 940 2807 994 falsitatis
2841 957 2957 994 suae
3007 941 3285 1011 stupenda
3347 940 3676 995 hominibus

1982 1032 2146 1102 signa
2175 1047 2290 1085 non
2318 1031 2546 1084 exhibet
2581 1046 2593 1082 :
2627 1045 2754 1082 cum
2781 1045 2913 1082 vero
2939 1044 3131 1082 coram
3175 1029 3491 1082 carnalium
3540 1045 3675 1083 ocu-

1982 1119 2051 1173 lis
2077 1118 2341 1173 miranda
2371 1118 2451 1172 eis
2495 1118 2753 1188 prodigia
2812 1118 3028 1181 fecerit,
3068 1122 3198 1187 post
3244 1133 3303 1170 se
3358 1122 3493 1170 tunc
3562 1134 3676 1172 non

1982 1208 2450 1271 innumerabiles,
2486 1207 2580 1261 sed
2624 1222 2824 1259 omnes
2876 1205 3104 1259 trahit:
3163 1204 3297 1275 quia
3354 1205 3453 1276 qui
3510 1206 3677 1259 bonis

1982 1298 2363 1369 praesentibus
2394 1297 2770 1361 delectantur,
2814 1294 3076 1365 potestati
3113 1295 3265 1347 illius
3315 1310 3373 1347 se
3462 1294 3676 1363 absque

1982 1388 2323 1442 retractione
2371 1386 2701 1454 subjiciunt.
2758 1384 2888 1448 Sed,
2942 1384 3088 1436 sicut
3161 1382 3381 1453 prtefati
3456 1398 3672 1448 sumus,

1983 1478 2116 1550 quia
2149 1477 2277 1546 plus
2308 1480 2394 1528 est
2422 1490 2653 1527 omnem
2687 1472 2980 1526 hominem
3022 1487 3193 1543 quam
3227 1470 3677 1525 innumerabiles

1982 1564 2233 1629 trahere,
2261 1580 2363 1616 cur
2395 1563 2555 1634 prius
2597 1562 2824 1627 dicitur,
2876 1560 3009 1630 quia
3073 1575 3303 1611 omnem
3368 1558 3562 1623 trahit,
3620 1564 3677 1612 et

1984 1659 2115 1725 post
2152 1654 2210 1706 in
2240 1657 2549 1723 augmento
2591 1648 3036 1703 innumerabiles
3065 1647 3480 1715 subjiciuntur?
3512 1647 3674 1700 Ratio

1988 1759 2235 1814 namque
2301 1741 2513 1810 expetit
2588 1744 2649 1791 ut
2704 1738 2862 1808 prius
2918 1737 3108 1789 minus
3167 1742 3270 1802 est;
3328 1740 3385 1789 et
3438 1740 3565 1805 post
3617 1735 3677 1788 in

1983 1834 2295 1904 augmento
2329 1828 2480 1899 quod
2515 1828 2700 1896 majus
2732 1831 2835 1891 est,
2883 1826 3186 1878 diceretur.
3219 1824 3328 1878 Sed
3384 1823 3677 1878 sciendum

1982 1926 2115 1998 quia
2148 1924 2207 1977 in
2253 1922 2356 1975 hoc
2414 1919 2537 1971 loco
2595 1916 2722 1987 plus
2779 1915 2888 1969 fuit
2941 1913 3391 1966 innumerabiles
3446 1912 3675 1979 dixisse,

1984 2028 2157 2084 quam
2190 2023 2406 2063 omnes.
2444 2008 2571 2059 Post
2617 2020 2674 2057 se
2723 2003 2877 2055 enim
2929 2018 3159 2055 omnem
3217 2001 3509 2055 hominem
3557 2006 3678 2054 tra-

1982 2102 2069 2155 hit
2101 2116 2114 2152 :
2149 2097 2284 2168 quia
2308 2096 2366 2148 in
2398 2094 2599 2159 tribus;
2624 2092 2789 2145 annis
2816 2095 2871 2143 et
2899 2090 3157 2155 dimidio,
3190 2106 3389 2143 omnes
3442 2106 3587 2160 quos
3617 2089 3679 2143 in

1983 2188 2190 2242 studiis
2219 2185 2351 2237 vita:
2416 2182 2659 2237 carnalis
2719 2179 3020 2244 invenerit,
3086 2178 3226 2248 jugo
3277 2194 3393 2232 suae
3439 2178 3674 2231 damna-

1981 2276 2157 2329 tionis
2188 2272 2467 2341 astringit.
2507 2274 2648 2323 Ante
2679 2285 2736 2322 se
2778 2284 2911 2321 vero
2962 2266 3416 2320 innumerabiles
3456 2266 3625 2320 traxit
3661 2282 3673 2319 :

1983 2366 2117 2436 quia
2148 2380 2249 2434 per
2271 2362 2525 2433 quinque
2558 2358 2759 2420 millia,
2792 2362 2849 2410 et
2878 2356 3064 2410 adhuc
3097 2355 3343 2426 amplius
3392 2370 3678 2409 annorum

1983 2453 2285 2517 curricula,
2325 2448 2583 2519 quamvis
2619 2446 2875 2500 carnales
2925 2461 3124 2498 omnes
3178 2445 3406 2497 trahere
3439 2443 3677 2498 minime

1982 2542 2191 2612 potuit,
2227 2540 2408 2592 multo
2439 2543 2631 2589 tamen
2662 2536 2854 2605 plures
2881 2537 3012 2593 sunt
3045 2533 3102 2585 in
3146 2536 3262 2585 tam
3311 2532 3481 2602 longo
3535 2536 3681 2585 tem-

1983 2647 2119 2702 pore
2154 2629 2234 2694 hi,
2275 2644 2421 2698 quos
2478 2629 2609 2678 ante
2656 2640 2713 2675 se
2769 2620 3218 2675 innumerabiles
3274 2618 3443 2688 rapit,
3504 2631 3678 2687 quam

1985 2735 2205 2785 omnes,
2240 2732 2383 2786 quos
2414 2715 2473 2767 in
2501 2719 2618 2767 tam
2657 2711 2815 2765 brevi
2866 2715 3125 2779 tempore
3172 2706 3478 2777 rapiendos
3518 2705 3679 2757 inve-

1984 2808 2150 2862 nerit.
2188 2808 2337 2860 Bene
2368 2819 2503 2873 ergo
2555 2802 2779 2867 dicitur,
2812 2804 2941 2870 post
2973 2815 3031 2851 se
3090 2812 3321 2850 omnem
3382 2793 3677 2848 hominem

1984 2896 2182 2963 trahit,
2214 2899 2270 2947 et
2318 2897 2448 2946 ante
2498 2906 2557 2943 se
2609 2887 3061 2943 innumerabiles
3093 2903 3107 2939 :
3141 2885 3275 2955 quia
3308 2889 3366 2938 et
3396 2888 3532 2937 tunc
3570 2881 3677 2934 mi-

1983 3001 2092 3039 nus
2122 2984 2306 3049 tollet,
2338 2996 2466 3034 cum
2502 2994 2699 3032 omnes
2731 2976 2924 3029 tulerit
2958 2992 2969 3029 :
3006 2979 3062 3029 et
3092 2990 3245 3028 nunc
3294 2971 3541 3043 amplius
3592 2969 3677 3024 di-

179 3065 439 3115 testatem
469 3062 991 3133 despiciant,!juxta
1023 3066 1130 3118 hoc
1160 3070 1350 3119 tamen
1373 3069 1524 3137 quod
1546 3048 1658 3138 ipsi
1691 3048 1876 3123 adhuc
1907 3048 1947 3103 Ο
1987 3074 2142 3143 ripit,
2179 3048 2308 3125 cum
2340 3069 2511 3123 corda
2547 3066 2808 3122 omnium
2840 3082 2952 3119 nou
2986 3064 3222 3118 invadit.

180 3149 238 3202 in
268 3166 438 3203 carne
483 3151 708 3205 mortali
750 3157 901 3218 sunt,
936 3153 994 3207 in
1028 3170 1140 3224 qua
1196 3155 1437 3208 cruciari
1486 3159 1878 3227 temporaliter

179 3242 437 3308 possunt,
472 3238 593 3309 ipsa
625 3255 752 3309 qua:
784 3240 1006 3294 fortiter
1034 3242 1299 3307 tolerant,
1336 3245 1615 3315 supplicia
1645 3247 1879 3315 perhor-

180 3332 435 3394 rescunt,
494 3327 572 3380 ita
605 3333 665 3380 ut
727 3327 787 3381 in
828 3328 906 3381 eis
965 3345 1080 3382 uno
1139 3331 1455 3401 eodemque
1509 3339 1789 3402 tempore,
1824 3339 1879 3388 et

183 3415 502 3467 constantia
533 3431 601 3469 ex
631 3416 840 3470 virtute
876 3417 964 3483 sit,
1000 3422 1059 3470 et
1085 3433 1264 3487 pavor
1312 3436 1379 3472 ex
1428 3437 1615 3475 carne.
1650 3422 1792 3487 Quia
1823 3428 1879 3477 et

179 3502 229 3556 si
261 3503 424 3556 electi
463 3509 613 3570 sunt,
652 3510 708 3558 et
739 3506 1040 3560 tormentis
1081 3506 1229 3560 vinci
1270 3515 1577 3579 nequeant,
1638 3527 1742 3581 per
1770 3513 1878 3567 hoc

181 3595 374 3644 tamen
405 3591 564 3661 quod
595 3592 855 3646 homines
887 3599 1035 3661 sunt,
1070 3599 1127 3649 et
1155 3595 1279 3665 ipsa
1306 3603 1574 3652 metuunt
1592 3603 1875 3654 tormenta

183 3679 284 3750 qui
316 3679 572 3734 vincunt.

573 3768 697 3823 CAP.
746 3770 894 3824 XCV.
923 3801 991 3810 —
1020 3773 1095 3825 De
1122 3772 1483 3828 Antio/arista.

257 3856 435 3925 (Greg.
462 3857 518 3909 in
546 3860 658 3911 suis
688 3859 984 3913 Moralibus
1015 3860 1151 3914 dicit
1186 3862 1227 3931 :)
1261 3862 1422 3915 Videt
1460 3862 1613 3916 enim
1645 3865 1795 3935 quod
1818 3866 1877 3921 in

182 3945 297 3999 ﬁne
321 3944 520 3998 mundi
555 3945 727 3999 Satan
778 3946 1073 4002 hominem
1109 3950 1459 4019 ingrediens,
1495 3968 1669 4022 quam
1719 3969 1877 4008 sacra

182 4032 471 4103 Scriptura
520 4033 929 4089 Antichristum
980 4039 1247 4107 appellat,
1297 4043 1456 4092 tanta
1505 4041 1749 4096 elatione
1780 4059 1873 4096 ex-

182 4122 426 4189 tollitur,
470 4127 628 4177 tanta
670 4124 878 4179 virtute
934 4127 1309 4197 principatus,
1357 4128 1527 4181 tantis
1574 4129 1755 4199 signis
1822 4135 1878 4185 et

182 4210 461 4281 prodigiis
491 4211 549 4264 in
583 4213 899 4267 sanctitatis
929 4215 1256 4269 ostensione
1287 4232 1344 4269 se
1380 4217 1580 4285 elevat,
1616 4223 1677 4271 ut
1711 4220 1876 4289 argui

182 4300 255 4353 ab
294 4300 625 4353 hominibus
664 4302 787 4371 ejus
816 4302 959 4355 facta
990 4319 1106 4356 non
1137 4305 1360 4357 valeant
1394 4321 1406 4357 :
1440 4305 1575 4374 quia
1604 4322 1734 4359 cum
1764 4321 1876 4375 po—

184 4393 384 4442 testate
444 4389 679 4443 terroris
733 4390 1130 4461 adjunguntur
1185 4392 1357 4447 etiam
1419 4393 1581 4463 signa
1630 4398 1873 4447 ostensa

187 4477 524 4531 sanctitatis.
562 4479 627 4531 Et
658 4478 735 4532 ait
768 4497 780 4533 :
817 4480 952 4543 Quis
984 4481 1175 4551 arguit
1204 4497 1393 4535 coram
1426 4498 1493 4534 eo
1525 4482 1675 4535 viam
1715 4483 1875 4552 ejus?

184 4564 321 4629 Quis
386 4564 649 4620 videlicet
714 4567 1013 4622 hominum
1064 4570 1228 4623 illum
1294 4570 1589 4641 increpare
1651 4571 1873 4639 audeat,

185 4655 349 4724 cujus
378 4654 559 4709 visum
593 4656 741 4709 ferre
772 4657 1170 4726 pertimescit?
1200 4659 1303 4712 Sed
1335 4664 1527 4712 tamen
1573 4660 1695 4731 ejus
1727 4659 1876 4712 viam

185 4759 298 4797 non
331 4744 517 4798 soium
551 4745 734 4798 Helias
757 4750 811 4799 et
849 4747 1053 4808 Enoch,
1088 4747 1268 4817 quiin
1300 4748 1422 4817 ejus
1441 4748 1877 4819 exprobratione

185 4832 256 4887 ad
300 4832 551 4886 medium
613 4836 1024 4904 perducuntur,
1085 4836 1180 4889 sed
1230 4836 1400 4889 etiam
1450 4852 1647 4890 omnes
1700 4836 1877 4908 [electi

186 4926 458 4990 arguunt,
496 4922 632 4975 dum
665 4928 1059 4991 contemnunt,
1093 4924 1230 4978 dum
1276 4924 1485 4979 virtute
1520 4925 1725 4980 mentis
1754 4926 1877 4996 ejns

190 5009 426 5063 malitia:
456 5010 750 5065 resistunt.

502 5100 627 5153 CAP.
662 5100 837 5153 XCVI.
870 5131 936 5140 —
959 5103 1088 5156 Item
1115 5102 1181 5155 de
1204 5102 1563 5156 Antichristo.

259 5186 501 5253 (Gregor.
527 5188 586 5241 in
606 5189 719 5242 suis
748 5190 1045 5244 Moratibus
1068 5191 1203 5245 dicit
1231 5191 1268 5261 :)
1297 5192 1407 5244 Hoc
1436 5191 1558 5243 loco
1582 5191 1754 5245 homo
1771 5192 1876 5246 hu-

186 5290 360 5329 mana
415 5276 642 5346 sapiens
700 5276 929 5344 dicitur,
993 5279 1089 5332 sed
1142 5296 1272 5333 cum
1318 5281 1445 5349 plus
1488 5279 1602 5333 sint
1656 5296 1874 5347 omnes,

188 5379 359 5434 quam
384 5364 856 5433 innumerabiles,
884 5368 1260 5436 quaerendum
1292 5367 1459 5421 nobis
1492 5372 1596 5435 est,
1629 5384 1731 5421 cur
1747 5373 1878 5423 ante

187 5468 245 5507 se
264 5453 731 5523 innumerabiles,
749 5460 944 5524 etpost
960 5472 1018 5509 se
1036 5457 1469 5511 omnestrahere
1494 5456 1734 5524 dicatur,
1770 5456 1878 5511 nisi

188 5541 343 5611 quod
376 5541 646 5613 antiquus
677 5543 855 5597 hostis
874 5544 1332 5613 reprobumtunc
1354 5545 1645 5600 hominem
1666 5546 1881 5617 ingres-

188 5645 302 5695 sus,
345 5635 577 5685 cunctos
618 5648 760 5702 quos
780 5634 1034 5687 carnales
1063 5633 1368 5700 invenerit,
1401 5634 1508 5688 sub
1537 5650 1655 5688 sum
1671 5635 1877 5705 jugum

1986 3180 2115 3235 CAP.
2147 3178 2347 3234 XCVII.
2381 3206 2450 3216 —
2504 3175 2661 3240 Quod
2716 3176 2775 3226 in
2829 3173 3138 3225 novissimis
3186 3183 3362 3223 omnes
3421 3167 3681 3222 Israelita:

2196 3266 2296 3319 per
2310 3248 2749 3316 praedicationem
2770 3245 2933 3297 Helia
2960 3243 3196 3295 converti
3215 3240 3464 3293 debeant.

2058 3339 2234 3406 (Greg.
2268 3339 2328 3390 in
2356 3338 2468 3390 suis
2523 3332 2822 3388 Morulibus
2879 3329 3014 3384 dicit
3045 3329 3086 3395 :)
3132 3327 3238 3381 Sed
3300 3330 3553 3378 extremo
3593 3324 3680 3377 Is-

1986 3425 2204 3479 raelita
2234 3439 2431 3478 omnes
2461 3423 2531 3476 ad
2560 3421 2752 3484 ﬁdem,
2785 3419 3013 3489 cognita
3046 3416 3218 3472 Heliae
3248 3412 3677 3484 praedicatione,

1984 3518 2335 3570 concurrunt
2365 3529 2377 3565 :
2437 3516 2607 3581 atque
2637 3508 2709 3561 ad
2740 3508 2861 3577 ejus
2920 3505 3329 3576 protectionem
3366 3517 3538 3573 quem
3588 3501 3676 3555 fu-

1984 3605 2205 3673 gerant,
2239 3599 2483 3653 redeunt
2516 3613 2529 3650 :
2565 3601 2621 3649 et
2656 3600 2792 3649 tunc
2838 3594 2980 3648 illud
3042 3592 3313 3646 eximium
3372 3587 3679 3659 multiplici

1984 3688 2395 3760 aggregatione
2428 3686 2776 3756 populorum
2808 3681 3131 3736 convivium
3168 3680 3507 3733 celebratur.

1986 3796 2113 3849 CAP.
2163 3792 2397 3849 XCVIII.
2430 3821 2498 3829 —
2534 3791 2611 3843 De
2645 3791 2739 3843 hoc
2769 3801 2863 3843 cur
2906 3789 2964 3840 in
2996 3788 3097 3840 hac
3134 3788 3253 3840 vita
3292 3785 3490 3855 saepius
3529 3782 3680 3838 bonis

2410 3863 2548 3915 male
2568 3863 2660 3928 sit,
2703 3865 2753 3914 et
2778 3860 2937 3912 malis
2966 3858 3108 3911 bene.

2060 3953 2241 4020 (Greg.
2275 3954 2335 4005 in
2364 3953 2478 4005 suis
2517 3948 2816 4004 litoralibus
2847 3947 2983 4000 dicit
3016 3948 3056 4014 :)
3095 3944 3237 3999 Cum
3268 3943 3431 3998 valde
3459 3942 3681 3996 occulta

1985 4042 2100 4096 sint
2128 4039 2582 4110 divinajudicia,
2617 4054 2718 4091 cur
2744 4038 2801 4090 in
2826 4036 2930 4090 hac
2964 4035 3077 4088 vita
3116 4047 3533 4103 nonnunquam
3582 4031 3679 4084 bo-

1984 4131 2074 4185 nis
2104 4130 2250 4183 male
2278 4129 2371 4193 sit,
2406 4127 2567 4180 malis
2593 4127 2737 4179 bene
2764 4142 2777 4178 :
2822 4131 2958 4178 tunc
2990 4123 3299 4177 occultiora
3350 4126 3502 4187 sunt,
3548 4135 3679 4173 cum

1986 4226 2041 4272 et
2071 4217 2233 4271 bonis
2260 4216 2347 4269 hic
2371 4216 2511 4268 bene
2538 4218 2640 4280 est,
2674 4218 2730 4267 et
2761 4213 2925 4266 malis
2956 4213 3122 4265 male.
3161 4212 3299 4265 Nam
3340 4224 3471 4262 cum
3512 4206 3681 4261 bonis

1907 4328 1951 4382 ι)
1991 4307 2138 4361 male
2170 4310 2275 4371 est,
2312 4304 2477 4358 malis
2500 4303 2664 4365 bene,
2718 4303 2827 4357 hoc
2873 4302 3113 4355 fortasse
3174 4296 3622 4368 deprehenditur
3664 4311 3676 4348 :

1984 4394 2120 4467 quia
2154 4400 2207 4448 et
2230 4394 2386 4459 boni,
2420 4393 2469 4446 si
2499 4409 2612 4463 qua
2638 4391 3024 4462 deliquerunt,
3054 4388 3148 4443 hic
3170 4386 3453 4457 recipiunt
3484 4389 3587 4439 :ut
3610 4385 3680 4438 ab

1988 4488 2201 4538 aeterna
2264 4482 2492 4552 plenius
2551 4480 2919 4535 damnatione
2996 4477 3357 4531 liberentur:
3427 4478 3483 4527 et
3538 4472 3676 4527 mali

1987 4572 2159 4637 bona,
2202 4588 2331 4642 qua:
2388 4586 2492 4641 pro
2539 4570 2645 4623 hac
2676 4568 2787 4621 vita
2842 4566 3077 4633 faciunt,
3111 4564 3203 4618 hic
3260 4562 3580 4629 inveniunt,
3618 4565 3681 4615 ut

1990 4661 2055 4714 ad
2089 4661 2208 4714 sola
2247 4661 2306 4713 in
2339 4664 2628 4730 posterum
2675 4660 2962 4710 tormenta
3023 4653 3451 4725 pertrahantur.
3508 4650 3680 4719 _Unde

1990 4752 2046 4801 et
2075 4747 2299 4802 ardenti
2327 4747 2384 4800 in
2418 4746 2641 4800 inferno
2682 4744 2843 4800 diviti
2892 4742 3104 4798 dicitur
3150 4759 3163 4797 :
3214 4743 3519 4808 Memento,
3575 4738 3681 4805 fili,

1990 4835 2127 4906 quia
2157 4834 2419 4905 recepisti
2451 4835 2600 4887 bona
2632 4833 2691 4887 in
2724 4832 2839 4885 vita
2870 4836 2988 4899 tua,
3021 4835 3077 4884 et
3121 4831 3363 4886 Lazarus
3419 4826 3683 4881 similiter

1989 4925 2159 4978 mala.
2185 4927 2255 4978 At
2278 4940 2407 4977 cum
2439 4923 2604 4977 bonis
2635 4922 2726 4976 hic
2753 4921 2898 4975 bene
2931 4925 3034 4985 est,
3064 4925 3121 4974 et
3168 4918 3333 4973 malis
3366 4917 3531 4980 male,
3591 4916 3680 4969 in-

1990 5019 2208 5067 certum
2238 5013 2401 5067 valde
2432 5013 2513 5076 fit,
2557 5017 2749 5065 utrum
2774 5010 2908 5064 boni
2939 5009 3145 5065 idcirco
3197 5007 3347 5061 bona
3403 5005 3685 5076 accipiant

1990 5106 2052 5154 ut
2106 5101 2397 5172 provocati
2446 5103 2516 5154 ad
2576 5099 2789 5171 aliquid
2844 5099 3050 5153 melius
3094 5098 3369 5160 crescant,
3428 5110 3501 5147 an
3526 5093 3682 5163 justo

1989 5189 2306 5260 latentique
2348 5188 2565 5258 judicio
2596 5188 2688 5242 hic
2757 5202 2991 5242 suorum
3050 5200 3288 5257 operum
3342 5198 3682 5237 remunera—

1990 5280 2209 5333 tionem
2241 5278 2580 5348 percipiant,
2612 5283 2674 5331 ut
2703 5294 2735 5331 a
2760 5276 3015 5347 praemiis
3055 5276 3182 5329 vitae
3227 5272 3515 5345 sequentis
3553 5270 3677 5325 ina-

1992 5371 2244 5423 nescant.
2270 5368 2333 5421 Et
2368 5373 2557 5421 utrum
2620 5367 2803 5419 malos
2830 5365 3041 5420 idcirco
3073 5364 3305 5418 adversa
3362 5360 3589 5429 feriant,
3622 5363 3684 5414 ut

1993 5458 2063 5512 ab
2093 5457 2323 5512 aeternis
2347 5457 2641 5528 suppliciis
2679 5453 3020 5525 corrigendo
3078 5453 3430 5510 defendant:
3468 5468 3539 5506 an
3593 5451 3685 5505 hic

1993 5562 2191 5601 eorum
2251 5562 2421 5617 poena
2492 5546 2751 5617 incipiat,
2809 5549 2872 5598 ut
2928 5545 3277 5616 quandoque
3342 5541 3684 5611 complenda

1993 5652 2087 5689 eos
2118 5636 2184 5690 ad
2210 5636 2414 5690 ultima
2442 5635 2721 5706 gehennae
2748 5638 3036 5689 tormenta
3068 5632 3361 5703 perducat.
