3950 6324
214 370 349 422 1055

870 369 1270 425 BURCHABDI
1309 368 1846 426 W-ORMACIENSIS
1884 367 2196 425 EPISCOPI
2236 367 2713 424 DECRETORUM
2755 368 2881 424 LIB.
2917 369 3026 426 XX.

3582 375 3722 427 1056

215 494 340 549 CAP.
369 495 542 567 XCIX.
582 525 650 534 —
684 493 842 567 Quod
887 491 1050 548 etiam
1097 509 1273 548 omnes
1328 494 1572 567 inﬁdeles
1629 508 1908 562 resurgere
1935 495 1980 547 Α
2019 508 2274 546 suorum.
2309 494 2373 546 Et
2403 492 2611 546 iterum
2645 509 2659 546 :
2695 494 2775 546 Ite
2808 493 2867 546 in
2897 493 3092 564 ignem
3123 496 3428 564 aeternum,
3469 495 3570 566 qui
3613 513 3721 567 pa-

459 565 685 619 dcbeant
713 566 786 618 ad
821 571 1104 630 tormenta,
1137 581 1240 619 non
1269 565 1345 618 ad
1363 566 1652 634 judicium.

284 654 511 722 (Gregor
564 655 626 708 in
663 657 776 708 suis
817 656 1124 709 Morutibus
1151 656 1284 708 dicit
1318 657 1357 720 ε)
1407 655 1734 723 Resurgunt
1770 668 1904 706 vero

215 743 386 796 etiam
417 759 618 795 omnes
671 743 948 810 inﬁdeles,
1001 744 1096 796 sed
1145 743 1210 796 ad
1258 748 1628 806 tormentum,
1689 758 1803 795 non
1835 743 1905 795 ad

208 831 513 902 judicium.
565 831 688 885 Non
736 831 889 884 enim
937 847 1135 886 eorum
1177 838 1312 884 tunc
1359 848 1529 885 causa
1580 831 1902 894 discutitur,

212 919 312 988 qui
346 919 417 972 ad
445 925 816 988 conspectum
854 919 1092 973 districti
1127 919 1356 989 judicis,
1388 921 1507 988 jam
1563 936 1692 973 cum
1740 921 1907 972 dam-

215 1006 446 1059 natione
479 1021 595 1059 suae
630 1006 988 1060 inﬁdelitatis
1022 1007 1315 1060 accedunt.
1349 1008 1763 1062 Professionem
1813 1024 1907 1061 ve-

215 1110 280 1148 ro
315 1093 447 1147 ﬁdei
479 1094 812 1160 retinentes,
857 1096 955 1148 sed
1012 1096 1378 1165 professionis
1403 1111 1578 1165 opera
1629 1111 1740 1148 non
1806 1095 1907 1149 ha-

215 1183 434 1248 bentes,
466 1182 984 1254 redarguuntuﬁut
1024 1189 1280 1252 pereant.
1315 1184 1422 1248 Qui
1453 1200 1586 1237 vero
1617 1199 1722 1237 nec
1778 1183 1910 1237 ﬁdei

217 1277 571 1324 sacramenta
596 1277 924 1339 tenuerunt,
957 1273 1409 1341 increpationem
1447 1272 1658 1342 judicis
1706 1272 1765 1325 in
1806 1289 1909 1326 ex-

217 1363 400 1412 trema
429 1360 853 1414 examinatione
877 1377 991 1414 non
1025 1361 1308 1414 audiunt:
1341 1361 1478 1432 quia
1526 1361 1908 1431 praejudican-

217 1451 312 1500 tur
349 1446 703 1501 inﬁdelitatis
730 1465 848 1502 sum
880 1449 1150 1510 tenebris,
1183 1449 1307 1518 ejus
1336 1465 1507 1520 quem
1539 1449 1912 1520 despexerant

217 1535 540 1589 invectione
574 1537 840 1607 redargui
871 1553 987 1592 non
1017 1543 1330 1592 merentur.
1371 1539 1455 1592 illi
1495 1538 1694 1591 saltem
1742 1539 1912 1593 verba

212 1623 420 1694 judicis
442 1624 703 1690 audiunt,
745 1627 844 1694 qui
866 1627 989 1696 ejus
1029 1627 1161 1680 ﬁdei
1190 1626 1362 1680 verba
1417 1632 1772 1680 tenuerunt:
1817 1627 1910 1680 isti

220 1709 280 1764 in
303 1711 673 1766 damnatione
704 1729 806 1766 sua
836 1714 1037 1767 mlerni
1077 1714 1290 1783 judicis
1336 1730 1442 1768 nec
1501 1715 1673 1768 verba
1725 1713 1908 1784 perci-

220 1799 407 1870 piunt,
441 1799 577 1869 quia
637 1801 759 1870 ejus
811 1801 1190 1855 reverentiam
1243 1818 1345 1856 nec
1397 1803 1569 1856 verba
1600 1809 1768 1856 tenus
1794 1819 1911 1855 ser-

220 1903 353 1940 vare
416 1889 764 1942 maluerunt.
827 1889 914 1943 Illi
992 1890 1250 1960 legaliter
1305 1897 1567 1961 pereunt,
1638 1892 1770 1962 quia
1810 1891 1914 1944 sub

221 1975 348 2044 lege
377 1976 547 2046 positi
604 1983 1017 2046 peccaverunt:
1052 1978 1176 2031 istis
1231 1978 1290 2032 in
1346 1979 1664 2049 perditione
1712 1996 1815 2032 sua
1847 1981 1914 2032 de

221 2063 349 2134 lege
383 2064 524 2118 nihil
586 2063 812 2129 dicitur,
866 2065 1000 2137 quia
1052 2066 1198 2120 nihil
1254 2067 1399 2138 legis
1454 2067 1664 2121 habere
1726 2067 1914 2122 conati

229 2156 379 2206 sunt.

439 2223 566 2279 CAP.
603 2224 662 2278 C.
687 2254 753 2263 -—
779 2225 934 2289 Quod
945 2240 1130 2349 gnznes
1153 2227 1396 2349 thomines
1425 2241 1704 2294 resurgere

983 2313 1010 2349 e
1048 2312 1146 2349 ean
1180 2338 1191 2349 .

983 2312 1191 2350 coeant.

293 2383 558 2448 (August.
593 2382 729 2436 dicit
762 2382 795 2450 :)
823 2382 1090 2438 Omnium
1115 2385 1417 2438 hominum
1441 2385 1548 2438 erit
1576 2385 1914 2438 resurrectio

227 2469 284 2525 Si
315 2469 574 2523 omnium
632 2471 760 2536 erit,
818 2487 955 2542 ergo
1005 2489 1204 2526 omnes
1261 2473 1608 2538 moriuntur,
1650 2477 1712 2527 ut
1764 2489 1916 2527 mors

224 2557 285 2611 in
309 2558 489 2612 Adam
543 2559 694 2621 data,
752 2560 1018 2614 omnibus
1073 2561 1196 2632 ejus
1251 2561 1382 2615 ﬁliis
1441 2563 1820 2617 dominetur:
1862 2567 1919 2617 et

227 2652 456 2700 maneat
491 2647 633 2702 illud
685 2649 1049 2718 privilegium
1079 2650 1139 2704 in
1188 2650 1452 2719 Domino,
1514 2652 1666 2722 quod
1722 2652 1791 2706 de
1847 2669 1914 2706 eo

227 2735 550 2806 specialiter
578 2737 785 2790 dicitur
815 2753 828 2791 :
871 2737 995 2792 Non
1021 2739 1180 2792 dabis
1206 2746 1466 2793 sanctum
1511 2745 1675 2792 tuum
1727 2738 1918 2793 videre

225 2825 672 2894 corruptionem.
753 2827 908 2881 Hanc
998 2827 1284 2882 rationem
1355 2827 1604 2881 maxima
1686 2829 1916 2882 Patrum

227 2913 392 2966 turba
445 2914 706 2968 tradente
759 2914 1134 2985 suscepimus.
1188 2917 1421 2983 Verum,
1480 2915 1615 2986 quia
1673 2920 1806 2968 sunt
1863 2919 1919 2967 et

2014 589 2169 636 ratus
2191 588 2277 636 est
2305 583 2534 636 diabolo
2566 588 2623 636 et
2661 581 2877 651 angelis
2930 583 3073 652 ejus.

2016 706 2144 760 CAP.
2191 707 2326 761 CIII.
2379 737 2447 745 —
2489 705 2644 770 Quod
2700 708 3021 760 resurrectio
3071 708 3193 775 fieri
3240 706 3430 760 debeat
3462 709 3519 761 in
3557 713 3718 762 etate

2118 783 2372 845 perfecta:
2395 779 2721 845 juventutis,
2759 793 2878 846 quae
2913 780 3166 846 profectu
3201 793 3309 831 non
3341 779 3604 845 indigeat.

2087 881 2194 951 (Ea:
2227 884 2390 936 dictis
2429 883 2676 949 Isidori.)
2727 882 3024 936 inchoatio
3061 883 3216 953 pacis
3267 890 3595 938 sanctorum
3627 888 3717 938 est

2015 970 2074 1023 in
2114 972 2217 1023 hac
2245 972 2359 1023 vita
2389 987 2504 1024 non
2539 971 2832 1040 perfectio.
2863 971 3019 1025 Tunc
3050 977 3240 1024 autem
3273 971 3384 1025 erit
3413 971 3714 1041 plenitudo

2015 1058 2188 1127 pacis,
2225 1058 2361 1111 dum
2383 1059 2453 1111 ad
2490 1058 2585 1111 Dei
2615 1059 3182 1126 contemplationem,
3223 1059 3492 1129 absorpta
3530 1059 3721 1112 carnis

2016 1145 2369 1213 inﬁrmitate,
2403 1147 2799 1200 convaluerint
2849 1147 3211 1201 Resurrectio
3245 1153 3624 1211 mortuorum,
3647 1151 3716 1200 ut

2015 1236 2317 1304 Apostolus
2343 1234 2438 1300 ait,
2467 1234 2526 1287 in
2559 1236 2743 1287 virum
2779 1235 3094 1303 perfectum
3126 1235 3186 1288 in
3225 1251 3555 1288 mensuram
3585 1241 3723 1288 aeta-

2017 1323 2089 1376 tis
2111 1322 2486 1391 plenitudinis
2521 1322 2726 1375 Christi
2775 1323 2970 1376 futura
2999 1329 3130 1376 est:
3181 1323 3239 1377 in
3289 1329 3454 1376 aetate
3506 1324 3722 1378 scilicet

2012 1410 2332 1481 juventutis
2365 1427 2494 1482 quas
2526 1410 2786 1480 profectu
2826 1427 2942 1464 non
2980 1411 3215 1483 indiget,
3273 1417 3329 1465 et
3375 1413 3589 1482 absque
3623 1413 3716 1466 in-

2020 1499 2329 1553 clinatione
2364 1500 2615 1552 defectus
2665 1498 2723 1551 in
2775 1498 3119 1569 perfectione
3149 1515 3215 1553 ex
3265 1505 3507 1570 utraque
3548 1505 3714 1569 parte

2023 1593 2077 1640 et
2106 1588 2278 1658 plena
2308 1592 2393 1640 est
2423 1592 2478 1640 et
2519 1587 2768 1641 robusta.
2819 1587 3088 1652 Quamvis
3122 1604 3272 1641 nunc
3327 1588 3575 1642 ﬁliorum
3615 1589 3718 1642 Dei

2023 1676 2255 1729 nomine
2288 1676 2548 1729 homines
2583 1677 2776 1729 ﬁdeles
2820 1683 3112 1742 vocentur,
3145 1683 3336 1730 tamen
3365 1694 3429 1731 ex
3461 1694 3528 1732 eo
3561 1679 3723 1749 quod

1943 1765 1983 1818 Β
2022 1765 2167 1818 hanc
2195 1764 2524 1817 servitutem
2558 1765 2943 1834 corruptionis
2985 1766 3300 1834 patiuntur,
3349 1767 3533 1820 adhuc
3573 1767 3719 1837 jugo

2025 1853 2313 1906 servitutis
2340 1853 2551 1907 addicti
2601 1860 2778 1907 sunt:
2833 1855 3120 1924 accepturi
3169 1855 3397 1925 plenam
3465 1855 3724 1910 ﬁliorum

2029 1942 2127 1996 Dei
2160 1942 2503 2006 libertatem,
2530 1942 2665 1996 dum
2699 1943 3072 2013 corruptibilc
3102 1944 3208 1997 hoc
3240 1943 3492 1997 induerit
3530 1944 3723 1997 incor-

2024 2031 2372 2102 ruptionem.
2411 2033 2572 2084 Nunc
2602 2033 2744 2084 Deus
2776 2048 2877 2102 per
2906 2030 3200 2101 speculum
3257 2030 3623 2101 agnoscitur:
3659 2031 3722 2084 in

2024 2119 2218 2173 futuro
2243 2124 2435 2172 autem
2487 2120 2728 2190 quisque
2788 2121 2998 2172 electus
3027 2119 3170 2173 facie
3199 2119 3268 2172 ad
3322 2119 3524 2172 faciem
3566 2135 3724 2188 prae-

2025 2209 2364 2276 sentabitur,
2405 2215 2467 2261 ut
2512 2209 2694 2276 ipsum
2738 2210 2983 2277 Speciem
3042 2210 3480 2277 contempletur,
3542 2224 3722 2278 quam

2027 2313 2178 2350 nunc
2209 2313 2312 2366 per
2349 2299 2642 2364 speculum
2692 2298 2884 2349 videre
2920 2303 3178 2350 conatur.
3213 2297 3274 2350 In
3309 2297 3413 2349 hac
3443 2297 3560 2350 vita
3611 2297 3725 2350 ele-

2026 2390 2245 2439 ctorum
2279 2401 2584 2439 numerum
2617 2385 2686 2438 ad
2735 2387 3021 2439 dexteram
3066 2386 3497 2452 pertinentium,
3549 2389 3606 2438 et
3636 2401 3726 2438 re-

2026 2474 2340 2544 proborum
2373 2474 2472 2544 qui
2501 2473 2572 2527 ad
2604 2473 2891 2526 sinistram
2928 2472 3062 2526 ituri
3091 2477 3242 2539 sunt,
3278 2473 3577 2527 Ecclesiam
3620 2473 3726 2528 Dei

2026 2562 2304 2632 compleri
2336 2579 2348 2616 :
2383 2563 2443 2616 in
2475 2562 2586 2616 ﬁne
2617 2569 2808 2616 autem
2842 2562 3035 2616 saeculi
3065 2562 3341 2615 zizaniam
3368 2579 3400 2616 a
3425 2562 3717 2616 frumento

2026 2649 2298 2722 disjungi.

2029 2759 2155 2812 CAP.
2188 2756 2317 2810 CIV.
2349 2784 2422 2797 —
2462 2755 2615 2824 ()uod
2656 2755 2938 2808 districtus
2966 2755 3142 2808 Judeae
3175 2754 3248 2807 ad
3300 2754 3582 2822 judicium
3631 2770 3726 2808 ve-

2132 2831 2286 2881 niens
2314 2835 2641 2896 peccatorem
2667 2825 2869 2889 videat,
2901 2831 2964 2880 ut
2990 2828 3179 2890 feriat,
3207 2841 3313 2878 non
3337 2831 3395 2878 ut
3423 2827 3611 2878 salvet.

2099 2932 2349 3002 (Grego'r.
2385 2935 2441 2985 in
2461 2934 2574 2986 suis
2611 2933 2804 2986 Mural.
2841 2932 2974 2985 dicit
3008 2931 3046 3001 :)
3079 2933 3139 2984 in
3169 2931 3446 3000 judicium
3488 2931 3727 3001 quidem

229 2999 327 3052 alii
381 3015 546 3070 aeque
603 3001 886 3067 catholici,
941 3006 999 3055 et
1057 3003 1265 3056 eruditi
1315 3004 1444 3067 viri,
1502 3004 1603 3074 qui
1655 3003 1915 3068 credunt,

2101 3021 2306 3074 iminus
2356 3021 2593 3074 veniens
2654 3026 3008 3090 peccatorem
3056 3020 3212 3073 videt
3253 3025 3318 3072 ut
3381 3019 3563 3086 feriat,
3621 3019 3724 3073 sed

229 3085 419 3140 anima
445 3089 501 3140 in
535 3104 772 3159 corpore
805 3096 1091 3155 manente,
1141 3091 1531 3146 immutandos
1560 3092 1627 3144 ad
1685 3108 1918 3161 corrup-

228 3173 443 3228 tionem
470 3180 529 3230 et
571 3177 1065 3233 immortalitatem
1115 3195 1210 3232 eos
1260 3179 1445 3250 quiin
1501 3180 1746 3234 adventu
1809 3181 1916 3234 Do-

230 3263 373 3317 mini
408 3263 518 3318 vivi
547 3265 876 3321 inveniendi
927 3274 1084 3338 sunt,
1117 3275 1174 3323 et
1224 3269 1334 3323 hoc
1386 3268 1469 3322 eis
1520 3268 1774 3338 reputari
1816 3285 1918 3339 pro

231 3354 648 3408 resurrectione
677 3372 742 3410 ex
772 3357 1036 3422 mortuis,
1079 3357 1238 3428 quod
1267 3357 1670 3411 mortalitatem
1709 3357 1920 3411 immu-

229 3442 444 3496 tatione
501 3443 796 3514 deponant
852 3461 967 3500 non
1008 3451 1272 3510 mortem,
1329 3446 1586 3518 quolibet
1645 3445 1774 3517 quis
1823 3461 1920 3499 ac-

230 3531 486 3600 quiescat
513 3533 686 3587 modo
723 3549 839 3587 non
895 3534 1217 3602 haereticus,
1273 3533 1383 3588 nisi
1429 3535 1488 3588 in
1543 3534 1922 3588 conventione

232 3617 533 3674 haereticus
560 3620 678 3677 ﬁat.
713 3621 932 3677 Sufﬁcit
962 3622 1112 3676 enim
1137 3623 1194 3676 in
1231 3623 1493 3677 Ecclesiae
1531 3623 1674 3692 lege,
1737 3622 1923 3677 carnis

233 3707 710 3762 resurrectionem
739 3710 969 3764 credere
992 3711 1116 3764 ﬁeri
1147 3711 1217 3763 de
1259 3715 1458 3764 morte.

696 3797 823 3852 CAP.
849 3798 934 3853 CI.
967 3828 1036 3840 —
1071 3800 1150 3853 De
1177 3799 1362 3852 eadem
1385 3815 1461 3852 re.

305 3882 457 3953 (Item
487 3883 662 3954 Aug.)
694 3884 853 3949 Quod
898 3891 1088 3941 autem
1139 3887 1382 3941 dicimus
1426 3887 1486 3940 in
1542 3887 1830 3955 Symbolo,
1865 3888 1923 3941 in

236 3971 482 4026 adventu
511 3972 740 4026 Domini
793 3974 949 4028 vivos
998 3979 1054 4028 et
1112 3979 1373 4029 mortuos
1414 3975 1776 4046 judicandos,
1811 3992 1925 4030 non

227 4060 415 4130 justos
445 4065 670 4116 tantum
699 4079 761 4116 ac
787 4068 1111 4133 peccatores
1147 4064 1418 4136 judicari,
1464 4065 1610 4119 sicut
1647 4064 1926 4119 Diodorus

237 4148 548 4218 signiﬁcari
587 4155 769 4221 putat,
805 4151 903 4206 sed
952 4153 1107 4207 vivos
1160 4170 1258 4208 eos
1289 4153 1391 4225 qui
1443 4154 1504 4208 in
1556 4169 1724 4208 carne
1763 4154 1924 4209 inve-

237 4235 433 4290 niendi
453 4243 584 4293 sunt
625 4239 782 4294 dicit.
833 4241 978 4305 Quia
1016 4242 1088 4296 ad
1149 4242 1255 4297 hoc
1304 4243 1569 4297 morituri
1591 4242 1922 4302 creduntur.

234 4327 318 4380 vel
352 4327 721 4396 immutandi,
750 4329 894 4383 sicut
924 4330 1020 4384 alii
1078 4333 1278 4386 volunt
1317 4348 1330 4386 :
1368 4337 1428 4386 ut
1450 4331 1705 4386 suscitati
1733 4331 1923 4386 conti-

236 4430 352 4469 nuo
382 4417 469 4470 vel
499 4416 793 4472 reformati
813 4434 845 4472 a
881 4420 1141 4487 mortuis,
1168 4421 1518 4492 judicentur.

237 4504 361 4558 CAP.
385 4503 500 4558 Cll.
538 4535 610 4545 —
639 4505 792 4571 Quod
835 4509 1016 4574 angeli
1043 4515 1327 4577 apostatz,
1377 4513 1428 4564 et
1482 4510 1644 4576 impii
1692 4509 1926 4563 homines

303 4579 426 4644 post
449 4581 712 4630 tormenta
739 4581 898 4650 quasi
925 4583 1209 4650 suppliciis
1260 4582 1575 4650 expurgati.
1624 4595 1731 4634 non
1757 4581 1930 4648 justo-

306 4659 431 4699 rum
459 4650 712 4700 societate
739 4649 1020 4706 donentur.

308 4734 466 4802 (Item
493 4734 662 4805 Aug.)
695 4737 824 4791 Post
853 4739 1325 4794 resurrectionem
1356 4743 1412 4793 et
1461 4738 1771 4809 judicium,
1812 4753 1930 4792 non

239 4822 539 4877 credamus
579 4827 1056 4880 resurrectionem
1105 4825 1379 4893 futuram,
1439 4841 1613 4896 quam
1657 4826 1931 4896 Origenes

239 4912 462 4980 delirat,
495 4917 561 4967 ut
590 4913 877 4970 daemones
905 4916 990 4968 vel
1024 4914 1186 4984 impii
1209 4913 1489 4980 homines,
1520 4921 1647 4983 post
1674 4920 1928 4968 tormen-

238 5003 295 5053 ta
317 5001 481 5071 quasi
513 5003 810 5073 suppliciis
872 5001 1190 5072 expurgati,
1234 5001 1320 5054 vel
1372 5000 1457 5054 illi
1503 5000 1564 5055 in
1611 5003 1930 5072 angelicam

239 5105 353 5160 qua
381 5090 557 5144 creati
589 5097 723 5146 sunt
756 5092 993 5146 redeant
1029 5089 1395 5158 dignitatem,
1449 5089 1536 5142 vel
1584 5088 1784 5157 injusti
1831 5090 1929 5158 ju-

240 5183 455 5232 storum
479 5180 749 5234 societate
776 5181 1090 5243 donentur,
1122 5194 1190 5232 eo
1221 5178 1372 5247 quod
1415 5177 1520 5231 hoc
1559 5177 1764 5231 divinas
1793 5194 1933 5230 con-

239 5267 433 5320 veniat
462 5267 685 5338 pietati,
721 5285 792 5322 ne
815 5268 952 5339 quid
984 5283 1052 5321 ex
1086 5265 1520 5320 rationabilibus
1556 5271 1747 5336 pereat
1771 5282 1932 5319 crea-

243 5357 407 5422 turis,
436 5357 531 5410 sed
564 5358 822 5427 quolibet
868 5357 1036 5410 modo
1093 5355 1398 5409 salventur.
1457 5356 1564 5411 Sed
1600 5372 1703 5409 nos
1742 5354 1935 5408 creda-

243 5460 372 5498 mus
405 5444 514 5516 ipsi
541 5445 714 5515 judici
743 5447 999 5500 omnium
1043 5453 1096 5498 et
1126 5443 1456 5499 retributori
1493 5445 1669 5513 justo,
1711 5443 1807 5514 qui
1843 5444 1934 5497 di-

243 5533 328 5587 xit
359 5553 371 5587 ;
399 5534 572 5588 Ibunt
595 5535 759 5604 impii
797 5535 857 5588 in
883 5533 1226 5605 supplicium
1259 5532 1713 5601 mternum,justi
1743 5539 1934 5587 autem

243 5622 303 5674 in
327 5621 503 5674 vitam
547 5627 871 5676 aeternam:
931 5627 996 5676 ut
1024 5622 1344 5692 percipiant
1400 5621 1648 5675 fructum
1696 5637 1934 5692 operum

2028 3123 2144 3161 non
2177 3108 2331 3162 videt
2387 3113 2450 3161 ut
2482 3108 2549 3162 ad
2605 3107 2962 3178 largiendam
3009 3109 3207 3161 salutis
3261 3107 3501 3177 gratiam
3556 3123 3723 3161 reco-

2027 3201 2281 3266 gnoscat.
2343 3197 2553 3267 Culpas
2610 3197 2932 3252 examinat:
2998 3203 3055 3250 et
3117 3196 3294 3249 vitam
3353 3195 3727 3266 pereuntium

2027 3284 2272 3356 ignorat.

2029 3409 2158 3465 CAP.
2194 3409 2297 3463 CV.
2350 3439 2418 3449 —
2461 3408 2620 3474 Quod
2664 3411 2804 3464 Deus
2846 3408 2921 3462 ad
2961 3408 3236 3475 judicium
3271 3410 3458 3461 veniat
3509 3407 3584 3461 ad
3632 3408 3729 3474 γε·

2170 3479 2421 3534 riendum
2448 3480 2658 3546 ridens,
2689 3485 2738 3533 et
2759 3480 2843 3533 ’ad
2870 3481 3197 3533 salvandum
3226 3495 3331 3533 non
3371 3478 3579 3532 videns.

2101 3586 2350 3654 (Gregor.
2385 3588 2444 3639 iu
2473 3589 2586 3640 suis
2616 3588 2808 3640 Morat.
2851 3586 2985 3640 dicit
3009 3590 3047 3652 :)
3100 3585 3392 3640 Districtus
3419 3585 3597 3639 Judex
3659 3585 3734 3640 ad

2026 3673 2307 3744 judicium
2338 3673 2547 3739 veniet,
2577 3680 2635 3727 et
2655 3675 2722 3728 ad
2755 3675 3085 3727 salvandum
3121 3690 3232 3727 non
3275 3673 3492 3738 videns,
3543 3673 3614 3727 ad
3647 3673 3732 3728 fe-

2031 3761 2296 3815 riendum
2325 3761 2522 3814 videns
2557 3777 2569 3814 :
2605 3761 2740 3831 quia
2771 3777 2942 3831 quem
2973 3761 3031 3815 in
3057 3762 3327 3832 praesenti
3357 3761 3468 3814 vita
3499 3761 3732 3832 dispen-

2033 3849 2271 3905 sationis
2299 3866 2415 3904 suae
2465 3851 2829 3904 miseratione
2885 3866 3000 3904 non
3055 3850 3299 3920 respicit,
3379 3850 3738 3920 respiciendo

2034 3939 2400 4008 postmodum
2426 3938 2831 4009 perjustitiam
2863 3939 3164 4011 extinguit.
3204 3940 3364 3993 Nunc
3393 3939 3546 3992 enim
3593 3954 3734 4008 pec-

2035 4033 2192 4080 cator
2217 4028 2460 4098 quisque
2492 4028 2628 4080 dum
2657 4043 2775 4081 non
2820 4028 3043 4094 metuit,
3085 4034 3143 4081 et
3180 4026 3337 4094 vivit,
3371 4033 3426 4081 et
3467 4027 3738 4097 blasphe-

2035 4121 2153 4170 mat
2197 4121 2254 4169 et
2309 4115 2588 4186 proﬁcit:
2652 4116 2789 4186 quia
2835 4117 3048 4170 scilicet
3111 4116 3434 4170 misericors
3495 4116 3737 4170 Creator

2035 4219 2208 4276 quem
2235 4204 2585 4274 expectando
2617 4205 2736 4258 vult
2764 4205 3070 4274 corrigere,
3109 4205 3436 4274 aspicienda
3464 4219 3579 4258 non
3611 4205 3738 4257 vult

1955 4319 1998 4373 ι)
2039 4293 2279 4364 punire;
2335 4295 2479 4346 sicut
2533 4292 2812 4362 scripturn
2867 4296 3010 4346 est:
3070 4292 3446 4346 Dissimulans
3502 4298 3734 4362 peccata

2036 4382 2340 4437 hominum
2389 4384 2625 4452 propter
2669 4382 3083 4446 paenitentiam.
3135 4381 3240 4436 Sed
3296 4387 3432 4434 tunc
3461 4388 3730 4450 peccator

2037 4486 2166 4525 cum
2200 4469 2500 4541 respicitur
2537 4485 2652 4524 non
2703 4470 3006 4524 subsistit:
3071 4470 3205 4540 quia
3251 4485 3380 4523 cum
3443 4469 3734 4523 districtus

2035 4559 2212 4614 Judex
2280 4558 2484 4612 merita
2535 4557 2819 4612 subtiliter
2859 4557 3118 4628 inquirit,
3170 4573 3260 4611 res
3317 4557 3383 4611 ad
3441 4563 3731 4612 tormenta

2038 4663 2156 4702 non
2189 4647 2418 4702 sufﬁcit.
2451 4647 2720 4711 Quamvis
2742 4647 2850 4701 hoc
2888 4648 3059 4700 etiam
3099 4647 3389 4716 justorum
3424 4647 3547 4700 voci
3591 4663 3731 4701 con-

2039 4736 2195 4809 gruit
2224 4753 2236 4790 :
2270 4751 2516 4807 quorum
2549 4751 2710 4789 mens
2749 4751 2977 4806 semper
3025 4735 3269 4789 sollicita
3307 4740 3548 4788 venturo
3595 4752 3736 4790 exa-

2040 4825 2185 4880 mini
2215 4824 2481 4879 intendit.
2515 4825 2696 4880 Omne
2727 4825 2878 4878 enim
2901 4824 3049 4895 quod
3073 4830 3252 4895 agunt
3272 4829 3558 4888 metuunt,
3595 4826 3733 4879 dum

2041 4920 2203 4969 caute
2225 4913 2610 4974 considerant.
2658 4919 2789 4968 ante
2837 4920 3119 4985 quantum
3166 4914 3419 4983 judicem
3481 4914 3733 4969 stabunt.

2041 5004 2344 5056 Intuentur
2369 5002 2683 5071 potentiam
2717 5001 2870 5054 illius
2915 5001 3351 5071 magnitudinis,
3393 5007 3448 5054 et
3490 5007 3741 5070 pensant

2047 5098 2262 5160 quanto
2309 5095 2472 5143 reatu
2529 5089 2819 5143 constricti
2868 5095 3002 5142 sunt
3057 5090 3304 5160 propriae
3363 5089 3734 5144 inﬁrmitatis.

2043 5180 2400 5233 Enumerant
2426 5180 2572 5232 mala
2600 5177 2822 5248 proprii
2853 5178 3063 5248 operis,
3097 5185 3152 5232 et
3171 5186 3371 5232 contra
3404 5179 3525 5232 haec
3565 5194 3735 5247 exag-

2044 5273 2248 5336 gerant
2286 5266 2438 5319 bona
2482 5267 2681 5335 gratiae
2725 5266 3076 5323 Conditoris.
3132 5266 3509 5320 Considerant
3569 5281 3743 5336 prava

2045 5371 2217 5427 quam
2242 5354 2492 5408 districte
2519 5355 2757 5424 judicet,
2792 5355 2944 5409 bona
3000 5371 3175 5425 opera
3225 5370 3397 5424 quam
3452 5354 3742 5408 subtiliter

2045 5448 2247 5512 penset
2269 5459 2283 5496 :
2311 5448 2365 5495 et
2386 5443 2667 5514 perituros
2686 5460 2744 5496 se
2765 5443 2981 5513 absque
3009 5442 3384 5512 ambiguitate
3405 5442 3738 5511 praescium,

2046 5531 2092 5585 si
2123 5537 2337 5586 remota
2369 5533 2577 5603 pietate
2603 5532 2951 5602 judicentur.
2995 5531 3138 5596 Quia
3182 5531 3290 5586 hoc
3346 5531 3537 5602 ipsum
3599 5548 3741 5601 quo-

2047 5637 2160 5693 que
2194 5621 2347 5692 quod
2376 5623 2529 5691 juste
2559 5621 2822 5676 videmur
2853 5621 3062 5692 vivere,
3111 5622 3279 5690 culpa
3329 5625 3433 5686 est,
3467 5619 3512 5685 si
3567 5619 3739 5674 vitam
